4074 6190
316 316 423 373 6'55

743 312 801 367 S.
843 312 1046 368 PETRI
1087 311 1367 368 DAMIANI
1405 310 1553 367 OPP.
1597 310 1830 366 TOMUS
1871 310 2000 367 SEU
2042 310 2220 366 PARS
2256 311 2337 365 ιιι.
2377 341 2447 352 ——
2474 309 2837 367 OPUSCULA
2881 310 3104 366 VARlA.

3461 313 3567 370 656

372 434 618 507 Dignum
646 445 777 499 ergo
803 428 905 499 fuit
932 438 989 482 ut
1019 429 1085 483 ad
1128 427 1309 482 sedem
1335 426 1476 480 illius
1497 435 1678 480 vestra
1704 436 1891 481 sancta
1921 430 1966 486 Λ
1997 424 2275 496 Scriptura
2303 466 2318 490 ,
2352 436 2405 480 et
2432 426 2497 481 de
2532 424 2693 480 Patre
2728 426 2944 496 proprie
2988 426 3299 496 procedere,
3341 435 3397 481 et
3444 444 3567 483 cum

318 524 604 596 prudentia
669 522 979 577 solvendam
1046 518 1298 588 dirigeret
1365 518 1759 588 qumstionem,
1826 521 1893 575 ad

320 630 480 685 quem
517 622 573 669 et
600 613 816 684 ignarus
845 612 978 667 ﬁdei
994 610 1079 663 vir
1114 610 1383 680 angelitus
1434 611 1667 664 mittitur
1698 626 1713 664 :
1753 620 1808 665 et
1864 627 1896 665 a

320 722 430 775 quo
479 703 751 774 apostolus
798 702 993 760 etiam.
1051 701 1143 769 qui
1189 701 1300 771 jam
1353 717 1383 754 a
1435 701 1544 754 Deo
1600 701 1898 756 instructus

321 795 534 858 fuerat,
575 792 784 861 plenius
824 791 1092 846 eruditur.
1133 790 1199 844 Et
1242 790 1367 860 quia
1413 806 1508 859 per
1550 790 1768 861 Moysen
1816 791 1899 845 di-

322 885 504 938 ('iltll':
541 900 562 934 ι
597 882 819 937 Habetis
867 883 1045 937 Aaron
1111 891 1166 937 et
1225 881 1299 938 Ur
1336 884 1644 945 vobiscum;
1689 883 1733 937 si
1770 883 1896 951 quid

321 983 509 1028 natum
550 971 713 1027 fuerit
751 972 1101 1042 quaestionis,
1156 972 1406 1028 referetis
1450 973 1655 1032 ad.eos
1699 972 1898 1043 (Exod.

322 1063 493 1133 xxtv).
526 1082 544 1115 ι

391 1154 547 1208 Adsit
584 1154 790 1208 utinam
834 1153 1014 1208 Aaron
1041 1194 1055 1219 ,
1110 1153 1161 1208 id
1206 1162 1327 1220 est,
1377 1169 1531 1208 mons
1568 1153 1900 1209 fortitudinis

321 1246 595 1310 Christus;
638 1246 779 1300 adsit
820 1253 875 1299 et
915 1243 1009 1309 Ur,
1057 1244 1193 1315 ignis
1222 1244 1311 1298 ille
1339 1244 1624 1309 videlicet,
1673 1244 1763 1314 qui
1818 1252 1903 1298 est

323 1335 459 1404 ipse,
490 1336 555 1389 de
577 1351 684 1405 quo
712 1334 1021 1397 scribimus,
1052 1334 1289 1404 Spiritus
1319 1342 1557 1398 sanctus,
1594 1343 1649 1387 ut
1680 1349 1775 1401 per
1801 1348 1900 1387 nos

322 1425 507 1488 etiam,
540 1423 820 1477 minimum
851 1423 1105 1477 videlicet
1134 1422 1390 1477 Romana:
1428 1422 1685 1477 Ecclesia:
1732 1437 1900 1476 mem-

323 1514 504 1579 brum,
530 1514 673 1583 quod
704 1513 990 1568 nonnullos
1024 1514 1176 1579 latet,
1207 1513 1436 1582 aperiat,
1470 1521 1523 1565 et
1560 1510 1719 1580 hujus
1749 1527 1897 1579 quae-

324 1604 520 1657 stiouis
547 1604 743 1659 nodum
773 1605 926 1672 quasi
948 1605 1219 1674 quoddam
1250 1603 1461 1674 mystici
1490 1602 1609 1656 libri
1654 1602 1901 1671 signacu-

320 1694 431 1749 lum
458 1693 627 1750 clavis
655 1693 822 1749 David
853 1694 1101 1749 Christus
1121 1694 1386 1749 absolvat.

948 1783 1173 1841 CAPUT
1209 1784 1272 1840 ll.

604 1874 738 1941 Qua!
772 1876 839 1929 sit
878 1876 1025 1944 origo
1063 1874 1365 1930 Graecorum
1403 1876 1613 1928 erroris.

390 1967 447 2021 In
485 1967 679 2038 primis
727 1981 856 2037 ergo
901 1967 1145 2021 dicamus
1197 1966 1337 2019 unde
1386 1965 1698 2034 ignorantia:
1745 1964 1901 2018 istius

320 2062 527 2118 oriatur
550 2064 726 2130 origo,
756 2072 813 2115 ut
841 2069 896 2115 et
924 2060 1097 2116 Graeci
1120 2060 1233 2115 fere
1262 2076 1471 2123 omnes,
1498 2068 1553 2114 et
1580 2058 1899 2113 Latinorum

320 2156 541 2225 quidam
577 2154 898 2224 perhibeant
928 2152 1193 2221 Spiritum
1226 2160 1473 2206 sanctum
1511 2167 1617 2205 non
1655 2164 1686 2204 a
1719 2148 1859 2203 Filio
1881 2188 1898 2214 ,

322 2251 417 2302 sed
450 2264 477 2299 a
506 2247 621 2301 solo
645 2245 805 2300 Patre
836 2244 1151 2315 procedere.
1184 2243 1299 2298 Hoc
1336 2243 1480 2297 enim
1514 2258 1580 2297 ex
1607 2240 1901 2296 Dominicis

323 2349 604 2399 autumant
636 2337 840 2401 verbis,
866 2336 1063 2406 quibus
1093 2336 1207 2388 ait:
1244 2351 1262 2385 ι
1294 2333 1407 2389 Νοη
1448 2333 1591 2386 enim
1626 2347 1723 2386 vos
1770 2331 1901 2385 estis

320 2436 413 2505 qui
445 2431 725 2502 loquimini
752 2447 765 2483 :
793 2428 889 2484 sed
910 2427 1131 2498 spiritus
1160 2424 1340 2479 Patris
1369 2424 1554 2485 vestri,
1590 2422 1684 2490 qui
1721 2419 1899 2490 loqui-

322 2538 410 2581 tur
453 2527 505 2579 iu
555 2523 706 2577 vobis
744 2519 961 2592 (Matth.
994 2517 1072 2588 x)‘.
1107 2537 1125 2568 ι
1177 2516 1243 2570 Et
1279 2517 1472 2569 iterum
1509 2533 1521 2567 :
1556 2532 1573 2563 ‹
1617 2513 1756 2567 Ecce
1803 2526 1903 2582 ego

322 2618 480 2672 mitto
525 2612 853 2684 promissum
906 2607 1082 2662 Patris
1132 2605 1236 2659 mei
1272 2605 1323 2658 in
1365 2618 1461 2657 vos
1491 2601 1641 2673 (Luc.
1671 2600 1841 2670 xxxv).
1876 2619 1895 2652 ο

324 2708 392 2762 Et
421 2707 547 2762 illud
574 2724 587 2760 :
626 2723 644 2755 ι
678 2704 813 2759 Cum
840 2700 1051 2754 venerit
1077 2696 1415 2758 Paracletus,
1460 2709 1619 2762 quem
1650 2707 1751 2762 ego
1776 2691 1902 2746 mit-

324 2809 435 2854 tam
464 2797 617 2851 vobis
645 2811 673 2847 a
703 2794 885 2856 Patre,
927 2789 1189 2859 Spiritum
1234 2785 1513 2847 veritatis,
1549 2784 1642 2852 qui
1682 2799 1712 2835 a
1743 2782 1905 2835 Patre

324 2887 588 2957 procedit,
618 2883 706 2936 ille
736 2878 1103 2941 testimonium
1136 2874 1443 2943 perhibebit
1480 2873 1547 2925 de
1592 2885 1678 2924 me
1714 2870 1899 2939 (Joan.

323 2988 435 3047 xv).
473 2995 490 3028 ι
526 2976 603 3028 De
637 2987 743 3040 quo
769 2984 984 3024 rursum
1018 2966 1095 3020 ait
1123 2983 1135 3017 :
1172 2982 1189 3014 ι
1221 2964 1331 3033 Ego
1354 2962 1554 3031 rogabo
1584 2960 1825 3022 Patrem,
1849 2966 1904 3013 et

326 3071 493 3124 alium
524 3063 867 3119 Paracletum
895 3060 1044 3115 dabit
1081 3056 1255 3117 vobis,
1283 3063 1342 3109 ut
1384 3061 1600 3107 maneat
1624 3051 1900 3106 vobiscum

327 3167 379 3219 in
433 3171 693 3230 aeternum
718 3199 733 3222 ,
786 3154 1048 3225 Spiritum
1091 3149 1337 3204 veritatis
1378 3146 1559 3218 (Joan.
1590 3144 1725 3215 xw).
1763 3164 1781 3195 ι
1838 3143 1905 3197 Ει

325 3254 455 3309 alibi
492 3251 663 3307 dicit:
704 3267 721 3299 ι
759 3243 1073 3300 Paracletus
1127 3250 1307 3294 autem
1358 3237 1593 3307 Spiritus
1638 3244 1860 3290 sanctus
1885 3274 1900 3299 ,

324 3359 487 3413 quem
523 3340 700 3394 mittet
725 3337 885 3391 Pater
914 3334 967 3388 in
994 3331 1210 3387 nomine
1248 3343 1390 3393 meo,
1436 3326 1524 3381 ille
1561 3340 1657 3379 vos
1691 3324 1906 3380 docebit

324 3433 505 3489 omnia
536 3430 745 3498 (Ibid.).
774 3447 792 3477 ι
830 3425 897 3480 Ει
926 3425 1123 3495 iterum
1149 3436 1164 3475 :
1202 3438 1219 3470 ι
1259 3418 1315 3473 Si
1340 3434 1469 3489 ergo
1497 3432 1611 3481 vos,
1641 3431 1765 3471 cum
1787 3415 1907 3470 sitis

325 3524 474 3585 mali,
509 3519 682 3575 nostis
738 3520 877 3573 bona
906 3515 1032 3569 data
1081 3512 1212 3566 dare
1265 3509 1389 3563 ﬁliis
1438 3507 1633 3561 vestris
1658 3546 1673 3570 ,
1703 3514 1906 3574 quanto

328 3615 498 3684 magis
532 3612 692 3663 Pater
711 3616 893 3661 vester
921 3605 987 3659 de
1020 3602 1159 3657 cmlo
1199 3600 1349 3654 dabit
1388 3597 1653 3668 Spiritum
1705 3595 1905 3651 bonum

327 3703 634 3775 petentibus
670 3699 764 3753 se?
792 3716 810 3747 ι
842 3695 1058 3758 (Matth.
1090 3691 1213 3761 vn.)

401 3792 496 3847 llis
521 3794 702 3859 itaque
749 3796 806 3842 et
830 3781 1136 3853 hujusmodi
1177 3797 1282 3835 non
1325 3779 1498 3834 solum
1536 3774 1904 3845 evangelicis,

329 3887 424 3942 sed
455 3894 511 3939 et
538 3883 659 3936 aliis
684 3879 1091 3948 Scripturarum
1120 3871 1447 3927 testimoniis
1466 3874 1717 3924 asserunt
1738 3865 1907 3934 Spiri-

330 3988 441 4031 tum
469 3982 716 4030 sanctum
746 3978 1089 4038 nequaquam
1120 3978 1150 4016 a
1175 3960 1313 4017 Filio
1332 4000 1345 4024 ,
1381 3959 1475 4014 sed
1498 3974 1528 4011 a
1554 3957 1672 4012 solo
1697 3962 1906 4009 tantum

327 4065 491 4121 Patre
517 4060 830 4135 procedere.
862 4055 994 4111 Nam
1020 4062 1074 4108 et
1094 4050 1235 4122 apud
1257 4050 1465 4104 Latina:
1491 4046 1687 4117 lingua:
1708 4042 1906 4135 Docto-

329 4175 418 4215 res
444 4133 582 4225 sape
607 4154 712 4207 tale
740 4150 868 4221 quid
897 4147 1189 4217 reperitur,
1243 4142 1388 4213 quod
1446 4139 1572 4194 huic
1626 4133 1907 4192 sententia:

329 4259 626 4316 congruere
680 4242 731 4295 vi
756 4244 945 4295 featur.
996 4237 1196 4290 Beatus
1238 4234 1397 4302 plane
1451 4230 1810 4298 Hieronymus
1852 4226 1906 4279 in

328 4336 665 4406 expositione
711 4331 856 4394 ﬁdei,
885 4344 1046 4399 quam
1075 4325 1141 4380 ad
1173 4324 1422 4395 Alypium
1460 4330 1514 4375 et
1542 4320 1905 4390 Augustinum

328 4430 610 4498 episcopos
646 4422 834 4485 mittit,
866 4422 1007 4475 inter
1031 4428 1229 4473 cmtera
1259 4417 1330 4470 sit
1351 4414 1427 4467 ait
1454 4431 1467 4466 :
1503 4431 1522 4464 ι
1551 4412 1832 4467 Credimus
1850 4416 1906 4463 et

329 4524 385 4578 in
419 4519 679 4589 Spiritum
708 4524 953 4569 sanctum
979 4510 1263 4565 Dominum
1286 4521 1475 4561 verum
1499 4520 1565 4559 ex
1596 4504 1759 4557 Patre
1780 4516 1904 4571 pro-

329 4615 636 4675 cedentem,
660 4606 922 4678 mqualem
950 4619 1044 4675 per
1068 4602 1247 4656 omnia
1280 4598 1422 4653 Patri
1449 4607 1501 4651 et
1525 4595 1682 4651 Filio.
1720 4613 1739 4647 ι
1790 4593 1903 4648 Au-

330 4704 577 4776 gustinus
610 4700 774 4755 etiam
797 4696 1052 4750 adversus
1081 4690 1370 4745 Maximum
1412 4686 1725 4776 haereticum
1752 4683 1906 4776 inve-

330 4773 468 4858 ctus,
494 4794 569 4847 ait
592 4810 605 4845 :
637 4808 656 4842 ι
692 4790 767 4843 De
792 4783 953 4842 Patre
978 4793 1062 4841 est
1080 4782 1270 4849 Filius,
1293 4779 1360 4833 de
1388 4777 1547 4832 Patre
1566 4784 1651 4830 est
1671 4773 1908 4845 Spiritus

330 4897 573 4944 sanctus.
596 4905 614 4936 ι
642 4885 840 4938 Beatus
862 4879 1023 4935 etiam
1052 4876 1161 4931 Leo
1186 4890 1321 4946 papa
1348 4872 1399 4927 in
1423 4881 1675 4941 argentea
1703 4866 1904 4931 tabula,

333 4993 452 5047 quae
479 4985 604 5029 ante
635 4971 1062 5027 sacratissimum
1095 4981 1293 5035 corpus
1326 4963 1466 5018 beati
1498 4960 1648 5015 Pauli
1682 4956 1911 5047 apostoli

330 5046 547 5121 videtur
567 5069 766 5124 erecta,
798 5058 940 5112 inter
962 5066 1188 5110 exteras
1216 5068 1327 5108 sua:
1357 5052 1478 5105 ﬁdei
1507 5048 1776 5120 symbolas
1800 5046 1908 5099 ait:

337 5176 356 5208 ε
378 5157 439 5210 Et
467 5156 519 5209 in
535 5152 795 5223 Spiritum
826 5157 1072 5204 sanctum
1092 5144 1400 5206 Dominum,
1425 5150 1478 5197 et
1498 5141 1910 5201 viviﬁcatorem,

330 5248 496 5320 656
523 5262 591 5300 ex
622 5245 781 5298 Patre
806 5239 1219 5313 procedentem,
1260 5248 1381 5289 cum
1432 5232 1623 5295 Patre,
1669 5239 1724 5282 et
1772 5226 1910 5280 Filio

333 5338 733 5394 t-oadorandum
764 5344 818 5389 et
844 5328 1271 5404 gloriﬁcandum.
1323 5344 1341 5377 ι
1378 5324 1434 5379 In
1467 5323 1667 5378 Niczcni
1695 5337 1907 5391 quoque

337 5428 545 5483 concilii
576 5425 817 5498 symbolo
844 5422 1041 5479 dicitur
1068 5434 1083 5475 :
1120 5437 1139 5471 ι
1169 5416 1453 5472 Credimus
1478 5423 1532 5469 et
1558 5414 1611 5467 in
1643 5411 1907 5481 Spiritum

336 5527 607 5579 sanctum,
647 5517 737 5585 qui
762 5517 829 5570 de
851 5514 1012 5568 Patre
1041 5508 1285 5580 procedit
1309 5505 1545 5577 proprie,
1572 5513 1627 5558 et
1655 5503 1794 5555 Deus
1824 5509 1909 5554 est

339 5623 501 5661 verus
527 5606 666 5659 sicut
696 5605 894 5668 Filius;
930 5623 947 5655 ι
990 5610 1045 5657 et
1078 5600 1354 5670 aliquanto
1383 5604 1505 5666 post
1534 5614 1546 5648 :
1594 5611 1612 5645 ε
1649 5591 1911 5659 Quodque

341 5709 395 5754 et
436 5696 696 5767 Spiritum
746 5702 990 5750 sanctum
1042 5707 1228 5748 verum
1282 5692 1448 5747 Deum
1498 5686 1805 5743 invenimus
1856 5682 1910 5736 in

1933 4452 1984 4510 1)

1994 516 2155 572 Patre
2198 524 2252 571 et
2278 517 2414 572 Filio
2436 532 2652 587 semper
2680 532 2820 573 esse.
2845 537 2862 569 ι
2890 517 2958 572 Et
2978 519 3173 572 iterum
3201 535 3215 572 :
3246 536 3263 569 ι
3284 519 3361 573 De
3383 519 3569 586 Patre,

1996 610 2193 679 inquit,
2247 609 2432 675 Filius,
2465 620 2519 665 et
2550 610 2786 681 Spiritus
2822 620 3041 666 sanctus
3074 611 3289 681 proprie
3340 620 3395 665 et
3446 624 3571 666 vere

1996 699 2063 753 de
2089 699 2249 753 Patre
2274 698 2537 768 procedit.
2578 717 2597 751 ι

2068 791 2427 845 Veruntameu
2491 791 2605 846 haec
2657 798 2712 846 et
2754 790 2857 845 alia
2912 788 3213 858 hujusmodi
3265 791 3571 846 testimonia

1999 878 2425 948 Scripturarum,
2452 879 2565 933 sive
2593 887 2902 935 sanctorum
2935 880 3101 933 verba
3129 880 3433 943 doctorum,
3463 895 3573 935 non

1997 969 2351 1038 praeiudicant
2376 969 2657 1024 catholicae
2684 970 2840 1033 ﬁdei,
2873 985 2976 1037 qua
3016 969 3277 1037 Spiritum
3324 980 3572 1025 sanctum

1998 1058 2376 1113 sicutal’atre
2398 1060 2692 1124 credimus,
2728 1059 2800 1112 ita
2842 1059 3190 1113 nihilominus
3243 1068 3298 1113 et
3352 1075 3383 1112 a
3438 1059 3575 1115 Filio

2001 1147 2292 1215 procedere
2320 1147 2686 1215 perhibemus.
2718 1148 2850 1202 Nam
2879 1163 3001 1202 cum
3031 1148 3113 1201 vel
3143 1148 3257 1217 ipse
3293 1149 3572 1213 Dominus,

2000 1234 2084 1288 vel
2141 1236 2315 1289 sancti
2368 1251 2581 1304 quoque
2642 1236 2893 1291 doctores
2949 1238 3206 1292 Ecclesia:
3238 1278 3254 1303 ,
3313 1238 3574 1309 Spiritum

1999 1334 2249 1379 sanctum
2284 1340 2313 1378 a
2355 1326 2516 1380 Patre
2559 1328 2855 1396 procedere
2913 1330 3256 1384 concorditer
3290 1340 3576 1399 asserunt,

2000 1431 2265 1491 nusquam
2300 1425 2480 1471 tamen
2512 1419 2820 1487 perhibent,
2857 1420 2999 1488 quod
3027 1436 3056 1473 a
3090 1420 3227 1475 Filio
3259 1438 3362 1476 non
3391 1437 3560 1491 prece

2002 1505 2121 1570 dat;
2142 1506 2251 1560 imo
2274 1521 2395 1561 cum
2424 1507 2624 1561 dicitur
2647 1507 2883 1578 Spiritus
2906 1519 3127 1565 sanctus
3151 1526 3181 1564 a
3207 1510 3367 1567 Patre
3390 1527 3577 1583 proce-

2001 1596 2151 1658 dere,
2180 1611 2210 1649 a
2239 1595 2377 1651 Filio
2401 1612 2615 1667 quoque
2645 1599 2938 1667 procedere
2987 1599 3133 1653 credi
3186 1615 3412 1655 necesse
3452 1612 3534 1657 est
3557 1640 3575 1668 ,

2001 1687 2127 1756 quia
2170 1685 2332 1742 Pater
2364 1696 2418 1743 et
2448 1686 2615 1743 Filius
2674 1688 2833 1743 unius
2871 1689 3220 1759 ejusdemque
3264 1692 3580 1746 substantia

1928 1774 1973 1833 Β
2003 1778 2189 1847 procul
2216 1778 2376 1834 dubio
2404 1788 2507 1834 est.
2540 1779 2673 1834 Nam
2701 1796 2821 1836 cum
2866 1781 3034 1836 Filius
3071 1783 3213 1837 dicat
3243 1800 3256 1835 :
3297 1801 3317 1834 ε
3364 1783 3474 1853 Ego
3524 1791 3580 1838 et

2001 1870 2166 1923 Pater
2210 1886 2375 1924 unum
2424 1887 2611 1928 sumus
2659 1871 2841 1943 (Joan.
2876 1872 2969 1943 x);
3008 1892 3027 1925 ι
3083 1875 3355 1943 quomodo
3405 1884 3582 1946 potest

2002 1956 2236 2028 Spiritus
2265 1968 2485 2014 sanctus
2511 1960 2579 2014 ab
2599 1974 2664 2015 eo
2694 1960 2837 2031 quod
2863 1976 3026 2015 unum
3056 1972 3162 2027 est,
3186 1970 3239 2016 et
3264 1966 3577 2032 procedere,

2000 2055 2056 2100 et
2090 2062 2195 2101 non
2226 2047 2554 2115 procedere?

2073 2134 2180 2189 Sed
2210 2149 2297 2189 res
2336 2134 2643 2201 ineffabilis,
2674 2152 2793 2207 qua:
2834 2137 2979 2192 nullo
3018 2136 3161 2191 valet
3200 2137 3449 2194 humana:
3486 2155 3577 2193 ra-

2003 2225 2168 2279 tionis
2212 2224 2427 2296 ingenio
2467 2226 2709 2296 concipi,
2749 2226 2896 2282 nullo
2932 2237 3107 2297 potest
3147 2229 3343 2283 mentis
3383 2229 3577 2284 intuitu

2002 2316 2087 2371 vel
2116 2316 2553 2372 consideratione
2582 2318 2817 2373 discerni
2839 2359 2853 2380 ,
2882 2333 2949 2372 ex
2983 2318 3289 2373 divinorum
3319 2322 3582 2375 duntaxat

2002 2409 2338 2479 eloquiorum
2368 2411 2524 2466 debet
2548 2411 2832 2465 sententiis
2859 2410 3056 2481 colligi.
3092 2410 3265 2474 Nam,
3312 2412 3456 2466 sicut
3504 2412 3582 2467 ait

2002 2499 2318 2568 Apostolus:
2340 2518 2358 2552 ι
2389 2500 2625 2569 Spiritus
2646 2509 2865 2555 sanctus
2888 2502 3067 2555 omnia
3098 2512 3390 2567 scrutatur,
3414 2504 3580 2557 etiam

2003 2586 2271 2658 profunda
2314 2590 2429 2644 Dei.
2481 2589 2613 2655 Quis
2646 2589 2790 2643 enim
2836 2589 2941 2645 scit
2969 2589 3249 2644 hominum
3293 2604 3412 2659 quae
3456 2599 3581 2646 sunt

2004 2678 2266 2742 hominis,
2295 2680 2395 2733 nisi
2429 2679 2652 2748 spiritus
2680 2678 2943 2745 hominis,
2974 2680 3066 2748 qui
3108 2680 3160 2732 in
3191 2681 3306 2750 ipso
3331 2681 3451 2749 est?
3503 2681 3583 2737 Ita

2004 2775 2060 2820 et
2086 2781 2205 2833 quae
2242 2768 2334 2822 Dei
2362 2776 2509 2833 sunt,
2540 2760 2700 2823 nemo
2738 2769 3009 2838 cognovit,
3040 2768 3142 2823 nisi
3187 2768 3424 2839 Spiritus
3469 2770 3582 2825 Dei.

2005 2858 2114 2914 Nos
2144 2868 2322 2914 autem
2364 2859 2615 2929 spiritum
2646 2858 2804 2927 hujus
2847 2861 3030 2914 mundi
3078 2876 3182 2915 non
3227 2861 3578 2931 accepimus.

2005 2951 2099 3004 sed
2131 2950 2380 3018 spiritum
2409 2950 2498 3018 qui
2531 2965 2597 3003 ex
2626 2950 2735 3003 Deo
2781 2960 2884 3016 est,
2921 2959 2979 3004 ut
3002 2951 3238 3005 sciamus
3271 2967 3390 3020 qua:
3417 2968 3449 3005 a
3476 2953 3583 3007 Deo

2005 3038 2203 3094 donata
2232 3048 2359 3093 sunt
2389 3039 2571 3103 nobis,
2602 3055 2722 3109 qua'
2772 3050 2827 3095 et
2853 3039 3125 3110 loquimur
3172 3056 3277 3095 non
3314 3041 3382 3096 in'
3410 3041 3585 3097 doctis

1931 3120 1976 3181 C
2009 3129 2256 3183 humanae
2278 3128 2557 3196 sapientiae
2583 3128 2785 3195 verbis,
2825 3130 2920 3185 sed
2964 3129 3018 3184 in
3061 3128 3307 3185 doctrina
3359 3131 3584 3201 Spiritus

2009 3218 2061 3289 (1
2122 3219 2245 3274 Cor.
2274 3220 2357 3290 ιι).
2388 3240 2406 3273 »
2434 3220 2725 3276 Enimvero
2751 3222 3020 3290 quomodo
3046 3220 3210 3276 Pater
3242 3221 3585 3277 ineﬁ'abiliter

2007 3311 2198 3366 Filium
2235 3312 2440 3382 gignat,
2473 3312 2740 3381 quomodo
2763 3311 2999 3382 Spiritus
3040 3324 3264 3368 sanctus
3302 3328 3333 3366 a
3375 3313 3580 3379 Patre,

2006 3402 2089 3456 vel
2126 3410 2357 3471 utroque
2400 3403 2691 3472 procedat,
2745 3402 2979 3474 qualiter
3032 3403 3261 3458 intuitus
3321 3404 3588 3458 humanus

2008 3492 2320 3561 attingeret,
2351 3491 2456 3547 nisi
2484 3506 2582 3561 per
2610 3506 2812 3574 organa
2835 3491 3219 3561 prophetarum
3255 3492 3336 3547 vel
3382 3506 3479 3561 per
3503 3492 3586 3546 in-

2007 3590 2287 3634 carnatum
2305 3579 2537 3635 Verbum
2558 3595 2714 3635 suum
2730 3580 2873 3635 Deus
2892 3579 3234 3651 omnipotens
3255 3581 3357 3635 hoc
3379 3588 3585 3635 morta-

2008 3670 2149 3725 libus
2178 3670 2479 3725 revelaret?
2509 3690 2528 3721 ι
2547 3670 2640 3725 Est
2662 3670 2806 3726 enim
2838 3669 2991 3735 ﬁdes,
3025 3671 3167 3726 sicut
3194 3671 3329 3724 dicit
3352 3670 3584 3740 Aposto-

2009 3763 2123 3826 lus,
2158 3762 2544 3831 sperandarum
2584 3762 2889 3817 substantia
2934 3776 3151 3827 rerum,
3203 3771 3581 3831 argumentum

2007 3869 2113 3908 non
2158 3852 2530 3923 apparentium
2572 3851 2759 3924 (Hebr.
2798 3852 2899 3921 xl).
2936 3871 2954 3904 ι
3008 3851 3129 3907 Stat
3171 3853 3315 3905 enim
3360 3851 3587 3906 Joannis

2008 3943 2097 3998 illa
2149 3943 2417 3997 sententia
2442 3980 2459 4007 ,
2512 3957 2619 4011 qua
2676 3942 2807 3997 dicit
2840 3961 2855 3995 :
2896 3961 2913 3993 ι
2944 3942 3285 4006 Charissimi,
3324 3957 3467 3995 nunc
3493 3940 3587 3994 ﬁlii

2006 4032 2100 4087 Dei
2129 4047 2335 4097 sumus,
2359 4038 2414 4086 et
2441 4032 2677 4086 nondum
2702 4031 2952 4101 apparuit
2972 4030 3101 4099 quid
3124 4031 3361 4094 erimus;
3385 4030 3587 4084 scimus

2006 4123 2284 4192 quoniam,
2308 4137 2430 4177 cum
2453 4121 3002 4192 apparuerit,similes
3023 4121 3072 4175 ei
3094 4121 3318 4183 erimus,
3332 4119 3586 4189 quoniam

2006 4212 2312 4267 videbimus
2332 4228 2457 4267 eum
2489 4212 2649 4267 sicuti
2675 4220 2760 4266 est
2786 4211 2836 4279 (Ι
2897 4210 3059 4265 loan.
3092 4210 3197 4282 nt).
3229 4230 3249 4263 ι
3296 4212 3380 4265 Ad
3432 4224 3588 4265 com-

2005 4302 2446 4371 prehendendum
2504 4318 2633 4372 ergo
2689 4317 2959 4355 summum
3025 4312 3081 4357 et
3131 4300 3400 4356 ineﬁ‘abile
3447 4315 3590 4355 vera:

2010 4392 2131 4446 ﬁdei
2155 4400 2576 4455 sacramentum,
2595 4408 2698 4446 non
2730 4393 2976 4445 humana:
2999 4392 3267 4460 opinionis
3291 4406 3589 4461 sequamur

2015 4482 2340 4552 indaginem,
2374 4483 2467 4537 sed
2498 4483 2667 4537 solam
2705 4485 3093 4553 amplectamur
3121 4484 3361 4539 caelestis
3391 4483 3590 4553 eloquii

2014 4576 2330 4638 veritatem,
2372 4583 2431 4627 ut
2483 4574 2587 4629 hoc
2634 4576 2975 4645 potissimum
3032 4577 3098 4629 de
3150 4574 3259 4630 Deo
3293 4575 3592 4638 credatur,

2012 4666 2155 4736 quod
2189 4665 2476 4731 divinitus;
2513 4675 2569 4720 et
2614 4666 2664 4719 in
2695 4666 2780 4720 his
2821 4680 2942 4736 qua:
2970 4681 3179 4719 summa
3204 4674 3260 4718 et
3284 4666 3589 4733 incompre-

2015 4757 2295 4813 hensibilis
2327 4757 2539 4811 Veritas
2576 4755 2840 4824 perhibet,
2874 4753 2997 4809 ﬁdei
3045 4762 3245 4809 nostra:
3288 4755 3592 4809 constantia

2015 4866 2123 4906 non
2150 4849 2385 4905 vacillet.

2618 4940 2843 4997 CAPUT
2880 4941 2961 4995 Ill.

2108 5031 2260 5097 Quod
2299 5031 2530 5101 Spiritus
2558 5040 2769 5084 sanctus
2808 5048 2840 5083 a
2878 5029 3039 5083 Patre
3075 5028 3234 5084 simul
3269 5040 3318 5083 et
3355 5026 3501 5082 Filio

2664 5101 2932 5168 procedat.

2084 5215 2252 5269 Porro
2310 5223 2490 5267 autem
2544 5212 2686 5281 quod
2754 5226 2786 5264 a
2836 5210 2997 5265 Patre
3046 5209 3303 5281 procedat
3356 5207 3593 5277 Spiritus

2010 5316 2252 5369 sanctus,
2286 5304 2429 5359 nulla
2479 5318 2654 5374 neque
2714 5302 2855 5373 apud
2906 5301 3147 5367 Graecos,
3193 5298 3356 5371 657
3418 5311 3594 5367 neque

2015 5403 2156 5470 apud
2184 5400 2408 5455 Latinos
2429 5398 2656 5468 quaestio
2682 5406 2803 5452 est:
2834 5411 2934 5452 nec
2972 5410 3058 5450 res
3100 5392 3425 5448 testimoniis
3449 5389 3594 5445 indi-

2014 5502 2125 5561 get,
2149 5508 2267 5547 cum
2290 5491 2395 5546 hoc
2430 5490 2623 5558 ipsum,
2652 5497 2708 5542 et
2726 5503 2789 5543 ea
2812 5501 2932 5555 qua:
2951 5500 3112 5554 supra
3137 5483 3415 5553 posuimus
3438 5520 3452 5545 ,
3478 5479 3593 5535 evi-

2017 5585 2206 5639 denter
2228 5580 2473 5650 exempla
2505 5579 2800 5633 declarent.
2826 5576 2987 5643 Quod
3004 5585 3182 5629 autem
3208 5589 3239 5626 a
3266 5572 3429 5627 Patre
3462 5585 3590 5639 pro-

2018 5676 2195 5741 cedat,
2229 5671 2467 5730 simulet
2497 5686 2523 5723 a
2557 5668 2711 5735 Filio,
2763 5668 2903 5724 unde
2948 5665 3154 5720 scilicet
3207 5661 3435 5732 qumstio
3487 5666 3586 5721 est.
