4074 6190
335 304 440 363 657

1000 300 1244 359 OPUSC.
1288 301 1568 359 XXXVIII.
1609 333 1677 345 —-
1717 302 1805 359 DE
1846 304 2317 364 PROCESSIONE
2357 306 2676 363 SPIRITUS
2721 306 2988 363 SANCTI.

3506 312 3609 369 6-38

335 420 647 491 evangelica
704 434 805 474 nos
848 418 1007 474 docet
1061 421 1360 475 auctoritas
1391 461 1407 486 ,
1465 437 1587 476 cum
1659 421 1919 476 Dominus
1954 431 1997 487 Α
2028 422 2239 479 nicuter
2274 437 2551 481 ostensum
2584 426 2839 494 estquod
2867 424 3101 493 Spiritus
3148 433 3368 479 sanctus
3412 438 3604 493 proce‘

336 514 518 568 dicit:
561 531 578 563 ι
608 510 924 567 Paracletus
951 520 1133 564 autem
1189 509 1426 581 Spiritus
1478 520 1721 576 sanctus,
1764 526 1925 582 quem

338 605 519 658 mittet
549 602 710 657 Pater
731 602 783 655 in
808 602 1024 655 nomine
1045 616 1184 665 meo,
1217 601 1308 655 ille
1350 616 1449 656 vos
1469 602 1686 657 docebit
1746 601 1929 655 omnia

337 691 521 759 (Joan.
557 690 691 760 xw).
723 710 742 743 ι
778 690 844 745 Et
866 690 990 744 alibi
1034 708 1048 743 :
1116 708 1147 759 «λ
1172 690 1306 745 Cum
1347 693 1555 747 venerit
1595 690 1926 755 Paracletus,

335 797 498 852 quem
523 796 625 851 ego
652 781 863 834 mittam
889 780 1042 834 vobis
1081 796 1110 834 a
1166 780 1327 835 Patre
1354 781 1536 851 (Joan.
1588 782 1698 853 xv).
1733 802 1751 833 ι
1796 781 1928 836 Cum

336 886 472 941 ergo
493 870 835 926 Paracletum
862 880 919 927 et
947 870 1112 925 Pater
1139 871 1321 925 mittat
1342 873 1394 926 in
1427 873 1647 927 nomine
1699 872 1845 937 Filii,
1876 880 1931 927 et

335 964 510 1018 Filius
538 962 719 1016 mittat
747 977 776 1016 a
809 961 1002 1026 Patre;
1032 972 1182 1031 patet
1210 961 1455 1033 profecto
1488 1004 1502 1026 ,
1542 962 1667 1032 quia
1693 963 1836 1017 sicut
1862 964 1931 1017 ab

339 1062 594 1122 utroque,
628 1052 719 1120 qui
745 1051 929 1121 procul
960 1052 1124 1105 dubio
1154 1068 1318 1106 unum
1360 1062 1502 1114 sunt,
1564 1053 1819 1117 mittitur,
1856 1052 1931 1105 ita

339 1143 695 1197 nihilominus
723 1150 777 1196 et
824 1142 893 1196 ab
940 1150 1169 1210 utroque
1214 1142 1478 1210 procedit.
1531 1142 1596 1196 Et
1646 1142 1737 1211 qui
1793 1155 1933 1211 saepe

343 1232 582 1303 Spiritus
609 1231 864 1287 Veritatis
892 1232 1113 1293 dicitur,
1143 1247 1269 1286 cum
1330 1232 1517 1301 utique
1569 1231 1818 1286 Christus
1864 1232 1935 1285 sit

342 1322 580 1388 Veritas,
602 1326 693 1391 qui
721 1322 958 1391 Spiritus
978 1332 1063 1375 est
1089 1322 1371 1387 Veritatis,
1397 1321 1635 1392 Spiritus
1676 1330 1759 1375 est
1810 1334 1934 1389 pro-

344 1412 433 1468 cul
466 1412 629 1467 dubio
650 1411 794 1466 Filii.
827 1409 981 1467 Unde
1003 1420 1058 1465 et
1087 1411 1215 1466 alibi
1240 1411 1373 1466 dicit
1397 1430 1409 1464 :
1449 1431 1467 1463 ‹
1507 1411 1599 1465 111ε
1628 1425 1713 1464 me
1735 1409 1935 1465 clariﬁ-

344 1502 514 1565 cabit,
542 1502 667 1571 quia
700 1502 767 1556 de
791 1515 912 1555 meo
964 1501 1197 1570 accipiet
1234 1501 1417 1571 (Joan.
1463 1501 1596 1570 xw).
1641 1521 1660 1552 ι
1711 1501 1786 1554 Ι)ε
1814 1514 1935 1554 meo

345 1596 552 1651 scilicet
575 1596 819 1664 accipiet,
846 1596 974 1663 quia
997 1604 1051 1648 et
1080 1596 1133 1649 in
1160 1611 1244 1650 me
1272 1604 1375 1651 est.
1408 1594 1563 1651 Unde
1612 1604 1669 1650 et
1707 1596 1761 1649 in
1794 1595 1933 1650 Isaia

345 1700 450 1740 vox
472 1685 653 1739 Patris
677 1684 745 1738 ad
771 1683 964 1737 Filium
998 1702 1010 1737 :
1051 1701 1071 1734 t
1106 1683 1342 1753 Spiritus
1382 1699 1570 1750 meus,
1596 1684 1792 1754 inquit,
1840 1684 1931 1753 qui

2030 514 2108 567 dit
2142 512 2208 567 ab
2234 513 2379 583 ipso.
2404 512 2569 568 Isaias
2597 528 2811 582 quoque
2838 528 2959 567 cum
2991 513 3056 568 de
3096 512 3231 567 Filio
3278 512 3371 566 Dei
3412 512 3601 582 loqueo

2030 612 2201 667 rctur,
2225 602 2461 671 adjecit:
2500 622 2517 655 ι
2555 602 2826 658 Percutiet
2853 612 3053 657 terram
3080 603 3233 673 virga
3265 603 3377 659 oris
3402 604 3480 659 sui
3505 643 3521 667 ,
3552 610 3610 659 et

2028 694 2221 761 spiritu
2263 694 2527 748 labiorum
2558 708 2779 748 suorum
2834 693 3125 747 interficiat
3172 692 3394 762 impium
3451 691 3609 763 (Isai.

2031 786 2130 849 ιιι).
2172 804 2189 834 ›
2218 783 2314 837 Cui
2342 783 2626 839 sententiae
2656 782 2950 838 concinens
2980 782 3179 837 Paulus
3208 784 3260 837 in
3286 782 3523 854 Epistola
3544 781 3633 847 ad.

2032 871 2543 927 Thcssalonicenses
2587 874 2703 926 ait:
2769 891 2787 924 ι
2827 872 2979 927 Tunc
3011 872 3339 927 revelabitur
3378 873 3466 927 ille
3512 872 3618 928 ini-

2030 978 2187 1031 quus,
2226 978 2386 1032 quem
2437 962 2695 1018 Dominus
2745 959 2903 1017 Jesus
2951 961 3237 1017 interticiet
3259 963 3453 1032 spiritu
3503 962 3617 1017 oris

2031 1056 2135 1119 sui,
2158 1067 2214 1109 et
2249 1056 2490 1109 destruet
2541 1054 2900 1109 illustrationc
2938 1056 3204 1111 adventus
3227 1056 3308 1110 sui
3343 1053 3615 1126 (HThess.

2032 1148 2114 1216 ιι).
2157 1167 2175 1198 ι
2210 1146 2363 1212 Quod
2393 1146 2557 1200 etiam
2584 1145 2637 1199 in
2669 1145 2807 1200 libro
2853 1146 2995 1200 beati
3051 1145 3151 1201 Job
3200 1148 3428 1217 mystice
3476 1140 3647 1200 desi?

2032 1249 2251 1306 gnatur,
2278 1251 2399 1290 cum
2432 1236 2631 1290 dicitur
2660 1250 2675 1289 :
2710 1253 2729 1287 ί
2763 1235 2959 1290 Audiet
3000 1236 3328 1290 auditionem
3386 1235 3441 1289 in
3503 1244 3614 1289 ter-

2036 1340 2158 1380 rore
2192 1324 2340 1379 vocis
2368 1323 2503 1394 ejus,
2537 1332 2593 1378 ει
2619 1338 2810 1378 sonum
2860 1323 2925 1377 de
2977 1339 3071 1378 ore
3127 1324 3272 1379 illius
3320 1324 3619 1393 proceden-

2036 1424 2144 1469 tem
2178 1414 2300 1484 (Job
2330 1412 2558 1484 xxxv").
2593 1432 2611 1465 ι
2651 1412 2724 1470 Os
2773 1413 3006 1482 denique
3029 1412 3238 1467 Palt‘iS’
3266 1412 3318 1465 in
3350 1411 3453 1466 hoc
3498 1411 3618 1467 loco

2037 1507 2353 1578 intelligitur
2381 1505 2570 1574 Filius,
2624 1522 2721 1575 per
2742 1520 2901 1575 quem
2927 1504 3177 1560 videlicet
3224 1505 3378 1560 nobis
3425 1504 3621 1559 divina

2036 1599 2171 1670 legis
2194 1599 2401 1654 sanctio
2425 1597 2835 1669 promulgatur;
2869 1612 3035 1652 sonus
3059 1612 3188 1652 vero
3244 1597 3311 1651 de
3354 1596 3497 1650 illius
3525 1610 3622 1651 ore

2039 1690 2354 1759 procedens,
2382 1687 2617 1758 Spiritus
2640 1697 2861 1743 sanctus
2881 1699 2984 1754 est,
3009 1689 3122 1758 qui,
3156 1704 3184 1741 a
3210 1687 3347 1742 Filio
3370 1688 3619 1753 veniens,

346 1778 510 1832 estin
541 1786 611 1841 te,
641 1784 696 1830 et
737 1777 899 1831 verba
929 1792 1068 1841 mea,
1094 1791 1217 1845 qua:
1259 1777 1413 1846 posui
1438 1776 1492 1830 in
1514 1790 1610 1830 ore
1648 1785 1741 1830 tuo
1777 1816 1794 1841 ,
1824 1790 1931 1829 non
1966 1772 2009 1831 Β
2039 1777 2364 1833 mirabiliter
2394 1778 2607 1843 sonuit,
2638 1794 2760 1833 cum
2811 1794 2973 1848 super
3017 1777 3287 1847 apostolos
3334 1776 3619 1847 repentino

355 1868 617 1923 recedent
649 1867 714 1920 de
740 1881 836 1921 ore
863 1876 972 1931 tuo,
995 1875 1052 1919 et
1077 1867 1143 1920 de
1170 1881 1267 1920 ore
1289 1866 1514 1921 seminis
1556 1866 1632 1921 tui
1673 1880 1846 1935 usque
1875 1865 1928 1917 in

347 1968 611 2014 aeternum
636 1957 793 2029 (Isai.
834 1957 970 2028 ιιι).
1018 1975 1039 2010 ι
1100 1957 1218 2026 Ipse
1270 1958 1526 2013 nimirum
1578 1957 1815 2026 Spiritus
1851 1964 1935 2010 est

350 2050 438 2104 illa
469 2050 644 2106 virtus
667 2065 786 2119 qua:
832 2048 899 2103 de
928 2047 1022 2103 illo
1073 2050 1297 2112 exibat,
1346 2048 1489 2103 sicut
1534 2048 1591 2103 in
1640 2047 1936 2121 Evangelio

350 2139 566 2209 legitur,
593 2146 647 2193 ει
666 2138 898 2193 sanabat
942 2151 1135 2192 omnes
1165 2135 1318 2205 (Luc.
1350 2135 1450 2207 γι).

422 2228 487 2281 Et
539 2227 735 2282 iterum
783 2226 850 2281 de
886 2225 1114 2280 muliere
1167 2224 1314 2279 ﬂuxu
1358 2224 1637 2295 sanguinis
1663 2224 1932 2278 liberata:

354 2338 374 2370 ι
402 2319 513 2388 Ego
536 2318 658 2371 novi
683 2316 935 2370 virtutem
962 2315 1030 2369 de
1055 2330 1141 2369 me
1170 2314 1348 2368 exisse
1365 2312 1519 2383 (Luc.
1550 2313 1696 2384 VIII).
1727 2331 1745 2365 ι
1782 2311 1936 2367 Unde

348 2419 407 2465 et
436 2407 726 2479 Apostolus
761 2408 825 2461 ad
872 2405 1131 2461 Galatas:
1187 2423 1205 2455 ι
1243 2404 1533 2471 Quoniam,
1579 2403 1775 2472 inquit,
1807 2402 1939 2456 estis

353 2501 446 2555 lilii
488 2500 608 2567 Dei,
636 2499 786 2554 misit
816 2498 957 2553 Deus
988 2496 1252 2566 Spiritum
1282 2494 1402 2548 Filii
1459 2494 1541 2548 sui
1576 2493 1631 2547 in
1660 2493 1823 2547 corda
1850 2506 1940 2546 ve-

350 2605 464 2649 stra
494 2592 841 2653 clamantem,
870 2590 1021 2644 Abba
1067 2588 1235 2643 Pater
1283 2585 1427 2658 (Gal.
1450 2584 1550 2657 tv).
1586 2604 1605 2638 ι
1646 2584 1714 2639 Ει
1763 2584 1935 2639 alibi:

355 2701 375 2732 ι
405 2680 506 2745 Qui
536 2679 798 2752 Spiritum
833 2681 1035 2737 Christi
1066 2698 1174 2736 non
1208 2688 1395 2761 pauet,
1426 2684 1515 2737 hic
1540 2696 1646 2735 non
1693 2690 1776 2733 est
1804 2680 1925 2747 ejus

348 2770 527 2840 (Rom.
559 2775 698 2841 vtn).
730 2774 868 2830 Ecce
902 2774 1015 2842 hic,
1042 2791 1167 2831 cum
1191 2776 1324 2831 dicit
1344 2778 1637 2846 Apostolus
1672 2792 1686 2827 :
1718 2771 1922 2843 «Spiri-

350 2878 439 2922 tus
458 2866 579 2923 Filii
614 2869 725 2934 sui,
754 2866 842 2924 vel
872 2865 1111 2940 Spiritus
1141 2869 1366 2933 Christi,
1422 2868 1665 2938 nunquid
1697 2866 1845 2922 addit
1865 2870 1924 2920 et

350 2957 551 3022 Patris,
578 2966 636 3011 ut
660 2958 823 3020 dicat,
851 2956 1089 3026 Spiritus
1118 2956 1317 3012 Christi
1350 2966 1405 3010 et
1445 2955 1647 3009 Patris.
1692 2953 1943 3024 Nunquid

351 3051 502 3121 quia,
528 3050 898 3122 praetermisso
921 3048 1101 3103 Patris
1124 3047 1415 3112 vocabulo,
1446 3046 1683 3116 Spiritus
1708 3044 1830 3099 Filii
1864 3045 1943 3099 di-

352 3113 680 3211 citur,-jure
732 3140 1087 3212 consequitur
1114 3148 1173 3193 ut
1198 3139 1375 3194 Patris
1408 3113 1530 3193 esse
1564 3136 1800 3207 Spiritus
1852 3136 1942 3190 dc-
1970 3113 2015 3175 ε

352 3232 620 3301 negetur?
641 3233 781 3286 idem
806 3245 1023 3301 quoque
1042 3230 1332 3299 Apostolus
1355 3232 1422 3284 ad
1440 3228 1815 3299 Philippenses
1830 3227 1938 3281 ait:

359 3342 378 3374 ι
416 3323 544 3378 Scio
572 3322 717 3378 enim
743 3321 870 3390 quia
917 3321 1021 3375 hoc
1068 3320 1201 3374 mihi
1261 3318 1543 3389 proveniet
1600 3317 1654 3372 in
1713 3317 1941 3373 salutem

351 3430 452 3484 per
473 3422 706 3469 vestram
736 3415 1065 3481 orationem,
1102 3424 1157 3469 et
1210 3413 1772 3470 subministrationem
1817 3411 1940 3482 Spi-

354 3502 493 3558 ritus
516 3499 641 3558 Jesu
671 3502 871 3558 Christi
912 3501 1137 3573 (Philip.
1194 3502 1254 3572 I).
1287 3521 1307 3553 ι
1364 3501 1500 3557 Hinc
1548 3510 1631 3555 est
1669 3500 1814 3570 quod
1845 3499 1947 3554 Sa-

352 3591 559 3660 pientia
590 3591 705 3657 Dei,
736 3607 855 3658 qua:
878 3592 1066 3661 procul
1106 3593 1270 3647 dubio
1316 3591 1567 3648 Christus
1616 3598 1718 3655 est,
1763 3590 1895 3644 dicit
1925 3607 1938 3642 :

359 3700 379 3731 ο
411 3680 645 3752 Spiritus
672 3699 823 3738 meus
843 3698 1006 3753 super
1028 3684 1134 3739 mel
1163 3684 1355 3747 dulcis,
1385 3692 1442 3738 et
1500 3683 1789 3739 hzereditas
1821 3696 1942 3736 mea

353 3787 519 3842 super
546 3773 650 3827 mel
675 3783 731 3828 et
755 3772 935 3827 favum
961 3773 1155 3841 (Eccli.
1182 3777 1357 3841 xxtv).
1388 3793 1407 3827 ο

427 3861 601 3915 Sicuti
630 3876 759 3932 ergo
787 3876 910 3917 cum
944 3860 1087 3923 Filii,
1114 3862 1199 3916 vel
1228 3861 1428 3917 Christi
1456 3860 1693 3931 Spiritus
1719 3860 1943 3925 dicitur,

356 3966 465 4004 non
493 3951 675 4005 statim
726 3952 1080 4021 consequitur
1115 3960 1173 4005 ut
1206 3966 1330 4007 eum
1392 3951 1662 4020 possimus
1711 3965 1741 4003 a
1783 3949 1946 4003 Patre

355 4038 697 4110 disjungere;
742 4042 817 4095 ita
842 4057 967 4096 cum
1022 4042 1241 4107 dicitur,
1299 4041 1533 4110 Spiritus
1582 4040 1781 4102 Patris,
1840 4056 1945 4095 non

356 4143 481 4183 eum
505 4145 795 4200 possumus
824 4146 853 4184 a
886 4130 1026 4185 Filio
1060 4145 1338 4201 separare.
1389 4130 1585 4186 Beatus
1632 4131 1797 4185 etiam
1840 4128 1946 4184 Pe-

360 4231 479 4276 trus
498 4221 611 4276 ait:
646 4239 665 4272 ι
704 4221 778 4277 De
799 4238 904 4292 qua
929 4222 1104 4277 salute
1135 4222 1506 4291 exquisierunt
1531 4232 1694 4291 atque
1720 4221 1946 4275 scrutati

357 4322 486 4367 sunt
511 4312 816 4383 Propheta,
853 4314 945 4383 qui
992 4314 1056 4370 de
1101 4313 1280 4368 futura
1316 4314 1369 4368 in
1416 4314 1571 4369 nobis
1609 4313 1778 4385 gloria
1823 4326 1949 4382 pro-

356 4405 735 4475 phetaverunt,
776 4413 1083 4461 scrutantes
1124 4405 1179 4459 in
1236 4404 1380 4474 quod
1413 4403 1498 4458 vel
1534 4403 1694 4474 quale
1736 4411 1946 4473 tempus

354 4495 688 4567 signiﬁcaret
710 4495 836 4564 quia
893 4496 947 4549 in
976 4495 1058 4550 eis
1082 4504 1202 4550 erat
1255 4494 1491 4563 Spiritus
1528 4494 1756 4559 Christi,
1802 4508 1943 4563 prae-

357 4586 615 4641 nuntians
656 4572 751 4640 ea's
798 4600 919 4656 qua:
972 4586 1027 4640 in
1088 4584 1309 4640 Christo
1360 4593 1485 4639 sunt
1534 4584 1841 4653 passiones,
1890 4591 1948 4637 et

355 4677 685 4748 posteriores
712 4676 914 4747 glorias
957 4675 1008 4746 (I
1047 4675 1188 4730 Patr.
1213 4675 1273 4746 ι).
1315 4693 1333 4727 ι
1370 4674 1525 4742 Quod
1566 4684 1747 4730 autem
1789 4689 1946 4729 eum-

354 4768 480 4823 dem
527 4764 789 4835 Spiritum
848 4765 1021 4820 Filius
1064 4766 1118 4820 in
1173 4766 1467 4835 discipulos
1514 4766 1767 4830 miserit,
1801 4766 1944 4820 idem

356 4856 550 4911 Petrus
602 4857 656 4909 in
691 4856 917 4911 Actibus
957 4855 1328 4926 apostolorum
1368 4854 1616 4924 perbibet
1647 4894 1664 4921 ,
1710 4856 1941 4909 dicens:

359 4966 378 4997 ι
415 4948 612 5002 Dextra
640 4947 806 5019 igitur
835 4947 930 5002 Dei
953 4947 1245 5013 exaltatus,
1271 4955 1326 5002 ct
1379 4946 1737 5015 promissione
1777 4944 1945 5013 Spiri-

357 5047 448 5093 tus
475 5039 649 5094 sancti
713 5047 937 5109 accepta
990 5053 1021 5091 a
1072 5038 1253 5102 Patre,
1307 5035 1498 5091 effudit
1552 5036 1657 5090 hoc
1703 5035 1948 5099 donum,

354 5127 500 5197 quod
518 5142 614 5181 vos
627 5127 820 5181 videtis
834 5126 1096 5181 etauditis
1111 5125 1249 5194 (Act.
1266 5125 1349 5193 ιι).
1372 5144 1390 5176 ι
1412 5124 1547 5179 Hinc
1558 5122 1813 5193 estquod,
1828 5138 1950 5177 cum

356 5217 752 5272 resurrexisset
773 5231 808 5269 a
835 5216 1084 5276 mortuis,
1118 5224 1175 5270 et
1196 5215 1537 5284 apparuisset
1563 5212 1864 5281 discipulis,
1894 5218 1955 5266 ut

356 5323 483 5362 eum
502 5307 572 5363 de
600 5322 660 5362 se
687 5306 985 5377 procedere
1009 5314 1262 5375 patenter
1281 5303 1611 5368 ostenderet,
1638 5300 1952 5366 insuIIIavit,

357 5409 416 5457 et
464 5401 581 5454 ait:
638 5419 656 5452 ι
686 5398 931 5468 Accipite
989 5397 1251 5468 Spiritum
1291 5403 1541 5451 sanctum
1569 5394 1750 5466 (Joan.
1784 5392 1897 5458 xx).
1929 5411 1948 5444 ι

433 5512 544 5569 Nec
568 5528 699 5569 sane
726 5512 1023 5583 putandum
1045 5520 1129 5569 est
1150 5510 1293 5581 quod
1320 5508 1480 5564 ﬂatus
1519 5507 1607 5563 ille
1635 5522 1948 5577 corporeus,

361 5603 457 5673 qui
482 5611 612 5658 tunc
637 5617 820 5659 aerem
838 5603 1128 5674 percussit,
1151 5600 1387 5673 Spiritus
1401 5606 1623 5655 sanctus
1645 5594 1831 5663 fuerit,
1855 5596 1949 5651 sed

368 5708 462 5759 per
521 5708 817 5766 congruam
874 5693 1015 5748 hanc
1056 5692 1503 5763 signiﬁcationem
1546 5690 1714 5762 658

2034 1870 2216 1925 sonitu
2251 1870 2303 1924 in
2353 1868 2660 1940 linguarum
2706 1870 2973 1924 varietate
3029 1869 3325 1924 descendit.
3374 1889 3392 1919 ι
3426 1867 3625 1923 Factus

2034 1968 2133 2019 est.
2162 1958 2357 2029 inquit,
2384 1967 2607 2028 repente
2646 1960 2711 2012 de
2754 1958 2892 2013 caelo
2943 1973 3107 2013 sonus
3160 1968 3415 2027 tanquam
3466 1956 3627 2010 adve-

2036 2048 2238 2105 nientis
2280 2048 2504 2120 Spiritus
2532 2048 2870 2103 vehementis
2915 2047 3055 2119 (Act.
3107 2047 3189 2119 ιι).
3229 2066 3247 2099 ι
3303 2046 3404 2101 Hic
3435 2060 3627 2117 nempe

2036 2139 2341 2208 sonus,qui
2372 2138 2439 2192 de
2486 2151 2583 2192 ore
2634 2136 2835 2192 Christi
2876 2137 3094 2207 prodiit,
3145 2137 3260 2207 ipse
3305 2145 3388 2191 est
3437 2134 3627 2207 procul

2036 2227 2197 2282 dubio
2218 2228 2431 2298 gladius
2461 2226 2546 2285 bis
2574 2236 2787 2290 acutus,
2832 2242 2992 2296 quem
3042 2224 3371 2285 Joannesin
3416 2225 3629 2295 Apoca-

2036 2317 2173 2387 lypsi
2214 2333 2280 2372 ex
2320 2318 2528 2374 eisdem
2555 2318 2714 2372 labiis
2735 2317 2885 2371 exire
2916 2317 3199 2385 conspexit
3246 2316 3430 2387 (Apoc.
3457 2314 3517 2387 ι).
3550 2314 3629 2370 De

2038 2424 2144 2477 quo
2158 2418 2213 2463 et
2240 2423 2336 2479 per
2358 2408 2696 2463 Psalmistam
2727 2406 2928 2460 dicitur
2959 2424 2971 2458 :
3008 2425 3024 2457 ‹
3058 2404 3233 2460 Verbo
3260 2406 3470 2459 Domini
3501 2404 3625 2460 cteli

2038 2497 2235 2553 ﬁrmati
2284 2508 2432 2563 sunt,
2454 2507 2508 2553 et
2530 2497 2721 2566 spiritu
2745 2495 2857 2550 oris
2884 2495 3001 2565 ejus
3026 2496 3203 2549 omnis
3235 2496 3409 2549 virtus
3436 2508 3625 2548 eorum

2040 2570 2439 2661 (Psalfxxxn).
2476 2607 2495 2640 ι
2527 2587 2662 2654 Quia
2694 2600 2844 2656 ergo,
2884 2585 3025 2639 sicut
3051 2585 3252 2639 dictum
3298 2592 3402 2648 εει,
3429 2598 3490 2638 οε
3518 2582 3628 2637 Pa-

2041 2681 2139 2735 tris
2160 2680 2327 2734 Filius
2355 2689 2454 2740 est,
2489 2678 2721 2748 Spiritus
2746 2677 2857 2731 oris
2887 2675 2982 2730 Dei
3034 2676 3108 2730 nil
3147 2675 3294 2732 aliud
3324 2675 3630 2747 intelligen-

2041 2772 2162 2838 dus,
2185 2785 2342 2841 quam
2374 2769 2613 2840 Spiritus
2639 2766 2865 2823 Christi.

2646 2857 2874 2912 CAPUT
2909 2857 2996 2913 IV.

2216 2954 2427 3007 Amovet
2457 2953 2863 3017 dubitationem,
2886 2968 3003 3021 qua:
3031 2950 3176 3005 nasci
3202 2960 3422 3019 poterat.

2116 3043 2268 3110 Quod
2294 3043 2339 3098 si
2369 3043 2654 3111 quaeritur,
2681 3056 2805 3096 cum
2856 3041 2922 3095 de
2983 3040 3285 3094 substantia
3311 3038 3509 3109 ,Patris
3562 3038 3634 3093 sit

2046 3133 2235 3199 Filius,
2261 3133 2325 3187 de
2347 3134 2645 3188 substantia
2676 3130 2855 3186 Patris
2881 3131 2953 3186 sit
2984 3131 3335 3185 nihilominus
3363 3142 3418 3185 et
3466 3130 3634 3201 Spiri-

2047 3237 2132 3280 tus
2154 3233 2397 3289 sanctus,
2438 3240 2536 3278 cur
2565 3239 2705 3278 unus
2730 3223 2920 3287 Filius,
2946 3232 2995 3276 et
3028 3222 3167 3276 alius
3190 3237 3296 3276 non
3326 3223 3395 3275 sit
3423 3220 3635 3277 Filius?

2045 3331 2152 3371 non
2183 3316 2480 3385 incongrue
2508 3314 2902 3385 respondetur:
2931 3315 3004 3367 De
3030 3312 3191 3366 Patre
3220 3321 3303 3366 est
3334 3311 3502 3367 Filius
3525 3352 3540 3378 ,
3566 3312 3634 3366 de

2046 3408 2207 3463 Patre
2227 3417 2311 3462 est
2332 3407 2567 3479 Spiritus
2593 3419 2813 3464 sanctus
2838 3425 2852 3474 ;
2882 3409 2975 3464 sed
2998 3409 3087 3463 ille
3118 3408 3334 3478 genitus
3362 3418 3466 3473 est,
3526 3409 3627 3463 iste

2044 3500 2367 3570 procedens,
2392 3500 2620 3569 ideoque
2644 3500 2731 3554 ille
2771 3500 2940 3555 Filius
2967 3510 3052 3555 est
3083 3499 3284 3563 Patris,
3309 3504 3374 3553 de
3421 3515 3527 3568 quo
3578 3506 3634 3554 et

2046 3589 2259 3659 genitus
2286 3598 2369 3644 est
2395 3605 2409 3654 ;
2437 3590 2539 3645 iste
2562 3598 2743 3644 autem
2768 3588 3006 3659 Spiritus
3034 3588 3335 3658 utriusque,
3375 3588 3632 3658 quoniam

2046 3680 2114 3734 de
2154 3688 2386 3750 utroque
2412 3680 2679 3750 procedit.
2714 3680 3104 3735 Verumtamen
3130 3690 3184 3733 et
3212 3679 3303 3733 illa
3332 3679 3632 3750 generatio,

2046 3783 2103 3826 et
2125 3772 2228 3827 ista
2263 3772 2543 3843 processio
2569 3787 2674 3826 non
2712 3772 2873 3827 modo
2898 3768 3207 3834 ineffabilia,
3248 3771 3345 3825 sed
3394 3780 3449 3826 et
3476 3786 3634 3840 pror-

2048 3877 2141 3916 sus
2176 3862 2738 3931 incomprehensibilis
2766 3871 2866 3916 est.
2918 3861 3024 3916 Sed
3076 3862 3127 3915 in
3160 3862 3244 3915 his
3272 3875 3392 3931 qua:
3436 3868 3634 3914 nostrae

2050 3954 2248 4008 mentis
2277 3955 2395 4023 acie
2420 3961 2708 4022 penetrare
2745 3967 2850 4006 non
2882 3940 3166 4022 possumus
3188 3991 3202 4014 ,
3240 3950 3346 4004 illis
3379 3964 3475 4019 per
3499 3964 3637 4018 quos

2018 4059 2020 4062 '
2051 4041 2287 4113 Spiritus
2309 4052 2533 4097 sanctus
2566 4042 2775 4097 locutus
2802 4049 2907 4106 est,
2934 4039 3093 4094 fidem
3118 4049 3347 4103 certam,
3378 4048 3635 4107 tanquam

2049 4134 2094 4189 si
2118 4148 2204 4189 res
2228 4133 2427 4189 nostris
2456 4132 2760 4203 subiaceret
2781 4130 3062 4188 obtutibus
3095 4171 3111 4195 ,
3162 4130 3505 4185 adhibemus.
3568 4130 3635 4183 Et

2050 4242 2363 4297 quanquam
2414 4226 2570 4283 nobis
2598 4226 2779 4296 ignota
2823 4226 2933 4280 sint
2989 4238 3203 4279 arcana:
3254 4221 3638 4292 profunditatis

2050 4321 2261 4379 occulta
2290 4322 2567 4392 mysteria,
2596 4336 2702 4375 non
2730 4332 2908 4375 tamen
2946 4319 3257 4374 dubitamus
3306 4318 3359 4372 in
3385 4331 3450 4371 eo
3491 4316 3638 4385 quod

2053 4417 2312 4473 Dominus
2338 4415 2623 4485 loquitur:
2672 4430 2777 4468 non
2838 4412 3164 4483 ambigimus
3214 4411 3269 4465 in
3310 4425 3376 4465 eo
3426 4422 3639 4479 quoque

2050 4509 2194 4579 quod
2220 4508 2276 4563 in
2308 4507 2693 4577 prophetarum
2718 4504 2991 4559 vaticiniis
3022 4502 3319 4557 invenitur.

2672 4592 2899 4648 CAPUT
2933 4591 2996 4645 V.

2433 4686 2645 4738 Amovet
2669 4684 2830 4736 aliam
2855 4682 3253 4734 dubitationem.

2125 4779 2230 4833 Sed
2261 4778 2348 4831 hic
2377 4776 2508 4830 mihi
2538 4774 2788 4829 fortassis
2814 4772 3069 4841 objicitur
3101 4788 3115 4822 :
3168 4768 3283 4823 Non
3336 4767 3640 4839 intelligitis

2053 4869 2428 4939 Evangelium,
2458 4866 2682 4920 nescitis
2712 4863 2842 4933 quid
2890 4862 2990 4916 sibi
3022 4860 3193 4914 velint
3235 4858 3455 4914 oracula
3516 4872 3644 4929 pro-

2055 4962 2365 5031 phetarum,
2395 4972 2515 5027 qum
2537 4955 2744 5010 scilicet
2774 4953 2917 5007 aliud
2940 4964 3081 5021 saepe
3104 4950 3442 5021 prtetendunt
3466 4948 3520 5002 in
3553 4947 3640 5001 lit-

2051 5060 2291 5105 terarum
2340 5046 2651 5118 superﬁcie,
2711 5043 2855 5097 aliud
2904 5042 3186 5096 continent
3239 5040 3293 5094 in
3348 5035 3640 5108 spiritualis

2050 5139 2421 5210 intelligentia:
2441 5137 2687 5192 veritate.
2718 5134 2799 5189 Ad
2823 5133 2965 5204 quod
2991 5147 3090 5187 nos
3133 5130 3292 5186 facile
3344 5127 3640 5199 responde-

2053 5247 2173 5288 mus
2200 5230 2323 5300 quia
2376 5228 2527 5283 fuere
2555 5226 2902 5296 auamplures
2951 5222 3233 5292 apostolici
3277 5228 3331 5275 et
3384 5216 3641 5273 catholici

2060 5325 2185 5390 viri,
2214 5324 2279 5379 de
2303 5338 2532 5392 quorum
2571 5320 2782 5376 scilicet
2835 5314 3131 5386 approbata
3173 5314 3376 5382 pietate
3404 5318 3459 5365 et
3506 5324 3638 5363 san-

2058 5413 2247 5467 ctitate
2273 5427 2370 5482 per
2397 5420 2615 5465 ostensa
2648 5407 2937 5461 multarum
2966 5404 3118 5473 signa
3144 5403 3403 5455 virtutum
3430 5398 3503 5453 nil
3525 5412 3646 5452 om-

2058 5504 2187 5558 nino
2210 5504 2468 5559 remansit
2494 5501 2824 5570 ambiguum.
2873 5496 2937 5549 Ili
2993 5493 3247 5549 nimirum
3286 5492 3640 5547 orthodoxam

2054 5593 2222 5665 659
2246 5593 2404 5650 ﬁdem
2449 5592 2630 5647 verbis
2657 5586 2992 5658 simplicibus
3025 5591 3415 5654 exposuerunt,
3467 5588 3522 5635 et
3548 5580 3641 5634 lit-

2056 5686 2186 5740 teris
2209 5692 2487 5739 cxaratam
2532 5682 2595 5737 ad
2645 5676 2977 5749 posteritatis
3042 5675 3358 5732 memoriam
3406 5672 3642 5742 relique-
