4074 6190
450 322 552 378 6'59

913 320 971 376 S.
1005 319 1208 376 PETRI
1243 315 1524 373 DAMIANI
1558 313 1707 370 OPP.
1749 309 1986 368 TOMUS
2027 305 2158 362 SEU
2196 303 2376 361 PARS
2412 304 2498 360 ΠΙ.
2525 303 2963 362 —0PUSCULA
3003 302 3232 357 VARIA.

3589 298 3693 353 6i0

450 444 597 488 runt.
625 432 841 486 lllorum
869 432 1025 500 plane
1055 431 1153 484 fuit
1203 445 1267 483 ex
1297 426 1606 496 apostolicis
1635 436 1690 479 et
1745 418 2018 494 propheti-
2048 421 2097 478 Α
2125 430 2220 485 per
2239 414 2647 470 insulilationem
2678 431 2829 468 suam
2855 414 3185 485 dedit660
3213 411 3489 482 discipulis
3525 411 3695 481 Spiri-

451 526 532 579 cis
558 525 840 578 sententiis
879 523 978 575 ista
1006 522 1307 582 discutere;
1337 518 1492 572 nobis
1539 525 1718 570 autem
1752 513 1824 566 nil
1875 510 2020 564 aliud

448 622 643 676 restat,
671 613 772 665 nisi
813 611 1047 679 prazlixis
1096 609 1355 662 duntaxat
1379 623 1564 661 eorum
1615 604 2019 660 definitionibus

451 703 694 756 obedire.
727 701 833 752 lllis
874 715 1064 766 nempe
1123 698 1202 752 vis
1249 696 1589 752 necessitatis
1655 691 1916 755 incubuit,
1964 679 2023 744 ιιι

449 793 566 845 haec
599 791 868 844 subtiliter
915 804 977 843 ac
1009 789 1291 857 diligenter
1332 788 1684 855 inquirerent,
1718 793 1773 837 et
1817 791 2020 837 certam

441 875 574 933 'ﬁdei
602 880 838 948 regulam
872 881 1194 944 deﬁnirem;
1225 879 1381 932 nobis
1405 887 1584 930 autem
1617 892 1678 931 ea
1713 885 1919 930 tantum
1935 874 2021 928 via

450 971 800 1040 gradiendum
829 981 913 1024 est
959 987 1055 1039 per
1081 986 1241 1039 quam
1274 968 1524 1022 videlicet
1581 967 1751 1021 nostri
1795 979 2023 1035 praeces-

450 1078 572 1116 sere
597 1061 848 1128 majores.

520 1154 671 1220 Quod
697 1168 825 1223 ergo
857 1153 927 1206 illi
959 1161 1087 1206 tunc
1127 1168 1192 1206 ex
1226 1150 1549 1220 evangelicis
1590 1165 1652 1202 ac
1690 1145 2024 1218 propheticis

450 1243 534 1299 vel
553 1245 712 1299 etiam
753 1245 1059 1313 apostolicis
1105 1243 1340 1297 fontibus
1387 1243 1658 1296 inhianter
1705 1239 2024 1303 hauserunt,

453 1335 552 1388 hoc
577 1335 731 1388 nobis
756 1334 1109 1402 propinanzes
1140 1333 1191 1386 iu
1242 1343 1485 1402 posteros
1526 1332 1754 1386 ﬁdeliter
1785 1328 2025 1384 transfu-

451 1425 661 1486 derunt,
692 1423 905 1478 dicente
934 1422 1258 1478 Psalmista:
1310 1442 1327 1473 ι
1360 1423 1414 1476 lu
1445 1422 1693 1476 ecclesiis
1721 1419 2025 1474 benedicite

452 1511 561 1567 Deo
595 1513 819 1566 Domino
848 1514 912 1567 de
936 1511 1176 1568 fontibus
1205 1513 1368 1568 Israel
1406 1510 1580 1583 (Psal.
1661 1510 1859 1581 vau);
1897 1528 1916 1561 ι
1971 1518 2027 1564 et

451 1616 549 1656 nos
572 1604 861 1672 puritatem
901 1603 1041 1666 lidei,
1075 1619 1192 1673 quae
1213 1619 1310 1672 per
1339 1617 1433 1658 eos
1461 1603 1514 1656 in
1558 1601 1712 1656 nobis
1766 1611 2023 1668 tanquam

452 1709 548 1760 per
573 1694 812 1746 veritatis
842 1693 1041 1748 rivulos
1084 1693 1276 1758 inlluit,
1319 1705 1507 1747 secure
1549 1691 1663 1762 jam
1723 1697 1778 1743 et
1825 1690 2025 1759 absque

453 1781 556 1834 ullo
589 1782 780 1835 timore
807 1781 1132 1852 percipimus
1160 1799 1174 1835 :
1203 1792 1258 1837 et
1283 1791 1537 1852 tanquam
1574 1781 1642 1834 ab
1689 1781 1802 1850 ipsa
1827 1780 2027 1850 princi-
2057 1777 2104 1837 Β

451 1872 556 1941 [ali
583 1871 753 1925 divini
787 1871 951 1927 fontis
979 1874 1208 1944 origine,
1235 1889 1333 1927 nos
1388 1875 1527 1926 hanc
1574 1871 1792 1924 haurire
1832 1870 2027 1939 gaude-

455 1979 592 2017 mus.
624 1963 924 2018 Audiamus
943 1979 1072 2032 ergo
1120 1965 1249 2033 quid
1293 1965 1356 2019 de
1404 1965 1750 2032 processione
1795 1960 2026 2029 Spiritus

454 2052 626 2107 sancti
655 2053 706 2106 in
734 2065 884 2107 sexto
916 2053 1052 2108 libro
1079 2054 1143 2108 de
1179 2052 1332 2117 Fide,
1387 2068 1546 2122 quem
1587 2052 1654 2104 ad
1709 2050 2025 2106 Gratianum

452 2145 828 2211 imperatorem
856 2145 1040 2209 mittit,
1079 2144 1263 2198 beatus
1289 2144 1431 2197 dicat
1483 2142 1820 2196 Ambrosius.
1856 2159 1874 2191 ι
1910 2138 2024 2192 Non

451 2230 618 2295 enim,
646 2231 740 2293 ait,
772 2232 918 2299 quasi
956 2245 1024 2284 ex
1053 2229 1169 2284 loco
1198 2231 1429 2284 mittitur
1457 2230 1711 2299 Spiritus,
1751 2237 1845 2282 aut
1869 2226 2024 2296 quasi

454 2334 519 2372 ex
554 2319 669 2372 loco
694 2309 955 2388 procedit,
986 2321 1200 2389 quando
1230 2320 1526 2389 procedita
1551 2319 1702 2373 Filio.
1737 2339 1754 2370 ι
1775 2320 1838 2372 Ει
1867 2319 2025 2387 paulo

452 2423 572 2482 post
604 2431 616 2466 :
657 2432 676 2464 ι
711 2413 940 2482 Spiritus
963 2424 1183 2469 sanctus
1223 2429 1343 2467 cum
1367 2414 1610 2482 procedit
1654 2429 1683 2466 a
1712 2413 1872 2467 Patre
1913 2412 2025 2466 exit

451 2524 479 2559 a
508 2506 679 2574 Filio;
713 2525 731 2558 ι
764 2521 863 2560 nec
890 2507 1161 2560 immerito
1189 2507 1256 2559 ab
1312 2516 1542 2574 utroque
1591 2505 1850 2574 procedit,
1903 2520 2024 2558 cum

451 2600 503 2654 iu
549 2607 776 2668 utroque
801 2599 1080 2668 aequaliter
1115 2598 1220 2664 sit,
1251 2599 1391 2652 sicut
1442 2599 1494 2651 in
1537 2605 1726 2650 octavo
1785 2596 2024 2665 ejusdem

449 2688 633 2758 operis
653 2689 790 2746 libro
821 2690 961 2743 idem
993 2689 1125 2743 dicit
1154 2689 1470 2742 Ambrosius
1499 2701 1512 2739 :
1545 2705 1562 2736 σ
1596 2685 1758 2739 Pater
1789 2686 1839 2738 in
1866 2684 2019 2747 Filio,

451 2780 771 2834 ctFiliusin
801 2780 996 2844 Patre;
1025 2779 1098 2831 ita
1155 2779 1248 2832 Dei
1294 2777 1528 2846 Spiritus
1577 2777 1628 2829 in
1670 2776 1829 2830 Patre
1877 2784 1932 2829 et
1972 2776 2023 2828 in

452 2869 603 2922 Filio.
640 2888 658 2919 ι
691 2868 1020 2937 Augustinus
1051 2877 1227 2919 autem
1253 2881 1406 2931 cum,
1434 2881 1531 2934 per
1579 2874 1750 2919 totum
1797 2864 1911 2919 fere
1963 2864 2026 2918 Ii-

449 2961 604 3013 brum
637 2975 793 3028 quem
849 2959 915 3012 de
943 2968 1134 3011 sancta
1171 2955 1438 3010 Trinitate
1499 2955 1819 3024 composuit,
1870 2956 2026 3010 innu-

449 3051 778 3103 merabiliter
802 3059 1008 3103 asserat
1038 3051 1180 3117 quod
1227 3049 1461 3117 Spiritus
1510 3057 1732 3102 sanctus
1771 3046 1836 3101 de
1865 3046 2024 3101 Patre

449 3140 873 3212 simJFilioquc
919 3113 1199 3211 procedat,
1254 3113 1427 3194 tamen
1476 3154 1636 3192 unam
1678 3137 1866 3192 saltem
1911 3139 2025 3207 ejus
2052 3113 2097 3176 C

450 3235 769 3288 sententiam
806 3235 1052 3303 ponimus
1085 3275 1098 3300 ,
1130 3249 1196 3287 ne
1246 3247 1464 3303 prorsus
1519 3245 1641 3286 eum
1696 3231 2029 3302 negligenter

450 3324 752 3391 praeterisse
781 3324 1076 3377 videamur.
1112 3340 1132 3374 ι
1167 3323 1224 3377 In
1258 3323 1368 3387 illa,
1400 3322 1591 3392 inquit,
1619 3331 1806 3376 sancta
1848 3322 2025 3376 Triui-

452 3422 561 3466 tate
591 3429 729 3467 unus
755 3422 837 3468 est
867 3413 1048 3478 Pater,
1075 3415 1166 3484 qui
1193 3414 1336 3469 solus
1360 3414 1424 3467 de
1447 3428 1506 3466 se
1534 3414 1648 3482 ipso
1671 3414 2027 3468 essentialiter

452 3515 618 3555 unum
645 3501 840 3556 Filiutn
873 3504 1074 3570 genuit,
1130 3512 1185 3556 et
1231 3517 1369 3554 unus
1423 3500 1613 3567 Filius,
1660 3502 1750 3570 qui
1798 3501 1863 3555 de
1920 3516 2027 3555 uno

450 3589 611 3643 Patre
640 3589 787 3644 solus
812 3599 896 3644 est
916 3590 1278 3645 essentialiter
1307 3598 1497 3645 natus:
1551 3599 1605 3644 et
1627 3606 1766 3643 unus
1793 3588 2026 3659 Spiritus

452 3687 696 3743 sanctus,
738 3681 830 3750 qui
872 3681 1016 3734 solus
1072 3681 1432 3734 essentialiter
1485 3680 1551 3733 de
1587 3679 1744 3733 Patre
1786 3679 2027 3750 Filioque

451 3770 714 3838 procedit.
758 3789 776 3822 ι
811 3770 1170 3841 Hieronymus
1223 3785 1438 3839 quoque
1464 3769 1566 3823 hoc
1608 3768 1888 3838 scripsisse
1923 3769 2027 3822 fer-

455 3872 578 3915 tur:
621 3875 656 3912 ·‹
695 3861 926 3930 Spiritus
957 3902 972 3927 ,
1026 3862 1118 3932 qui
1166 3877 1194 3915 a
1251 3862 1410 3916 Patre
1451 3861 1692 3930 Filioque
1755 3861 2023 3929 procedit,

451 3952 597 4006 Patri
647 3952 891 4023 Filioque
925 3962 1226 4008 cowternus
1277 3963 1332 4008 et
1374 3968 1470 4021 per
1502 3951 1681 4007 omnia
1734 3951 2023 4018 coaequans

451 4053 556 4097 est.
596 4043 721 4096 llaec
751 4053 834 4097 est
857 4053 1043 4097 sancta
1070 4044 1324 4106 Trinitas,
1353 4043 1400 4096 id
1429 4052 1534 4106 est,
1559 4040 1740 4103 Pater,
1767 4038 2024 4105 etFilius,

451 4145 505 4187 et
528 4134 758 4204 Spiritus
797 4146 1056 4198 sanctus;
1091 4152 1194 4188 una
1222 4144 1303 4189 est
1337 4135 1508 4189 deitas
1538 4143 1591 4187 et
1626 4132 1886 4203 potentia,
1921 4147 2027 4185 una

450 4228 704 4291 essentia,
731 4227 781 4279 id
808 4236 910 4290 est,
943 4225 1123 4290 Pater,
1171 4225 1260 4294 qui
1309 4227 1513 4294 genuit,
1562 4224 1749 4288 Filius,
1801 4222 1892 4292 qui
1946 4230 2029 4275 est

451 4316 685 4383 genitus,
718 4325 771 4368 et
823 4314 1058 4383 Spiritus
1087 4323 1329 4379 sanctus,
1372 4315 1462 4383 qui
1493 4331 1560 4369 ex
1599 4313 1758 4368 Patre
1783 4313 2028 4382 Filioque

450 4406 710 4473 procedit.
733 4425 749 4455 ι
768 4404 1024 4470 Quamvis
1047 4407 1148 4459 hoc
1170 4405 1221 4457 in
1238 4406 1576 4472 expositione
1599 4403 1869 4471 ﬁdeiejus,
1887 4404 2028 4457 vide-

450 4493 574 4546 licet
605 4494 688 4546 illa
716 4509 878 4562 quam
912 4494 1155 4562 legimus,
1189 4504 1419 4563 nequeat
1464 4493 1710 4547 inveniri.
1759 4493 1820 4545 Β.
1848 4493 2011 4546 etiam

449 4597 584 4651 papa
613 4582 908 4652 Gregorius
931 4584 982 4637 in
1011 4583 1367 4638 confessionis
1394 4599 1502 4637 suae
1519 4581 1776 4654 Symbolo
1800 4582 1878 4636 sic
1908 4581 1981 4635 ait
2008 4601 2021 4636 :

456 4692 474 4724 ι
513 4674 685 4730 Credo
725 4676 936 4730 Patrem
959 4677 1274 4746 ingenitum,
1299 4677 1492 4731 Filium
1550 4677 1814 4746 genitum,
1847 4675 2019 4744 Spiri-

452 4772 560 4816 tum
588 4780 716 4819 vero
741 4775 983 4819 sanctum
1013 4781 1109 4820 nec
1133 4767 1392 4836 genitum,
1436 4781 1534 4821 nec
1565 4766 1860 4835 ingenitum
1890 4806 1904 4830 ,
1930 4766 2023 4820 sed

451 4863 798 4920 coaaternum,
828 4856 891 4909 de
913 4855 1070 4910 Patre
1096 4865 1148 4909 et
1178 4855 1314 4909 Filio
1335 4857 1734 4924 procedentem.
1767 4873 1784 4906 ι

520 4941 671 5008 Quod
699 4944 741 4996 si
766 4947 833 4997 ab
864 4944 946 4998 his
995 4944 1133 4998 forte
1181 4946 1269 5012 qui
1323 4943 1512 4998 Graece
1564 4952 1768 4997 tantum
1820 4942 2016 5007 sciunt,

449 5031 640 5086 Latine
665 5049 769 5085 non
794 5042 1008 5096 norunt,
1039 5048 1069 5086 e
1100 5033 1313 5087 diverso
1341 5034 1554 5087 dicatur
1603 5047 1708 5085 non
1739 5031 1840 5085 sibi
1870 5031 2019 5084 sum-

450 5138 574 5176 cere
601 5121 825 5174 Romani
876 5122 1126 5176 doctores
1175 5123 1393 5190 eloquii;
1438 5122 1542 5176 nisi
1593 5121 1766 5176 Graeci
1809 5135 2024 5189 quoque

448 5218 713 5270 sermonis
752 5215 942 5270 Patres
990 5214 1340 5280 adhibemus,
1387 5217 1611 5269 audiant
1653 5214 1780 5282 quid
1837 5214 2024 5267 beatus

447 5307 724 5375 perliibeat
751 5305 1074 5360 Athanasius
1109 5306 1161 5358 in
1186 5305 1322 5360 libro
1356 5321 1514 5375 quem
1543 5305 1798 5359 adversus
1838 5303 2024 5355 Arium

449 5402 664 5471 scripsit
700 5421 713 5456 :
759 5419 776 5452 ε
815 5401 946 5471 Ego,
974 5400 1164 5469 inquit,
1198 5401 1359 5454 credo
1385 5398 1580 5452 Filium
1627 5397 1680 5450 in
1741 5395 1922 5458 Patre,
1972 5402 2026 5447 et

447 5491 661 5546 Patrem
695 5493 746 5545 in
777 5490 933 5554 Filio,
957 5489 1215 5560 Spiritum
1240 5503 1454 5558 quoque
1502 5485 1858 5555 paracletum,
1918 5482 2023 5551 qui

449 5582 698 5649 procedit
726 5597 752 5632 a
785 5580 968 5645 Patre,
1005 5588 1058 5634 et
1103 5578 1220 5632 Filii
1259 5592 1376 5632 esse
1400 5585 1454 5629 et
1495 5574 1706 5639 Patris;
1759 5572 1882 5640 quia
1911 5580 1966 5624 et
1991 5585 2020 5624 a

450 5669 588 5725 Filio
619 5672 877 5738 procedit,
906 5672 1042 5726 sicut
1076 5670 1126 5722 iu
1158 5666 1444 5737 Evangelia
1479 5665 1734 5733 scriptum
1769 5672 1849 5717 est
1880 5660 2023 5728 quod

2123 512 2236 557 tum
2266 512 2508 559 sanctum
2539 505 2719 574 (Joan.
2753 506 2863 573 xx).
2899 523 2915 555 ι
2949 504 3007 556 Β.
3035 504 3196 557 etiam
3241 501 3475 573 Cyrillus
3498 503 3563 554 dc
3594 502 3694 556 hac

2123 594 2306 647 eadem
2323 593 2556 662 Spiritus
2578 594 2922 663 processione
2941 602 3129 647 contra
3155 591 3456 646 Nestorium
3479 593 3556 645 sic
3585 592 3693 643 ait:

2127 702 2145 734 ι
2186 684 2439 750 Quamvis
2461 685 2602 739 enim
2628 685 2679 737 in
2711 700 2808 738 sua
2832 685 2902 738 sit
2945 684 3244 738 substantia
3280 681 3508 751 Spiritus
3557 680 3695 747 ejus,

2121 783 2175 827 et
2198 773 2529 844 intelligatur
2559 775 2610 827 in
2641 786 2870 843 persona
2899 773 3200 842 proprietas
3226 814 3239 836 ,
3265 773 3418 842 juxta
3464 772 3514 824 id
3544 771 3696 840 quod

2123 863 2355 932 Spiritus
2384 873 2484 929 est,
2509 875 2561 919 et
2593 880 2695 919 non
2719 865 2904 930 Filius,
2935 876 3168 918 attamen
3198 865 3403 917 alienus
3457 879 3562 916 non
3605 871 3687 916 est

2123 953 2327 1008 abillo.
2369 953 2500 1007 Nam
2554 953 2788 1022 Spiritus
2843 953 3140 1023 appellatus
3188 961 3270 1007 est
3308 952 3584 1014 Veritatis,
3643 961 3698 1005 et

2127 1041 2338 1098 Veritas
2365 1042 2613 1098 Christus
2641 1053 2744 1098 est.
2770 1043 2921 1099 Unde
2959 1052 3012 1099 et
3036 1043 3104 1098 ab
3131 1043 3236 1098 isto
3264 1043 3530 1105 similiter,
3559 1042 3698 1097 sicut

2126 1140 2180 1185 et
2207 1147 2235 1184 a
2265 1132 2373 1186 Deo
2397 1133 2661 1201 procedit.
2695 1152 2714 1186 ι

2725 1243 2952 1300 CAPUT
2985 1241 3073 1299 VI.

2444 1356 2618 1410 Aliam
2648 1358 2769 1410 item
2797 1367 2993 1411 amovet
3016 1357 3410 1410 dubitationem.

2196 1465 2300 1521 Sed
2326 1465 2500 1520 adhuc
2523 1466 2770 1522 fortassis
2807 1467 3120 1536 inquiritur,
3173 1481 3297 1522 eum
3350 1466 3584 1536 Spiritus
3634 1469 3700 1523 de

2135 1556 2299 1612 Patre
2336 1558 2596 1627 procedat
2631 1567 2685 1612 et
2730 1558 2887 1622 Filio,
2944 1574 3041 1613 cur
3105 1558 3244 1612 idem
3294 1557 3464 1612 Filius
3506 1560 3702 1614 dixerit

2126 1652 2251 1720 quia
2281 1651 2345 1705 de
2373 1650 2534 1705 Patre
2563 1650 2849 1720 procedit?
2879 1649 3017 1716 Quid
3068 1650 3210 1703 enim
3253 1665 3430 1704 causa:
3487 1650 3590 1704 fuit
3646 1660 3704 1706 ut

2129 1753 2235 1792 non
2264 1737 2506 1792 diceret:
2532 1739 2598 1792 de
2619 1736 2842 1792 Patrect
2873 1752 2958 1792 me
2983 1737 3356 1807 procedit,sed
3393 1738 3572 1807 potius
3621 1738 3701 1794 di-

2129 1837 2317 1884 ceret:
2347 1827 2583 1898 Spiritus
2603 1828 2694 1898 qui
2724 1842 2753 1882 a
2785 1828 2950 1882 Patre
2973 1827 3256 1897 procedit?
3290 1827 3399 1883 Cur
3427 1829 3530 1884 hoc
3575 1844 3700 1884 eum

2127 1916 2325 1972 fecisse
2346 1927 2616 1988 putamus,
2648 1918 2751 1972 nisi
2801 1919 2945 1987 quod
2979 1919 3116 1971 solet
3169 1917 3372 1971 referre
3427 1918 3480 1972 id
3537 1920 3701 1973 etiam

2125 2010 2268 2079 quod
2303 2024 2460 2064 suum
2489 2017 2596 2073 est,
2625 2009 2692 2063 ad
2717 2023 2843 2063 eum
2883 2008 2949 2062 de
2969 2021 3076 2076 quo
3103 2009 3216 2076 ipse
3262 2007 3379 2061 est?
3438 2007 3513 2062 De
3542 2007 3704 2062 Patre

2125 2100 2324 2169 quippe
2352 2108 2436 2152 est
2464 2099 2654 2162 Filius,
2682 2107 2736 2152 et
2784 2114 2814 2152 a
2845 2111 2950 2166 quo
2977 2098 3140 2152 habet
3178 2107 3239 2151 ut
3267 2098 3380 2167 ipse
3416 2099 3489 2151 sit
3539 2099 3701 2166 Deus,

2126 2193 2194 2247 ab
2232 2192 2323 2246 illo
2352 2191 2893 2246 nihilominuswhabct
2923 2200 2984 2246 ut
3028 2207 3056 2244 a
3085 2207 3144 2246 se
3179 2206 3392 2262 quoque
3446 2195 3704 2262 procedat

2127 2281 2360 2352 Spiritus
2389 2290 2629 2337 sanctus.
2660 2279 2813 2338 Unde
2859 2291 2944 2336 est
2971 2282 3114 2351 quod
3165 2283 3294 2338 alibi
3323 2282 3495 2337 dicit:
3533 2303 3550 2334 ‹
3585 2283 3703 2340 Mea

2126 2370 2372 2424 doctrina
2407 2385 2511 2424 non
2545 2378 2632 2425 est
2659 2385 2796 2434 mea,
2827 2371 2921 2424 sed
2955 2371 3071 2439 ejus
3115 2371 3206 2438 qui
3239 2371 3383 2425 misit
3412 2387 3496 2426 me
3518 2371 3701 2442 (Joan.

2123 2462 2247 2529 vn).
2289 2480 2308 2513 ο
2335 2461 2392 2516 Si
2422 2464 2585 2531 igitur
2616 2463 2704 2517 hic
2740 2472 2926 2532 aperte
2982 2464 3328 2532 cognoscitur
3378 2479 3530 2518 suam
3582 2480 3702 2519 esse

2126 2551 2444 2618 doctrinam,
2469 2569 2629 2623 quam
2667 2568 2844 2606 tamen
2874 2569 2979 2606 non
3039 2569 3190 2607 suam
3223 2555 3359 2608 dixit
3403 2570 3524 2610 esse
3556 2597 3571 2620 ,
3606 2558 3702 2611 sed

2127 2640 2581 2712 -Patris;quanto
2608 2641 2779 2711 magis
2802 2642 2910 2696 illic
2967 2643 3369 2712 intelligendum
3398 2653 3481 2697 est
3534 2654 3591 2698 et
3637 2647 3704 2698 de

2128 2733 2244 2802 ipso
2265 2734 2558 2802 procedere
2583 2732 2847 2802 Spiritum
2891 2742 3158 2796 sanctum,
3215 2733 3307 2787 ubi
3360 2734 3439 2786 sic
3493 2735 3589 2800 ait,
3637 2736 3704 2789 de

2127 2822 2291 2878 Patre
2319 2825 2568 2894 procedit,
2607 2834 2668 2878 ut
2705 2837 3047 2893 nequaquam
3091 2823 3298 2878 diceret
3343 2824 3406 2877 de
3465 2841 3545 2878 me
3597 2841 3702 2877 non

2125 2916 2394 2984 procedit?
2423 2915 2559 2971 Huic
2587 2925 2640 2970 et
2670 2915 2798 2970 illud
2825 2925 2908 2970 est
2929 2915 3121 2978 simile,
3145 2917 3287 2984 quod
3335 2915 3459 2969 alibi
3513 2916 3644 2969 dicit
3674 2935 3687 2968 :

2133 3023 2152 3057 ι
2187 3006 2288 3072 Qui
2322 3007 2372 3060 in
2405 3021 2490 3060 me
2517 3007 2712 3071 credit,
2745 3021 2852 3061 non
2911 3005 2966 3060 in
3004 3019 3089 3058 me
3118 3006 3309 3070 credit,
3359 3006 3451 3060 sed
3481 3006 3534 3059 in
3578 3020 3702 3060 eum

2123 3097 2218 3164 qui
2245 3111 2330 3150 me
2354 3098 2497 3151 misit
2524 3097 2706 3168 (Joan.
2730 3099 2851 3167 xu).
2886 3116 2905 3149 ι
2935 3097 3072 3164 Quid
3116 3097 3378 3153 enim‘ﬁbi
3407 3099 3532 3160 vult,
3560 3101 3703 3168 quod

2127 3187 2204 3240 ait
2234 3205 2246 3239 :
2286 3205 2304 3238 ι
2341 3187 2444 3253 Qui
2465 3187 2519 3241 in
2560 3203 2646 3242 me
2671 3189 2864 3252 credit,
2913 3202 3016 3240 non
3048 3188 3098 3241 in
3129 3203 3215 3241 me
3241 3188 3452 3242 credit?
3486 3208 3504 3242 ι
3562 3189 3706 3257 Quo-

2127 3278 2287 3331 modo
2313 3278 2365 3330 in
2395 3279 2588 3346 ipsum,
2623 3279 2890 3347 quomodo
2918 3293 3019 3331 non
3046 3277 3098 3330 in
3151 3277 3364 3345 ipsum?
3422 3278 3702 3345 Quomodo

2125 3377 2237 3422 tam
2292 3369 2665 3434 contrarium,
2729 3378 2944 3437 tamque
2995 3383 3092 3437 per
3135 3370 3550 3439 compugnantia
3598 3371 3700 3424 sibi

2125 3457 2287 3513 verba
2311 3458 2638 3528 intelligetur
2660 3459 2964 3514 adversum.
3007 3476 3026 3508 ο
3073 3458 3173 3524 Qui
3202 3459 3253 3511 iu
3287 3473 3370 3512 me
3403 3460 3573 3512 credit
3597 3475 3701 3513 non

2121 3548 2180 3601 in
2209 3564 2295 3602 me
2323 3549 2513 3613 credit,
2539 3548 2631 3603 sed
2663 3549 2714 3602 in
2742 3563 2864 3602 eum
2917 3547 3008 3616 qui
3043 3562 3127 3601 tne
3171 3546 3316 3600 misit
3351 3566 3364 3600 :
3399 3567 3416 3599 ι
3467 3549 3572 3602 nisi
3622 3549 3699 3602 sic

2127 3638 2480 3709 intelligatur,
2510 3639 2603 3709 qui
2634 3639 2686 3691 in
2718 3649 2804 3692 me
2832 3637 3026 3701 credit,
3060 3652 3164 3690 non
3203 3637 3256 3689 in
3288 3637 3388 3690 hoc
3425 3637 3567 3705 quod
3622 3638 3696 3690 vi-

2124 3730 2218 3784 det
2245 3732 2452 3796 credit;
2482 3741 2542 3784 ut
2573 3745 2697 3800 spes
2725 3739 2908 3784 nostra
2946 3745 3050 3782 non
3081 3729 3136 3782 in
3167 3737 3415 3783 creatura
3464 3731 3558 3794 sit,
3603 3730 3699 3785 sed

2129 3819 2184 3872 in
2226 3819 2316 3873 illo
2343 3821 2434 3888 qui
2466 3828 2770 3874 creaturam
2800 3819 3077 3886 suscepit;
3113 3828 3379 3887 quatenus
3435 3835 3598 3872 unum
3641 3835 3702 3875 se

2125 3921 2248 3963 esse
2272 3924 2393 3963 cum
2417 3922 2483 3963 eo
2514 3909 2832 3963 mortalibus
2882 3909 3264 3973 innotesceret,
3325 3916 3487 3976 atque
3533 3910 3598 3962 ad
3643 3925 3701 3964 se

2129 3999 2287 4056 simul
2312 4015 2432 4054 cum
2462 4015 2528 4055 eo
2549 3999 3021 4069 contemplandum
3076 4000 3309 4053 humana
3335 4000 3501 4054 corda
3549 4015 3702 4053 mun-

2127 4094 2312 4147 daret?
2346 4093 2420 4147 Ita
2449 4108 2567 4147 cum
2591 4093 2720 4147 dicit
2752 4111 2764 4146 :
2802 4113 2818 4143 ι
2843 4092 2953 4146 Mea
2977 4094 3218 4147 doctrina
3243 4110 3347 4147 non
3373 4103 3460 4147 est
3493 4108 3609 4148 mea
3637 4113 3693 4160 ,_I

2123 4202 2233 4239 non
2264 4201 2488 4254 parvam
2520 4186 2789 4238 mentibus
2829 4185 3113 4252 caliginem
3153 4193 3393 4254 generat,
3431 4185 3534 4238 nisi
3580 4200 3705 4239 car-

2127 4291 2250 4328 nem
2284 4289 2314 4328 a
2345 4275 2536 4343 Spiritu
2564 4274 2943 4341 dispensativa:
2976 4275 3202 4328 rationis
3232 4272 3365 4328 ordo
3405 4275 3700 4328 discernat.

2130 4363 2245 4417 Non
2269 4362 2412 4416 enim
2440 4363 2576 4416 dixit
2605 4379 2618 4415 :
2649 4361 2751 4415 Ista
2782 4361 3026 4416 doctrina
3057 4377 3162 4416 non
3212 4370 3296 4416 est
3358 4376 3514 4427 mea;
3563 4362 3700 4416 Sed:

2052 4473 2098 4532 ο
2121 4454 2238 4507 Mea
2270 4453 2511 4507 doctrina
2536 4467 2640 4506 non
2670 4463 2753 4506 est
2775 4468 2911 4506 mea.
2947 4452 3119 4518 Qttam
3147 4452 3281 4506 dixit
3326 4467 3498 4516 suam,
3547 4467 3701 4506 eam-

2126 4543 2247 4597 dem
2276 4543 2412 4596 dixit
2439 4558 2544 4596 non
2585 4556 2763 4596 suam.
2815 4541 3095 4607 Quomodo
3136 4556 3267 4595 sane
3317 4542 3458 4595 istud
3509 4557 3695 4595 verum

2123 4639 2228 4692 est,
2262 4629 2364 4683 nisi
2392 4630 2688 4684 secundum
2735 4629 2878 4682 aliud
2935 4644 3086 4682 suam
3145 4627 3357 4689 dixerit,
3409 4629 3700 4682 secundum

2126 4720 2270 4774 aliud
2295 4734 2400 4774 non
2429 4719 2619 4773 suam?
2650 4717 2956 4774 Secundum
2987 4717 3213 4771 formam
3258 4717 3372 4781 Dei,
3403 4732 3587 4776 suam;
3617 4732 3702 4771 se-

2125 4811 2361 4864 cundum
2383 4810 2609 4864 formam
2631 4809 2796 4870 servi,
2827 4822 2932 4862 non
2951 4823 3105 4861 suam
3128 4808 3152 4860 ?
3179 4807 3312 4862 Cum
3345 4808 3487 4860 enim
3521 4807 3652 4861 dicit
3682 4827 3696 4862 :

2126 4915 2234 4954 non
2279 4910 2366 4955 est
2392 4915 2531 4963 mea,
2560 4899 2655 4954 sed
2681 4897 2796 4966 ejus
2820 4899 2914 4966 qui
2933 4898 3079 4952 misit
3108 4913 3212 4962 me,
3255 4897 3323 4950 ad
3371 4898 3543 4966 ipsum
3574 4897 3702 4951 Ver-

2121 4991 2269 5054 bum,
2303 4991 2444 5060 quod
2472 4991 2525 5043 in
2553 5003 2715 5043 carne
2737 4988 2955 5050 latebat,
2986 4996 3183 5040 nostra:
3208 4986 3405 5040 mentis
3447 4986 3700 5039 intuitum

2123 5089 2410 5150 provocat,
2443 5089 2504 5132 ut
2542 5093 2664 5132 eum
2693 5093 2723 5130 a
2758 5078 2919 5130 Patre
2957 5077 3116 5130 simul
3147 5091 3308 5129 unum
3337 5089 3458 5129 esse
3499 5089 3700 5143 cogno-

2121 5178 2262 5224 scat.
2292 5170 2548 5225 Doctrina
2577 5169 2724 5222 enim
2749 5167 2928 5222 Patris
2973 5175 3056 5220 est
3085 5165 3316 5220 Verbum
3347 5165 3523 5218 Patris
3548 5204 3564 5227 ,
3602 5164 3700 5233 qui

2121 5268 2211 5314 est
2233 5259 2424 5313 unicus
2452 5257 2641 5312 Filius.
2669 5257 2820 5324 Quod
2847 5272 2976 5326 ergo
3009 5256 3211 5310 dictum
3237 5264 3320 5309 est
3350 5272 3363 5307 :
3389 5273 3409 5305 ι
3445 5255 3698 5308 Doctrina

2129 5364 2272 5414 mea,
2303 5364 2408 5403 non
2437 5357 2702 5412 estmea;
2741 5367 2759 5400 ο
2811 5347 2889 5402 sic
2922 5345 3324 5414 intelligendum
3379 5353 3482 5409 est,
3533 5359 3602 5398 ac
3650 5344 3702 5398 si

2123 5441 2272 5494 dicat
2298 5454 2430 5510 :ego
2459 5455 2566 5495 non
2591 5454 2710 5494 sum
2736 5454 2766 5492 a
2815 5453 2901 5493 me
2922 5438 3060 5507 ipso,
3087 5437 3180 5491 sed
3234 5436 3303 5490 ab
3354 5435 3444 5489 illo
3481 5436 3572 5505 qui
3611 5451 3702 5490 me

2129 5532 2295 5591 misit;
