4074 6190
332 326 429 380 6-H
824 318 1067 375 OPUSC.
1110 317 1351 373 XXXIX.
1385 347 1452 357 —
1492 315 1767 373 CONTRA
1810 311 2171 369 SEDENTES
2212 306 2541 365 TEMPORE
2581 304 2785 362 DIVINI
2825 302 3089 360 OFFICII.
3471 300 3576 356 643

835 434 995 505 661
1035 431 1263 487 CAPUT
1305 431 1409 485 Vll.
1935 432 1982 491 Α
2011 426 2152 496 quod
2178 425 2243 480 de
2271 422 2430 477 Patre
2454 422 2621 478 Filius
2646 422 2843 477 habeat
2871 431 2931 473 ut
2956 415 3266 471 Paracletus
3312 429 3339 467 a
3372 429 3429 469 se
3453 430 3580 484 pro-

2009 518 2202 581 cedat,
2248 515 2534 569 credamus
2578 512 2741 567 etiam
2786 509 2926 579 quod
2976 506 3208 574 Spiritus
3248 512 3468 559 sanctus
3513 505 3581 559 de

2008 607 2170 661 Patre
2200 604 2455 675 procedat
2486 602 2551 656 ad
2598 596 3084 655 sanctificationem
3129 604 3389 650 nostram.
3426 595 3582 648 Absit

2009 697 2151 752 enim
2174 698 2277 750 hoc
2308 695 2482 750 credi!
2517 708 2583 747 ne
2608 692 2759 761 quasi
2792 689 3077 744 diversitas
3104 687 3365 757 graduum
3394 686 3581 739 videa-

403 765 538 821 Cu'“
570 779 700 834 ergo
730 764 1036 819 “arma”
1062 778 1439 855 δυθηῖζίιηέω
1468 764 1626 817 Simul
1654 779 1775 819 cum
1804 763 1911 817 Pa‘
2011 796 2102 841 tur
2133 786 2186 839 in
2226 784 2455 855 simplici
2476 793 2695 852 ,.atque
2742 775 3267 847 incomprehensibili
3304 775 3584 829 divinitate

334 867 417 910 tre
446 857 615 910 dictat
644 868 765 909 esse
789 870 895 907 non
918 869 1095 918 suam,
1125 853 1218 908 sed
1242 852 1420 908 Patris
1446 868 1567 908 esse
1592 855 1909 923 perhibent;
2010 876 2253 945 disponi,
2290 852 2413 928 αξη,
2454 873 2733 941 scriptura
2780 870 2923 924 diem
2958 887 2971 921 ε
3010 885 3028 918 .
3066 866 3142 921 Ne
3189 865 3447 921 ascendas
3486 877 3584 931 per

332 946 465 1015 quid
490 947 685 1000 mirum
712 946 757 999 si
789 944 1050 1014 Spiritum
1074 954 1319 998 sanetum
1345 944 1489 998 dicat
1513 945 1577 998 de
1603 944 1764 999 Patre
1786 959 1913 1013 pro-
2011 967 2208 1034 gradus
2243 965 2309 1019 ad
2346 964 2517 1017 auare
2551 977 2729 1016 meum
2759 958 2953 1031 (Εποά,
2992 957 3104 1027 χχ),
3138 974 3157 1007 ι

331 1037 549 1098 cedere,
578 1051 608 1088 a
637 1049 746 1104 quo
773 1034 983 1089 scilicet
1015 1034 1247 1089 habebat
1281 1035 1420 1089 idem
1444 1034 1632 1099 Filius,
1662 1043 1721 1089 ut
1747 1037 1909 1090 etiam
2084 1056 2189 1111 sed
2237 1056 2441 1124 absque
2468 1054 2576 1107 una
2606 1052 2940 1107 dubimione
2967 1047 3291 1103 credendum
3320 1052 3404 1100 εει
3440 1043 3585 1113 quod

332 1128 402 1183 de
452 1127 568 1197 ipso
600 1126 960 1196 procederet?
998 1124 1151 1179 Unde
1194 1140 1316 1180 cum
1364 1126 1418 1180 in
1465 1125 1663 1180 Nicazni
1694 1126 1910 1181 concilii

2013 1146 2248 1216 Spiritus
2273 1154 2492 1199 sanctus
2516 1141 2671 1197 simul
2714 1140 2785 1193 ab
2812 1150 3041 1206 utroque
3072 1138 3326 1207 procedat
3350 1151 3365 1199 ;
3397 1150 3585 1203 quam-

333 1217 597 1289 symbolo,
622 1218 766 1286 quod
795 1216 1042 1285 superius
1065 1217 1502 1281 memoravimus,
1526 1216 1765 1285 Spiritus
1786 1232 1910 1272 san-

2012 1236 2093 1288 vis
2123 1235 2225 1288 hoc
2253 1232 2390 1287 Filio
2426 1232 2586 1285 Pater
2609 1230 2837 1292 dederit,
2865 1238 2943 1293 ut,
2965 1225 3412 1296 quemadmodum
3438 1239 3469 1276 a
3502 1238 3585 1286 se,

337 1318 461 1363 ctus
490 1322 595 1362 non
626 1307 945 1375 simpliciter
976 1306 1191 1360 dicatur
1219 1321 1249 1359 a
1278 1304 1439 1360 Patre
1465 1308 1786 1374 procedere,
1815 1308 1910 1362 sed

2013 1324 2085 1378 ita
2125 1295 2473 1377 nihilominus
2516 1329 2569 1372 et
2606 1320 2673 1372 ab
2718 1318 2808 1372 illo
2850 1295 3122 1385 procedat.
3166 1313 3399 1382 Spiritus
3442 1313 3586 1367 enim

335 1397 566 1451 addam"
590 1396 807 1464 ντοβτὶο
836 1413 850 1449 ε
885 1395 945 1449 Εί
972 1395 1025 1449 Ῐιι
1055 1394 1314 1464 Spiritum
1339 1435 1353 1459 ι
1386 1396 1588 1476 ῑιξίιυίι.
1626 1404 1872 1449 sanetum
1894 1434 1912 1459 ν
2012 1421 2231 1465 sanctus
2263 1408 2549 1463 ineli‘abilis
2577 1408 2822 1476 quaedam
2876 1414 2955 1458 est
2985 1404 3159 1457 Patris
3188 1402 3416 1470 Filiique
3442 1415 3589 1455 com-

335 1489 427 1556 qui
460 1489 525 1542 de
552 1487 714 1541 Patre
744 1487 984 1556 procedit
1030 1487 1250 1556 proprie
1277 1501 1292 1540 :
1327 1474 1441 1541 hare
1472 1488 1776 1556 proprietas
1805 1501 1910 1540 non

2014 1501 2197 1553 munio
2220 1515 2233 1563 ;
2263 1508 2427 1566 atque
2450 1497 2571 1553 ideo
2598 1474 2819 1549 ividetur
2846 1495 2948 1547 hoc
2975 1491 3293 1549 vocabulum
3321 1491 3585 1553 obtinere,

337 1579 460 1632 ideo
484 1580 643 1634 datur
678 1578 865 1642 Patri,
912 1587 969 1631 ut
999 1577 1234 1647 Spiritus
1282 1574 1505 1632 sanctus
1541 1578 1607 1633 de
1636 1580 1751 1633 solo
1797 1580 1910 1649 ipso

2014 1590 2137 1658 quia
2168 1587 2315 1641 Patri
2345 1587 2507 1642 simul
2535 1601 2600 1638 ac
2645 1584 2780 1638 Filio
2810 1599 2914 1639 uon
2947 1581 3238 1651 ambigitur
3265 1582 3382 1634 hmo
3410 1578 3593 1648 appel-

335 1669 632 1740 procedat;
659 1670 752 1724 sed
776 1672 901 1738 quia
929 1671 996 1723 ab
1018 1670 1137 1738 ipso
1180 1669 1364 1722 datum
1394 1678 1478 1723 est
1503 1668 1640 1723 Filio
1662 1677 1719 1723 ut
1747 1671 1910 1724 etiam

2015 1678 2145 1732 latio
2172 1678 2478 1732 convenire.
2512 1674 2644 1729 Nam
2674 1675 2776 1728 hoc
2804 1674 2916 1744 ipse
2946 1673 3161 1743 proprie
3190 1671 3417 1735 dicitur,
3446 1668 3593 1739 quod

335 1774 405 1815 ex
446 1760 565 1828 ipso
604 1759 879 1827 procedat.
920 1756 1069 1813 Unde
1113 1766 1167 1812 et
1208 1758 1539 1826 Augustinus
1568 1758 1623 1812 in
1672 1757 1809 1812 libro
1845 1759 1910 1814 de

2012 1769 2086 1822 illi
2117 1767 2473 1823 communiter
2502 1765 2868 1835 appellantur;
2898 1763 3153 1833 quoniam
3179 1770 3234 1817 et
3279 1760 3438 1821 Pater
3468 1759 3590 1828 Spi-

342 1858 531 1904 sancta
559 1848 823 1903 Trinitate
853 1866 867 1902 :
902 1866 921 1899 «
957 1846 1072 1902 Non
1104 1848 1323 1913 frustra,
1355 1849 1550 1919 inquit,
1583 1850 1635 1903 in
1664 1851 1768 1905 hac
1792 1850 1911 1905 Tri-
1941 1846 1984 1856 ’
2019 1858 2155 1913 ritus
2175 1897 2191 1922 ,
2236 1865 2292 1911 et
2318 1855 2487 1910 Filius
2534 1854 2807 1925 Spiritus;
2842 1854 3004 1908 Pater
3042 1860 3293 1917 sanctus,
3324 1860 3380 1906 et
3421 1849 3593 1906 Filius

341 1941 512 1995 nitate
541 1954 645 1994 non
678 1940 878 1994 dicitur
906 1938 1141 1994 Verbum
1171 1939 1297 2007 Dei,
1325 1940 1429 1994 nisi
1456 1940 1657 2005 Filius;
1689 1956 1789 1996 nec
1817 1942 1917 1997 do-
2016 1957 2239 2002 sanctus
2270 1962 2284 2000 :
2312 1956 2369 2004 et
2397 1948 2540 2004 sicut
2564 1945 2780 2013 utrique
2803 1943 2919 2013 ejus
2940 1941 3259 1997 vocabulum
3286 1938 3596 1996 indidemn-

341 2047 471 2086 num
505 2030 623 2095 Dei,
657 2031 761 2085 nisi
792 2030 1026 2100 Spiritus
1053 2039 1314 2095 sanctus;
1348 2045 1450 2086 nec
1480 2034 1546 2086 de
1570 2046 1677 2100 quo
1705 2032 1918 2102 genitus
2018 2048 2101 2114 ter
2135 2038 2407 2110 congruit,
2440 2038 2519 2093 sic
2550 2038 2664 2107 ipse
2689 2034 2849 2093 simul
2879 2034 2949 2089 ab
2974 2042 3205 2103 utroque
3234 2031 3497 2102 procedit.

337 2131 424 2179 est
456 2120 711 2186 Verbum,
747 2130 804 2177 et
831 2121 898 2176 de
924 2136 1032 2191 quo
1075 2120 1317 2189 procedit
1344 2121 1719 2190 principaliter
1742 2120 1916 2191 Spiri-
2085 2126 2375 2183 Possemus
2416 2127 2592 2181 adhuc
2622 2123 2877 2180 nonnulla
2921 2121 3323 2192 Scripturarum
3352 2118 3598 2190 exempla

342 2220 430 2266 tus
459 2200 679 2265 sanc'tus
700 2250 717 2275 ,
749 2210 851 2264 nisi
900 2209 1041 2264 Deus
1071 2208 1250 2264 Pater.
1280 2228 1299 2261 ι
1338 2209 1565 2278 Moxque
1603 2209 1910 2279 subjungit:

2018 2232 2340 2287 congeram,
2371 2233 2472 2272 nec
2515 2215 2849 2287 impossibile
2872 2223 3020 2271 esset
3044 2212 3247 2267 nostris
3269 2209 3600 2282 allegationi-

346 2320 365 2352 ι
400 2302 524 2355 Ideo
555 2301 733 2355 addidi
777 2299 1152 2371 principaliter
1178 2301 1304 2370 quia
1332 2308 1387 2355 et
1413 2303 1479 2355 de
1513 2298 1652 2354 Filio
1685 2302 1920 2371 Spiritus
2019 2309 2120 2363 bus
2152 2308 2400 2379 egregios
2426 2304 2703 2359 catholicae
2736 2304 2856 2358 ﬁdei
2886 2301 3197 2357 defensores
3225 2314 3349 2355 cum
3379 2299 3492 2354 suis
3512 2313 3602 2352 ar-

346 2399 567 2444 sanctus
611 2391 903 2459 procedere
944 2389 1215 2459 reperitur
1255 2408 1266 2442 :
1310 2389 1404 2445 sed
1448 2390 1551 2444 hoc
1592 2403 1806 2459 quoque
1843 2389 1919 2443 illi
2019 2395 2514 2467 gumeutationibus
2543 2393 2837 2457 adhibere;
2879 2393 2997 2457 sed,
3026 2391 3150 2460 quia
3190 2390 3307 2458 lege
3340 2388 3595 2459 prohibe-

346 2482 507 2536 Pater
536 2482 699 2545 dedit.
738 2497 844 2536 non
869 2481 978 2550 iam
1015 2482 1291 2544 existenti.
1327 2491 1382 2536 et
1407 2484 1645 2535 nondum
1676 2480 1918 2545 habenti.
2022 2503 2145 2541 mur
2165 2486 2322 2555 juxta
2356 2485 2528 2539 altare
2557 2483 2793 2538 nemoris
2832 2482 3054 2536 arbusta
3084 2492 3370 2534 conserere
3398 2476 3598 2547 (hdie.

344 2571 438 2625 sed
462 2571 720 2641 quidquid
746 2571 1021 2640 nnigenito
1042 2571 1220 2627 Verbo
1242 2569 1408 2634 dedit,
1431 2570 1697 2641 gignendo
1716 2569 1910 2624 dedit.r

2021 2580 2134 2647 vi),
2172 2577 2424 2631 nolumus
2461 2590 2619 2645 poma
2659 2573 2894 2643 Spiritus
2950 2570 3132 2641 opacis
3190 2568 3415 2639 prolixae
3450 2568 3602 2621 locu-

345 2659 460 2713 Non
491 2675 620 2731 ergo
657 2662 901 2715 turbetur
948 2660 1111 2725 ﬁdes,
1148 2676 1270 2714 cum
1306 2661 1454 2714 audit
1494 2659 1754 2729 Spiritum
1799 2675 1925 2713 sall-
2024 2669 2185 2723 tionis
2216 2667 2355 2721 foliis
2388 2666 2620 2733 oyerire.
2658 2664 2927 2718 Sanctitas
2957 2675 3086 2729 ergo
3112 2670 3231 2721 tua,
3280 2655 3619 2712 venerabilis,

347 2761 493 2804 ctum
526 2753 742 2821 proprie
786 2754 900 2808 sive
929 2753 1297 2824 principaliter
1346 2770 1375 2807 a
1403 2752 1561 2809 Patre
1591 2754 1917 2822 procedere;
2024 2768 2201 2830 pater,
2230 2758 2357 2812 licet
2382 2755 2622 2813 caelestis
2642 2753 2839 2824 eloquii
2868 2751 3062 2822 pabulo
3083 2748 3316 2819 pleniter
3340 2747 3605 2803 ubertim-

347 2842 602 2912 quoniam
646 2844 714 2896 ah
765 2843 854 2900 illo
882 2845 1040 2899 datur
1063 2844 1201 2900 Filio
1236 2853 1293 2899 ut
1319 2845 1387 2899 ab
1436 2846 1553 2913 ipso
1579 2845 1864 2914 procedat,
1893 2859 1925 2900 a
2028 2861 2133 2917 que
2164 2844 2388 2910 refecta,
2421 2854 2599 2901 tamen
2635 2843 2807 2912 magis
2861 2855 2926 2895 ac
2953 2838 3126 2909 magis
3155 2838 3331 2892 adhuc
3362 2834 3609 2890 veritatis

347 2950 456 3003 quo
483 2942 538 2987 et
565 2934 679 3003 ipse
707 2934 965 2990 ineffabili
1014 2946 1177 3004 atque
1208 2936 1737 3005 incomprehensibili
1765 2940 1927 3006 gene-
2029 2938 2295 3003 esuriens,
2322 2951 2429 2992 non
2455 2936 2776 3003 dedignetur
2800 2931 3017 2991 interim
3043 2931 3145 2987 hoc
3168 2925 3481 2997 pauperculi
3512 2926 3610 2979 ho-

349 3025 563 3078 ratione
596 3026 874 3091 procedit;
908 3026 1048 3079 sicut
1085 3027 1196 3095 ipse
1224 3026 1315 3095 qui
1348 3035 1431 3081 est
1457 3025 1635 3080 Patris
1663 3026 1925 3096 sapientia
2028 3030 2191 3084 minis
2228 3026 2462 3098 percine
2485 3024 2840 3097 ientaculum,
2873 3030 3149 3093 gustatura
3178 3017 3518 3089 postmodum
3544 3016 3612 3070 de

348 3130 449 3181 per
480 3113 821 3168 Salomonem
864 3115 993 3169 dicit
1022 3134 1035 3168 :
1075 3134 1092 3166 ι
1123 3116 1234 3185 Ego
1267 3130 1334 3170 ex
1368 3130 1463 3170 ore
1504 3115 1762 3170 Altissimi
1798 3130 1925 3184 pro-
1955 3137 2000 3201 ρ
2031 3118 2280 3173 manibus
2309 3116 2518 3172 Domini
2550 3114 2720 3170 nostri
2750 3127 2922 3201 papa,
2951 3119 3335 3201 tanquamper
3358 3105 3612 3201 Heliseus
3708 3169 3713 3173 g

350 3203 459 3256 divi
493 3200 866 3275 (Eccli.xxtv).
901 3223 920 3256 ι
955 3203 1022 3259 Et
1050 3204 1102 3259 in
1133 3203 1422 3274 Evangelio
1453 3221 1465 3256 :
1505 3222 1523 3254 ‹
1554 3204 1666 3273 Ego
1690 3204 1833 3258 enim
1859 3219 1929 3259 ex
1965 3194 2000 3201 ν
2034 3205 2382 3276 prophetam,
2437 3205 2546 3257 imo
2598 3218 2695 3273 per
2739 3199 3031 3271 angelum,
3080 3196 3345 3267 regalium
3391 3194 3625 3251 delicias,

298 3296 299 3299 “
354 3293 464 3346 Deo
493 3294 755 3361 processi,
780 3302 835 3347 et
862 3294 982 3348 veni
1014 3292 1194 3364 (Joan.
1221 3293 1362 3364 vni).
1394 3312 1412 3345 ι
1440 3292 1572 3347 lllud
1595 3292 1759 3364 663
1785 3308 1925 3362 prc-
2032 3293 2313 3365 epularum
2344 3291 2507 3362 (Dan.
2537 3290 2671 3360 xxv).

355 3393 503 3436 terea
531 3399 872 3453 summopere
915 3384 1213 3441 cavendum
1241 3393 1327 3440 est
1355 3400 1444 3448 ne,
1473 3385 1599 3439 dum
1630 3386 1926 3442 asserimus
2370 3381 2450 3437 Sit
2472 3396 2661 3435 nomen
2684 3377 2900 3433 Domini
2930 3377 3277 3433 benedictum.

332 566 605 635 Quomodo
646 566 856 635 dicatur
892 563 1375 635 Spiritusisanctus
1424 580 1460 635 ᾳ
1503 561 1663 635 Patre
1701 563 1910 633 praprie

645 630 956 703 procedere,
993 635 1045 686 in
1080 630 1300 687 Nicwno
1328 631 1579 703 symbolo.

568 3677 921 3753 63”“
979 3690 1837 3810 OPUSCULUM
1898 3687 2792 3808 TRJCESIMUM
2876 3686 3425 3804 NONUM.

990 3910 1310 3972 CONTRA
1374 3909 1777 3971 SEDENTES
1820 3910 2203 3973 TEMPORE
2251 3906 2510 3971 DIVINI
2564 3906 2885 3970 OFFICII.

1756 4081 2195 4097 ψ..-

364 4182 863 4252 Διξςυιίειετῃνη-
887 4177 1244 4252 Commendat
1275 4178 1670 4252 archiepiscopi
1723 4181 1987 4252 Bisontini
2018 4180 2358 4252 disciplinam
2388 4188 2444 4236 et
2497 4178 2745 4234 ordinem
2792 4176 2988 4252 quibus
3017 4176 3070 4231 in
3115 4191 3212 4232 sua
3242 4176 3482 4252 Ecclesia
3510 4190 3632 4252 rute—

438 4250 617 4304 batur.
652 4249 783 4303 Illud
811 4259 988 4321 autem
1020 4248 1288 4321 praecipue
1326 4246 1510 4321 laudat
1548 4246 1687 4320 quod
1718 4251 1984 4305 tumulum
2014 4251 2116 4305 sibi
2158 4246 2293 4305 ‘vivo
2322 4258 2614 4321 posuerat,
2648 4256 2725 4321 ut_
2753 4246 3299 4321 scilicet__s_upretnum
3336 4250 3630 4321 vitardicnt

439 4334 657 4391 semper
692 4327 816 4391 ante
848 4317 1033 4391 oculos
1062 4320 1303 4391 haberet.
1337 4318 1507 4391 Unum
1542 4317 1719 4374 tamen
1751 4321 2091 4376 correctione
2136 4317 2392 4391 dignum,
2425 4319 2551 4373 dum
2598 4319 2649 4372 in
2682 4319 2798 4388 ejus
2826 4317 3060 4386 hospitio
3096 4325 3272 4391 esset,
3294 4332 3364 4391 se
3393 4318 3591 4391 vidisse
3616 4360 3631 4378 .

447 4390 589 4459 quod
619 4397 742 4459 tum
760 4388 971 4459 clerici,
1003 4396 1113 4459 tum
1143 4388 1177 4441 ii
1216 4388 1308 4457 qui
1336 4389 1507 4443 sacris
1538 4406 1643 4444 non
1699 4399 1827 4445 sunt
1856 4390 2088 4454 initiati,
2121 4388 2247 4443 duin
2279 4390 2465 4444 eadem
2497 4403 2650 4442 sacra
2679 4396 3088 4457 peragerentur,
3118 4388 3185 4441 iis
3211 4388 3465 4444 sedentes
3494 4390 3637 4444 inte-

446 4456 656 4515 resseut
686 4474 701 4512 :
732 4457 785 4511 id
815 4472 921 4512 non
950 4472 1072 4512 esse
1100 4456 1275 4527 neque
1303 4473 1369 4512 ex
1394 4460 1706 4529 praescripta
1732 4459 2015 4529 disciplina
2037 4499 2052 4524 ,
2084 4474 2259 4529 neque
2286 4474 2353 4513 ex
2388 4459 2651 4529 dignitate
2669 4495 2685 4522 ,
2718 4456 2906 4526 aperte
2934 4459 3291 4513 demonstrat.

384 4578 390 4585 ’
448 4591 659 4645 Domno
698 4586 760 4643 V.
802 4587 1239 4642 reverentissimo
1268 4588 1701 4658 archiepiscopo,
1741 4588 1956 4644 Psrnus
1984 4592 2032 4651 ι)
2057 4587 2199 4655 quod
2230 4586 2481 4640 dextrum
2514 4594 2661 4641 tenet
2690 4584 2827 4639 latus
2861 4584 3116 4641 Ecclesiae
3136 4626 3151 4651 ,
3186 4602 3291 4642 non
3326 4591 3518 4655 omisi,
3546 4593 3636 4647 ubi

375 4688 634 4753 peccator
666 4677 961 4733 monachus
990 4678 1326 4733 servitutem.
2054 4678 2315 4732 candidus
2344 4676 2663 4732 clericorum
2692 4686 2904 4730 tuorum
2929 4686 3125 4742 cintus,
3156 4686 3410 4747 tanquam
3440 4682 3641 4737 chorus

893 4787 1120 4844 CAPUT
1159 4788 1447 4845 primum.
2058 4768 2195 4823 nitet
2220 4767 2519 4837 angelicus.
2554 4768 2666 4821 Illic
2694 4768 2839 4821 enim
2868 4767 3014 4822 velut
3049 4768 3103 4822 in
3140 4768 3376 4824 caelestis
3409 4771 3641 4827 Athena:

378 4883 457 4939 De
493 4879 867 4950 archiepiscopi
904 4878 1168 4934 Bisuntini
1199 4881 1617 4962 magniﬁcentia,
1657 4892 1705 4935 et
1744 4882 1961 4937 clerico—
2058 4857 2335 4962 ΒΥΤηθξξξξ
2384 4858 2662 4962 Sacrani?
2712 4854 3115 4962 δεξίΡιυηξθξη
3165 4859 3485 4962 (ῗτυάίωξωτ
3528 4861 3641 4916 θ¹θ⁹

986 4966 1100 5003 rum
1130 4944 1385 5004 auaritia;
1603 4944 1611 4946 ⁷
2055 4946 2202 5016 quiis
2225 4962 2239 5010 ;
2259 4945 2366 5001 illic
2388 4960 2529 5001 verm
2549 4944 2901 5017 philosorihite
2929 4947 3157 5002 solerter
3184 4948 3501 5006 inc-nubunt
3527 4962 3642 5005 stu-

451 5039 571 5095 Non
605 5039 857 5110 ignoras,
899 5039 1227 5095 venerabilis
1264 5048 1440 5110 pater,
1479 5040 1731 5110 quoniam
1771 5040 1898 5095 dum
1928 5056 1960 5095 a
2062 5034 2186 5098 diis,
2211 5048 2436 5104 seseque
2459 5034 2561 5090 sub
2581 5035 2921 5107 regularibus
2944 5047 3200 5093 exercent
3218 5041 3460 5109 quotidie
3482 5041 3645 5095 disci-

383 5140 439 5187 te
468 5137 718 5201 receptus
746 5129 980 5199 hospitio
1011 5130 1116 5183 tuis
1147 5130 1386 5195 interfui,
1420 5131 1498 5185 sic
1522 5130 1702 5186 omnia
1732 5130 1881 5186 velut
1906 5130 1962 5185 in
2064 5123 2247 5193 plinis.
3152 5152 3155 5155 -

383 5219 616 5289 quadam
651 5218 817 5272 animi
849 5218 953 5273 mei
992 5217 1185 5272 tabella
1211 5218 1459 5288 depinxi,
1490 5227 1552 5273 ut
1581 5217 1724 5273 nulla
1764 5219 1833 5275 de
1857 5233 1964 5274 οω-
2138 5212 2249 5270 Nec
2284 5214 2415 5269 illud
2453 5214 2664 5269 excedit
2702 5214 2862 5283 quia,
2902 5223 3101 5283 praeter
3136 5215 3302 5281 istas,
3340 5217 3475 5272 duas
3513 5220 3649 5275 alias

386 5319 505 5365 tero
524 5309 739 5363 valeant
757 5308 1025 5365 oblivione
1042 5307 1433 5363 deleri.'l‘eneo
1451 5308 1659 5365 scilicet
1676 5308 1967 5365 claustrum
2072 5304 2283 5359 noviter
2325 5304 2616 5359 canonicas
2683 5318 2792 5358 uno
2858 5304 3017 5358 simul
3063 5305 3360 5374 eodemque
3408 5316 3650 5377 tempore

390 5408 508 5471 post
539 5400 782 5455 absidam
814 5399 1081 5465 Ecclesiae,
1115 5407 1207 5454 tuo
1233 5400 1492 5454 duntaxat
1521 5400 1825 5456 habitacula
1876 5401 1968 5455 de-
2073 5394 2347 5449 construis
2376 5411 2390 5448 :
2419 5409 2577 5448 uuam
2609 5392 2817 5447 scilicet
2838 5406 2960 5447 cum
2991 5393 3218 5448 ecclesia
3243 5406 3445 5449 sanctae
3471 5396 3651 5452 Mariae

391 5488 653 5552 dicatum,
682 5487 770 5542 ubi
804 5496 914 5541 tam
946 5489 1187 5558 private,
1213 5497 1321 5543 tam
1362 5500 1567 5544 remote
1604 5490 1781 5545 studio
1815 5497 1968 5559 potes
2076 5484 2420 5555 Magdalenre.
2448 5485 2671 5538 alteram
2696 5497 2824 5538 vero
2851 5498 2972 5537 cum
2997 5483 3248 5551 ecclesia,
3275 5486 3318 5541 si
3344 5487 3447 5542 rite
3475 5497 3653 5555 teneo,

392 5577 655 5632 orationis
679 5592 742 5632 ac
772 5577 1016 5632 lectionis
1046 5578 1315 5641 insistere,
1348 5586 1406 5632 ut
1432 5580 1706 5634 eremitica
1732 5579 1967 5634 videaris
2076 5580 2247 5633 sancti
2280 5578 2580 5633 Laurentii.
2612 5578 2824 5632 Etcum
2855 5588 2943 5631 tua
2968 5593 3073 5632 non
3106 5580 3176 5634 sit
3205 5582 3352 5636 dives
3385 5584 3608 5638 ecclesia
3635 5625 3650 5650 ,

396 5666 682 5723 solitudine
721 5679 827 5721 non
866 5681 1043 5736 egere.
1089 5667 1329 5722 Alterum
1376 5683 1590 5739 quoque
1629 5668 1922 5725 claustrum
1949 5712 1963 5736 ,
2074 5674 2271 5725 mirum
2301 5679 2384 5725 est
2418 5669 2649 5740 qualiter
2676 5678 2784 5723 tam
2815 5670 3057 5738 operosis
3092 5680 3310 5741 tamque
3351 5674 3650 5746 magniﬁcis
