4074 6190
451 376 555 431 635

910 369 967 423 S.
1009 366 1209 422 PETRI
1250 360 1528 417 DAMIANI
1567 357 1719 415 OPP.
1760 354 1994 413 TOMUS
2026 353 2156 410 SEU
2190 352 2367 406 PARS
2406 351 2489 405 ιιι.
2520 381 2584 390 -—-
2608 348 2970 405 OPUSCll-LA
3014 347 3240 403 VARIA.

3602 346 3710 399 6-H

430 460 519 546 ‘sit
559 490 763 542 intenta
790 480 1097 542 structuris,
1124 487 1179 531 et
1204 485 1312 529 tam
1342 470 1577 544 profusis
1607 468 1849 539 quotidie
1874 465 2023 522 suili-
2053 478 2103 537 Α
2130 480 2347 537 gressus
2404 463 2689 525 acceleret,
2736 471 3015 516 exoratur.
3071 460 3224 516 Unde
3274 460 3404 515 dicit
3444 458 3530 514 ille
3555 501 3570 525 ,
3614 462 3709 530 qui

452 599 575 638 cere
596 579 767 651 possit
795 572 1099 645 impendiis.

522 638 653 726 Illud
689 638 902 730 autem,
948 663 1140 724 fateor,
1184 659 1314 714 mihi
1349 672 1460 729 prie
1495 653 1747 710 omnibus
1784 638 1987 721 plﬁ‘c‘uit
2009 688 2023 713 ,

455 763 579 832 quia
603 758 907 828 sepulcrum
935 762 1083 806 tuum
1108 749 1236 804 mihi
1267 758 1394 801 tunc
1415 743 1723 807 ostendisti,
1753 758 1781 795 a
1810 749 1860 795 te
1884 739 2031 794 velut

454 829 613 911 hodie
638 845 1057 917 suscipiendum,
1084 839 1489 897 accuratissime
1512 843 1871 906 praeparatum
1899 848 1913 885 :
1940 829 2030 884 ubi

454 956 710 1011 tanquam
742 935 1094 1007 vespillonum
1122 946 1364 995 merces,
1392 928 1541 999 quini
1573 938 1920 997 nummorum
1945 937 2031 977 so-

452 1036 545 1091 lidi
573 1047 667 1104 per
697 1038 933 1101 quatuor
962 1025 1285 1080 altrinsecus
1319 1019 1543 1092 angulos
1579 1018 1634 1072 in
1665 1014 1885 1072 sudario
1909 1021 2035 1068 sunt

452 1124 602 1196 ligati
635 1140 648 1176 :
682 1131 741 1175 ut
778 1121 918 1174 inter
951 1114 1240 1184 exsequias
1286 1112 1489 1166 funeris
1510 1150 1527 1177 ,
1570 1109 1625 1163 in
1660 1107 1778 1177 ipso
1819 1118 2035 1174 quoque

451 1194 675 1289 pietatis
695 1226 858 1282 opere
882 1206 1245 1279 sepultoribus
1268 1204 1371 1258 tuis
1398 1202 1642 1256 videatur
1670 1194 2035 1253 remuneratio

455 1286 564 1362 non
610 1304 832 1369 deesse;
876 1300 931 1354 in
978 1313 1084 1368 quo
1128 1296 1383 1350 nimirum
1429 1290 1755 1363 patriarchae
1801 1286 2037 1341 Abrahae

457 1407 640 1451 tenere
662 1392 862 1449 videris
898 1386 1201 1456 exemplum
1223 1425 1238 1449 ,
1267 1384 1382 1453 qui,
1415 1397 1537 1438 cum
1577 1379 1769 1433 Saram
1812 1389 2036 1430 uxorem

456 1503 608 1544 suam
650 1483 879 1555 sepelire
910 1485 1183 1549 satageret
1223 1473 1375 1545 (Gen.
1409 1470 1590 1541 χχιιι),
1628 1478 1684 1524 et
1718 1481 1905 1523 omnes
1939 1464 2038 1518 lilii

457 1565 588 1634 Seth
611 1554 781 1631 electa
801 1584 1030 1641 qumque
1049 1565 1298 1637 sepulcra
1322 1577 1418 1618 sua
1440 1560 1544 1615 sibi
1567 1558 1737 1629 gratis
1757 1554 2035 1619 offerrent,

455 1666 692 1738 gratuita
718 1658 1063 1729 contempsit,
1093 1656 1160 1710 ab
1188 1654 1407 1723 Ephron
1433 1650 1544 1705 tilio
1569 1650 1706 1704 Seor
1728 1645 2037 1717 speluncam

458 1734 726 1827 duplicem
769 1748 1124 1819 comparavit.
1160 1744 1296 1799 Nam
1341 1750 1397 1796 et
1432 1741 1484 1795 in
1534 1740 1652 1809 ipso
1685 1734 2039 1807 quaternario

454 1859 681 1903 numero
711 1838 1102 1913 quodammodo
1131 1834 1375 1892 cerneris
1406 1831 1524 1900 ejus
1562 1830 1807 1885 imitatus
1832 1840 2033 1898 .exem-

455 1940 637 2013 plum;
663 1935 804 1991 sicut
823 1933 968 1987 enim
989 1924 1397 1999 quadringentis
1418 1921 1563 1978 siclis
1584 1919 1791 1991 argenti
1813 1914 2041 1972 redemit

455 2005 549 2086 ille
586 2026 897 2099 speluncam
919 2061 934 2086 ,
974 2020 1054 2075 sic
1086 2027 1141 2074 et
1162 2018 1236 2087 :tu
1276 2012 1554 2085 quaternis
1583 2010 1821 2081 quinque
1851 2005 2039 2063 solidis

458 2118 639 2187 aliquo
669 2113 829 2169 modo
857 2108 1059 2165 videris
1084 2120 1268 2161 emere
1296 2102 1644 2173 sepulturam.

529 2183 631 2261 llic
666 2202 961 2259 notandum
1006 2212 1167 2267 quam
1215 2192 1532 2250 detestanda
1571 2191 1641 2245 sit
1671 2186 1899 2242 avaritia
1928 2183 2036 2240 cle-

458 2298 698 2355 ricorum
765 2291 858 2362 qui
923 2290 990 2345 de
1048 2285 1344 2358 sepulturis
1390 2280 1646 2338 Ecclesia:
1698 2276 2039 2333 commodum

458 2394 709 2462 sperant,
741 2399 865 2441 cum
898 2383 1001 2437 hoc
1042 2380 1207 2433 etiam
1248 2378 1558 2446 ignorantes
1599 2371 1768 2425 Deum
1815 2365 2042 2438 gentiles

460 2457 809 2537 abhorreant.
845 2473 928 2527 llli
960 2478 1235 2541 respuunt-
1267 2465 1580 2537 pecuniam,
1617 2476 1740 2516 cum
1774 2457 2037 2521 offertur;

460 2572 549 2629 isti
598 2569 940 2638 impudenter
984 2561 1246 2631 exigunt,
1295 2558 1461 2613 etiam
1508 2568 1631 2608 cum
1677 2557 1923 2619 negatur.
1964 2544 2042 2599 Illi

462 2635 870 2720 contemnentes
897 2651 1131 2709 Ahrahaa
1159 2648 1413 2720 pretium,
1455 2645 1640 2700 dicunt
1667 2657 1683 2696 ε
1722 2658 1740 2691 i
1771 2639 1828 2693 In
1855 2635 2043 2692 electis

460 2747 754 2822 sepultnris
791 2742 994 2799 nostris
1032 2737 1197 2808 sepeli
1230 2744 1498 2790 mortuum
1527 2741 1675 2785 tuum
1702 2769 1718 2797 ,
1758 2726 2045 2794 nullusque

460 2815 743 2907 te'poterit
765 2829 1084 2902 prohibere;
1106 2845 1125 2877 ι
1152 2826 1239 2879 isti
1269 2822 1547 2894 gentilium
1572 2830 1832 2888 suppares
1854 2815 2039 2868 aiunt:

468 2949 489 2981 ι
520 2901 775 2998 Ᾰρρειιόθ
818 2918 1134 2992 pecuniam,
1175 2923 1231 2969 et
1263 2911 1475 2982 suscipe
1520 2901 2042 2998 sepulturam-(Gen.

462 2992 647 3087 xxiii}.
679 3033 698 3067 ι
733 3011 815 3066 Tu
843 3018 1047 3072 autem,
1085 3001 1407 3060 venerabilis
1434 3008 1603 3070 pater,
1652 2995 1880 3065 sapienti
1912 2992 2042 3047 mihi

462 3084 665 3160 videris
694 3116 825 3159 usus
853 3114 974 3154 esse
1002 3095 1260 3158 consilio,
1289 3107 1412 3147 cum
1451 3089 1783 3159 sepulturam
1817 3086 1914 3141 tibi
1950 3084 2046 3139 ad-

379 3261 389 3269 _
462 3197 570 3253 huc
595 3196 784 3251 vivens
804 3200 860 3246 et
883 3188 1065 3244 valens
1116 3186 1230 3241 fieri
1259 3183 1568 3239 decrevisti.
1597 3180 1733 3235 Nam
1756 3178 1801 3234 si
1830 3176 2044 3249 quando

464 3289 741 3361 deceptrix
776 3290 893 3343 haec
927 3285 1038 3339 vita
1069 3281 1365 3345 blanditur,
1400 3279 1447 3333 si
1478 3277 1618 3333 forte
1648 3290 1801 3330 mens
1834 3274 2039 3330 lenoci-

464 3391 630 3438 nante
671 3378 886 3449 fastigio
924 3374 1212 3444 cujuslibet
1257 3371 1539 3442 dignitatis
1579 3367 1877 3434 extollitur,
1918 3382 2042 3421 mox

466 3482 526 3526 ut
552 3470 618 3525 ad
643 3474 1047 3537 exspectantem
1076 3476 1136 3518 se
1167 3461 1328 3514 talem
1357 3460 1574 3515 domum
1604 3458 1727 3527 quis
1753 3454 1936 3512 oculos
1964 3455 2045 3509 di-

465 3566 615 3636 rigit,
644 3562 921 3634 pulverem
960 3575 1040 3625 se,
1072 3558 1211 3612 sicut
1238 3564 1340 3617 est,
1367 3554 1715 3620 cineremque
1741 3547 2041 3619 perpendit.

468 3653 607 3708 Hinc
633 3660 727 3706 est
756 3649 900 3720 quod
929 3662 1024 3718 per
1054 3645 1397 3701 Salomonem
1427 3641 1628 3696 dicitur
1659 3653 1673 3693 :
1712 3656 1731 3689 ι
1769 3637 1908 3705 Quid
1955 3651 2048 3691 ne-

469 3758 624 3799 cesse
656 3750 740 3797 est
772 3740 977 3796 homini
1020 3736 1224 3805 majora
1256 3750 1315 3790 se
1356 3746 1633 3804 quaerere,
1671 3744 1794 3782 cum
1840 3728 2077 3801 ignoret,‘

473 3833 601 3903 quid
631 3832 897 3887 conducat
922 3828 1023 3884 sibi
1050 3827 1103 3881 in
1132 3827 1242 3880 vita
1269 3838 1388 3888 sua,
1414 3834 1639 3876 numero
1658 3818 1868 3872 dierum
1894 3832 2051 3888 pere-

469 3921 795 3994 grinationis
823 3934 954 3984 suae,
987 3926 1043 3972 et
1076 3916 1329 3985 temporis
1361 3914 1502 3983 quod
1532 3911 1677 3966 velut
1702 3910 1890 3965 umbra
1913 3924 2049 3979 pra:-

470 4012 633 4069 terit?
660 4030 680 4064 ι
724 4009 920 4082 (Ecclc.
952 4006 1073 4079 vn.)
1102 4004 1263 4078 665
1299 4004 1408 4059 Nec
1455 4003 1623 4057 illices
1681 4000 2047 4055 titillationum

469 4113 651 4161 motus
691 4100 983 4173 pmvalent
1012 4112 1206 4153 carnes
1235 4096 1288 4149 in
1319 4094 1546 4149 luxuria:
1570 4090 1714 4147 fluxa
1738 4092 2008 4147 resolvere
2031 4130 2046 4155 ,

469 4194 600 4251 dum
625 4206 778 4246 mens
807 4190 1018 4258 cogitur
1047 4184 1404 4240 scaturiemes
1444 4197 1657 4236 vermes
1691 4196 1755 4235 ac
1778 4180 2053 4249 proﬂuen-

470 4288 677 4338 tem‘ex
720 4278 924 4334 eisdem
970 4274 1221 4330 carnibus
1248 4273 1455 4326 saniem
1505 4271 1765 4341 cogitare.
1810 4269 1962 4324 Unde
1997 4275 2052 4322 et

474 4375 617 4429 idem
645 4370 899 4424 Salomon
927 4386 939 4419 :
975 4385 993 4417 ι
1032 4365 1220 4419 Melius
1246 4372 1363 4426 est,
1398 4361 1592 4430 inquit,
1626 4361 1704 4414 ire
1732 4360 1799 4414 ad
1834 4361 2050 4415 domum

478 4466 653 4519 luctus
681 4500 696 4523 ,
743 4474 905 4529 quam
935 4458 1002 4511 ad
1052 4457 1270 4511 domum
1300 4453 1529 4507 convivii
1562 4450 1775 4521 (lbid.).
1804 4469 1823 4503 ι
1859 4450 1915 4503 In
1961 4450 2049 4505 illa

475 4555 621 4611 enim
645 4552 766 4605 ﬁnis
792 4558 1110 4604 cunctorum
1132 4545 1456 4599 admouetur
1480 4542 1841 4608 hominum,et
1866 4541 2051 4596 vivens

476 4645 675 4715 cogitat
704 4642 831 4711 quid
860 4637 1098 4693 futurum
1134 4636 1224 4690 sit.

552 4738 657 4794 Sed
706 4737 740 4791 ii
797 4734 887 4803 qui
951 4733 1186 4788 radicem
1238 4729 1418 4785 cordis
1467 4730 1518 4784 in
1575 4742 1801 4782 arenosa
1867 4734 2052 4781 tenent

479 4829 636 4900 hujus
663 4825 842 4883 saeculi
873 4823 1231 4879 delectatione
1258 4820 1580 4891 plantatam,
1609 4819 1654 4874 si
1684 4818 1783 4873 sibi
1820 4817 2052 4871 mundus

478 4919 719 4980 arridet,
776 4916 820 4971 si
868 4914 1183 4985 jucunditas
1236 4926 1329 4966 eos
1402 4910 1583 4965 suavis
1635 4923 1699 4962 ac
1766 4905 2049 4976 tranquilla

480 5009 769 5073 demulcet,
810 5015 1064 5074 tanquam
1106 5003 1176 5057 fel
1220 5002 1301 5056 vel
1344 5000 1676 5056 absinthium
1734 4998 2046 5051 memoriam

478 5098 665 5173 procul
714 5096 876 5151 dubio
923 5095 1114 5149 mortis
1163 5092 1476 5146 abhorrent.
1532 5088 1681 5145 Unde
1717 5089 1799 5141 vir
1841 5088 2055 5157 sapiens

478 5190 601 5245 ait:
639 5206 657 5240 ι
714 5184 760 5241 0
810 5199 957 5238 mors
990 5222 1006 5247 ,
1053 5196 1213 5252 quam
1268 5194 1455 5234 amara
1502 5187 1588 5233 est
1647 5178 1906 5231 memoria
1961 5186 2054 5228 tua

482 5279 687 5338 homini
738 5291 927 5348 pacem
984 5272 1207 5328 habenti
1256 5272 1308 5324 in
1362 5269 1680 5324 substantiis
1729 5267 1841 5322 suis
1872 5306 1887 5331 ,
1940 5267 2055 5320 viro

482 5373 685 5441 quieto,
712 5378 767 5425 et
795 5367 882 5423 cui
914 5365 1136 5435 justitia:
1164 5363 1384 5418 directae
1410 5370 1540 5415 sunt
1566 5361 1619 5414 in
1665 5359 1914 5415 omnibus
1940 5397 1955 5421 ,
1999 5365 2056 5411 et

482 5464 659 5517 adhuc
695 5458 889 5513 valenti
936 5469 1133 5526 capere
1164 5452 1375 5507 cibum!
1412 5471 1429 5502 ι
1465 5448 1655 5519 (Eccli.
1706 5447 1840 5518 xu.)
1887 5447 1958 5501 At
2009 5447 2056 5500 si

485 5565 643 5620 quem
690 5549 922 5603 tzcdiosa‘.
952 5543 1276 5600 calamitatis
1313 5539 1665 5594 infortunium
1712 5545 2052 5607 praegravat,

485 5639 530 5692 si
612 5636 835 5707 languor
920 5635 1167 5690 assiduus
1234 5630 1318 5686 vel
1386 5630 1563 5699 inopia
1630 5629 1703 5682 rei
1773 5627 2054 5681 familiaris

485 5737 757 5799 argustat,
787 5727 859 5781 illi
886 5740 1032 5781 mors
1058 5724 1228 5781 dulcis
1258 5721 1528 5787 efficitur;
1557 5731 1716 5799 atque
1746 5727 1803 5773 ut
1837 5718 2050 5774 volaces

2131 570 2294 625 supra
2333 570 2347 607 :
2385 573 2402 605 ι
2440 553 2483 608 Ο
2515 568 2681 614 mors,
2714 553 2912 607 bonum
2935 550 3301 618 estjudicium
3333 560 3481 603 tuum
3503 550 3709 605 homini

2131 645 2433 715 indigenti,
2479 653 2533 698 et
2570 641 3007 713 qui,minoratur
3055 641 3260 695 viribus
3299 639 3507 694 defecta
3546 650 3712 696 ictae

2131 736 2342 805 (Ibid.).
2374 754 2393 785 ι
2428 734 2561 789 Cum
2610 730 2851 802 profecto
2911 731 3072 785 finem
3122 746 3279 785 suum
3318 732 3479 784 homo
3508 745 3710 799 nequa—

2132 842 2293 897 quam
2332 840 2431 895 pro
2454 824 2805 877 varietatibus
2834 822 2992 891 hujus
3021 821 3144 875 vitae
3175 821 3371 875 debeat
3392 821 3711 890 perhorres—

2133 931 2258 971 cere
2288 913 2374 968 vel
2403 921 2593 983 0ptare
2612 951 2627 978 ,
2654 910 2748 965 sed
2794 911 2863 964 ad
2892 911 2996 963 hoc
3027 920 3235 962 tantum
3267 910 3311 963 si
3346 910 3425 961 vel
3479 910 3709 978 propria:

2132 1007 2219 1062 vel
2258 1004 2513 1060 fraterna:
2557 1002 2717 1056 saluti
2773 1001 3126 1072 perpenditur
3167 1001 3355 1054 eadem
3412 1016 3561 1054 mors
3628 1000 3713 1054 vel

2132 1096 2246 1150 vita
2274 1094 2552 1164 prodesse.
2587 1092 2739 1159 Quod
2784 1091 2838 1145 in
2886 1105 2948 1145 se
2986 1089 3225 1145 declarat
3255 1089 3342 1143 ille
3392 1091 3483 1158 qui
3524 1090 3657 1145 dicit
3693 1108 3708 1143 :

2142 1206 2160 1237 σ
2216 1186 2477 1240 Coarctor
2522 1193 2705 1237 autem
2742 1198 2774 1235 e
2821 1182 3032 1237 duobus
3066 1220 3080 1245 ,
3125 1180 3450 1235 desiderium
3508 1182 3713 1237 habens

2135 1272 2356 1329 dissolvi
2384 1284 2441 1327 et
2478 1286 2600 1326 esse
2636 1284 2759 1325 cum
2788 1268 3043 1334 Christo,
3086 1268 3256 1322 multo
3280 1270 3452 1339 magis
3478 1271 3711 1337 melius;

2135 1376 2458 1433 permanere
2487 1370 2665 1415 autem
2693 1359 2745 1413 in
2776 1372 2940 1413 carne
2969 1359 3335 1413 necessarium
3382 1368 3466 1413 est
3495 1369 3717 1429 propter

2134 1468 2234 1509 vos
2267 1450 2524 1523 (Philipp.
2558 1451 2619 1521 ι).
2673 1469 2693 1503 ι
2751 1449 2888 1504 Hinc
2922 1458 2977 1504 et
3023 1450 3214 1504 beatus
3264 1449 3461 1505 Petrus
3506 1452 3716 1507 audito-

2138 1544 2289 1599 ribus
2317 1542 2431 1597 suis
2457 1540 2636 1595 aiebat
2673 1554 2688 1592 :
2726 1557 2745 1590 ι
2771 1537 2984 1593 Justum
3015 1540 3253 1593 arbitror
3274 1579 3291 1605 ,
3320 1539 3560 1608 quandiu
3595 1556 3715 1594 sum

2142 1633 2196 1688 in
2221 1632 2324 1687 hoc
2346 1629 2719 1695 tabernaculo,
2742 1630 3008 1684 suscitare
3030 1643 3124 1683 vos
3147 1629 3199 1682 in
3221 1631 3718 1685 commonitionem.

2136 1716 2330 1782 Certus
2358 1724 2504 1779 enim
2536 1737 2655 1775 sum
2712 1721 2856 1790 quod
2899 1720 3054 1774 velox
3098 1728 3183 1775 est
3224 1722 3489 1789 depositio
3540 1721 3719 1775 taber-

2139 1814 2317 1870 naculi
2362 1812 2563 1879 mei(ll
2580 1811 2725 1867 Patr.
2764 1813 2827 1882 I).
2864 1831 2882 1863 ι
2918 1811 2976 1865 1η
3002 1811 3182 1865 verbis
3208 1811 3365 1880 plane
3399 1813 3511 1866 suis
3548 1813 3721 1865 bonus

2140 1914 2325 1976 pastor
2372 1903 2616 1960 ostendit
2650 1902 2777 1972 quia
2832 1916 2938 1955 non
2999 1902 3143 1967 sibi,
3196 1903 3290 1956 sed
3339 1901 3619 1971 discipulis
3666 1910 3724 1955 et

2139 1996 2322 2051 vivere
2367 1995 2580 2050 volebat
2628 2003 2687 2048 et
2748 1993 2906 2049 mori.
2957 1992 3091 2046 Nam
3146 1992 3307 2062 paulo
3355 2001 3475 2061 post
3518 1992 3653 2049 dicit
3705 2008 3720 2047 :

2147 2104 2165 2138 ι
2205 2086 2351 2139 Dabo
2402 2093 2586 2138 autem
2629 2097 2852 2153 operam
2907 2091 2966 2136 et
3014 2082 3329 2149 frequenter
3382 2081 3580 2137 habere
3628 2097 3723 2136 vos

2141 2183 2262 2244 post
2284 2174 2491 2229 obitum
2542 2188 2745 2238 meum,
2779 2181 2841 2227 ut
2867 2172 3057 2226 horum
3091 2172 3407 2225 memoriam
3438 2170 3666 2227 faciatis.
3702 2191 3721 2225 ι

2140 2267 2325 2323 Placet
2380 2267 2564 2335 itaque
2604 2266 2733 2320 mihi
2771 2265 3042 2334 sepultura
3081 2274 3200 2328 tua,
3240 2280 3401 2333 quam
3455 2265 3547 2318 tibi
3582 2265 3729 2319 velut

2142 2356 2419 2413 memoria:
2459 2357 2674 2427 signum
2718 2362 2848 2410 ante
2868 2354 3054 2409 oculos
3081 2354 3339 2425 posuisti;
3373 2363 3450 2420 ut,
3479 2356 3605 2409 dum
3638 2355 3725 2409 illa

2141 2449 2513 2518 conspicitur,
2567 2447 2809 2503 ﬂorentis
2863 2447 3002 2501 male
3054 2446 3211 2515 hujus
3252 2447 3378 2502 vitae
3430 2448 3525 2501 tibi
3578 2448 3728 2501 viror

2142 2548 2392 2603 arescat,
2426 2555 2489 2595 ac
2520 2541 2588 2594 de
2618 2540 2814 2595 futuris
2845 2540 3085 2609 cogitare
3127 2555 3278 2595 mens
3321 2540 3373 2593 in
3416 2554 3473 2594 se
3501 2541 3727 2594 collecta

2143 2638 2373 2693 solerter
2413 2638 2655 2706 incipiat.
2689 2636 2806 2702 Quo
2845 2635 3051 2690 scilicet
3080 2646 3367 2705 postquam
3415 2637 3575 2689 homo
3606 2651 3731 2703 per-

2142 2731 2355 2785 venerit
2384 2770 2399 2794 ,
2448 2729 2576 2783 illud
2628 2728 2817 2799 procul
2863 2728 3026 2783 dubio
3082 2727 3286 2781 invenit
3330 2727 3470 2795 quod
3518 2734 3734 2780 mutare

2143 2821 2451 2876 nullatenus
2506 2820 2695 2890 possit.
2757 2819 2907 2874 Unde
2965 2827 3020 2874 et
3096 2818 3353 2873 salomon
3419 2818 3677 2872 admonet
3710 2858 3726 2879 .

2144 2912 2373 2966 dicens:
2414 2930 2432 2962 ε
2468 2910 2696 2980 Semper
2737 2925 3045 2966 memorare
3084 2911 3378 2965 novissima
3426 2918 3515 2963 tua
3543 2948 3559 2973 ,
3591 2916 3646 2963 et
3676 2909 3729 2961 in

2143 3008 2405 3055 aeternum
2432 3014 2537 3054 non
2559 3000 2811 3069 peccabis
2840 2999 3031 3070 (Eccli'.
3065 2998 3184 3070 vn).
3226 3017 3245 3051 ι

2759 3107 2988 3165 CAPUT
3026 3108 3088 3162 ll.

2073 3215 2116 3277 C
2150 3215 2303 3282 Quod
2329 3215 2566 3283 clericos,
2599 3216 2725 3269 dum
2748 3215 2925 3268 divina
2946 3214 3274 3268 celebrantur
3301 3212 3503 3283 ofﬁcia,
3529 3212 3730 3277 sedere,

2614 3302 2775 3355 prava
2798 3284 3118 3338 consuetudo
3146 3293 3243 3337 est.

2218 3375 2396 3431 Unum
2447 3385 2707 3447 praeterea
2758 3375 2991 3443 torporis
3038 3389 3104 3429 ac
3159 3373 3375 3429 desidiae
3419 3373 3625 3444 signum
3674 3372 3731 3425 in

2148 3468 2378 3525 ecclesia
2408 3478 2497 3522 tua
2529 3467 2659 3531 vidi,
2708 3468 2851 3535 quod
2897 3475 2951 3520 et
2996 3473 3143 3530 tunc,
3190 3475 3346 3535 prout
3376 3462 3734 3532 eXpeditionis

2149 3560 2388 3615 dictabat
2419 3559 2576 3623 hora,
2620 3555 2897 3626 corripui,
2932 3563 2986 3611 et
3036 3570 3179 3609 nunc
3215 3554 3459 3623 apicibus
3515 3551 3733 3607 tradere

2150 3664 2258 3704 non
2297 3645 2624 3718 superﬂuum
2651 3648 2810 3701 duco.
2853 3644 3108 3712 Plerique
3137 3644 3403 3712 siquidem
3449 3641 3521 3715 ibi
3568 3641 3734 3696 cleri-

2148 3756 2337 3795 eorum
2368 3740 2611 3795 resident
2641 3778 2655 3804 ,
2681 3740 2807 3793 dum
2845 3736 2934 3791 vel
2971 3737 3232 3791 canonica
3281 3736 3535 3789 horarum
3582 3733 3729 3788 cele-

2150 3832 2379 3886 brantur
2402 3829 2601 3895 ofﬁcia,
2637 3829 2724 3885 vel
2766 3829 2929 3883 etiam
2958 3828 3071 3896 ipsa
3113 3828 3403 3882 missarum
3433 3825 3732 3880 offeruntur

2153 3920 2415 3976 terribilia
2463 3926 2825 3974 sacramenta.
2858 3916 3022 3985 Cujus
3059 3916 3290 3985 torporis
3319 3916 3586 3983 ignaviam
3632 3928 3732 3982 per

2149 4010 2442 4067 Galliarum
2482 4018 2662 4078 partes
2691 4006 2964 4061 nonnullis
3022 4006 3199 4059 inesse
3242 4005 3403 4059 etiam
3447 4004 3731 4057 monachis

2151 4098 2478 4170 deprehendi
2542 4115 2554 4151 :
2605 4096 2751 4166 quod
2803 4094 3045 4163 profecto
3092 4108 3271 4163 pravae
3324 4090 3731 4147 consuetudinis

2150 4191 2341 4243 vitium
2363 4198 2418 4243 et
2442 4186 2785 4242 correctione
2808 4184 3047 4252 dignum,
3071 4191 3126 4236 et
3152 4182 3218 4236 de
3244 4180 3421 4236 stadio
3452 4178 3731 4232 inilitantis

2149 4280 2314 4351 666
2331 4277 2598 4339 Ecclesiae,
2624 4277 2677 4331 in
2696 4277 2781 4330 his
2802 4290 2919 4345 qum
2940 4273 3232 4329 incolumes
3250 4281 3396 4335 sunt,
3410 4282 3618 4326 constat
3639 4284 3737 4339 pe—

2151 4371 2297 4424 nitus
2326 4367 2673 4423 eradendum.
2693 4367 2768 4421 De
2793 4381 2897 4435 qua
2922 4365 3130 4419 scilicet
3153 4364 3203 4417 in
3228 4363 3464 4418 Cauticis
3494 4362 3687 4431 legitur
3712 4379 3727 4413 :

2158 4480 2176 4513 ι
2208 4460 2347 4526 Quid
2377 4459 2585 4513 videbis
2619 4458 2673 4512 in
2726 4457 3013 4522 Sulamite,
3040 4457 3143 4511 nisi
3167 4456 3363 4510 choros
3386 4460 3687 4507 castrorum
3707 4452 3733 4503 τ

2078 4590 2127 4648 D
2154 4550 2332 4621 (Cant.
2378 4549 2473 4621 vn)
2516 4567 2535 4600 ι
2573 4548 2635 4602 Et
2668 4549 2862 4602 iterum
2895 4564 2909 4601 :
2944 4565 2963 4597 ι
3000 4546 3153 4601 Sicut
3202 4544 3366 4599 turris
3410 4542 3574 4597 David
3614 4541 3728 4596 col-

2156 4640 2266 4693 lum
2318 4649 2509 4703 tuum,
2558 4652 2679 4706 qua:
2715 4636 2977 4690 aedificata
3022 4643 3104 4688 est
3143 4647 3268 4689 cum
3313 4628 3732 4702 propugnaculis

2155 4729 2298 4794 suis;
2340 4726 2483 4782 mille
2524 4727 2695 4797 clypei
2742 4725 2976 4794 pendent
3004 4739 3068 4778 ex
3108 4737 3208 4787 ea,
3238 4720 3418 4776 omnis
3457 4728 3731 4772 armatura

2155 4817 2374 4873 fortium
2411 4814 2586 4887 (Cant.
2630 4814 2726 4881 iv).
2756 4832 2774 4864 ι

2225 4906 2357 4959 Nam
2404 4921 2525 4960 cum
2578 4904 2776 4973 ubique
2814 4903 2967 4957 nobis
3005 4904 3267 4956 adversus
3297 4899 3545 4969 nequitia:
3572 4898 3730 4968 spiri-

2156 5006 2241 5051 tus
2286 4996 2565 5049 immineat
2611 4992 2983 5047 infmderabile
3019 4992 3216 5047 bellum
3250 5032 3266 5058 ,
3308 4992 3605 5048 ferventius
3650 4991 3730 5044 in-

2151 5088 2296 5158 gruit
2327 5088 2379 5140 in
2417 5085 2777 5140 modulatione
2816 5084 3146 5153 psalmorum
3171 5100 3187 5149 ;
3217 5093 3274 5139 et
3314 5098 3437 5138 cum
3465 5094 3685 5135 oramus
3712 5119 3727 5142 ,

2159 5189 2287 5232 tunc
2321 5175 2466 5229 velut
2493 5174 2546 5228 in
2577 5174 2694 5228 acie
2734 5184 2920 5227 contra
2952 5172 3312 5241 malignorum
3352 5170 3586 5225 hostium
3614 5178 3734 5221 ten-

2158 5274 2393 5321 tamenta
2448 5262 2822 5333 conﬂigimus,
2870 5272 2929 5315 ut
2959 5262 3116 5317 nobis
3156 5262 3377 5316 omnino
3411 5272 3633 5313 necesse
3662 5257 3737 5311 sit

2158 5367 2253 5410 aut
2275 5354 2652 5424 superantibus
2680 5352 2953 5407 enerviter
2983 5350 3198 5415 cedere,
3238 5361 3332 5404 aut
3358 5349 3735 5405 corruentibus

2160 5445 2213 5499 in
2245 5444 2471 5499 Domino
2515 5441 2873 5511 plausibiliter
2903 5440 3182 5495 insultare.
3212 5441 3312 5505 Qui
3348 5454 3469 5493 cum
3505 5451 3734 5506 corpora

2158 5546 2341 5592 nostra
2375 5534 2612 5590 marcida
2649 5535 2888 5588 sessione
2926 5533 3358 5603 contemplantur
3396 5532 3692 5586 hebescere
3715 5569 3731 5593 ,

2156 5627 2222 5680 de
2261 5626 2412 5679 ruina
2442 5638 2658 5693 quoque
2696 5623 2967 5677 interioris
2997 5624 3228 5678 hominis
3262 5622 3406 5677 illico
3429 5629 3649 5689 Sperant
3675 5635 3739 5674 se

2155 5714 2438 5771 victoriam
2484 5713 2753 5769 oblinere.
2792 5713 2865 5767 De
2891 5713 3086 5782 quibus
3128 5726 3225 5780 per
3255 5710 3448 5766 Isaiam
3479 5711 3679 5764 dicitur
3714 5724 3733 5763 :
