4074 6190
439 331 541 387 615

939 324 1184 382 OPUSC.
1224 324 1467 381 XXXIX.
1496 355 1566 367 —
1599 324 1880 384 CONTRA
1921 325 2279 384 SEDENTES
2321 327 2648 385 TEMPORE
2689 329 2894 387 DlVlNl
2935 328 3200 387 OFFlCll.

3596 334 3703 393 646

445 460 463 494 t
501 441 700 495 Ponam
739 435 885 491 illum
928 435 980 489 in
1016 451 1177 489 manu
1218 451 1406 490 eorum
1465 435 1555 505 qui
1603 443 1654 491 te
1700 436 2016 490 humiliave-
2049 451 2092 509 Α
2121 436 2190 491 Et
2241 452 2362 491 cum
2426 438 2812 496 ecclesiasticis
2881 440 2986 496 illis
3045 441 3243 498 officiis
3295 444 3400 500 rite
3451 447 3707 509 credatur

440 542 587 595 runt,
619 539 674 584 et
704 529 960 584 dixerunt
988 527 1182 580 anima:
1222 535 1364 581 ture:
1393 526 1713 592 lncurvare,
1745 536 1802 581 ut
1840 536 2018 581 trans-

438 635 626 676 eamus
655 618 811 689 (lsai.
842 618 939 687 LI).
978 635 996 667 ι
1032 616 1158 680 Ubi,
1186 625 1310 686 post
1335 617 1762 672 incurvationem
1801 617 2016 682 anim-.e,

438 712 603 767 etiam
653 712 720 763 de
752 707 1000 777 corporis
1042 707 1419 762 incurvatione
1461 708 1712 776 protinus
1753 707 1968 761 additur
2001 723 2016 762 :

444 821 462 853 t
496 802 563 856 Et
593 797 821 870 posuisti
854 805 913 851 ut
947 805 1145 852 terram
1176 812 1374 866 corpus
1401 805 1572 859 tuum,
1605 806 1661 851 et
1687 798 1840 865 quasi
1877 797 2018 850 viam

443 893 866 950 transeuntibus.
928 910 948 943 ι
1019 889 1259 959 Utraque
1329 889 1586 943 nimirum
1655 889 1956 944 substantia
2001 928 2016 953 ,

439 984 619 1040 anima
655 981 861 1038 scilicet
905 988 962 1035 et
990 993 1206 1048 corpus,
1239 979 1294 1033 in
1341 978 1499 1033 nobis
1547 978 1627 1033 sic
1675 979 1836 1033 unita:
1871 987 2017 1045 sunt,

439 1087 498 1132 ut
537 1076 854 1146 plerumque
895 1088 1003 1127 una
1052 1071 1280 1127 solerter
1325 1079 1554 1142 agente,
1585 1071 1764 1142 vigeat
1815 1070 2019 1134 altera;

442 1179 496 1224 et
523 1169 650 1224 dum
675 1168 790 1221 hinc
818 1165 1054 1220 resoluta
1083 1164 1417 1234 negligenter
1441 1163 1666 1230 oscitat,
1692 1161 1780 1216 illa
1810 1176 2022 1230 quoque

439 1255 785 1313 dormitantis
813 1254 1042 1326 ignavia:
1073 1253 1330 1322 languore
1361 1260 1648 1321 torpescat.
1679 1249 1844 1306 Josue
1873 1260 2021 1305 certe

438 1366 559 1406 cum
584 1350 808 1405 vidisset
827 1348 1077 1417 angelum
1101 1345 1440 1417 evaginatum
1462 1353 1733 1399 tenentem
1757 1343 2018 1415 gladium,

439 1442 515 1496 ait
571 1459 584 1495 :
642 1460 660 1494 t
700 1426 840 1507 Quid
883 1437 1344 1492 Dominusimcus
1400 1433 1639 1503 loquitur
1692 1434 1758 1487 ad
1802 1447 2016 1487 servum

438 1531 630 1586 suum?
665 1549 684 1582 ›
720 1529 858 1600 (los.
887 1529 963 1599 v.)
991 1529 1076 1582 cui
1134 1527 1208 1582 nil
1260 1527 1405 1581 aliud
1458 1526 1544 1580 ille
1597 1525 1887 1595 praecepit,
1946 1525 2020 1578 nil

440 1635 662 1692 prorsus
693 1629 750 1675 ut
778 1627 1167 1689 exsequeretur
1210 1618 1462 1688 injunxit,
1494 1616 1595 1670 nisi
1625 1625 1834 1670 tantum
1877 1616 2015 1669 hoc:

447 1727 465 1760 t
512 1709 692 1771 Solve,
721 1709 893 1778 inquit
922 1749 937 1774 ,
974 1708 1400 1764 calceamentum
1445 1707 1512 1761 de
1545 1705 1770 1776 pedibus
1819 1705 1955 1769 tuis;
1995 1723 2013 1756 ι

2122 529 2424 596 angelicam
2499 543 2714 599 semper
2781 532 2993 599 adesse
3041 535 3384 603 praesentiam
3415 576 3430 601 ,
3493 536 3706 595 dicente

2123 615 2401 687 Scriptura
2439 635 2454 672 :
2498 637 2516 670 t
2559 619 2616 673 lu
2648 630 2938 690 conspectu
2985 623 3298 691 angelorum
3339 625 3562 693 psallam
3607 629 3702 682 tibi

2125 707 2298 777 (Psal.
2359 711 2645 781 cxxxvn),
2708 731 2727 763 ι
2782 721 3130 783 nostramque
3181 717 3512 787 vigilantiam
3589 736 3704 776 sive

2120 797 2381 852 desidiam
2441 816 2547 855 non
2597 802 2756 856 modo
2804 802 3088 872 diligenter
3130 809 3411 862 attendere
3444 849 3458 874 ,
3514 808 3606 863 sed
3649 820 3703 864 et

2122 899 2354 955 superno
2371 888 2538 959 judici
2566 901 2757 946 cuncta
2783 907 2879 960 per
2898 893 3141 948 ordinem
3169 897 3452 964 nuntiare;
3494 912 3700 969 quanto

2119 982 2374 1042 putamus
2427 978 2687 1056 adversus
2736 993 2835 1034 nos
2901 981 3020 1035 zelo
3077 992 3363 1038 moventur
3395 1026 3410 1050 ,
3464 986 3588 1040 dum
3646 987 3701 1041 in

2123 1071 2412 1135 conspectu
2439 1067 2580 1123 illius
2612 1085 2710 1124 nos
2734 1071 3094 1128 irreverenter
3123 1075 3310 1130 sedere
3343 1079 3698 1148 conSpiciunt,

2122 1154 2207 1208 cui
2239 1155 2446 1212 scilicet
2473 1157 2570 1226 ipsi
2596 1169 2887 1216 trementes
2917 1163 3220 1218 assistunt?
3246 1164 3380 1220 Nam
3413 1177 3467 1221 et
3494 1167 3691 1222 Zacha-

2123 1244 2233 1298 rias
2259 1247 2512 1301 sacerdos
2545 1263 2664 1301 cum
2692 1249 2968 1304 incensum
2992 1261 3240 1322 poneret,
3266 1269 3372 1308 non
3401 1258 3699 1324 sedentem,

2120 1334 2216 1420 sed
2243 1343 2470 1388 stantem
2495 1337 2646 1406 juxta
2680 1338 2848 1394 altare
2894 1340 3140 1411 angelum
3182 1343 3338 1397 vidit.
3364 1343 3400 1416 lt
3438 1346 3702 1415 Apparuit

2123 1424 2221 1490 illi,
2255 1427 2329 1479 ait
2358 1428 2687 1498 evangelista
2719 1470 2732 1493 ,
2764 1431 2986 1501 angelus
3011 1433 3219 1487 Domini
3258 1444 3408 1489 stans
3434 1450 3464 1488 a
3496 1436 3702 1492 dextris

2122 1517 2311 1572 altaris
2340 1519 2546 1573 incensi
2577 1519 2726 1590 (Luc.
2754 1523 2812 1592 l).
2847 1541 2866 1574 ι
2903 1522 3046 1578 Dicit
3080 1524 3133 1577 in
3164 1525 3480 1597 Apocalypsi
3510 1527 3700 1584 beatus

2120 1604 2354 1662 Joannes
2383 1625 2396 1661 :
2435 1628 2453 1659 t
2496 1607 2610 1663 Vidi
2637 1615 2847 1664 turbam
2875 1628 3147 1682 magnam,
3172 1630 3331 1682 quam
3353 1617 3700 1674 dinumerare

2122 1714 2281 1754 nemo
2306 1709 2540 1767 poterat,
2570 1715 2638 1755 ex
2669 1702 2919 1756 omnibus
2946 1705 3195 1773 gentibus
3217 1745 3232 1769 ,
3271 1715 3326 1760 et
3357 1708 3620 1774 tribubus,
3647 1719 3704 1764 et

441 1815 608 1869 quare
661 1798 939 1868 subjunxit
969 1813 985 1854 :
1028 1817 1047 1850 t
1103 1799 1282 1854 Locus
1329 1799 1474 1854 enim
1504 1837 1520 1862 ,
1581 1797 1636 1852 in
1697 1811 1805 1866 quo
1863 1806 1975 1850 stas
2002 1837 2016 1860 ,
2051 1787 2097 1848 Β
2123 1789 2350 1857 populis,
2383 1798 2440 1844 et
2478 1789 2693 1858 linguis,
2728 1801 2932 1847 stantes
2959 1803 3083 1847 ante
3128 1795 3398 1850 thronum.
3427 1817 3447 1849 ι
3483 1796 3703 1854 Stantes

441 1899 662 1944 sanctus
681 1899 784 1944 est.
815 1908 834 1942 ι

519 1979 656 2034 Cum
686 1994 816 2048 ergo
846 1977 963 2034 loco
997 1977 1072 2032 illi
1097 2018 1112 2044 ,
1145 1986 1432 2048 propterea
1463 1977 1588 2048 quia
1621 1988 1846 2034 sanctus
1871 1988 2021 2044 erat,

438 2069 735 2125 debebatur
761 2068 986 2124 nuditas'
1004 2068 1223 2137 pedum,
1249 2083 1347 2122 cur
1376 2068 1628 2132 ecclesia,
1668 2085 1788 2138 quae
1820 2069 2020 2124 nihilo-

443 2164 624 2217 minus
654 2169 876 2215 sauctus
904 2167 989 2214 est
1011 2159 1184 2224 locus,
1212 2174 1316 2213 non
1349 2169 1625 2212 mereatur
1651 2159 1841 2214 saltem
1875 2169 2022 2214 stan-

442 2255 574 2308 tiunt
607 2252 967 2307 reverentiam
993 2250 1354 2305 clericorum?
1377 2250 1543 2321 Moysi
1568 2267 1784 2321 quoque
1804 2253 2018 2306 dicitur:

447 2361 466 2395 t
503 2343 582 2399 Ne
611 2341 897 2412 appropies
921 2343 1056 2408 huc;
1087 2342 1237 2398 solve
1261 2341 1685 2396 ealceamentum
1716 2343 1781 2396 de
1802 2342 2024 2410 pedibus
2050 2409 2053 2411 ἓ

443 2433 571 2487 tuis.
634 2433 810 2486 Locus
863 2433 1008 2486 enim
1057 2431 1110 2484 in
1156 2446 1264 2499 quo
1304 2440 1417 2485 stas
1447 2471 1461 2496 ,
1515 2439 1657 2483 terra
1696 2440 1883 2484 sancta
1939 2439 2026 2485 est

442 2522 640 2589 (Exod.
671 2523 777 2593 ιιι).
821 2541 840 2576 ι
875 2521 946 2577 Ut
981 2521 1108 2592 quid
1147 2521 1289 2575 enim
1330 2521 1445 2575 haec
1491 2521 1728 2590 antiquis
1776 2520 2025 2577 Patribus

441 2613 699 2667 divinitus
733 2614 993 2682 imperata
1023 2628 1121 2682 per
1157 2627 1343 2666 sacras
1374 2612 1596 2682 paginas
1629 2611 1854 2679 legimus
1876 2652 1892 2677 ,
1915 2599 2022 2666 “nisi

442 2711 502 2756 ut
528 2703 733 2758 sanctis
771 2703 904 2757 locis
931 2717 1030 2757 nos
1067 2703 1427 2756 reverentiam
1469 2702 1668 2756 debere
1705 2703 2026 2757 credamus?

439 2792 522 2844 An
569 2791 750 2845 minus
799 2804 954 2845 sacer
989 2801 1074 2844 est
1129 2789 1278 2845 locus
1320 2790 1374 2844 in
1421 2805 1526 2860 quo
1567 2805 1665 2859 per
1710 2792 2024 2861 mysterium

442 2880 964 2951 viviﬁcaa'passionis
991 2880 1192 2934 Christi
1226 2895 1425 2950 corpus
1473 2878 1718 2944 olfertur,
1747 2896 1908 2950 quam
1939 2881 2026 2935 ille

441 2970 532 3024 tibi
576 2985 674 3039 per
712 2985 868 3024 suum
901 2970 1042 3024 Deus
1079 2969 1328 3038 angelum
1357 2969 1712 3038 loquebatur?
1741 2970 1798 3026 lu
1884 2967 2027 3022 Deu-

445 3062 744 3117 teronomio
823 3076 1040 3132 quoque
1110 3061 1307 3131 legitur
1383 3061 1508 3130 quia
1569 3061 1705 3114 dixit
1768 3061 2026 3116 Dominus

2127 1879 2312 1947 utique
2339 1888 2484 1944 aute,
2517 1895 2623 1934 non
2648 1883 2915 1936 sedentes.
2950 1884 3014 1937 Et
3043 1886 3203 1954 paulo
3229 1895 3388 1956 post:
3424 1907 3442 1940 t
3477 1889 3700 1954 Omnes,

2123 1970 2319 2039 inquit,
2365 1971 2539 2040 angeli
2568 1971 2785 2026 stabant
2814 1975 2864 2027 in
2910 1975 3139 2030 circuitu
3175 1978 3353 2032 throni
3383 2019 3397 2044 ,
3427 1989 3484 2035 et
3526 1982 3701 2036 senio-

2122 2075 2241 2114 rum
2277 2060 2461 2131 (Αροο.
2508 2062 2628 2132 vn).
2675 2080 2696 2114 ι
2750 2063 2914 2120 Isaias
2942 2081 3063 2120 cum
3093 2070 3486 2137 praemisisset:
3525 2091 3543 2124 t
3583 2072 3703 2128 Vidi

2123 2149 2409 2207 Dominum
2475 2154 2753 2208 sedentem
2805 2171 2970 2226 super
3023 2159 3216 2213 solium
3276 2163 3594 2230 excelsum,
3648 2173 3704 2219 et

2123 2250 2390 2306 elevatum
2416 2293 2431 2318 ,
2460 2262 2516 2308 et
2543 2268 2605 2308 ea
2635 2269 2756 2324 qua:
2781 2255 2880 2309 sub
2923 2255 3040 2324 ipso
3064 2264 3221 2310 erant
3249 2253 3526 2325 replebant
3565 2264 3702 2308 tem-

2123 2339 2304 2410 plum;
2360 2359 2379 2393 ι
2453 2345 2704 2412 protinus
2757 2343 2962 2399 addidit
3009 2362 3024 2398 :
3072 2363 3091 2395 t
3145 2343 3426 2414 Serapltim
3487 2345 3704 2397 stabant

2124 2433 2312 2488 subter
2358 2433 2488 2489 illud
2531 2435 2684 2507 (lsai.
2717 2435 2814 2508 vi).
2846 2455 2864 2488 ι
2897 2436 3039 2491 Ecce
3083 2435 3172 2490 ubi
3202 2435 3486 2504 Seraphin:
3517 2435 3704 2488 sedere

2126 2541 2230 2580 non
2253 2527 2476 2592 audent,
2509 2528 2658 2582 sedet
2689 2528 2850 2582 homo
2889 2528 3095 2592 luteus,
3125 2537 3179 2582 ct
3211 2536 3464 2595 tanquam
3495 2541 3704 2595 pannus

2127 2626 2473 2671 menstruam:
2525 2617 2733 2672 luridus
2785 2626 2840 2671 et
2901 2615 3249 2671 immundus?
3312 2613 3412 2670 Ubi
3478 2615 3704 2669 virtutes

2126 2706 2386 2762 cmlorum
2415 2709 2516 2762 sibi
2545 2708 2732 2762 sedilia
2765 2725 2870 2762 nou
2897 2716 3164 2777 usurpant
3192 2748 3207 2772 ,
3243 2705 3352 2761 illic
3395 2707 3557 2761 homo
3583 2716 3702 2760 tan-

2125 2811 2287 2866 quam
2309 2798 2580 2851 commuui
2623 2812 2687 2852 ac
2715 2797 3008 2852 domestico
3036 2795 3333 2867 perfruitur
3359 2797 3492 2861 otio,
3518 2797 3610 2868 qui
3639 2808 3702 2850 se

2127 2886 2402 2957 pulverem
2432 2902 2552 2943 esse
2589 2898 2643 2943 et
2673 2889 2909 2944 cinerem
2954 2904 3060 2943 non
3109 2889 3354 2957 ignorat?
3399 2888 3705 2960 Ingreditur

2130 2993 2226 3032 rex
2258 2979 2493 3049 nuptiale
2542 2981 2884 3044 convivium,
2941 2989 2996 3035 et
3027 2981 3234 3036 invenit
3280 2982 3548 3037 hominem
3596 2995 3703 3036 non

2131 3067 2290 3122 modo
2319 3067 2550 3123 fortasse
2604 3069 2870 3138 nuptiales
2916 3070 3165 3124 induvias
3217 3086 3326 3125 non
3379 3071 3702 3136 habentem,

444 3151 611 3223 Moysi
645 3169 657 3205 ε
697 3169 716 3202 ι
754 3151 834 3205 Tu
862 3162 945 3206 sta
975 3151 1061 3206 hic
1106 3165 1357 3215 mecum.
1389 3160 1447 3203 ut
1493 3148 1684 3220 loquar
1716 3149 1813 3205 tibi
1845 3151 2024 3205 omnia
2054 3134 2096 3196 (ἶ
2129 3160 2221 3213 sed
2252 3167 2324 3224 ct,
2375 3169 2562 3214 contra
2607 3134 2751 3214 illius
2806 3161 3039 3215 convivii
3071 3161 3337 3230 regulam,
3397 3134 3706 3232 igttcbiiiter

447 3247 705 3301 mandata
762 3253 819 3300 et
849 3243 1210 3300 caeremonias
1241 3251 1407 3310 atque
1431 3241 1632 3311 judicia
1661 3241 1839 3310 (Deut.
1873 3242 1949 3311 v).
2003 3261 2021 3292 ι

2129 3247 2489 3314 residentem;
2523 3250 2649 3318 quid
2693 3249 2833 3304 aliud
2853 3248 3049 3317 jubere
3075 3252 3346 3319 putandus
3370 3259 3472 3315 est,
3505 3250 3608 3304 nisi
3646 3259 3706 3304 ut

445 3332 562 3389 Non
605 3334 720 3400 ait,
751 3333 879 3388 sede
907 3373 922 3399 ,
953 3332 1037 3386 vel
1065 3331 1350 3396 rccumbe;
1389 3330 1521 3394 sed,
1564 3340 1647 3384 sta
1687 3345 1898 3385 mecum
1926 3371 1942 3397 ,
1970 3337 2030 3384 ut
2127 3337 2307 3408 ligatis
2337 3337 2428 3392 ille
2481 3338 2727 3392 manibus
2779 3348 2834 3393 et
2875 3339 3100 3407 pedibus
3146 3338 3288 3392 illico
3332 3347 3605 3408 mergatur
3648 3338 3702 3391 in

446 3424 653 3480 scilicet
699 3423 892 3478 stando
936 3423 1109 3478 discat
1190 3423 1335 3491 quod
1386 3421 1623 3476 sedendo
1687 3422 2027 3490 postmodum

444 3517 652 3570 doceat.

517 3604 672 3660 Nunc
701 3604 886 3674 itaque
927 3606 1054 3658 dum
1084 3603 1137 3658 in
1164 3602 1448 3674 procinctu
1489 3617 1675 3657 sumus
1701 3643 1716 3669 ,
1746 3603 1859 3657 vult
1888 3603 2028 3658 Deus

445 3709 545 3750 nos
581 3695 682 3750 sibi
725 3695 1099 3749 ministrantes
1127 3693 1380 3748 assistere
1407 3732 1422 3758 ,
1450 3703 1510 3746 ut
1533 3708 1656 3748 cum
1683 3708 1748 3747 eo
1790 3701 2028 3762 postmo-

446 3787 573 3840 dum
623 3800 931 3840 mereamur
972 3784 1026 3838 in
1072 3782 1354 3852 municipii
1398 3781 1787 3852 tranquillitate
1815 3784 2024 3836 sedere.

445 3877 618 3932 Porro
645 3885 827 3932 autem
857 3875 903 3932 si
932 3875 1020 3930 cui
1044 3884 1192 3930 tanta
1212 3882 1521 3944 suppeteret
1542 3888 1825 3929 munerum
1849 3873 2025 3942 capia,

449 3977 539 4033 ut,
570 3968 744 4023 donec
779 3966 1018 4022 ofﬁcium
1057 3973 1406 4036 superesset,
1450 3965 1693 4033 praebere
1735 3965 1875 4019 dona
1915 3964 2029 4018 sin-

449 4057 590 4128 gulis
625 4073 732 4111 non
772 4065 1044 4120 cessaret;
1075 4056 1120 4110 is
1143 4068 1360 4126 quoque
1385 4054 1608 4122 gradum
1640 4053 1848 4125 ﬁgeret,
1874 4052 2028 4121 cujus

451 4151 711 4205 articulos
761 4150 989 4219 languor
1040 4149 1378 4220 chiragricus
1425 4147 1729 4202 innodaret.
1774 4146 2029 4216 Corporis

446 4256 576 4310 ergo
601 4241 846 4296 morituri
895 4249 1048 4294 stans
1076 4239 1374 4308 susciperet
1417 4238 1757 4292 commodum
1786 4278 1803 4305 ,
1835 4238 2028 4292 animae

445 4345 577 4385 vero
627 4340 889 4400 perpetuo
945 4337 1251 4398 regnatura:
1305 4326 1542 4381 sedendo
1587 4327 1813 4395 despicit
1867 4341 2028 4380 orna-

447 4431 708 4476 mentum.
739 4419 796 4474 Si
839 4418 950 4488 regi
978 4458 993 4483 ,
1024 4417 1109 4473 vel
1140 4427 1354 4472 terreno
1381 4415 1603 4471 cuilibet
1641 4415 1886 4485 optimati
1916 4431 2027 4470 sure

445 4513 690 4576 ditionis,
723 4511 904 4566 officia
938 4517 1248 4565 reverenter
1270 4508 1562 4574 assistunt;
1595 4522 1718 4562 cum
1762 4517 1890 4562 ante
1919 4516 2026 4561 ter-

448 4604 658 4660 ribilem
701 4602 998 4672 majestatis
1038 4601 1234 4655 divinae
1271 4609 1616 4668 conspectum
1646 4598 1861 4653 laudum
1891 4615 2021 4669 pra:-

447 4698 604 4752 conia
647 4694 942 4764 jubilamus
970 4735 984 4759 ,
1014 4709 1119 4764 qua
1147 4692 1582 4763 praesumptionis
1607 4690 1770 4761 667
1801 4691 2025 4745 audacia

449 4787 640 4840 sedere
665 4782 1081 4853 pnesumimus?
1115 4781 1251 4836 Dicit
1283 4778 1469 4834 Daniel
1497 4797 1511 4832 :
1546 4796 1564 4830 t
1602 4777 1767 4832 Millia
1797 4777 2025 4831 millium

447 4875 832 4931 ministrabant
869 4873 937 4935 ei,
973 4881 1027 4926 et
1051 4871 1231 4927 decies
1253 4879 1480 4925 centena
1508 4867 1672 4922 millia
1703 4867 2027 4921 assistebant

448 4967 500 5023 ei
529 4967 694 5039 (Dan.
727 4966 847 5034 vn).
880 4984 898 5018 ι
930 4963 1069 5018 Ecce
1094 5003 1110 5030 ,
1141 4963 1267 5017 dum
1298 4958 1772 5015 innumerabilium
1811 4957 2022 5026 angelo-

451 5071 569 5111 rum
619 5055 711 5110 alii
763 5055 874 5109 Deo
922 5053 1232 5107 ministrare
1280 5047 1580 5120 (Apocm),
1629 5048 1718 5102 alii
1775 5048 2028 5104 dicuntur

450 5145 708 5200 assistere
735 5184 752 5210 ,
794 5142 976 5200 nullus
1021 5155 1211 5199 eorum
1260 5139 1351 5194 hic
1378 5138 1648 5209 reperitur
1691 5137 1744 5194 in
1773 5136 2029 5194 subsellio

450 5235 709 5293 residere.

1070 5318 1297 5377 CAPUT
1333 5319 1419 5374 Ill.

453 5435 606 5504 Quod
653 5435 826 5508 angeli
880 5446 1082 5508 contra,
1108 5435 1342 5508 homines
1407 5434 1463 5487 in
1518 5432 1735 5489 ecclesia
1796 5435 2030 5489 sedentes

1067 5505 1158 5558 ind
1165 5537 1171 5555 .v
1181 5515 1429 5574 gnantur.

522 5595 620 5652 Cui
661 5612 792 5668 ergo
831 5597 1060 5651 virtutes
1102 5593 1358 5666 angelica:
1398 5603 1691 5650 trementes
1742 5596 2026 5660 assistunt,

463 5688 656 5744 terreni
685 5697 741 5742 et
778 5684 1156 5756 corruptibiles
1192 5685 1438 5740 homines
1473 5693 1652 5740 astare
1690 5685 2022 5756 despiciunt!

2050 4474 2105 4536 D

2127 3428 2420 3482 tenebras?
2449 3427 2665 3497 (.llatth.
2705 3428 2863 3499 χχιι.)
2909 3428 3198 3483 Enimvero
3238 3429 3304 3482 de
3355 3427 3574 3482 sedente
3625 3427 3706 3480 Eli

2127 3519 2408 3573 sacerdote
2451 3519 2584 3573 dicit
2639 3519 2964 3589 Scriptura:
3001 3539 3019 3572 ‹
3066 3517 3201 3587 Quia
3243 3503 3436 3574 cecidit
3478 3521 3544 3572 de
3572 3517 3701 3572 sella

2127 3615 2422 3663 retrorsum
2452 3648 2468 3673 ,
2528 3607 2682 3676 juxta
2741 3609 2984 3674 ostium,
3050 3619 3103 3664 et
3162 3610 3349 3664 fractis
3403 3609 3705 3664 cervicibus

2128 3706 2374 3752 mortuus
2418 3705 2501 3752 est
2551 3695 2602 3765 (1
2634 3695 2762 3766 Reg.
2815 3698 2910 3766 iv).
2953 3716 2972 3749 ι
3025 3697 3260 3752 Sedebat
3299 3707 3352 3752 et
3396 3696 3707 3752 Balthassar

2129 3805 2225 3844 rex
2251 3789 2565 3861 Babylonis,
2589 3795 2710 3844 eum
2744 3790 2797 3843 iu
2829 3789 3118 3858 superficie
3139 3790 3363 3859 parietis
3390 3789 3524 3842 aulae
3544 3789 3706 3858 regiae
3779 3834 3782 3838 .

2128 3882 2390 3936 articulus
2436 3880 2535 3936 sibi
2587 3880 2877 3935 scribentis
2907 3879 3196 3949 apparuit,
3241 3880 3333 3948 qui
3382 3894 3530 3933 suam
3572 3893 3702 3933 suo-

2127 3988 2356 4041 rumque
2405 3981 2637 4042 stragem
2692 3971 2893 4024 instare
2941 3977 3100 4025 nocte
3157 3971 3372 4038 prima,
3426 3968 3594 4024 Medis
3639 3983 3707 4026 ac

2127 4061 2308 4117 Persis
2337 4060 2760 4123 imminentibus,
2788 4058 3056 4112 nuntiavit
3081 4056 3239 4129 (Dan.
3272 4057 3351 4126 v).

2198 4150 2628 4220 Requiescebant
2679 4148 2853 4203 Zebee
2902 4156 2958 4202 et
3007 4147 3260 4201 Salmana
3300 4159 3455 4215 reges
3494 4143 3702 4200 Madian

2127 4258 2248 4298 cum
2279 4245 2520 4297 exercitu
2549 4255 2648 4296 suo
2673 4281 2688 4305 ,
2715 4254 2836 4294 cum
2863 4253 3027 4308 super
3053 4253 3147 4294 eos
3187 4246 3442 4307 tanquam
3483 4250 3707 4290 securos

2127 4331 2342 4387 Gedeon
2369 4330 2549 4396 irruit,
2574 4343 2774 4400 eosque
2799 4328 2990 4400 gladiis
3015 4327 3388 4400 grassantibus
3419 4327 3706 4382 trucidavit
3736 4359 3745 4368 -

2131 4424 2331 4492 (Judic.
2364 4423 2508 4494 vui).
2563 4421 2980 4477 Discumbebant
3024 4420 3371 4475 nihilominus
3400 4417 3708 4472 Amalecita:

2129 4529 2294 4584 super
2313 4512 2506 4567 faciem
2531 4520 2711 4578 terrae,
2745 4525 2867 4565 cum
2897 4510 3018 4565 illos
3046 4519 3268 4578 repente
3295 4509 3460 4564 David
3487 4507 3706 4573 invasit,

2129 4619 2329 4672 eosque
2381 4618 2412 4657 a
2459 4617 2684 4672 vespera
2727 4615 2900 4671 usque
2928 4601 2983 4655 in
3023 4615 3302 4669 vesperam
3343 4599 3445 4654 diei
3487 4599 3711 4654 alterius

2129 4702 2414 4763 percutere
2466 4703 2572 4745 non
2625 4691 2859 4746 cessavit
2908 4688 2960 4760 (I
3014 4687 3144 4757 Reg.
3193 4686 3347 4757 xxx).
3405 4688 3474 4741 At
3521 4696 3706 4742 contra

2131 4781 2275 4836 Elias
2303 4779 2468 4834 dicit:
2510 4795 2528 4830 t
2569 4777 2712 4832 Vivit
2735 4778 2994 4832 Dominus
3015 4777 3375 4840 exercituum,
3407 4785 3532 4829 ante
3556 4775 3708 4842 cujus

2130 4877 2476 4937 conspectum
2522 4875 2606 4920 sto
2659 4864 2777 4936 (III
2809 4863 2931 4934 Reg.
2983 4863 3138 4935 xvii).
3171 4883 3190 4917 ι
3225 4863 3343 4932 Sto,
3371 4865 3562 4934 inquit,
3599 4879 3707 4918 non

2130 4959 2320 5024 sedeo,
2352 4973 2461 5013 non
2489 4957 2660 5012 oscito
2681 4995 2697 5022 ,
2741 4970 2848 5010 non
2881 4970 3160 5010 marcesco
3187 4972 3202 5021 ;
3229 4955 3398 5027 668
3423 4956 3509 5010 cui
3543 4955 3708 5011 etiam

2131 5065 2160 5103 a
2214 5049 2439 5104 Domino
2488 5047 2728 5102 dicitur:
2766 5064 2784 5096 t
2819 5046 3087 5116 Egredere
3115 5085 3130 5110 ,
3181 5055 3237 5100 et
3285 5056 3368 5102 sta
3417 5047 3469 5101 iu
3524 5053 3708 5101 monte

2131 5156 2311 5197 coram
2343 5139 2569 5194 Domino
2596 5135 2714 5206 (III
2741 5135 2867 5208 Reg.
2891 5138 3058 5208 xix).i
3091 5137 3208 5194 Non
3251 5140 3327 5193 ait
3354 5177 3370 5204 ,
3401 5139 3528 5194 sede
3549 5177 3564 5202 ,
3613 5138 3709 5192 sed

2133 5240 2216 5287 sta
2274 5245 2456 5285 coram
2502 5229 2750 5284 Domino.
2797 5228 3047 5298 Nunquid
3084 5239 3140 5284 et
3184 5231 3352 5284 David
3416 5239 3580 5298 atque
3630 5228 3708 5282 illi

2141 5331 2344 5392 septem
2375 5321 2524 5376 chori
2557 5335 2679 5376 cum
2724 5335 2790 5375 eo
2819 5321 3078 5375 sedebant
3105 5335 3286 5374 coram
3315 5335 3438 5374 arca
3473 5319 3707 5386 Domini,

2137 5422 2317 5468 etnon
2344 5413 2521 5482 potius
2549 5452 2565 5478 ,
2615 5411 2754 5465 sicut
2798 5408 3074 5480 Scriptura
3104 5418 3332 5464 testatur
3362 5424 3377 5463 :
3414 5430 3431 5460 t
3469 5411 3587 5481 Ipse
3614 5427 3706 5467 rex

2137 5503 2468 5574 percutiebat
2497 5502 2550 5556 in
2576 5501 2797 5572 organis
2826 5540 2839 5563 ,
2867 5508 2921 5554 et
2961 5498 3233 5565 saltabat,
3281 5515 3346 5555 ac
3393 5499 3711 5556 subsiliebat

2142 5594 2269 5649 totis
2291 5593 2494 5648 viribus
2537 5599 2662 5646 ante
2690 5591 3016 5659 Dominum?
3043 5610 3062 5643 ›
3096 5589 3183 5661 (Il
3212 5589 3341 5662 Reg.
3381 5593 3480 5663 vr.)
3513 5592 3710 5661 Sicque

2141 5686 2407 5741 ducebant
2457 5699 2639 5740 arcam
2690 5683 2743 5738 in
2785 5679 3000 5750 jubilo,
3056 5693 3111 5739 ct
3163 5684 3416 5758 clangore
3451 5687 3709 5744 buccinte.
