4074 6190
400 293 501 348 ΘΠ

859 286 916 343 S.
960 285 1164 342 PETRI
1196 282 1480 341 DAMlANl
1512 283 1662 340 OPP.
1699 282 1934 339 TOMUS
1972 281 2103 338 SEU
2139 281 2317 338 PARS
2349 280 2436 336 ΙΙΙ.
2466 312 2537 322 —-
2558 283 2919 342 OPUSCULA
2963 284 3191 342 VARIA.

3555 291 3660 349 648

398 403 536 457 Nota
567 413 782 469 quoque
826 398 970 468 quod
1011 397 1089 451 ait
1144 395 1402 450 Dominus
1463 393 1628 464 Moysi
1659 409 1672 446 :
1702 409 1720 442 ‹
1755 391 1978 462 Applica
2007 397 2054 454 Α
2084 401 2246 460 teque
2278 390 2551 446 difficilius
2597 392 2679 446 sui
2721 394 2965 463 corporis
2993 396 3339 464 gravedinem
3383 400 3615 456 tolerant
3642 443 3657 472 ,

401 495 600 548 tribum
650 490 820 554 Levi,
872 497 928 542 et
970 486 1058 541 fac
1111 493 1258 539 stare
1322 479 1727 552 in'conspectu
1789 483 1972 537 Aaron

401 582 720 645 sacerdotis,
753 589 812 633 ut
854 578 1164 632 ministrent
1193 576 1275 638 ei,
1303 583 1360 629 et
1386 574 1676 644 excubent,
1702 581 1759 627 et
1781 572 1972 627 obser-

399 685 526 731 vent
551 669 805 744 quidquid
836 668 903 722 ad
931 666 1132 722 cultum
1153 665 1386 736 pertinet
1409 663 1770 720 multitudinis
1789 677 1972 717 coram

396 761 749 812 tabernaculo
786 758 1086 808 testimonii
1121 759 1325 822 (Nam.
1363 763 1479 825 ιιι).
1519 775 1536 806 ι
1583 752 1701 811 Non
1729 758 1846 811 ait:
1879 771 1971 814 se-

394 841 586 911 deant,
631 844 891 911 oscitent,
949 853 1007 904 et
1058 843 1404 915 dormitent;
1461 842 1553 902 sed
1589 846 1675 901 fac
1698 855 1865 915 stare,
1914 852 1973 900 ut

395 938 725 1001 ministrent,
749 938 1040 1004 excubent,
1065 939 1445 996 etobservent.
1472 939 1680 1008 Moyses
1715 938 1768 992 in
1789 944 1971 992 monte

394 1043 494 1102 per
533 1032 891 1102 quadraginta
935 1033 1055 1087 dies
1074 1042 1127 1086 et
1154 1032 1381 1088 totidem
1432 1041 1646 1096 noctes,
1689 1042 1973 1092 nunquam

395 1121 485 1177 vel
535 1123 602 1176 ad
653 1132 987 1176 momentum
1047 1123 1268 1192 quidem
1300 1123 1464 1186 sedit,
1513 1120 1662 1175 nulla
1722 1118 1829 1174 cibi
1879 1120 1968 1176 vel

400 1223 556 1286 potus
588 1215 848 1272 alimenta
896 1216 1160 1286 percepit,
1207 1219 1304 1270 sed
1345 1214 1570 1284 jejunus
1604 1213 1832 1270 Domino
1875 1211 1970 1281 ju-

395 1308 536 1378 giter
589 1311 808 1370 astitit-
875 1321 928 1362 et
991 1315 1085 1379 tu,
1143 1312 1235 1382 qui
1295 1306 1620 1377 quotidiana
1699 1316 1753 1362 te
1827 1304 1969 1360 refe-

397 1391 573 1443 ctione
604 1398 896 1456 sustentes,
928 1390 1078 1443 brevi
1125 1389 1314 1442 saltem
1345 1398 1522 1457 spatio
1553 1389 1796 1457 gravaris
1845 1396 1974 1442 ante

398 1481 472 1533 tui
519 1481 828 1534 Conditoris
880 1488 1058 1534 astare
1111 1479 1500 1549 praesentiam?
1559 1479 1649 1532 Sic
1712 1479 1856 1532 enim
1919 1480 1973 1533 in

396 1576 585 1630 Exodo
647 1575 891 1643 legitur:
927 1592 944 1624 ι
1000 1571 1163 1627 Stetit
1225 1587 1354 1642 ergo
1413 1571 1486 1626 ibi
1555 1585 1677 1624 cum
1746 1569 1974 1629 Domino

395 1669 606 1740 Moyses
661 1668 1016 1736 quadraginta
1075 1666 1190 1719 dies
1251 1673 1308 1719 et
1354 1671 1578 1730 noctes,
1624 1677 1818 1732 panem
1863 1676 1970 1716 non

2079 488 2225 534 tanto
2249 472 2532 551 copiosius
2574 496 2669 537 eos
2696 483 2766 537 ad
2791 484 2958 538 Deum
3003 486 3253 539 meritum
3302 489 3460 543 levat.

2144 569 2312 625 Porro
2365 578 2580 634 autem,
2635 572 2776 626 sicut
2821 573 3061 642 Eutropii
3114 584 3342 632 testatur
3397 580 3649 649 historia,

2079 657 2248 715 Varro
2295 661 2480 714 consul
2510 661 2760 730 quoniam
2798 665 2938 731 apud
2986 663 3217 729 Cannas,
3243 666 3369 722 dum
3400 671 3660 727 adversus

2072 749 2391 804 Annibalem
2437 752 2770 822 confligeret,
2816 753 3070 822 perdidit,
3110 771 3385 826 nunquam
3425 771 3660 829 postmo-

2074 839 2198 893 dum
2241 855 2409 909 usque
2447 841 2514 894 ad
2548 842 2670 895 vita:
2713 856 2823 895 sum
2865 843 3154 898 terminum
3187 847 3454 904 recubans
3476 851 3658 907 cibum

2073 931 2320 1000 sumpsit.
2353 931 2505 998 Quod
2560 934 2606 987 si
2654 933 2855 989 faciunt
2899 934 3001 990 hoc
3040 937 3238 992 ethnici
3281 946 3339 991 nt
3364 937 3520 994 famae
3550 955 3661 997 sua

2074 1036 2268 1076 nomen
2312 1024 2638 1090 extendant,
2671 1026 2800 1094 quid
2842 1028 3104 1096 agendum
3140 1038 3221 1082 est
3248 1029 3573 1087 Christianis
3600 1041 3659 1088 ut

2075 1111 2128 1163 in
2163 1111 2369 1166 caelesti
2396 1111 2497 1166 sibi
2539 1113 2709 1183 gloria
2741 1116 2896 1170 sedes
2925 1117 3247 1184 acquirant?
3288 1119 3576 1175 Enimvero
3613 1124 3657 1176 si

2075 1203 2270 1274 dignus
2298 1205 2350 1258 in
2381 1205 2549 1260 Deum
2589 1207 2745 1262 nobis
2771 1208 2953 1263 fervor
2980 1209 3197 1274 inesset,
3229 1227 3328 1281 par
3358 1213 3533 1268 fuerat
3563 1232 3657 1270 nos

2076 1294 2218 1350 inter
2246 1297 2441 1351 divina:
2472 1297 2644 1353 laudis
2670 1300 2929 1355 excubias
2975 1317 3081 1356 non
3122 1303 3280 1356 modo
3305 1319 3410 1357 non
3443 1306 3653 1370 sedere,

2074 1386 2170 1439 sed
2197 1396 2252 1440 et
2281 1388 2531 1442 manibus
2573 1389 2625 1442 in
2656 1389 2763 1442 alta
2802 1391 3066 1459 porrectis
3095 1392 3490 1449 incessabiliter
3519 1395 3658 1465 psal-

2076 1477 2211 1533 lere.
2260 1477 2412 1534 Sicut
2449 1480 2698 1535 hortatur
2724 1497 2821 1536 nos
2850 1482 3158 1549 Psalmista,
3189 1502 3308 1541 cum
3335 1487 3464 1542 dicit
3498 1507 3509 1540 :
3549 1507 3567 1540 ι
3598 1488 3655 1544 ln

2075 1572 2327 1626 noctibus
2353 1571 2594 1625 extollite
2631 1588 2823 1627 manus
2856 1585 3066 1628 vestras
3100 1577 3150 1628 in
3180 1588 3387 1642 sancta,
3419 1588 3471 1631 et
3495 1580 3661 1632 bene-

2077 1663 2239 1718 dicite
2297 1662 2584 1716 Dominum
2633 1662 2803 1734 (Psal.
2835 1669 3083 1735 cxxxm).
3118 1685 3135 1716 ι
3173 1668 3238 1721 Et
3275 1668 3560 1737 Apostolus
3590 1669 3655 1723 ad

395 1761 652 1823 comedit,
690 1767 746 1813 et
793 1773 987 1826 aquam
1029 1773 1134 1810 non
1163 1757 1319 1820 bibit,
1343 1766 1396 1810 et
1420 1755 1638 1826 scripsit
1682 1755 1736 1809 in
1779 1753 1974 1810 tabulis
2003 1751 2051 1814 Β
2080 1753 2419 1808 Timotheum
2445 1771 2458 1806 :
2482 1773 2499 1806 ι
2542 1752 2691 1818 Volo,
2717 1755 3068 1824 inquit,viros
3088 1773 3244 1810 orare
3268 1758 3320 1811 in
3346 1759 3489 1812 omni
3515 1759 3652 1822 loco,

391 1850 558 1903 verba
605 1847 828 1904 foederis
881 1847 1067 1900 decem
1111 1844 1308 1915 (Exod.
1375 1846 1584 1914 χχχιιι).
1625 1861 1644 1894 ι
1695 1842 1972 1912 Hodieque

392 1938 632 1993 nonnulli
683 1936 918 2000 fratres,
963 1936 1088 1989 dum
1129 1935 1378 1990 laudibus
1422 1934 1622 1989 divinis
1672 1933 1968 1999 insistunt,

392 2042 496 2082 non
531 2036 656 2082 sunt
702 2027 818 2083 solo
874 2027 1050 2081 standi
1099 2026 1281 2080 labore
1325 2025 1612 2090 contenti,
1662 2033 1972 2094 satagentes

395 2119 614 2187 insuper
657 2126 711 2172 et
737 2132 833 2186 per
859 2110 964 2171 alia
999 2117 1080 2171 sui
1111 2115 1356 2186 corporis
1383 2115 1642 2171 exercitia
1673 2114 1910 2186 fatigari.

461 2209 592 2262 Nam
610 2248 624 2273 ,
651 2217 710 2262 ut
737 2210 803 2264 de
831 2210 1041 2264 exteris
1077 2209 1261 2264 sileam
1289 2249 1304 2275 ,
1334 2210 1551 2278 quidam
1583 2208 1749 2263 frater
1769 2249 1784 2275 ,
1827 2208 1972 2264 Gezo

388 2299 629 2363 nomine,
659 2315 802 2354 nunc
836 2315 866 2353 a
895 2295 1081 2354 nostro
1129 2316 1235 2354 non
1279 2300 1468 2370 procul
1513 2299 1822 2356 habitaculo
1861 2301 1972 2356 dis-

386 2399 632 2458 paratur,
659 2392 1008 2460 sexagenaria
1033 2391 1144 2461 jam
1177 2391 1398 2446 circiter
1424 2400 1581 2446 attate
1607 2392 1922 2466 grandaevus
1951 2431 1969 2457 ,

387 2478 478 2546 qui
521 2486 687 2531 totum
719 2478 1031 2549 psalterium
1063 2494 1237 2548 genua
1278 2478 1543 2534 flectendo
1572 2480 1840 2546 decurrit,
1869 2480 1971 2537 hoc

386 2570 596 2626 scilicet
631 2571 792 2626 modo
846 2580 905 2625 ut
952 2587 1120 2626 unum
1161 2572 1376 2642 expleat
1414 2587 1630 2628 versum
1661 2574 1786 2628 dum
1815 2573 1969 2642 pavi-

393 2667 578 2715 mento
602 2661 996 2732 prosternitur;
1022 2662 1255 2717 alterum
1281 2663 1406 2716 dum
1432 2663 1677 2732 protinus
1707 2663 1966 2717 elevatur.

388 2751 479 2806 Sic
509 2751 691 2821 itaque
725 2767 821 2821 per
852 2761 1024 2808 totum
1068 2753 1312 2823 psalterii
1347 2767 1566 2808 cursum
1604 2766 1710 2806 una
1757 2766 1972 2822 semper

391 2845 450 2897 fit
485 2853 754 2899 metanoea
780 2858 878 2913 per
900 2843 1144 2912 geminos
1167 2857 1372 2898 versus.

455 2934 606 2988 Alius
651 2947 865 3003 quoque
894 2931 1172 2986 nobiscum
1217 2930 1361 2999 fuit,
1415 2939 1575 2986 zelate
1613 2928 1923 3001 provectior
1951 2969 1966 2995 ,

383 3023 476 3094 qui
509 3021 632 3090 jure
676 3021 1330 3077 Dominicus‘vocabatur.
1362 3021 1463 3076 Hic
1504 3021 1637 3077 mihi
1690 3021 1967 3076 confessus

2072 1845 2313 1900 levantes
2366 1860 2529 1914 puras
2586 1861 2776 1899 manus
2841 1847 2958 1900 sine
3020 1848 3097 1900 ira
3158 1857 3212 1901 et
3259 1848 3650 1918 disceptatione

2073 1935 2126 2004 (I
2155 1935 2290 1989 Tim.
2322 1936 2406 2007 tt).
2447 1954 2466 1988 ι
2516 1935 2652 1990 Nam
2699 1945 2755 1994 et
2812 1936 3106 2004 pra'clarns
3161 1937 3417 1992 Ecclesia:
3470 1941 3657 1994 doctor

2071 2025 2389 2082 Ambrosius
2419 2027 2606 2080 beatos
2638 2035 2908 2096 martyres
2937 2024 3250 2080 Gervasiuin
3276 2037 3330 2080 et
3352 2027 3655 2082 Protasinnt

2071 2116 2310 2170 extensis
2333 2116 2585 2170 manibus
2611 2130 2826 2184 semper
2846 2127 3066 2170 orantes
3093 2133 3151 2171 se
3175 2117 3371 2172 vidisse
3404 2126 3653 2173 testatur.

2072 2206 2128 2261 In
2180 2206 2336 2274 cujus
2394 2206 2575 2262 verbis
2635 2208 2793 2262 datur
2849 2208 3074 2278 intelligi
3134 2211 3387 2278 quoniam
3442 2222 3494 2266 et
3544 2211 3656 2282 ipse

2072 2311 2179 2351 non
2233 2295 2390 2351 aliter
2435 2306 2564 2352 tunc
2617 2297 2808 2352 orabat
2851 2298 3492 2368 episcopus,quanquam
3541 2301 3654 2368 ipse

2071 2386 2306 2441 vitandae
2362 2386 2546 2457 gloriae
2606 2401 2771 2442 causa
2832 2403 2936 2442 non
3003 2391 3291 2460 exprimat.
3354 2391 3654 2446 Verisimile

2071 2477 2270 2550 quippe
2297 2486 2381 2532 est
2422 2485 2482 2531 ut
2531 2493 2652 2533 cum
2681 2494 2788 2550 quo
2819 2479 2976 2534 simul
3006 2491 3185 2544 orant,
3220 2496 3556 2550 nequaquam
3587 2482 3653 2535 ab

2071 2583 2137 2623 eo
2155 2569 2209 2622 in
2223 2568 2491 2622 orationis
2504 2568 3104 2637 qualitatedissentiant
3127 2589 3138 2622 :
3158 2570 3394 2640 alioquin
3425 2573 3470 2624 si
3495 2571 3654 2626 aliter

2071 2655 2261 2710 orabat
2280 2656 2624 2723 Ambrosius,
2647 2658 2714 2712 ad
2745 2659 2846 2713 hoc
2871 2659 2969 2712 sibi
3005 2659 3169 2730 670
3195 2659 3281 2712 ille
3319 2661 3505 2714 modus
3529 2676 3655 2714 ora-

2073 2747 2236 2803 tionis
2275 2746 2600 2810 ostenditur,
2646 2758 2705 2801 nt
2731 2749 2798 2801 ad
2827 2747 2967 2802 hanc
3000 2749 3189 2802 orandi
3227 2751 3464 2816 regulam
3494 2750 3649 2803 dein-

2073 2852 2198 2908 ceps
2225 2836 2560 2892 informetur.
2599 2838 2695 2892 Cui
2726 2853 2848 2893 cum
2892 2839 3083 2893 beatus
3111 2837 3307 2893 Paulus
3328 2840 3393 2894 de
3416 2840 3652 2909 praefatis

2071 2929 2402 3000 martyribus
2430 2928 2653 2994 diceret,
2695 2946 2921 2999 quorum
2961 2945 3189 2999 corpora
3221 2931 3273 2985 in
3304 2932 3492 2986 eodem
3535 2932 3652 2987 loco

2073 3020 2374 3086 inveniens,
2405 3024 2686 3094 signanter
2730 3025 2968 3080 addidit:
3006 3025 3057 3079 in
3095 3041 3201 3096 quo
3247 3036 3359 3082 stas
3403 3035 3458 3080 et
3503 3042 3648 3082 oras.

382 3122 484 3179 est,
532 3129 675 3185 saepe
726 3128 784 3169 se
823 3114 972 3169 mille
1018 3113 1213 3169 fecisse
1258 3123 1558 3169 metanceas
1593 3127 1692 3184 per
1727 3113 1966 3183 singulos
1995 3104 2041 3166 C
2073 3110 2264 3166 Stabat
2310 3113 2508 3184 quippe
2545 3115 2802 3170 sacerdos
2844 3117 3093 3187 egregius
3125 3133 3246 3171 cum
3301 3119 3514 3180 orabat,
3545 3133 3646 3171 non

383 3207 521 3274 dies,
545 3205 674 3262 dum
715 3214 896 3262 tamen
927 3205 1102 3262 ferrea
1134 3206 1302 3261 lorica
1332 3206 1534 3277 jngiter
1571 3213 1716 3261 esset
1743 3204 1965 3261 indutus

383 3299 452 3353 ad
475 3311 713 3356 carnem.
745 3297 851 3353 Sed
890 3298 980 3368 qui
1013 3297 1136 3352 talia
1183 3299 1375 3368 quaerit
1413 3298 1605 3352 audire
1651 3307 1807 3352 curet
1831 3312 1965 3366 opu-

383 3385 532 3444 acula
561 3396 747 3442 nostra
780 3401 1116 3457 percurrere.

990 3494 1218 3551 CAPUT
1263 3496 1352 3551 IV.

384 3583 678 3654 Quod,laici
701 3601 904 3655 quoque
923 3585 977 3638 in
998 3585 1372 3708 eccles‘jabinter
1399 3586 1576 3641 diuina
1603 3585 1769 3656 ofﬁcia
1789 3585 1964 3640 sedere

1001 3671 1102 3708 non
1184 3673 1210 3708 ε
1245 3667 1351 3708 ent.

1001 3671 1102 3708 non
1148 3667 1351 3709 debent.

452 3744 607 3798 Nune
635 3753 816 3799 autem
847 3745 1048 3799 sufficit
1077 3746 1209 3800 mihi
1244 3745 1516 3801 sanctitati
1547 3754 1741 3802 vestra:
1774 3755 1966 3820 suggeo

382 3850 504 3891 rere
565 3844 624 3888 ut
665 3835 768 3888 hoc
817 3835 1066 3906 ignobilis
1122 3836 1461 3906 negligentiae
1517 3837 1706 3892 vitium
1769 3838 1824 3892 in
1865 3852 1962 3892 sua

382 3929 534 3998 prius
559 3929 800 3984 Ecclesia
827 3932 1103 4001 corrigat,
1148 3933 1342 3989 deinde
1383 3947 1479 4003 per
1502 3943 1821 3989 catterarum
1848 3933 1964 4005 pal-

382 4021 544 4076 mites
570 4030 826 4091 tanquam
850 4020 1040 4077 falcem
1065 4023 1356 4079 salutiferze
1384 4025 1746 4095 correptionis
1766 4034 1960 4082 exten-

383 4112 499 4166 dat.
544 4112 798 4168 Districté
843 4115 1041 4183 quippe
1089 4116 1481 4184 prohibendum
1523 4125 1608 4173 est
1651 4132 1758 4172 non
1801 4117 1961 4172 modo

381 4202 615 4266 clericis,
640 4203 735 4259 sed
762 4213 818 4258 et
846 4203 1000 4259 laicis
1021 4207 1303 4274 utriusque
1328 4221 1489 4261 sexus
1516 4247 1531 4272 ,
1575 4215 1634 4261 ut
1664 4207 1792 4273 nisi,
1821 4207 1962 4262 sicut

382 4307 500 4346 mos
524 4302 610 4346 est
633 4331 647 4356 ,
679 4293 820 4348 inter
859 4295 1106 4348 nocturni
1142 4295 1403 4352 lectiones
1429 4296 1626 4363 ofﬁcii,
1659 4297 1795 4352 alias
1831 4298 1958 4353 dum

383 4379 582 4435 divinis
600 4381 818 4450 hymnis
838 4382 1127 4448 insistitur,
1151 4400 1311 4439 nemo
1335 4385 1540 4448 sedeat,
1564 4385 1687 4450 nisi,
1716 4385 1958 4454 corporis

2071 3202 2139 3258 ad
2166 3202 2338 3259 instar
2366 3202 2594 3259 istorum
2639 3206 2880 3270 sedebat,
2903 3216 2959 3262 et
2995 3208 3165 3261 otiosa
3197 3208 3480 3264 tractabat.
3510 3207 3651 3262 Pue-

2070 3301 2215 3348 terea
2245 3295 2530 3349 cumidem
2553 3296 2700 3351 dicat
2721 3296 3011 3366 Apostolus
3039 3316 3052 3351 :
3089 3317 3105 3349 ι
3143 3297 3242 3372 Qui
3274 3309 3396 3353 sunt
3424 3299 3652 3354 admini-

2069 3388 2310 3442 stratorii
2339 3387 2576 3460 Spiritus
2597 3390 2648 3443 in
2667 3390 3024 3446 ministerium
3042 3392 3188 3451 missi
3205 3401 3425 3460 propter
3445 3406 3536 3445 eos
3555 3390 3648 3460 qui

2071 3478 2444 3535 haereditatem
2469 3481 2688 3550 capiunt
2715 3482 3105 3551 salutisUIebr.
3132 3485 3224 3552 1).»
3256 3483 3355 3538 Ubi
3379 3482 3647 3538 credenda

2067 3578 2151 3623 est
2178 3568 2515 3640 frequentius
2543 3573 2786 3642 angelica
2823 3575 3100 3632 beatitudo
3128 3575 3454 3640 discurrere,
3483 3590 3643 3643 quam

2067 3659 2121 3713 in
2168 3659 2428 3724 Ecclesia,
2461 3662 2551 3718 ubi
2597 3663 2745 3720 novit
2782 3663 2877 3718 Dei
2924 3664 3199 3733 populum,
3231 3675 3448 3733 propter
3484 3679 3643 3732 quem

2067 3747 2275 3804 scilicet
2311 3750 2566 3814 mittitur,
2592 3752 2916 3808 convenire?
2956 3753 3025 3807 Et
3052 3753 3141 3822 qui
3173 3755 3460 3823 potentiori
3491 3754 3646 3806 cuili-

2067 3840 2157 3894 bet
2192 3854 2436 3908 personaa
2473 3840 2797 3899 festinanter
2833 3845 3185 3913 assurgimus,
3215 3859 3318 3914 qua
3349 3859 3642 3913 praesump-

2067 3930 2231 3986 tionis
2255 3931 2480 3992 audacia
2511 3933 2700 3991 sedere
2725 3948 2912 3994 coram
2940 3934 3230 3992 virtutibus
3253 3935 3511 4004 angelicis
3533 3948 3640 3989 non

2067 4021 2351 4075 timemus?

2137 4109 2215 4163 Tu
2252 4119 2456 4176 autem,
2482 4111 2851 4178 dilectissime,
2884 4113 3011 4182 quia
3041 4113 3094 4170 in
3129 4114 3369 4168 occiduis
3400 4113 3642 4182 partibus

2065 4197 2208 4253 inter
2237 4201 2548 4256 sacerdotes
2574 4203 2800 4272 insignis
2822 4217 2882 4257 es
2905 4217 2969 4256 ac
2987 4202 3217 4258 celebris
3233 4202 3405 4267 famae,
3421 4202 3639 4272 ubique,

2064 4285 2116 4342 in
2145 4298 2404 4357 quantuni
2437 4299 2609 4359 potes,
2640 4301 2696 4345 et
2730 4292 2832 4346 hoc
2861 4292 3232 4362 ignominiosa:
3264 4293 3520 4347 sessionis
3547 4307 3643 4361 0p-

2062 4377 2339 4446 probriuin
2383 4379 2622 4445 destrne,
2645 4388 2698 4434 et
2729 4390 2924 4434 caetera
2950 4395 3068 4449 qua:
3098 4380 3354 4434 villicatui
3388 4381 3643 4434 sacerdo-

381 4485 508 4525 eum
547 4448 798 4528 valetudo
823 4475 1133 4544 compellat.
1167 4474 1460 4544 Plerosque
1501 4448 1696 4546 nempe
1728 4448 1962 4532 vidimus
1990 4448 2037 4510 θ
2066 4471 2189 4526 talis
2239 4471 2400 4526 ofﬁcii
2454 4482 2786 4542 competunt,
2833 4490 2937 4528 non
2969 4477 3207 4546 segniter
3242 4476 3464 4545 implere
3513 4490 3640 4530 con-

381 4577 488 4616 non
527 4562 686 4618 modo
716 4564 856 4618 sacri
888 4605 903 4630 ,
956 4565 1048 4620 sed
1093 4576 1148 4621 et
1201 4566 1478 4622 sazcularis
1518 4568 1726 4622 ordinis
1766 4569 1914 4624 viros
1942 4607 1958 4634 ,

381 4660 580 4730 quisic
625 4660 771 4716 inter
809 4662 1064 4732 quazlibet
1107 4662 1487 4719 ecclesiasticae
1514 4663 1736 4733 synaxis
1777 4662 1959 4720 officia

381 4760 553 4808 status
589 4753 670 4807 sui
711 4754 916 4810 viribus
955 4763 1078 4809 sunt
1106 4755 1366 4820 contenti,
1400 4764 1460 4809 ιιι
1488 4769 1589 4810 nec
1619 4756 1777 4823 podio
1802 4795 1817 4820 ,
1860 4771 1960 4813 nec

381 4843 647 4912 adjacenti
687 4861 908 4914 prorsus
936 4847 1027 4901 ulli
1065 4847 1303 4902 materia:
1339 4847 1627 4917 dignentur
1651 4848 1828 4902 inniti.
1858 4847 1958 4914 Qui

381 4934 635 4988 nimirum
707 4951 813 5004 quo
866 4935 1186 4990 laboriosius
1235 4938 1288 4990 in
1353 4944 1646 5007 conspectu
1711 4951 1959 5006 supernas

382 5024 683 5093 majestatis
717 5041 774 5080 se
817 5027 1210 5094 conspicientis
1229 5027 1508 5090 assistunt,
1557 5035 1612 5081 et
1652 5027 1955 5081 suaviorem

381 5111 723 5170 dulcedinem
771 5115 973 5169 intimm
1003 5116 1201 5184 quietis
1236 5115 1402 5187 669
1430 5117 1743 5185 acquirunt;
1779 5132 1955 5186 quan-

2063 4564 2222 4618 tende
2254 4583 2268 4617 :
2302 4580 2490 4634 argue,
2513 4567 2760 4630 obsecra,
2791 4567 3031 4636 increpa,
3064 4575 3247 4637 atque,
3277 4577 3335 4620 ut
3360 4568 3500 4620 idem
3527 4581 3643 4620 mo—

2063 4666 2156 4712 net
2175 4658 2486 4726 Apostolus,
2515 4677 2534 4710 ι
2569 4659 2749 4730 vigila,
2781 4660 2834 4714 in
2860 4661 3110 4713 omnibus
3156 4660 3359 4718 labora.
3391 4675 3525 4726 opus
3555 4657 3639 4712 fac

2062 4749 2426 4818 evangelista,
2451 4751 2813 4808 ministerium
2841 4759 2989 4805 tuum
3015 4750 3178 4820 imple
3201 4749 3284 4820 (ΙΙ
3314 4748 3445 4802 Tim.
3480 4754 3588 4817 tv);
3617 4767 3634 4800 ι

2063 4848 2143 4906 ιιι,
2174 4855 2296 4894 cum
2344 4856 2567 4898 necesse
2610 4840 2775 4897 fuerit
2815 4842 3126 4911 conspectui
3169 4842 3364 4894 summi
3406 4841 3643 4910 pastoris

2061 4931 2336 4995 assistere,
2359 4933 2634 5002 capiosum
2657 4949 2720 4988 ac
2740 4933 2959 5002 dignum
2984 4941 3133 4988 tanto
3161 4932 3378 4986 nomine
3405 4929 3638 4984 fructum

2059 5027 2126 5079 de
2155 5035 2378 5095 peracto
2405 5025 2590 5080 valeas
2619 5025 2920 5082 ministerio
2941 5025 3281 5093 consignare.

2376 5131 2457 5186 Sit
2502 5149 2686 5188 nomen
2725 5131 2936 5186 Domini
2976 5133 3319 5187 benedictum.
