4074 6190
436 376 537 433 649

436 558 674 575 .—

1453 387 1691 445 oruse.
1738 390 1845 446 xc.
1878 423 1945 433 -
1986 348 2071 448 ne
2108 394 2470 453 FRENANDA
2509 400 2644 455 nu.

3551 413 3659 469 €50

700 560 3655 615 ____.___________________~_____

746 722 1102 799 671m
1175 744 2015 867 OPUSCULUM
2083 756 3337 890 QUADRAGESIMUM.

948 964 1055 1025 DE
1088 966 1515 1027 FRENANDA
1572 969 1707 1030 lRA
1758 972 1859 1031 ET
1921 974 2506 1038 SIMULTATIBUS
2543 981 3137 1043 EXSTIRPANDIS.

1845 1138 2242 1153 _-—_—.

438 1228 830 1295 Assenserunt.
862 1261 931 1317 -τ
966 1232 1285 1317 Gratulatur
1425 1236 1735 1317 qucopo,
1773 1240 1915 1305 quod
1935 1256 1993 1317 na
2041 1241 2711 1317 graviuqundamumorho
2763 1245 2855 1317 Dei
2900 1248 3068 1315 gratia
3116 1250 3490 1307 ροηνθιυῖεεοι,
3530 1253 3664 1309 mne

505 1318 716 1390 sumpta
745 1306 1029 1390 occasione
1055 1304 1608 1390 eumdemnbortatur:
1638 1315 1695 1387 ut
1726 1304 2066 1390 iracundiam
2090 1304 2376 1390 cohibeat;
2408 1313 2515 1390 odii
2571 1324 2627 1390 et
2656 1304 2988 1369 simultatiim
3024 1318 3262 1390 semina,
3294 1322 3337 1374 si
3374 1304 3502 1390 qui,
3530 1304 3666 1378 ξέίιὶὶ

506 1373 771 1453 inanimo
811 1390 930 1453 ευρ,
963 1374 1174 1445 penitus
1205 1373 1424 1453 evellat;
1468 1385 1525 1431 et
1567 1373 1795 1445 denique
1831 1385 1909 1441 ut,
1938 1378 2094 1447 juxta
2120 1380 2445 1448 evangelica:
2487 1382 2619 1453 legis
2667 1392 3011 1453 praeceptum,
3056 1373 3665 1449 ίιιίωίοίέειιίζδηῖᾗέέ

508 1447 732 1517 injurias
762 1456 815 1500 ct
835 1442 1067 1499 oﬂ‘ensas
1092 1444 1377 1498 condonet.

510 1581 713 1635 Domno
746 1578 805 1633 V.
829 1577 1265 1634 reverentissimo
1283 1577 1534 1647 episc0po
1560 1576 1774 1633 Perses
1811 1590 1999 1644 peeca-
2025 1581 2074 1639 A
2102 1579 2156 1632 in
2187 1589 2428 1649 tempore
2460 1582 2821 1640 tribulationis
2850 1597 3071 1665 peccata
3104 1591 3329 1647 dimittis
3358 1595 3442 1650 bis
3470 1598 3561 1666 qui
3584 1599 3667 1652 in-

437 1681 522 1727 tor
547 1672 844 1727 monachus
864 1671 1090 1725 salutem
1119 1670 1173 1725 in
1208 1669 1455 1725 Domino.

938 1781 1163 1838 CAPUT
1200 1780 1486 1837 PRIMUM.

711 1852 1053 1921 Infirmitates
1091 1870 1122 1906 a
1154 1851 1262 1906 Deo
1294 1867 1387 1906 cur
1424 1851 1717 1907 mittantur.

503 1944 642 1999 Vere
683 1943 879 1997 divina:
916 1940 1286 2011 dispositionis
1334 1940 1469 1996 erdo
1520 1940 1826 2003 laudabilis,
1870 1941 1995 2008 quia

432 2036 555 2088 dum
603 2045 769 2097 secat,
792 2041 978 2096 curat;
1024 2032 1153 2084 dum
1192 2030 1445 2098 percutit,
1480 2030 1685 2093 erudit;
1733 2032 1994 2092 medetur.

431 2125 555 2180 dum
591 2123 780 2176 vulnus
809 2120 1018 2189 inﬂigit.
1050 2119 1130 2173 Ad
1164 2119 1265 2172 hoc
1288 2118 1431 2175 enim
1458 2128 1540 2181 te,
1566 2119 1866 2174 venerande
1892 2116 1993 2173 Pa-

430 2222 535 2278 ter,
558 2212 736 2265 divina
766 2210 1025 2266 severitas
1069 2208 1365 2277 corporalis
1401 2206 1661 2263 molestiis
1684 2207 1996 2263 verberibus

428 2302 618 2363 cinxit,
652 2309 710 2353 ut
740 2310 993 2368 tauquam
1042 2297 1283 2353 docilem,
1304 2311 1526 2365 puerum
1552 2312 1581 2351 a
1612 2297 1827 2353 levitate
1846 2312 1994 2351 com-

430 2401 700 2461 pesceret;
724 2391 924 2445 idcireo
963 2398 1015 2443 te
1056 2387 1251 2443 malleo
1296 2387 1587 2455 disciplina:
1627 2387 1909 2455 percussit,
1938 2397 1997 2440 ut

425 2496 523 2534 vas
564 2480 696 2533 utile
745 2479 798 2533 iu
830 2479 987 2534 domo
1032 2477 1246 2534 Domini
1286 2492 1317 2532 α
1362 2476 1757 2532 scabrescentis
1805 2477 1993 2533 scorize

425 2574 509 2629 vel
557 2573 898 2643 superducta:
946 2572 1210 2642 rubiginis
1253 2570 1502 2640 squalore
1527 2577 1818 2650 purgaret.
1854 2567 1994 2623 iiinc

423 2673 507 2719 est
551 2665 693 2733 quod
728 2664 795 2718 de
846 2661 1299 2733 incorrigibilibus
1350 2670 1406 2715 et
1448 2658 1857 2727 indisciplinatis
1895 2670 1992 2727 per

422 2755 741 2823 prepltetam
762 2752 961 2807 dicitur
992 2771 1006 2805 ι
1040 2770 1059 2803 ι
1100 2748 1419 2806 Percussisti
1446 2762 1560 2813 eos,
1593 2756 1650 2802 et
1676 2763 1782 2802 non
1810 2745 1991 2801 dolue—

2102 1678 2296 1723 vocant
2318 1677 2370 1725 te
2397 1669 2551 1739 (Tob.
2582 1672 2686 1741 ut).
2721 1690 2739 1724 ι
2766 1673 3043 1743 Sequestrl
3070 1677 3228 1747 plane
3254 1681 3468 1738 functus
3494 1684 3666 1741 cilicio

2101 1756 2413 1826 frequenter
2445 1759 2767 1826 institeram,
2795 1771 2856 1817 ut
2880 1779 3003 1821 eum
3032 1767 3269 1823 inimicis
3301 1772 3403 1827 tuis
3428 1774 3665 1830 rediviva

2100 1860 2232 1915 pace
2254 1861 2625 1916 componeres,
2654 1861 2712 1905 ut
2730 1838 2976 1910 osoribus
3005 1857 3112 1913 tuis
3138 1868 3189 1913 te
3214 1858 3410 1927 iniuste
3428 1861 3667 1918 lmdenth

2100 1938 2199 1991 bus
2226 1938 2631 1995 sacerdotaliter
2672 1942 3009 2014 indulgeres;
3041 1947 3135 2007 sed
3170 1950 3337 2007 animi
3361 1952 3436 2005 tui
3466 1964 3662 2019 motus,

2099 2043 2234 2095 quos
2270 2030 2430 2084 homo
2468 2029 2746 2087 blandiens
2787 2035 2955 2091 leuire
3001 2054 3105 2095 non
3137 2041 3344 2109 potuit,
3376 2045 3665 2101 austeritas

2100 2118 2278 2172 divina
2303 2121 2634 2188 perdomuit;
2681 2132 2754 2189 et,
2786 2134 2843 2179 ut
2870 2127 2942 2180 ita
2976 2127 3181 2197 loquar,
3222 2131 3355 2186 iram
3385 2143 3529 2188 tuam
3558 2137 3665 2190 ira-

2097 2210 2296 2265 scendo
2334 2209 2585 2279 placavit.
2628 2212 3070 2273 Saevire-scilicet
3101 2220 3152 2273 in
3181 2227 3231 2275 te
3265 2222 3451 2288 voluit,
3477 2233 3535 2278 ut
3562 2239 3662 2280 sa:-

2098 2297 2282 2350 vitiam
2306 2298 2516 2354 tolleret
2542 2317 2556 2353 :
2585 2302 2833 2368 spiritum
2866 2305 3084 2363 ultionis
3106 2308 3311 2373 eﬁ‘udit,
3336 2320 3397 2367 ut
3417 2328 3663 2370 imusne-

2100 2387 2303 2443 tudinis
2332 2388 2385 2443 in
2415 2397 2467 2446 te
2486 2390 2732 2459 spiritum
2758 2392 3099 2450 refermaret.

2717 2480 2944 2538 CAPUT
2981 2483 3045 2537 ll.

2342 2566 2494 2633 Quod
2516 2585 2607 2638 per
2631 2571 2767 2624 iram
2789 2573 3043 2641 sapientia
3077 2576 3411 2644 deperdatur.

2164 2658 2377 2726 Quanto
2405 2659 2564 2729 plane
2605 2662 2782 2717 studio
2824 2662 3011 2718 vitium
3054 2665 3345 2725 iracundiae
3381 2668 3454 2723 sit
3482 2668 3657 2724 vitan-

2093 2753 2260 2818 dum,
2328 2768 2471 2808 nunc
2534 2756 2829 2824 prudentia:
2891 2766 2996 2813 tua:
3059 2758 3260 2828 liquido
3320 2761 3463 2816 valet
3520 2777 3661 2832 pro-

424 2852 577 2907 Tum;
632 2838 905 2905 διιῑίνίεῑὶ,
950 2849 1010 2895 et
1054 2840 1341 2896 noluerunt
1375 2839 1620 2908 accipere
1653 2836 1988 2906 disciplinam
2019 2909 2052 2914 _
2094 2844 2224 2898 bare
2254 2842 2533 2911 judicium.
2564 2845 2695 2899 Nam
2720 2847 2811 2914 qui
2836 2853 2964 2901 tunc
2990 2848 3085 2903 tibi
3110 2848 3428 2903 videbantur
3465 2852 3659 2914 amari,

422 2938 639 3006 (Jerem.
667 2936 742 3006 v).
784 2955 803 2989 I
841 2936 906 2990 Et
948 2935 1147 2993 iterum
1177 2952 1192 2989 :
1234 2952 1252 2986 ι
1290 2934 1510 2988 Frustra
1562 2930 1814 2987 conﬂavit
1859 2945 1985 2986 con-
2016 2909 2061 2968 Β
2091 2909 2301 3003 tumque
2347 2909 2985 2992 fapmiliaritatis-accessu
3041 2953 3265 3008 prorsus
3296 2939 3519 3010 indigni,
3544 2909 3663 2995 del;

421 3025 606 3090 ﬂator;
636 3025 855 3081 malitia:
881 3040 1069 3080 eorum
1112 3039 1219 3078 non
1258 3031 1385 3077 sunt
1411 3029 1741 3090 consumpta
1764 3017 1980 3090 (larem.

422 3116 517 3186 vi).
558 3134 575 3166 ι
607 3115 680 3168 De
700 3115 893 3183 quibus
924 3123 981 3169 et
1007 3113 1131 3168 alibi
1174 3128 1269 3182 per
1306 3113 1621 3183 prophetam
1660 3110 1840 3166 divina
1877 3125 1983 3166 vox

421 3206 533 3259 ait:
565 3224 583 3255 ι
617 3204 804 3259 Omnis
828 3205 1014 3259 domus
1038 3203 1199 3258 lsrael
1220 3202 1348 3257 mihi
1378 3216 1530 3256 versa
1556 3211 1635 3256 est
1666 3201 1721 3255 iu
1749 3201 1982 3257 scoriam

419 3295 632 3364 (Eucti.
669 3297 828 3365 nu).
855 3314 874 3346 ι
910 3294 1061 3348 Tunc
1087 3293 1231 3348 enim
1264 3293 1452 3347 domus
1480 3291 1643 3346 lsrael
1674 3291 1981 3347 in-scoriam

420 3386 663 3448 vertitur,
690 3400 811 3439 eum
848 3384 1027 3437 divina
1058 3390 1309 3454 peccator
1362 3382 1830 3436 animadversione
1854 3396 1978 3451 per-

418 3488 623 3535 eussus,
656 3472 738 3526 vel
782 3472 837 3528 in
875 3472 1262 3540 desperationis
1306 3470 1615 3542 voraginem
1655 3469 1871 3534 labitur,
1900 3469 1983 3525 vel

419 3571 604 3617 contra
643 3563 787 3631 juste
834 3562 1104 3616 saevientis
1144 3561 1427 3631 imperium
1467 3574 1561 3629 per
1592 3561 1983 3629 impatientiam

418 3653 657 3709 effertur.
706 3654 777 3707 At
820 3662 1029 3717 contra,
1058 3653 1213 3721 quasi
1262 3638 1511 3708 manente
1538 3652 1773 3718 metallo,
1806 3653 1981 3707 scoria

418 3747 515 3801 sub
536 3747 736 3801 divinis
761 3744 1193 3815 percussionibus
1237 3744 1435 3809 avolat,
1466 3758 1588 3799 cum
1616 3744 1840 3813 quilibet
1865 3756 1980 3812 pte-

416 3837 592 3891 nitens
647 3850 879 3905 superno
922 3833 1147 3890 verbere
1201 3833 1483 3903 vapulans,
1518 3841 1582 3887 er
1615 3833 1983 3887 inhorrescen-

417 3927 551 3980 tium
578 3940 609 3978 ι
638 3941 697 3980 se
719 3926 969 3979 vitiorum
990 3924 1289 3993 rubiginem
1317 3924 1548 3992 proiicit,
1564 3931 1621 3977 et
1640 3921 1983 3977 reﬂorescen-

418 4017 548 4070 tium
575 4015 810 4069 candore
839 4015 1095 4071 virtutum
1122 4028 1186 4069 ac
1218 4012 1609 4080 resplendentis
1643 4010 1764 4065 vita:
1808 4010 1984 4064 nitore

418 4105 688 4161 clarescit.
716 4103 869 4170 Quod
905 4103 1088 4173 utique
1112 4118 1210 4172 per
1240 4110 1541 4169 respectum
1576 4100 1767 4154 divinae
1797 4100 1984 4169 gratia:

418 4197 468 4248 in
506 4206 557 4250 te
587 4195 871 4263 perSpicue
898 4193 1143 4248 videmus
1181 4191 1478 4260 impletum,
1508 4205 1631 4244 cum
1658 4198 1712 4242 et
1738 4190 1984 4244 inimicos

415 4299 601 4339 omnes
626 4289 683 4338 in
720 4284 949 4355 gratiam
991 4285 1260 4352 recepisti,
1283 4293 1336 4344 et
1367 4284 1447 4341 sic
1467 4282 1535 4337 ab
1563 4282 1801 4339 interiori
1830 4282 1981 4349 prius

416 4374 719 4427 valetudine
760 4372 1163 4437 convalescens,
1196 4372 1358 4426 etiam
1390 4386 1614 4439 corpore
1636 4370 1806 4425 {actus
1838 4372 1982 4425 inco«

413 4462 593 4524 tumis,
622 4460 873 4515 Ecclesia:
894 4461 1145 4535 gaudium
1174 4460 1473 4515 reddidisti.
1501 4459 1650 4514 Unde
1669 4474 1791 4514 cum
1817 4459 1981 4513 David

413 4568 515 4605 non
557 4553 764 4621 ingrata
817 4553 924 4606 Deo
968 4552 1132 4605 debes
1164 4566 1294 4605 voce
1339 4562 1602 4606 cantare:
1643 4571 1660 4602 ε
1703 4551 1981 4617 Castigatus

411 4641 697 4708 castigavit
743 4655 826 4693 mc
885 4641 1163 4703 Dominus,
1191 4649 1244 4693 et
1291 4641 1449 4692 morti
1490 4656 1593 4693 non
1648 4641 1867 4693 tradidit
1897 4655 1980 4692 me

410 4728 583 4802 (Psal.
607 4732 793 4798 cxvu).
841 4750 859 4780 ι
889 4725 954 4783 Et
982 4744 1105 4783 cum
1143 4727 1275 4783 Jona
1305 4746 1318 4781 :
1351 4748 1368 4778 ι
1404 4728 1535 4783 Cum
1584 4729 1981 4796 angustiaretur

413 4826 464 4877 in
490 4839 577 4878 me
606 4824 782 4877 anima
809 4838 947 4884 mea,
979 4822 1185 4876 Domini
1224 4821 1537 4875 recordatus
1562 4836 1701 4881 smn,
1724 4831 1780 4871 ut
1800 4820 1981 4872 veniat

410 4917 476 4968 ad
519 4925 572 4969 te
614 4916 788 4968 oratio
832 4929 951 4967 mea
986 4914 1051 4965 ad
1082 4913 1331 4981 templum
1364 4922 1609 4965 sanctum
1648 4918 1792 4965 tuum
1828 4910 1975 4980 (Ion.

409 5006 495 5077 tt).
530 5025 549 5058 ι
586 5006 787 5060 Dehinc
840 5005 1136 5073 gratiarum
1184 5004 1423 5057 actiones
1470 5016 1593 5056 cum
1639 5001 1825 5055 eodem
1864 5016 1981 5068 pro-

411 5095 568 5163 pheta
592 5094 693 5148 hoc
721 5093 1057 5163 potiSsimum
1096 5092 1258 5146 debes
1285 5094 1390 5145 line
1419 5090 1734 5145 concludere
1766 5107 1778 5141 :
1816 5108 1833 5139 ‹
1868 5090 1979 5158 Ego

410 5196 591 5240 autem
647 5186 699 5238 in
729 5201 858 5241 voce
922 5184 1094 5238 laudis
1148 5184 1434 5239 immolabo
1476 5183 1601 5247 tibi;
1650 5197 1979 5255 quaecunque

410 5280 531 5332 vovi
580 5278 797 5332 reddam
822 5292 918 5346 pro
941 5265 1113 5331 salute
1148 5292 1265 5329 mea
1302 5276 1526 5329 Domino
1550 5276 1756 5345 (Ibid).
1796 5294 1813 5325 ι
1872 5273 1978 5327 Nos

408 5369 593 5429 etiam,
622 5368 713 5435 qui
740 5377 790 5421 te
816 5367 961 5420 velut
986 5369 1242 5423 amissum
1275 5367 1532 5433 recipere,
1556 5366 1665 5419 Deo
1697 5365 1974 5437 largiente,

412 5456 725 5519 meruimus,
754 5456 1042 5510 oneramus
1071 5460 1117 5509 ei
1148 5456 1468 5511 sacriﬁcium
1500 5469 1802 5510 nostrorum
1839 5459 1977 5509 vitu-

2084 3024 2302 3079 cisshna
2344 3040 2489 3079 nunc
2536 3041 2720 3081 eorum
2776 3026 3087 3083 aﬂabilitate
3146 3029 3461 3100 perfrueris,
3502 3040 3661 3101 teque

2085 3116 2139 3170 in
2189 3131 2282 3171 eos
2335 3130 2524 3173 secure
2577 3117 2899 3187 projiclens,
2959 3120 3354 3188 quodammodo
3409 3119 3660 3188 iucundis

2082 3204 2331 3260 amicitiae
2341 3207 2663 3261 constrictus
2682 3206 3011 3275 amplexibus
3023 3206 3324 3263 delectaris.
3342 3208 3491 3263 Tune
3511 3209 3657 3263 enim

2084 3298 2276 3351 merito
2304 3297 2519 3351 dicebas
2544 3314 2556 3349 :
2585 3314 2604 3347 ι
2641 3296 2909 3351 Turbatus
2931 3306 3014 3350 est
3046 3312 3157 3366 prae
3184 3298 3260 3350 ira
3283 3298 3469 3352 oculus
3496 3313 3649 3352 meus

2084 3385 2258 3457 (Psal.
2287 3386 2395 3454 vt);
2432 3406 2449 3437 ι
2486 3401 2628 3439 nunc
2651 3394 2829 3440 autem
2856 3386 3022 3440 alacri
3051 3395 3203 3455 potes
3232 3402 3363 3441 voce
3386 3393 3605 3443 cantare
3642 3405 3652 3439 :

2088 3496 2105 3526 ς
2127 3476 2356 3531 iustitiae
2371 3477 2578 3545 Domini
2593 3485 2772 3540 rectae,
2788 3475 3121 3531 laetiﬁcantcs
3134 3477 3320 3543 corda,
3331 3486 3654 3547 praeceptum

2080 3565 2241 3637 673
2280 3565 2487 3620 Domini
2535 3565 2801 3629 lucidum,
2867 3565 3175 3620 illumiusus
3233 3565 3419 3621 oculos
3470 3564 3644 3635 (Paul.

2083 3657 2262 3727 xvui).
2306 3675 2327 3711 ι
2380 3654 2710 3725 Praeceptum
2757 3655 2954 3724 quippe
3000 3655 3208 3709 Domini
3260 3655 3505 3709 cher-itas
3546 3666 3650 3710 est.

2040 3750 2044 3754 ‘
2088 3764 2105 3796 ι
2146 3745 2259 3798 Hoc
2281 3752 2395 3808 est,
2446 3742 2650 3813 inquit,
2700 3751 3030 3813 praeceptum
3074 3758 3286 3807 meum,
3327 3752 3386 3796 ut
3421 3742 3654 3814 diligatis

2084 3836 2313 3889 invicem
2360 3833 2548 3902 (Joan.
2580 3832 2723 3902 nu).
2761 3849 2781 3884 ι
2816 3832 2931 3886 Hoc
2955 3843 3084 3885 sane
3112 3838 3437 3900 pmeeptum
3465 3832 3653 3885 oculos

2083 3926 2263 3981 cordis
2288 3925 2585 3986 illuminat,
2636 3924 2779 3978 sicut
2820 3936 2851 3977 e
2894 3923 3170 3977 contrario
3197 3922 3335 3977 livor
3384 3933 3439 3978 et
3468 3924 3650 3979 odium

2081 4023 2264 4070 caecat.
2297 4033 2315 4065 c
2353 4012 2606 4081 Quisquis
2640 4029 2657 4063 ι
2691 4011 2868 4077 enim,
2897 4011 3038 4065 sicut
3072 4008 3432 4074 aitloanues,
3486 4028 3505 4062 ί
3538 4011 3652 4064 odit

2084 4106 2305 4160 fratrem
2333 4120 2486 4158 suum
2503 4144 2519 4169 ,
2547 4104 2599 4156 in
2634 4101 2871 4157 tenebris
2897 4110 2979 4153 est
2999 4140 3014 4164 ,
3039 4110 3093 4154 et
3121 4102 3174 4154 in
3203 4100 3439 4157 tenebris
3467 4099 3654 4152 ambu-

2085 4195 2193 4255 lat,
2223 4202 2280 4247 et
2319 4194 2492 4247 nescit
2520 4206 2627 4261 quo
2662 4200 2781 4255 cat,
2814 4191 2940 4258 quia
2990 4189 3223 4244 tenebrae
3244 4198 3653 4243 exeatcaverunt

2084 4284 2267 4339 oculos
2288 4280 2618 4351 ejus(l.loan.
2649 4281 2731 4351 tt).
2765 4300 2782 4330 ι
2817 4280 2934 4346 Quo
2978 4290 3189 4351 contra,
3235 4279 3491 4333 Dominus
3528 4278 3605 4329 ait
3633 4292 3647 4329 :

2089 4394 2105 4428 ι
2144 4374 2253 4443 Ego
2278 4373 2370 4426 lux
2401 4350 2452 4426 in
2482 4373 2624 4425 hunc
2646 4372 2906 4425 mundum
2936 4350 3095 4433 veni;
3130 4378 3186 4424 et
3214 4368 3391 4423 omnis
3416 4368 3505 4437 qui
3533 4383 3649 4421 crc—

2082 4464 2160 4517 dit
2209 4465 2261 4516 in
2314 4476 2432 4525 me,
2480 4461 2533 4514 in
2580 4460 2816 4514 tenebris
2861 4475 2967 4514 non
3016 4469 3200 4515 manet
3248 4458 3428 4529 (Joan.
3466 4459 3587 4528 xu).
3626 4476 3643 4507 ι

2086 4554 2369 4609 Enimvero
2392 4553 2437 4604 si
2463 4552 2642 4607 munis
2664 4552 2754 4620 qui
2805 4552 2979 4605 credit
3013 4553 3066 4605 in
3096 4552 3375 4610 Christum
3400 4567 3503 4605 nou
3536 4566 3649 4603 ma«

2083 4654 2173 4697 net
2217 4644 2269 4696 in
2310 4643 2582 4705 tenebris,
2617 4651 2675 4694 et
2700 4643 2877 4702 omnis
2905 4641 2995 4708 qui
3042 4642 3156 4695 odit
3185 4641 3404 4693 fratrem
3450 4655 3643 4701 suum,

2074 4733 2226 4801 juxta
2262 4732 2484 4785 Joannis
2510 4744 2725 4793 vocem,
2771 4730 2826 4782 in
2872 4731 3109 4783 tenebris
3139 4738 3249 4792 est;
3281 4729 3367 4781 ille
3406 4728 3647 4795 profecto

2083 4841 2187 4877 non
2218 4825 2440 4876 credere
2470 4824 2522 4875 in
2551 4822 2820 4875 Christum
2852 4822 3139 4875 tuanifeste
3164 4821 3521 4884 convincitur,
3553 4821 3643 4887 qui

2082 4915 2260 4969 feralis
2288 4915 2394 4967 odii
2432 4913 2669 4967 tenebris
2693 4921 3014 4967 excaecatur.

2150 5005 2225 5058 Ex
2251 5003 2409 5071 hujus
2433 5003 2595 5073 igitur
2616 5003 2923 5072 apostolica:
2940 5010 2999 5056 et
3017 5001 3339 5073 evangelica:
3364 5000 3643 5055 sententiae

2082 5097 2289 5149 ratione
2319 5094 2587 5165 colligitur
2610 5094 2736 5163 quia
2762 5095 3006 5165 quisquis
3035 5094 3145 5147 odii
3188 5093 3429 5148 caecitate
3455 5105 3643 5160 percu-

2080 5192 2227 5246 titur.
2263 5186 2403 5241 inter
2447 5186 2647 5241 Chriin
2686 5186 2867 5241 fideles
2897 5183 3166 5255 superﬂuo
3210 5194 3550 5245 numeratur;
3587 5193 3639 5235 et

2078 5277 2381 5343 quicunque
2424 5284 2507 5329 est
2550 5275 2798 5337 odiosus,
2831 5274 3136 5328 necessario
3177 5273 3441 5340 sequitur,
3471 5280 3529 5324 ut
3573 5272 3639 5324 sit

2079 5364 2239 5416 etiam
2272 5363 2500 5417 inﬁdelis
2538 5372 2593 5417 et
2642 5364 2695 5415 in
2726 5364 2892 5415 Deum
2936 5377 3038 5416 non
3088 5359 3282 5414 habeat
3328 5358 3520 5423 tidem,
3548 5358 3639 5427 qui

2079 5456 2222 5508 circa
2254 5455 2559 5521 proximum
2588 5454 2842 5508 divinitus
2872 5452 3171 5506 institutam
3200 5447 3649 5503 amiserit'cltari-

411 5545 490 5600 lus
534 5547 827 5611 labiorum;
865 5558 919 5603 et
949 5564 1070 5602 cum
1115 5547 1221 5601 tilia
1270 5548 1470 5616 llaguel
1501 5547 1635 5601 Sara
1684 5548 1925 5603 dicamus
1960 5565 1973 5601 :
2004 5580 2052 5638 Ι)
2083 5557 2263 5601 tatem.
2296 5545 2387 5599 illa
2424 5546 2685 5613 siquidem
2732 5543 3067 5598 solummodo
3097 5556 3225 5594 vera
3257 5540 3390 5593 mles
3424 5540 3637 5603 dicitur,

414 5654 434 5687 ι
465 5634 809 5690 Benedictum
841 5645 923 5692 est
953 5652 1145 5691 nomen
1168 5646 1336 5702 tuum,
1363 5637 1502 5690 Deus
1526 5635 1741 5688 Patrum
1767 5647 1975 5693 uostro-
2004 5629 2046 5638 ν
2079 5656 2197 5710 qua:
2227 5654 2321 5707 per
2362 5637 2701 5692 dilectionem
2732 5644 2985 5705 operatur
3012 5632 3154 5703 (Gal.
3198 5633 3272 5702 v).
3318 5629 3636 5685 Excludatur

410 5739 547 5790 tum,
581 5727 673 5795 qui
700 5743 821 5779 cum
870 5727 1037 5781 iratus
1083 5726 1265 5787 fueris,
1294 5727 1712 5782 misericordiam
1742 5732 1893 5796 faris,
1924 5744 1975 5787 et

649 5819 733 5877 ΡΛ
749 5836 921 5879 rnoL.
984 5813 1221 5877 CXLV.

2086 5734 2249 5802 igitur
2280 5733 2346 5786 ab
2372 5730 2664 5785 electorum
2694 5727 2961 5780 mentibus
2986 5723 3291 5789 iracundia,
3319 5738 3436 5793 qua:
3458 5720 3636 5777 odium

3129 5816 3203 5873 ‘21
