  <div class='ocr_page' id='page_1' title='image "/cluster/home/n/w/nwhite01/storage/ocr_20150623/145/hvd.32044048207542/333.png"; bbox 0 0 4074 6190; ppageno 0'>
   <div class='ocr_carea' id='block_1_1' title="bbox 397 424 492 481">
    <p class='ocr_par' dir='ltr' id='par_1_1' title="bbox 397 424 492 481">
     <span class='ocr_line' id='line_1_1' title="bbox 397 424 492 481; baseline 0 0"><span class='ocrx_word' id='word_1_1' title='bbox 397 424 492 481; x_wconf 79' lang='grc'><strong>651</strong></span> 
     </span>
    </p>
   </div>
   <div class='ocr_carea' id='block_1_2' title="bbox 855 408 3181 476">
    <p class='ocr_par' dir='ltr' id='par_1_2' title="bbox 855 408 3181 476">
     <span class='ocr_line' id='line_1_2' title="bbox 855 408 3181 476; baseline -0.006 -1"><span class='ocrx_word' id='word_1_2' title='bbox 855 420 912 475; x_wconf 91' lang='lat' dir='ltr'><strong>S.</strong></span> <span class='ocrx_word' id='word_1_3' title='bbox 936 418 1136 476; x_wconf 81' lang='lat' dir='ltr'><strong>PETRI</strong></span> <span class='ocrx_word' id='word_1_4' title='bbox 1173 414 1455 473; x_wconf 83' lang='lat' dir='ltr'><strong>DAMIANI</strong></span> <span class='ocrx_word' id='word_1_5' title='bbox 1495 412 1645 469; x_wconf 83' lang='lat' dir='ltr'><strong>OPP.</strong></span> <span class='ocrx_word' id='word_1_6' title='bbox 1684 408 1919 466; x_wconf 78' lang='lat' dir='ltr'><strong>TOMUS</strong></span> <span class='ocrx_word' id='word_1_7' title='bbox 1957 409 2085 466; x_wconf 87' lang='lat' dir='ltr'><strong>SEU</strong></span> <span class='ocrx_word' id='word_1_8' title='bbox 2124 410 2302 466; x_wconf 80' lang='lat' dir='ltr'><strong>PARS</strong></span> <span class='ocrx_word' id='word_1_9' title='bbox 2341 410 2423 465; x_wconf 95' lang='lat' dir='ltr'><strong>lll.</strong></span> <span class='ocrx_word' id='word_1_10' title='bbox 2448 440 2513 450; x_wconf 93' lang='lat'><strong><em>—</em></strong></span> <span class='ocrx_word' id='word_1_11' title='bbox 2549 408 2911 467; x_wconf 78' lang='lat' dir='ltr'><strong>OPUSCULA</strong></span> <span class='ocrx_word' id='word_1_12' title='bbox 2957 408 3181 463; x_wconf 76' lang='lat' dir='ltr'><strong>VARIA.</strong></span> 
     </span>
    </p>
   </div>
   <div class='ocr_carea' id='block_1_3' title="bbox 3539 408 3645 465">
    <p class='ocr_par' dir='ltr' id='par_1_3' title="bbox 3539 408 3645 465">
     <span class='ocr_line' id='line_1_3' title="bbox 3539 408 3645 465; baseline -0.019 0"><span class='ocrx_word' id='word_1_13' title='bbox 3539 408 3645 465; x_wconf 71' lang='grc'><strong>652</strong></span> 
     </span>
    </p>
   </div>
   <div class='ocr_carea' id='block_1_4' title="bbox 397 522 3640 607">
    <p class='ocr_par' dir='ltr' id='par_1_4' title="bbox 397 522 3640 607">
     <span class='ocr_line' id='line_1_4' title="bbox 397 522 3640 607; baseline -0.004 -18"><span class='ocrx_word' id='word_1_14' title='bbox 397 543 650 607; x_wconf 82' lang='lat' dir='ltr'><strong>generat,</strong></span> <span class='ocrx_word' id='word_1_15' title='bbox 684 546 801 603; x_wconf 82' lang='lat' dir='ltr'><strong>quae</strong></span> <span class='ocrx_word' id='word_1_16' title='bbox 829 530 1081 585; x_wconf 90' lang='lat' dir='ltr'><strong>nimirum</strong></span> <span class='ocrx_word' id='word_1_17' title='bbox 1125 527 1302 583; x_wconf 85' lang='lat' dir='ltr'><strong>cordis</strong></span> <span class='ocrx_word' id='word_1_18' title='bbox 1326 525 1512 581; x_wconf 91' lang='lat' dir='ltr'><strong>oculos</strong></span> <span class='ocrx_word' id='word_1_19' title='bbox 1533 565 1547 588; x_wconf 91' lang='lat'><strong>,</strong></span> <span class='ocrx_word' id='word_1_20' title='bbox 1594 539 1727 593; x_wconf 92' lang='lat' dir='ltr'><strong>quos</strong></span> <span class='ocrx_word' id='word_1_21' title='bbox 1760 539 1855 593; x_wconf 88' lang='lat' dir='ltr'><strong>per</strong></span> <span class='ocrx_word' id='word_1_22' title='bbox 1882 538 1966 577; x_wconf 87' lang='lat' dir='ltr'><strong>se-</strong></span> <span class='ocrx_word' id='word_1_23' title='bbox 1995 531 2043 588; x_wconf 73' lang='grc' dir='ltr'><strong>Α</strong></span> <span class='ocrx_word' id='word_1_24' title='bbox 2071 532 2186 579; x_wconf 89' lang='lat' dir='ltr'><strong>scct</strong></span> <span class='ocrx_word' id='word_1_25' title='bbox 2208 524 2430 593; x_wconf 75' lang='lat' dir='ltr'><strong>spiritus</strong></span> <span class='ocrx_word' id='word_1_26' title='bbox 2454 536 2630 587; x_wconf 90' lang='lat' dir='ltr'><strong>meus,</strong></span> <span class='ocrx_word' id='word_1_27' title='bbox 2680 523 2784 577; x_wconf 88' lang='lat' dir='ltr'><strong>nisi</strong></span> <span class='ocrx_word' id='word_1_28' title='bbox 2813 535 2976 592; x_wconf 85' lang='lat' dir='ltr'><strong>super</strong></span> <span class='ocrx_word' id='word_1_29' title='bbox 3006 522 3263 575; x_wconf 86' lang='lat' dir='ltr'><strong>humilem</strong></span> <span class='ocrx_word' id='word_1_30' title='bbox 3297 531 3353 575; x_wconf 92' lang='lat' dir='ltr'><strong>ct</strong></span> <span class='ocrx_word' id='word_1_31' title='bbox 3377 522 3640 590; x_wconf 85' lang='lat' dir='ltr'><strong>quietum,</strong></span> 
     </span>
    </p>
   </div>
   <div class='ocr_carea' id='block_1_5' title="bbox 398 614 1970 693">
    <p class='ocr_par' dir='ltr' id='par_1_5' title="bbox 398 614 1970 693">
     <span class='ocr_line' id='line_1_5' title="bbox 398 614 1970 693; baseline -0.007 -15"><span class='ocrx_word' id='word_1_32' title='bbox 398 624 682 693; x_wconf 85' lang='lat' dir='ltr'><strong>metipsam</strong></span> <span class='ocrx_word' id='word_1_33' title='bbox 714 620 930 682; x_wconf 92' lang='lat' dir='ltr'><strong>turbat,</strong></span> <span class='ocrx_word' id='word_1_34' title='bbox 974 632 1070 686; x_wconf 89' lang='lat' dir='ltr'><strong>per</strong></span> <span class='ocrx_word' id='word_1_35' title='bbox 1112 616 1434 670; x_wconf 91' lang='lat' dir='ltr'><strong>virulentam</strong></span> <span class='ocrx_word' id='word_1_36' title='bbox 1466 614 1702 669; x_wconf 86' lang='lat' dir='ltr'><strong>sobolem</strong></span> <span class='ocrx_word' id='word_1_37' title='bbox 1734 614 1970 668; x_wconf 88' lang='lat' dir='ltr'><strong>deterius</strong></span> 
     </span>
    </p>
   </div>
   <div class='ocr_carea' id='block_1_6' title="bbox 397 703 1968 776">
    <p class='ocr_par' dir='ltr' id='par_1_6' title="bbox 397 703 1968 776">
     <span class='ocr_line' id='line_1_6' title="bbox 397 703 1968 776; baseline -0.009 -8"><span class='ocrx_word' id='word_1_38' title='bbox 397 721 599 776; x_wconf 60' lang='lat' dir='ltr'><strong>careat;</strong></span> <span class='ocrx_word' id='word_1_39' title='bbox 649 717 702 763; x_wconf 93' lang='lat' dir='ltr'><strong>et</strong></span> <span class='ocrx_word' id='word_1_40' title='bbox 746 706 1037 762; x_wconf 89' lang='lat' dir='ltr'><strong>iracundus</strong></span> <span class='ocrx_word' id='word_1_41' title='bbox 1070 705 1298 774; x_wconf 91' lang='lat' dir='ltr'><strong>quisque</strong></span> <span class='ocrx_word' id='word_1_42' title='bbox 1332 720 1390 760; x_wconf 91' lang='lat' dir='ltr'><strong>se</strong></span> <span class='ocrx_word' id='word_1_43' title='bbox 1419 704 1685 758; x_wconf 81' lang='lat' dir='ltr'><strong>veraciter</strong></span> <span class='ocrx_word' id='word_1_44' title='bbox 1717 703 1968 772; x_wconf 83' lang='lat' dir='ltr'><strong>perimit,</strong></span> 
     </span>
    </p>
   </div>
   <div class='ocr_carea' id='block_1_7' title="bbox 396 793 1968 863">
    <p class='ocr_par' dir='ltr' id='par_1_7' title="bbox 396 793 1968 863">
     <span class='ocr_line' id='line_1_7' title="bbox 396 793 1968 863; baseline -0.004 -11"><span class='ocrx_word' id='word_1_45' title='bbox 396 799 523 852; x_wconf 86' lang='lat' dir='ltr'><strong>dum</strong></span> <span class='ocrx_word' id='word_1_46' title='bbox 573 797 844 850; x_wconf 72' lang='lat' dir='ltr'><strong>lmsiouem</strong></span> <span class='ocrx_word' id='word_1_47' title='bbox 916 794 1143 863; x_wconf 79' lang='lat' dir='ltr'><strong>proximi</strong></span> <span class='ocrx_word' id='word_1_48' title='bbox 1218 793 1332 856; x_wconf 89' lang='lat' dir='ltr'><strong>vel,</strong></span> <span class='ocrx_word' id='word_1_49' title='bbox 1385 794 1525 861; x_wconf 88' lang='lat' dir='ltr'><strong>quod</strong></span> <span class='ocrx_word' id='word_1_50' title='bbox 1573 793 1810 846; x_wconf 84' lang='lat' dir='ltr'><strong>atrocius</strong></span> <span class='ocrx_word' id='word_1_51' title='bbox 1854 800 1968 855; x_wconf 87' lang='lat' dir='ltr'><strong>est,</strong></span> 
     </span>
    </p>
   </div>
   <div class='ocr_carea' id='block_1_8' title="bbox 399 880 1969 951">
    <p class='ocr_par' dir='ltr' id='par_1_8' title="bbox 399 880 1969 951">
     <span class='ocr_line' id='line_1_8' title="bbox 399 880 1969 951; baseline -0.004 -10"><span class='ocrx_word' id='word_1_52' title='bbox 399 893 625 941; x_wconf 89' lang='lat' dir='ltr'><strong>mortem</strong></span> <span class='ocrx_word' id='word_1_53' title='bbox 656 885 788 937; x_wconf 88' lang='lat' dir='ltr'><strong>sitit.</strong></span> <span class='ocrx_word' id='word_1_54' title='bbox 821 883 975 938; x_wconf 88' lang='lat' dir='ltr'><strong>Unde</strong></span> <span class='ocrx_word' id='word_1_55' title='bbox 998 884 1257 951; x_wconf 90' lang='lat' dir='ltr'><strong>scriptum</strong></span> <span class='ocrx_word' id='word_1_56' title='bbox 1293 890 1377 936; x_wconf 93' lang='lat' dir='ltr'><strong>cst</strong></span> <span class='ocrx_word' id='word_1_57' title='bbox 1410 900 1421 935; x_wconf 92' lang='lat'>:</span> <span class='ocrx_word' id='word_1_58' title='bbox 1458 901 1475 933; x_wconf 76' lang='grc' dir='ltr'>ι</span> <span class='ocrx_word' id='word_1_59' title='bbox 1515 880 1697 934; x_wconf 75' lang='lat' dir='ltr'><strong>Virum‘</strong></span> <span class='ocrx_word' id='word_1_60' title='bbox 1746 880 1969 934; x_wconf 90' lang='lat' dir='ltr'><strong>stultum</strong></span> 
     </span>
    </p>
   </div>
   <div class='ocr_carea' id='block_1_9' title="bbox 398 964 1970 1041">
    <p class='ocr_par' dir='ltr' id='par_1_9' title="bbox 398 964 1970 1041">
     <span class='ocr_line' id='line_1_9' title="bbox 398 964 1970 1041; baseline -0.004 -11"><span class='ocrx_word' id='word_1_61' title='bbox 398 974 655 1030; x_wconf 79' lang='lat' dir='ltr'><strong>interﬁcit</strong></span> <span class='ocrx_word' id='word_1_62' title='bbox 703 964 1017 1038; x_wconf 81' lang='lat' dir='ltr'><strong>iracundia,</strong></span> <span class='ocrx_word' id='word_1_63' title='bbox 1073 982 1129 1026; x_wconf 89' lang='lat' dir='ltr'><strong>et</strong></span> <span class='ocrx_word' id='word_1_64' title='bbox 1176 972 1459 1041; x_wconf 89' lang='lat' dir='ltr'><strong>parvulum</strong></span> <span class='ocrx_word' id='word_1_65' title='bbox 1515 971 1716 1025; x_wconf 89' lang='lat' dir='ltr'><strong>occidit</strong></span> <span class='ocrx_word' id='word_1_66' title='bbox 1771 971 1970 1025; x_wconf 83' lang='lat' dir='ltr'><strong>invidia</strong></span> 
     </span>
    </p>
   </div>
   <div class='ocr_carea' id='block_1_10' title="bbox 396 1060 1969 1136">
    <p class='ocr_par' dir='ltr' id='par_1_10' title="bbox 396 1060 1969 1136">
     <span class='ocr_line' id='line_1_10' title="bbox 396 1060 1969 1136; baseline -0.002 -18"><span class='ocrx_word' id='word_1_67' title='bbox 396 1063 523 1136; x_wconf 83' lang='lat' dir='ltr'><strong>(Job</strong></span> <span class='ocrx_word' id='word_1_68' title='bbox 554 1064 631 1135; x_wconf 90' lang='lat' dir='ltr'><strong>v).</strong></span> <span class='ocrx_word' id='word_1_69' title='bbox 683 1082 702 1115; x_wconf 74' lang='grc' dir='ltr'><strong><em>ι</em></strong></span> <span class='ocrx_word' id='word_1_70' title='bbox 734 1064 904 1118; x_wconf 89' lang='lat' dir='ltr'><strong>Porro</strong></span> <span class='ocrx_word' id='word_1_71' title='bbox 955 1078 1077 1117; x_wconf 90' lang='lat' dir='ltr'><strong>cum</strong></span> <span class='ocrx_word' id='word_1_72' title='bbox 1123 1062 1382 1132; x_wconf 89' lang='lat' dir='ltr'><strong>scriptum</strong></span> <span class='ocrx_word' id='word_1_73' title='bbox 1413 1061 1485 1116; x_wconf 86' lang='lat' dir='ltr'><strong>sit</strong></span> <span class='ocrx_word' id='word_1_74' title='bbox 1517 1080 1530 1115; x_wconf 90' lang='lat'><strong>:</strong></span> <span class='ocrx_word' id='word_1_75' title='bbox 1586 1081 1603 1112; x_wconf 77' lang='grc' dir='ltr'>ι</span> <span class='ocrx_word' id='word_1_76' title='bbox 1640 1060 1719 1114; x_wconf 91' lang='lat' dir='ltr'><strong>Tu</strong></span> <span class='ocrx_word' id='word_1_77' title='bbox 1756 1072 1969 1128; x_wconf 90' lang='lat' dir='ltr'><strong>autem,</strong></span> 
     </span>
    </p>
   </div>
   <div class='ocr_carea' id='block_1_11' title="bbox 397 1150 1973 1221">
    <p class='ocr_par' dir='ltr' id='par_1_11' title="bbox 397 1150 1973 1221">
     <span class='ocr_line' id='line_1_11' title="bbox 397 1150 1973 1221; baseline -0.004 -11"><span class='ocrx_word' id='word_1_78' title='bbox 397 1156 643 1219; x_wconf 88' lang='lat' dir='ltr'><strong>Domine,</strong></span> <span class='ocrx_word' id='word_1_79' title='bbox 666 1169 787 1208; x_wconf 90' lang='lat' dir='ltr'><strong>cum</strong></span> <span class='ocrx_word' id='word_1_80' title='bbox 821 1152 1210 1221; x_wconf 90' lang='lat' dir='ltr'><strong>tranquillitate</strong></span> <span class='ocrx_word' id='word_1_81' title='bbox 1228 1150 1444 1220; x_wconf 88' lang='lat' dir='ltr'><strong>judicas</strong></span> <span class='ocrx_word' id='word_1_82' title='bbox 1470 1150 1752 1220; x_wconf 80' lang='lat' dir='ltr'><strong>(Sap.xu);</strong></span> <span class='ocrx_word' id='word_1_83' title='bbox 1786 1170 1805 1203; x_wconf 71' lang='grc' dir='ltr'><strong>ι</strong></span> <span class='ocrx_word' id='word_1_84' title='bbox 1839 1166 1973 1219; x_wconf 85' lang='lat' dir='ltr'><strong>quo-</strong></span> 
     </span>
    </p>
   </div>
   <div class='ocr_carea' id='block_1_12' title="bbox 399 1240 1972 1303">
    <p class='ocr_par' dir='ltr' id='par_1_12' title="bbox 399 1240 1972 1303">
     <span class='ocr_line' id='line_1_12' title="bbox 399 1240 1972 1303; baseline -0.006 -1"><span class='ocrx_word' id='word_1_85' title='bbox 399 1248 504 1303; x_wconf 86' lang='lat' dir='ltr'><strong>ties</strong></span> <span class='ocrx_word' id='word_1_86' title='bbox 533 1247 869 1301; x_wconf 90' lang='lat' dir='ltr'><strong>turbulentos</strong></span> <span class='ocrx_word' id='word_1_87' title='bbox 898 1243 1065 1297; x_wconf 92' lang='lat' dir='ltr'><strong>animi</strong></span> <span class='ocrx_word' id='word_1_88' title='bbox 1093 1251 1271 1297; x_wconf 91' lang='lat' dir='ltr'><strong>motus</strong></span> <span class='ocrx_word' id='word_1_89' title='bbox 1299 1242 1399 1297; x_wconf 88' lang='lat' dir='ltr'><strong>sub</strong></span> <span class='ocrx_word' id='word_1_90' title='bbox 1431 1240 1863 1296; x_wconf 85' lang='lat' dir='ltr'><strong>mansuetudinis</strong></span> <span class='ocrx_word' id='word_1_91' title='bbox 1888 1240 1972 1294; x_wconf 90' lang='lat' dir='ltr'><strong>vi-</strong></span> 
     </span>
    </p>
   </div>
   <div class='ocr_carea' id='block_1_13' title="bbox 398 1331 1972 1408">
    <p class='ocr_par' dir='ltr' id='par_1_13' title="bbox 398 1331 1972 1408">
     <span class='ocr_line' id='line_1_13' title="bbox 398 1331 1972 1408; baseline -0.006 -16"><span class='ocrx_word' id='word_1_92' title='bbox 398 1353 528 1408; x_wconf 81' lang='lat' dir='ltr'><strong>gore</strong></span> <span class='ocrx_word' id='word_1_93' title='bbox 551 1335 947 1407; x_wconf 82' lang='lat' dir='ltr'><strong>restringimus,</strong></span> <span class='ocrx_word' id='word_1_94' title='bbox 972 1334 1038 1389; x_wconf 90' lang='lat' dir='ltr'><strong>ad</strong></span> <span class='ocrx_word' id='word_1_95' title='bbox 1060 1333 1356 1388; x_wconf 90' lang='lat' dir='ltr'><strong>conditoris</strong></span> <span class='ocrx_word' id='word_1_96' title='bbox 1374 1332 1545 1388; x_wconf 91' lang='lat' dir='ltr'><strong>nostri</strong></span> <span class='ocrx_word' id='word_1_97' title='bbox 1566 1331 1972 1386; x_wconf 90' lang='lat' dir='ltr'><strong>similitudinem</strong></span> 
     </span>
    </p>
   </div>
   <div class='ocr_carea' id='block_1_14' title="bbox 400 1419 1973 1491">
    <p class='ocr_par' dir='ltr' id='par_1_14' title="bbox 400 1419 1973 1491">
     <span class='ocr_line' id='line_1_14' title="bbox 400 1419 1973 1491; baseline -0.004 -12"><span class='ocrx_word' id='word_1_98' title='bbox 400 1427 581 1481; x_wconf 89' lang='lat' dir='ltr'><strong>redire</strong></span> <span class='ocrx_word' id='word_1_99' title='bbox 609 1439 889 1479; x_wconf 84' lang='lat' dir='ltr'><strong>conamur.</strong></span> <span class='ocrx_word' id='word_1_100' title='bbox 923 1422 1059 1477; x_wconf 86' lang='lat' dir='ltr'><strong>Nam</strong></span> <span class='ocrx_word' id='word_1_101' title='bbox 1080 1423 1211 1477; x_wconf 85' lang='lat' dir='ltr'><strong>dum</strong></span> <span class='ocrx_word' id='word_1_102' title='bbox 1240 1422 1476 1491; x_wconf 88' lang='lat' dir='ltr'><strong>quietem</strong></span> <span class='ocrx_word' id='word_1_103' title='bbox 1516 1420 1715 1475; x_wconf 90' lang='lat' dir='ltr'><strong>mentis</strong></span> <span class='ocrx_word' id='word_1_104' title='bbox 1764 1420 1844 1473; x_wconf 91' lang='lat' dir='ltr'><strong>ira</strong></span> <span class='ocrx_word' id='word_1_105' title='bbox 1887 1419 1973 1473; x_wconf 89' lang='lat' dir='ltr'><strong>di-</strong></span> 
     </span>
    </p>
   </div>
   <div class='ocr_carea' id='block_1_15' title="bbox 398 1514 1974 1585">
    <p class='ocr_par' dir='ltr' id='par_1_15' title="bbox 398 1514 1974 1585">
     <span class='ocr_line' id='line_1_15' title="bbox 398 1514 1974 1585; baseline -0.003 -16"><span class='ocrx_word' id='word_1_106' title='bbox 398 1517 667 1582; x_wconf 73' lang='lat' dir='ltr'><strong>verberat,</strong></span> <span class='ocrx_word' id='word_1_107' title='bbox 684 1515 999 1571; x_wconf 87' lang='lat' dir='ltr'><strong>dilaniatain</strong></span> <span class='ocrx_word' id='word_1_108' title='bbox 1012 1515 1407 1585; x_wconf 90' lang='lat' dir='ltr'><strong>quodammodo</strong></span> <span class='ocrx_word' id='word_1_109' title='bbox 1418 1514 1750 1583; x_wconf 89' lang='lat' dir='ltr'><strong>scissamque</strong></span> <span class='ocrx_word' id='word_1_110' title='bbox 1761 1520 1974 1582; x_wconf 89' lang='lat' dir='ltr'><strong>pertur-</strong></span> 
     </span>
    </p>
   </div>
   <div class='ocr_carea' id='block_1_16' title="bbox 397 1603 1977 1677">
    <p class='ocr_par' dir='ltr' id='par_1_16' title="bbox 397 1603 1977 1677">
     <span class='ocr_line' id='line_1_16' title="bbox 397 1603 1977 1677; baseline -0.006 -13"><span class='ocrx_word' id='word_1_111' title='bbox 397 1612 510 1675; x_wconf 85' lang='lat' dir='ltr'><strong>bat,</strong></span> <span class='ocrx_word' id='word_1_112' title='bbox 537 1620 600 1664; x_wconf 91' lang='lat' dir='ltr'><strong>ut</strong></span> <span class='ocrx_word' id='word_1_113' title='bbox 629 1608 945 1677; x_wconf 89' lang='lat' dir='ltr'><strong>sibimetipsi</strong></span> <span class='ocrx_word' id='word_1_114' title='bbox 972 1622 1079 1663; x_wconf 90' lang='lat' dir='ltr'><strong>non</strong></span> <span class='ocrx_word' id='word_1_115' title='bbox 1102 1615 1384 1677; x_wconf 79' lang='lat' dir='ltr'><strong>congruat,</strong></span> <span class='ocrx_word' id='word_1_116' title='bbox 1419 1620 1485 1661; x_wconf 93' lang='lat' dir='ltr'><strong>ac</strong></span> <span class='ocrx_word' id='word_1_117' title='bbox 1514 1604 1744 1661; x_wconf 90' lang='lat' dir='ltr'><strong>formam</strong></span> <span class='ocrx_word' id='word_1_118' title='bbox 1774 1603 1977 1657; x_wconf 76' lang='lat' dir='ltr'><strong>intimae</strong></span> 
     </span>
    </p>
   </div>
   <div class='ocr_carea' id='block_1_17' title="bbox 400 1695 1975 1768">
    <p class='ocr_par' dir='ltr' id='par_1_17' title="bbox 400 1695 1975 1768">
     <span class='ocr_line' id='line_1_17' title="bbox 400 1695 1975 1768; baseline -0.005 -13"><span class='ocrx_word' id='word_1_119' title='bbox 400 1699 767 1755; x_wconf 79' lang='lat' dir='ltr'><strong>similitudinis</strong></span> <span class='ocrx_word' id='word_1_120' title='bbox 789 1699 934 1753; x_wconf 90' lang='lat' dir='ltr'><strong>velut</strong></span> <span class='ocrx_word' id='word_1_121' title='bbox 953 1713 1093 1768; x_wconf 87' lang='lat' dir='ltr'><strong>aqua</strong></span> <span class='ocrx_word' id='word_1_122' title='bbox 1115 1698 1406 1753; x_wconf 91' lang='lat' dir='ltr'><strong>ﬂuctuante</strong></span> <span class='ocrx_word' id='word_1_123' title='bbox 1426 1696 1747 1761; x_wconf 91' lang='lat' dir='ltr'><strong>confundat;</strong></span> <span class='ocrx_word' id='word_1_124' title='bbox 1774 1703 1829 1749; x_wconf 91' lang='lat' dir='ltr'><strong>et</strong></span> <span class='ocrx_word' id='word_1_125' title='bbox 1850 1695 1975 1749; x_wconf 92' lang='lat' dir='ltr'><strong>dum</strong></span> 
     </span>
    </p>
   </div>
   <div class='ocr_carea' id='block_1_18' title="bbox 401 1782 1977 1855">
    <p class='ocr_par' dir='ltr' id='par_1_18' title="bbox 401 1782 1977 1855">
     <span class='ocr_line' id='line_1_18' title="bbox 401 1782 1977 1855; baseline -0.007 -9"><span class='ocrx_word' id='word_1_126' title='bbox 401 1805 498 1846; x_wconf 89' lang='lat' dir='ltr'><strong>cor</strong></span> <span class='ocrx_word' id='word_1_127' title='bbox 538 1788 761 1844; x_wconf 90' lang='lat' dir='ltr'><strong>ﬂuidum</strong></span> <span class='ocrx_word' id='word_1_128' title='bbox 820 1789 1096 1842; x_wconf 90' lang='lat' dir='ltr'><strong>iracundia</strong></span> <span class='ocrx_word' id='word_1_129' title='bbox 1145 1794 1450 1855; x_wconf 86' lang='lat' dir='ltr'><strong>permovet,</strong></span> <span class='ocrx_word' id='word_1_130' title='bbox 1519 1793 1772 1853; x_wconf 85' lang='lat' dir='ltr'><strong>tanquam</strong></span> <span class='ocrx_word' id='word_1_131' title='bbox 1820 1782 1977 1836; x_wconf 75' lang='lat' dir='ltr'><strong>unda:</strong></span> 
     </span>
    </p>
   </div>
   <div class='ocr_carea' id='block_1_19' title="bbox 2072 610 3643 680">
    <p class='ocr_par' dir='ltr' id='par_1_19' title="bbox 2072 610 3643 680">
     <span class='ocr_line' id='line_1_19' title="bbox 2072 610 3643 680; baseline -0.002 -13"><span class='ocrx_word' id='word_1_132' title='bbox 2072 620 2128 667; x_wconf 90' lang='lat' dir='ltr'><strong>et</strong></span> <span class='ocrx_word' id='word_1_133' title='bbox 2176 620 2493 665; x_wconf 88' lang='lat' dir='ltr'><strong>trementem</strong></span> <span class='ocrx_word' id='word_1_134' title='bbox 2543 624 2820 666; x_wconf 87' lang='lat' dir='ltr'><strong>sermones</strong></span> <span class='ocrx_word' id='word_1_135' title='bbox 2849 611 3035 665; x_wconf 88' lang='lat' dir='ltr'><strong>meos?</strong></span> <span class='ocrx_word' id='word_1_136' title='bbox 3069 630 3086 661; x_wconf 71' lang='grc' dir='ltr'><strong><em>ι</em></strong></span> <span class='ocrx_word' id='word_1_137' title='bbox 3129 610 3284 680; x_wconf 81' lang='lat' dir='ltr'><strong>(Isai.</strong></span> <span class='ocrx_word' id='word_1_138' title='bbox 3310 614 3476 680; x_wconf 81' lang='lat' dir='ltr'><strong>vai.)</strong></span> <span class='ocrx_word' id='word_1_139' title='bbox 3511 611 3643 665; x_wconf 78' lang='lat' dir='ltr'><strong>Nam</strong></span> 
     </span>
    </p>
   </div>
   <div class='ocr_carea' id='block_1_20' title="bbox 2072 700 3645 769">
    <p class='ocr_par' dir='ltr' id='par_1_20' title="bbox 2072 700 3645 769">
     <span class='ocr_line' id='line_1_20' title="bbox 2072 700 3645 769; baseline 0 -14"><span class='ocrx_word' id='word_1_140' title='bbox 2072 717 2196 755; x_wconf 92' lang='lat' dir='ltr'><strong>cum</strong></span> <span class='ocrx_word' id='word_1_141' title='bbox 2227 701 2482 756; x_wconf 84' lang='lat' dir='ltr'><strong>humilem</strong></span> <span class='ocrx_word' id='word_1_142' title='bbox 2515 701 2683 763; x_wconf 82' lang='lat' dir='ltr'><strong>dixit,</strong></span> <span class='ocrx_word' id='word_1_143' title='bbox 2720 700 2962 769; x_wconf 90' lang='lat' dir='ltr'><strong>quietum</strong></span> <span class='ocrx_word' id='word_1_144' title='bbox 2994 708 3389 768; x_wconf 84' lang='lat' dir='ltr'><strong>consequenter</strong></span> <span class='ocrx_word' id='word_1_145' title='bbox 3418 701 3645 766; x_wconf 87' lang='lat' dir='ltr'><strong>addidit,</strong></span> 
     </span>
    </p>
   </div>
   <div class='ocr_carea' id='block_1_21' title="bbox 2070 790 3644 863">
    <p class='ocr_par' dir='ltr' id='par_1_21' title="bbox 2070 790 3644 863">
     <span class='ocr_line' id='line_1_21' title="bbox 2070 790 3644 863; baseline -0.001 -17"><span class='ocrx_word' id='word_1_146' title='bbox 2070 793 2195 863; x_wconf 86' lang='lat' dir='ltr'><strong>quia</strong></span> <span class='ocrx_word' id='word_1_147' title='bbox 2221 793 2346 847; x_wconf 92' lang='lat' dir='ltr'><strong>dum</strong></span> <span class='ocrx_word' id='word_1_148' title='bbox 2377 792 2456 846; x_wconf 91' lang='lat' dir='ltr'><strong>ira</strong></span> <span class='ocrx_word' id='word_1_149' title='bbox 2503 792 2670 846; x_wconf 91' lang='lat' dir='ltr'><strong>menti</strong></span> <span class='ocrx_word' id='word_1_150' title='bbox 2703 792 2940 861; x_wconf 88' lang='lat' dir='ltr'><strong>quietem</strong></span> <span class='ocrx_word' id='word_1_151' title='bbox 2970 790 3131 845; x_wconf 85' lang='lat' dir='ltr'><strong>simul</strong></span> <span class='ocrx_word' id='word_1_152' title='bbox 3180 799 3235 845; x_wconf 90' lang='lat' dir='ltr'><strong>et</strong></span> <span class='ocrx_word' id='word_1_153' title='bbox 3283 791 3644 845; x_wconf 89' lang='lat' dir='ltr'><strong>humilitatem</strong></span> 
     </span>
    </p>
   </div>
   <div class='ocr_carea' id='block_1_22' title="bbox 2072 880 3649 950">
    <p class='ocr_par' dir='ltr' id='par_1_22' title="bbox 2072 880 3649 950">
     <span class='ocr_line' id='line_1_22' title="bbox 2072 880 3649 950; baseline -0.001 -12"><span class='ocrx_word' id='word_1_154' title='bbox 2072 884 2374 948; x_wconf 84' lang='lat' dir='ltr'><strong>subtrahit,</strong></span> <span class='ocrx_word' id='word_1_155' title='bbox 2412 898 2564 937; x_wconf 86' lang='lat' dir='ltr'><strong>suam</strong></span> <span class='ocrx_word' id='word_1_156' title='bbox 2591 892 2779 936; x_wconf 87' lang='lat' dir='ltr'><strong>sancto</strong></span> <span class='ocrx_word' id='word_1_157' title='bbox 2811 880 3033 949; x_wconf 88' lang='lat' dir='ltr'><strong>Spiritui</strong></span> <span class='ocrx_word' id='word_1_158' title='bbox 3081 881 3329 950; x_wconf 88' lang='lat' dir='ltr'><strong>protinus</strong></span> <span class='ocrx_word' id='word_1_159' title='bbox 3366 881 3649 937; x_wconf 85' lang='lat' dir='ltr'><strong>habitatio-</strong></span> 
     </span>
    </p>
   </div>
   <div class='ocr_carea' id='block_1_23' title="bbox 2072 973 3648 1044">
    <p class='ocr_par' dir='ltr' id='par_1_23' title="bbox 2072 973 3648 1044">
     <span class='ocr_line' id='line_1_23' title="bbox 2072 973 3648 1044; baseline -0.003 -13"><span class='ocrx_word' id='word_1_160' title='bbox 2072 992 2194 1031; x_wconf 92' lang='lat' dir='ltr'><strong>nem</strong></span> <span class='ocrx_word' id='word_1_161' title='bbox 2229 975 2462 1041; x_wconf 88' lang='lat' dir='ltr'><strong>claudit;</strong></span> <span class='ocrx_word' id='word_1_162' title='bbox 2491 976 2727 1044; x_wconf 89' lang='lat' dir='ltr'><strong>dumque</strong></span> <span class='ocrx_word' id='word_1_163' title='bbox 2772 989 2832 1028; x_wconf 88' lang='lat' dir='ltr'><strong>se</strong></span> <span class='ocrx_word' id='word_1_164' title='bbox 2860 988 2961 1043; x_wconf 90' lang='lat' dir='ltr'><strong>per</strong></span> <span class='ocrx_word' id='word_1_165' title='bbox 3010 973 3207 1028; x_wconf 90' lang='lat' dir='ltr'><strong>furoris</strong></span> <span class='ocrx_word' id='word_1_166' title='bbox 3244 974 3507 1027; x_wconf 84' lang='lat' dir='ltr'><strong>insaniam</strong></span> <span class='ocrx_word' id='word_1_167' title='bbox 3540 974 3648 1028; x_wconf 79' lang='lat' dir='ltr'><strong>ele-</strong></span> 
     </span>
    </p>
   </div>
   <div class='ocr_carea' id='block_1_24' title="bbox 2072 1065 3648 1136">
    <p class='ocr_par' dir='ltr' id='par_1_24' title="bbox 2072 1065 3648 1136">
     <span class='ocr_line' id='line_1_24' title="bbox 2072 1065 3648 1136; baseline -0.001 -16"><span class='ocrx_word' id='word_1_168' title='bbox 2072 1076 2194 1132; x_wconf 91' lang='lat' dir='ltr'><strong>vat,</strong></span> <span class='ocrx_word' id='word_1_169' title='bbox 2221 1082 2289 1121; x_wconf 93' lang='lat' dir='ltr'><strong>ne</strong></span> <span class='ocrx_word' id='word_1_170' title='bbox 2314 1066 2382 1121; x_wconf 89' lang='lat' dir='ltr'><strong>ad</strong></span> <span class='ocrx_word' id='word_1_171' title='bbox 2410 1083 2468 1122; x_wconf 90' lang='lat' dir='ltr'><strong>se</strong></span> <span class='ocrx_word' id='word_1_172' title='bbox 2501 1066 2737 1136; x_wconf 90' lang='lat' dir='ltr'><strong>Spiritus</strong></span> <span class='ocrx_word' id='word_1_173' title='bbox 2766 1075 2987 1120; x_wconf 91' lang='lat' dir='ltr'><strong>sanctus</strong></span> <span class='ocrx_word' id='word_1_174' title='bbox 3014 1065 3271 1129; x_wconf 88' lang='lat' dir='ltr'><strong>introeat,</strong></span> <span class='ocrx_word' id='word_1_175' title='bbox 3298 1065 3648 1133; x_wconf 88' lang='lat' dir='ltr'><strong>semetipsum</strong></span> 
     </span>
    </p>
   </div>
   <div class='ocr_carea' id='block_1_25' title="bbox 2074 1154 3645 1213">
    <p class='ocr_par' dir='ltr' id='par_1_25' title="bbox 2074 1154 3645 1213">
     <span class='ocr_line' id='line_1_25' title="bbox 2074 1154 3645 1213; baseline -0.004 -1"><span class='ocrx_word' id='word_1_176' title='bbox 2074 1173 2231 1213; x_wconf 91' lang='lat' dir='ltr'><strong>mens</strong></span> <span class='ocrx_word' id='word_1_177' title='bbox 2259 1158 2409 1213; x_wconf 91' lang='lat' dir='ltr'><strong>velut</strong></span> <span class='ocrx_word' id='word_1_178' title='bbox 2455 1158 2721 1213; x_wconf 88' lang='lat' dir='ltr'><strong>obseratis</strong></span> <span class='ocrx_word' id='word_1_179' title='bbox 2764 1155 2974 1211; x_wconf 84' lang='lat' dir='ltr'><strong>foribus</strong></span> <span class='ocrx_word' id='word_1_180' title='bbox 3002 1155 3242 1210; x_wconf 91' lang='lat' dir='ltr'><strong>damnat.</strong></span> <span class='ocrx_word' id='word_1_181' title='bbox 3273 1155 3341 1208; x_wconf 88' lang='lat' dir='ltr'><strong>Et</strong></span> <span class='ocrx_word' id='word_1_182' title='bbox 3369 1154 3645 1209; x_wconf 90' lang='lat' dir='ltr'><strong>sciendum</strong></span> 
     </span>
    </p>
   </div>
   <div class='ocr_carea' id='block_1_26' title="bbox 2072 1244 3653 1318">
    <p class='ocr_par' dir='ltr' id='par_1_26' title="bbox 2072 1244 3653 1318">
     <span class='ocr_line' id='line_1_26' title="bbox 2072 1244 3653 1318; baseline -0.001 -17"><span class='ocrx_word' id='word_1_183' title='bbox 2072 1247 2216 1318; x_wconf 88' lang='lat' dir='ltr'><strong>quod</strong></span> <span class='ocrx_word' id='word_1_184' title='bbox 2245 1248 2327 1302; x_wconf 90' lang='lat' dir='ltr'><strong>ira</strong></span> <span class='ocrx_word' id='word_1_185' title='bbox 2362 1262 2504 1317; x_wconf 67' lang='lat' dir='ltr'><strong>saepe</strong></span> <span class='ocrx_word' id='word_1_186' title='bbox 2535 1246 2942 1317; x_wconf 84' lang='lat' dir='ltr'><strong>tranquillitatis</strong></span> <span class='ocrx_word' id='word_1_187' title='bbox 2989 1246 3214 1300; x_wconf 87' lang='lat' dir='ltr'><strong>mentita</strong></span> <span class='ocrx_word' id='word_1_188' title='bbox 3260 1244 3529 1309; x_wconf 90' lang='lat' dir='ltr'><strong>colorem,</strong></span> <span class='ocrx_word' id='word_1_189' title='bbox 3558 1260 3653 1299; x_wconf 86' lang='lat' dir='ltr'><strong>su-</strong></span> 
     </span>
    </p>
   </div>
   <div class='ocr_carea' id='block_1_27' title="bbox 2073 1335 3653 1409">
    <p class='ocr_par' dir='ltr' id='par_1_27' title="bbox 2073 1335 3653 1409">
     <span class='ocr_line' id='line_1_27' title="bbox 2073 1335 3653 1409; baseline -0.001 -17"><span class='ocrx_word' id='word_1_190' title='bbox 2073 1337 2348 1408; x_wconf 82' lang='lat' dir='ltr'><strong>perficiem</strong></span> <span class='ocrx_word' id='word_1_191' title='bbox 2377 1338 2578 1409; x_wconf 87' lang='lat' dir='ltr'><strong>quietis</strong></span> <span class='ocrx_word' id='word_1_192' title='bbox 2607 1338 2885 1405; x_wconf 90' lang='lat' dir='ltr'><strong>obtendit,</strong></span> <span class='ocrx_word' id='word_1_193' title='bbox 2914 1336 3043 1391; x_wconf 90' lang='lat' dir='ltr'><strong>dum</strong></span> <span class='ocrx_word' id='word_1_194' title='bbox 3074 1337 3128 1392; x_wconf 91' lang='lat' dir='ltr'><strong>in</strong></span> <span class='ocrx_word' id='word_1_195' title='bbox 3175 1335 3375 1392; x_wconf 91' lang='lat' dir='ltr'><strong>furoris</strong></span> <span class='ocrx_word' id='word_1_196' title='bbox 3405 1336 3653 1406; x_wconf 81' lang='lat' dir='ltr'><strong>indigna-</strong></span> 
     </span>
    </p>
   </div>
   <div class='ocr_carea' id='block_1_28' title="bbox 2073 1425 3652 1504">
    <p class='ocr_par' dir='ltr' id='par_1_28' title="bbox 2073 1425 3652 1504">
     <span class='ocr_line' id='line_1_28' title="bbox 2073 1425 3652 1504; baseline -0.002 -21"><span class='ocrx_word' id='word_1_197' title='bbox 2073 1429 2276 1484; x_wconf 89' lang='lat' dir='ltr'><strong>tionem</strong></span> <span class='ocrx_word' id='word_1_198' title='bbox 2306 1436 2492 1500; x_wconf 88' lang='lat' dir='ltr'><strong>aperte</strong></span> <span class='ocrx_word' id='word_1_199' title='bbox 2521 1443 2627 1484; x_wconf 89' lang='lat' dir='ltr'><strong>non</strong></span> <span class='ocrx_word' id='word_1_200' title='bbox 2659 1426 2871 1497; x_wconf 90' lang='lat' dir='ltr'><strong>prosilit</strong></span> <span class='ocrx_word' id='word_1_201' title='bbox 2898 1440 2913 1480; x_wconf 91' lang='lat'><strong>:</strong></span> <span class='ocrx_word' id='word_1_202' title='bbox 2947 1428 3042 1482; x_wconf 86' lang='lat' dir='ltr'><strong>sed</strong></span> <span class='ocrx_word' id='word_1_203' title='bbox 3074 1426 3289 1481; x_wconf 88' lang='lat' dir='ltr'><strong>interim</strong></span> <span class='ocrx_word' id='word_1_204' title='bbox 3310 1464 3325 1489; x_wconf 89' lang='lat'><strong>,</strong></span> <span class='ocrx_word' id='word_1_205' title='bbox 3357 1425 3482 1480; x_wconf 87' lang='lat' dir='ltr'><strong>dum</strong></span> <span class='ocrx_word' id='word_1_206' title='bbox 3511 1427 3652 1504; x_wconf 82' lang='lat' dir='ltr'><strong>intra</strong></span> 
     </span>
    </p>
   </div>
   <div class='ocr_carea' id='block_1_29' title="bbox 2073 1516 3651 1582">
    <p class='ocr_par' dir='ltr' id='par_1_29' title="bbox 2073 1516 3651 1582">
     <span class='ocr_line' id='line_1_29' title="bbox 2073 1516 3651 1582; baseline -0.003 -6"><span class='ocrx_word' id='word_1_207' title='bbox 2073 1532 2314 1578; x_wconf 90' lang='lat' dir='ltr'><strong>mentem</strong></span> <span class='ocrx_word' id='word_1_208' title='bbox 2338 1521 2487 1577; x_wconf 88' lang='lat' dir='ltr'><strong>velut</strong></span> <span class='ocrx_word' id='word_1_209' title='bbox 2514 1522 2570 1577; x_wconf 91' lang='lat' dir='ltr'><strong>in</strong></span> <span class='ocrx_word' id='word_1_210' title='bbox 2612 1520 2823 1576; x_wconf 86' lang='lat' dir='ltr'><strong>clibano</strong></span> <span class='ocrx_word' id='word_1_211' title='bbox 2848 1519 3223 1575; x_wconf 87' lang='lat' dir='ltr'><strong>vehementius</strong></span> <span class='ocrx_word' id='word_1_212' title='bbox 3264 1526 3456 1573; x_wconf 67' lang='lat' dir='ltr'><strong>aestuat</strong></span> <span class='ocrx_word' id='word_1_213' title='bbox 3477 1557 3494 1582; x_wconf 94' lang='lat'><strong>,</strong></span> <span class='ocrx_word' id='word_1_214' title='bbox 3525 1516 3651 1572; x_wconf 75' lang='lat' dir='ltr'><strong>licet</strong></span> 
     </span>
    </p>
   </div>
   <div class='ocr_carea' id='block_1_30' title="bbox 2074 1607 3652 1677">
    <p class='ocr_par' dir='ltr' id='par_1_30' title="bbox 2074 1607 3652 1677">
     <span class='ocr_line' id='line_1_30' title="bbox 2074 1607 3652 1677; baseline -0.004 -12"><span class='ocrx_word' id='word_1_215' title='bbox 2074 1613 2414 1667; x_wconf 80' lang='lat' dir='ltr'><strong>extrinsecus</strong></span> <span class='ocrx_word' id='word_1_216' title='bbox 2462 1619 2673 1677; x_wconf 85' lang='lat' dir='ltr'><strong>taceat,</strong></span> <span class='ocrx_word' id='word_1_217' title='bbox 2703 1610 2974 1665; x_wconf 89' lang='lat' dir='ltr'><strong>clamosas</strong></span> <span class='ocrx_word' id='word_1_218' title='bbox 2999 1609 3139 1663; x_wconf 88' lang='lat' dir='ltr'><strong>intra</strong></span> <span class='ocrx_word' id='word_1_219' title='bbox 3172 1607 3347 1662; x_wconf 91' lang='lat' dir='ltr'><strong>forum</strong></span> <span class='ocrx_word' id='word_1_220' title='bbox 3375 1607 3652 1662; x_wconf 81' lang='lat' dir='ltr'><strong>conscien-</strong></span> 
     </span>
    </p>
   </div>
   <div class='ocr_carea' id='block_1_31' title="bbox 2075 1695 3648 1768">
    <p class='ocr_par' dir='ltr' id='par_1_31' title="bbox 2075 1695 3648 1768">
     <span class='ocr_line' id='line_1_31' title="bbox 2075 1695 3648 1768; baseline -0.006 -11"><span class='ocrx_word' id='word_1_221' title='bbox 2075 1703 2164 1757; x_wconf 84' lang='lat' dir='ltr'><strong>tiae</strong></span> <span class='ocrx_word' id='word_1_222' title='bbox 2194 1717 2355 1758; x_wconf 88' lang='lat' dir='ltr'><strong>voces</strong></span> <span class='ocrx_word' id='word_1_223' title='bbox 2410 1700 2628 1756; x_wconf 86' lang='lat' dir='ltr'><strong>format.</strong></span> <span class='ocrx_word' id='word_1_224' title='bbox 2680 1700 2836 1756; x_wconf 89' lang='lat' dir='ltr'><strong>Unde</strong></span> <span class='ocrx_word' id='word_1_225' title='bbox 2882 1713 2978 1768; x_wconf 90' lang='lat' dir='ltr'><strong>per</strong></span> <span class='ocrx_word' id='word_1_226' title='bbox 3021 1697 3365 1753; x_wconf 87' lang='lat' dir='ltr'><strong>Salomonem</strong></span> <span class='ocrx_word' id='word_1_227' title='bbox 3410 1695 3648 1750; x_wconf 89' lang='lat' dir='ltr'><strong>dicitur:</strong></span> 
     </span>
    </p>
   </div>
   <div class='ocr_carea' id='block_1_32' title="bbox 2082 1782 3652 1861">
    <p class='ocr_par' dir='ltr' id='par_1_32' title="bbox 2082 1782 3652 1861">
     <span class='ocr_line' id='line_1_32' title="bbox 2082 1782 3652 1861; baseline -0.006 -14"><span class='ocrx_word' id='word_1_228' title='bbox 2082 1813 2100 1847; x_wconf 84' lang='grc'><strong>‹</strong></span> <span class='ocrx_word' id='word_1_229' title='bbox 2136 1793 2471 1849; x_wconf 63' lang='lat' dir='ltr'><strong>Praestolatio</strong></span> <span class='ocrx_word' id='word_1_230' title='bbox 2501 1791 2788 1861; x_wconf 89' lang='lat' dir='ltr'><strong>impiorum</strong></span> <span class='ocrx_word' id='word_1_231' title='bbox 2838 1789 2988 1844; x_wconf 89' lang='lat' dir='ltr'><strong>furor</strong></span> <span class='ocrx_word' id='word_1_232' title='bbox 3017 1788 3205 1860; x_wconf 88' lang='lat' dir='ltr'><strong>(Prov.</strong></span> <span class='ocrx_word' id='word_1_233' title='bbox 3244 1786 3343 1857; x_wconf 82' lang='lat' dir='ltr'><strong>xi).</strong></span> <span class='ocrx_word' id='word_1_234' title='bbox 3384 1803 3401 1837; x_wconf 73' lang='grc' dir='ltr'><strong><em>ι</em></strong></span> <span class='ocrx_word' id='word_1_235' title='bbox 3436 1785 3504 1839; x_wconf 90' lang='lat' dir='ltr'><strong>Et</strong></span> <span class='ocrx_word' id='word_1_236' title='bbox 3552 1782 3652 1838; x_wconf 91' lang='lat' dir='ltr'><strong>Sa-</strong></span> 
     </span>
    </p>
   </div>
   <div class='ocr_carea' id='block_1_33' title="bbox 401 1874 3652 1954">
    <p class='ocr_par' dir='ltr' id='par_1_33' title="bbox 401 1874 3652 1954">
     <span class='ocr_line' id='line_1_33' title="bbox 401 1874 3652 1954; baseline -0.003 -21"><span class='ocrx_word' id='word_1_237' title='bbox 401 1879 709 1935; x_wconf 86' lang='lat' dir='ltr'><strong>ﬂuctuantis</strong></span> <span class='ocrx_word' id='word_1_238' title='bbox 744 1880 921 1951; x_wconf 90' lang='lat' dir='ltr'><strong>imago</strong></span> <span class='ocrx_word' id='word_1_239' title='bbox 983 1879 1215 1949; x_wconf 71' lang='lat' dir='ltr'><strong>propria:</strong></span> <span class='ocrx_word' id='word_1_240' title='bbox 1264 1878 1457 1946; x_wconf 85' lang='lat' dir='ltr'><strong>origini</strong></span> <span class='ocrx_word' id='word_1_241' title='bbox 1506 1892 1611 1932; x_wconf 92' lang='lat' dir='ltr'><strong>non</strong></span> <span class='ocrx_word' id='word_1_242' title='bbox 1665 1874 1971 1945; x_wconf 82' lang='lat' dir='ltr'><strong>respondet.</strong></span> <span class='ocrx_word' id='word_1_243' title='bbox 2006 1876 2049 1936; x_wconf 84' lang='grc' dir='ltr'><strong>Β</strong></span> <span class='ocrx_word' id='word_1_244' title='bbox 2077 1883 2231 1954; x_wconf 75' lang='lat' dir='ltr'><strong>piens</strong></span> <span class='ocrx_word' id='word_1_245' title='bbox 2257 1882 2474 1951; x_wconf 76' lang='lat' dir='ltr'><strong>quidam</strong></span> <span class='ocrx_word' id='word_1_246' title='bbox 2505 1881 2583 1935; x_wconf 61' lang='lat' dir='ltr'><strong>ait</strong></span> <span class='ocrx_word' id='word_1_247' title='bbox 2615 1898 2628 1935; x_wconf 85' lang='lat'><strong>;</strong></span> <span class='ocrx_word' id='word_1_248' title='bbox 2667 1899 2684 1932; x_wconf 73' lang='grc' dir='ltr'>ι</span> <span class='ocrx_word' id='word_1_249' title='bbox 2718 1877 3090 1949; x_wconf 73' lang='lat' dir='ltr'><strong>Cogitationes</strong></span> <span class='ocrx_word' id='word_1_250' title='bbox 3135 1874 3380 1930; x_wconf 85' lang='lat' dir='ltr'><strong>iracundi</strong></span> <span class='ocrx_word' id='word_1_251' title='bbox 3410 1874 3652 1942; x_wconf 69' lang='lat' dir='ltr'><strong>&#39;vipercm</strong></span> 
     </span>
    </p>
   </div>
   <div class='ocr_carea' id='block_1_34' title="bbox 401 1969 1977 2041">
    <p class='ocr_par' dir='ltr' id='par_1_34' title="bbox 401 1969 1977 2041">
     <span class='ocr_line' id='line_1_34' title="bbox 401 1969 1977 2041; baseline -0.004 -12"><span class='ocrx_word' id='word_1_252' title='bbox 401 1973 507 2029; x_wconf 87' lang='lat' dir='ltr'><strong>Per</strong></span> <span class='ocrx_word' id='word_1_253' title='bbox 535 1974 671 2028; x_wconf 92' lang='lat' dir='ltr'><strong>iram</strong></span> <span class='ocrx_word' id='word_1_254' title='bbox 702 1972 937 2041; x_wconf 89' lang='lat' dir='ltr'><strong>denique</strong></span> <span class='ocrx_word' id='word_1_255' title='bbox 961 1972 1223 2041; x_wconf 80' lang='lat' dir='ltr'><strong>sapientia</strong></span> <span class='ocrx_word' id='word_1_256' title='bbox 1250 1971 1513 2041; x_wconf 89' lang='lat' dir='ltr'><strong>perditur,</strong></span> <span class='ocrx_word' id='word_1_257' title='bbox 1542 1979 1602 2023; x_wconf 89' lang='lat' dir='ltr'><strong>ut</strong></span> <span class='ocrx_word' id='word_1_258' title='bbox 1626 1969 1775 2037; x_wconf 91' lang='lat' dir='ltr'><strong>quid,</strong></span> <span class='ocrx_word' id='word_1_259' title='bbox 1802 1981 1977 2037; x_wconf 88' lang='lat' dir='ltr'><strong>quove</strong></span> 
     </span>
    </p>
   </div>
   <div class='ocr_carea' id='block_1_35' title="bbox 403 2060 1974 2133">
    <p class='ocr_par' dir='ltr' id='par_1_35' title="bbox 403 2060 1974 2133">
     <span class='ocr_line' id='line_1_35' title="bbox 403 2060 1974 2133; baseline -0.007 -12"><span class='ocrx_word' id='word_1_260' title='bbox 403 2066 594 2121; x_wconf 88' lang='lat' dir='ltr'><strong>ordine</strong></span> <span class='ocrx_word' id='word_1_261' title='bbox 616 2064 882 2133; x_wconf 89' lang='lat' dir='ltr'><strong>agendum</strong></span> <span class='ocrx_word' id='word_1_262' title='bbox 913 2063 1014 2126; x_wconf 92' lang='lat' dir='ltr'><strong>sit,</strong></span> <span class='ocrx_word' id='word_1_263' title='bbox 1039 2063 1335 2132; x_wconf 77' lang='lat' dir='ltr'><strong>ignoretur.</strong></span> <span class='ocrx_word' id='word_1_264' title='bbox 1389 2060 1541 2116; x_wconf 88' lang='lat' dir='ltr'><strong>Unde</strong></span> <span class='ocrx_word' id='word_1_265' title='bbox 1569 2060 1826 2128; x_wconf 90' lang='lat' dir='ltr'><strong>scripturn</strong></span> <span class='ocrx_word' id='word_1_266' title='bbox 1850 2065 1934 2112; x_wconf 88' lang='lat' dir='ltr'><strong>est</strong></span> <span class='ocrx_word' id='word_1_267' title='bbox 1959 2073 1974 2110; x_wconf 89' lang='lat'><strong>:</strong></span> 
     </span>
    </p>
   </div>
   <div class='ocr_carea' id='block_1_36' title="bbox 386 2146 1978 2222">
    <p class='ocr_par' dir='ltr' id='par_1_36' title="bbox 386 2146 1978 2222">
     <span class='ocr_line' id='line_1_36' title="bbox 386 2146 1978 2222; baseline -0.006 -15"><span class='ocrx_word' id='word_1_268' title='bbox 386 2146 429 2207; x_wconf 68' lang='grc' dir='ltr'>ἰ</span> <span class='ocrx_word' id='word_1_269' title='bbox 465 2155 547 2209; x_wconf 87' lang='lat' dir='ltr'><strong>lra</strong></span> <span class='ocrx_word' id='word_1_270' title='bbox 583 2155 636 2208; x_wconf 87' lang='lat' dir='ltr'><strong>in</strong></span> <span class='ocrx_word' id='word_1_271' title='bbox 665 2153 786 2208; x_wconf 89' lang='lat' dir='ltr'><strong>sinu</strong></span> <span class='ocrx_word' id='word_1_272' title='bbox 815 2152 965 2208; x_wconf 90' lang='lat' dir='ltr'><strong>stulti</strong></span> <span class='ocrx_word' id='word_1_273' title='bbox 1003 2152 1294 2222; x_wconf 86' lang='lat' dir='ltr'><strong>requiescit</strong></span> <span class='ocrx_word' id='word_1_274' title='bbox 1318 2149 1519 2221; x_wconf 78' lang='lat' dir='ltr'><strong>(Ecclc.</strong></span> <span class='ocrx_word' id='word_1_275' title='bbox 1549 2148 1666 2218; x_wconf 86' lang='lat' dir='ltr'><strong>vu).</strong></span> <span class='ocrx_word' id='word_1_276' title='bbox 1705 2166 1724 2198; x_wconf 72' lang='grc' dir='ltr'><strong><em>ι</em></strong></span> <span class='ocrx_word' id='word_1_277' title='bbox 1756 2148 1831 2201; x_wconf 90' lang='lat' dir='ltr'><strong>De</strong></span> <span class='ocrx_word' id='word_1_278' title='bbox 1872 2158 1978 2215; x_wconf 90' lang='lat' dir='ltr'><strong>qua</strong></span> 
     </span>
    </p>
   </div>
   <div class='ocr_carea' id='block_1_37' title="bbox 401 2234 1978 2312">
    <p class='ocr_par' dir='ltr' id='par_1_37' title="bbox 401 2234 1978 2312">
     <span class='ocr_line' id='line_1_37' title="bbox 401 2234 1978 2312; baseline -0.007 -14"><span class='ocrx_word' id='word_1_279' title='bbox 401 2243 529 2298; x_wconf 80' lang='lat' dir='ltr'><strong>alibi</strong></span> <span class='ocrx_word' id='word_1_280' title='bbox 558 2243 755 2312; x_wconf 83' lang='lat' dir='ltr'><strong>legitur</strong></span> <span class='ocrx_word' id='word_1_281' title='bbox 786 2258 800 2296; x_wconf 92' lang='lat'><strong>:</strong></span> <span class='ocrx_word' id='word_1_282' title='bbox 834 2259 852 2292; x_wconf 75' lang='grc' dir='ltr'>ι</span> <span class='ocrx_word' id='word_1_283' title='bbox 886 2241 968 2294; x_wconf 80' lang='lat' dir='ltr'><strong>ira</strong></span> <span class='ocrx_word' id='word_1_284' title='bbox 998 2241 1175 2311; x_wconf 86' lang='lat' dir='ltr'><strong>perdit</strong></span> <span class='ocrx_word' id='word_1_285' title='bbox 1219 2240 1382 2294; x_wconf 91' lang='lat' dir='ltr'><strong>etiam</strong></span> <span class='ocrx_word' id='word_1_286' title='bbox 1430 2238 1751 2309; x_wconf 89' lang='lat' dir='ltr'><strong>prudentes;</strong></span> <span class='ocrx_word' id='word_1_287' title='bbox 1800 2254 1819 2288; x_wconf 72' lang='grc' dir='ltr'><strong><em>ι</em></strong></span> <span class='ocrx_word' id='word_1_288' title='bbox 1850 2234 1978 2303; x_wconf 87' lang='lat' dir='ltr'><strong>quia</strong></span> 
     </span>
    </p>
   </div>
   <div class='ocr_carea' id='block_1_38' title="bbox 406 2324 1981 2396">
    <p class='ocr_par' dir='ltr' id='par_1_38' title="bbox 406 2324 1981 2396">
     <span class='ocr_line' id='line_1_38' title="bbox 406 2324 1981 2396; baseline -0.006 -8"><span class='ocrx_word' id='word_1_289' title='bbox 406 2334 652 2389; x_wconf 78' lang='lat' dir='ltr'><strong>videlicet</strong></span> <span class='ocrx_word' id='word_1_290' title='bbox 682 2331 935 2389; x_wconf 83' lang='lat' dir='ltr'><strong>confusus</strong></span> <span class='ocrx_word' id='word_1_291' title='bbox 963 2332 1175 2386; x_wconf 91' lang='lat' dir='ltr'><strong>animus</strong></span> <span class='ocrx_word' id='word_1_292' title='bbox 1194 2371 1208 2394; x_wconf 87' lang='lat'><strong>,</strong></span> <span class='ocrx_word' id='word_1_293' title='bbox 1238 2331 1451 2385; x_wconf 87' lang='lat' dir='ltr'><strong>etiamsi</strong></span> <span class='ocrx_word' id='word_1_294' title='bbox 1486 2328 1661 2382; x_wconf 83' lang='lat' dir='ltr'><strong>valeat</strong></span> <span class='ocrx_word' id='word_1_295' title='bbox 1697 2325 1824 2396; x_wconf 87' lang='lat' dir='ltr'><strong>quid</strong></span> <span class='ocrx_word' id='word_1_296' title='bbox 1853 2324 1981 2380; x_wconf 88' lang='lat' dir='ltr'><strong>sub-</strong></span> 
     </span>
    </p>
   </div>
   <div class='ocr_carea' id='block_1_39' title="bbox 405 2418 1979 2490">
    <p class='ocr_par' dir='ltr' id='par_1_39' title="bbox 405 2418 1979 2490">
     <span class='ocr_line' id='line_1_39' title="bbox 405 2418 1979 2490; baseline -0.007 -10"><span class='ocrx_word' id='word_1_297' title='bbox 405 2424 576 2481; x_wconf 87' lang='lat' dir='ltr'><strong>tiliter</strong></span> <span class='ocrx_word' id='word_1_298' title='bbox 599 2424 926 2490; x_wconf 83' lang='lat' dir='ltr'><strong>intelligere,</strong></span> <span class='ocrx_word' id='word_1_299' title='bbox 961 2419 1170 2475; x_wconf 87' lang='lat' dir='ltr'><strong>lethalis</strong></span> <span class='ocrx_word' id='word_1_300' title='bbox 1216 2420 1333 2474; x_wconf 93' lang='lat' dir='ltr'><strong>vitii</strong></span> <span class='ocrx_word' id='word_1_301' title='bbox 1380 2419 1519 2474; x_wconf 91' lang='lat' dir='ltr'><strong>mole</strong></span> <span class='ocrx_word' id='word_1_302' title='bbox 1557 2418 1844 2487; x_wconf 89' lang='lat' dir='ltr'><strong>depressus</strong></span> <span class='ocrx_word' id='word_1_303' title='bbox 1874 2429 1979 2470; x_wconf 90' lang='lat' dir='ltr'><strong>non</strong></span> 
     </span>
    </p>
   </div>
   <div class='ocr_carea' id='block_1_40' title="bbox 404 2505 1981 2583">
    <p class='ocr_par' dir='ltr' id='par_1_40' title="bbox 404 2505 1981 2583">
     <span class='ocr_line' id='line_1_40' title="bbox 404 2505 1981 2583; baseline -0.006 -16"><span class='ocrx_word' id='word_1_304' title='bbox 404 2513 548 2568; x_wconf 81' lang='lat' dir='ltr'><strong>valet</strong></span> <span class='ocrx_word' id='word_1_305' title='bbox 569 2513 805 2583; x_wconf 89' lang='lat' dir='ltr'><strong>explere.</strong></span> <span class='ocrx_word' id='word_1_306' title='bbox 833 2510 1003 2565; x_wconf 88' lang='lat' dir='ltr'><strong>Porro</strong></span> <span class='ocrx_word' id='word_1_307' title='bbox 1028 2519 1209 2565; x_wconf 90' lang='lat' dir='ltr'><strong>autem</strong></span> <span class='ocrx_word' id='word_1_308' title='bbox 1235 2510 1326 2579; x_wconf 90' lang='lat' dir='ltr'><strong>qui</strong></span> <span class='ocrx_word' id='word_1_309' title='bbox 1357 2508 1636 2564; x_wconf 91' lang='lat' dir='ltr'><strong>consuevit</strong></span> <span class='ocrx_word' id='word_1_310' title='bbox 1667 2505 1981 2576; x_wconf 89' lang='lat' dir='ltr'><strong>frequenter</strong></span> 
     </span>
    </p>
   </div>
   <div class='ocr_carea' id='block_1_41' title="bbox 402 2594 1979 2671">
    <p class='ocr_par' dir='ltr' id='par_1_41' title="bbox 402 2594 1979 2671">
     <span class='ocr_line' id='line_1_41' title="bbox 402 2594 1979 2671; baseline -0.008 -11"><span class='ocrx_word' id='word_1_311' title='bbox 402 2601 888 2671; x_wconf 80' lang='lat' dir='ltr'><strong>irasci,justitiam</strong></span> <span class='ocrx_word' id='word_1_312' title='bbox 940 2615 1215 2670; x_wconf 90' lang='lat' dir='ltr'><strong>nunquam</strong></span> <span class='ocrx_word' id='word_1_313' title='bbox 1263 2600 1459 2670; x_wconf 88' lang='lat' dir='ltr'><strong>poterit</strong></span> <span class='ocrx_word' id='word_1_314' title='bbox 1501 2597 1737 2668; x_wconf 89' lang='lat' dir='ltr'><strong>operari.</strong></span> <span class='ocrx_word' id='word_1_315' title='bbox 1766 2594 1979 2649; x_wconf 82' lang='lat' dir='ltr'><strong>Mentiri</strong></span> 
     </span>
    </p>
   </div>
   <div class='ocr_carea' id='block_1_42' title="bbox 404 2683 1979 2761">
    <p class='ocr_par' dir='ltr' id='par_1_42' title="bbox 404 2683 1979 2761">
     <span class='ocr_line' id='line_1_42' title="bbox 404 2683 1979 2761; baseline -0.01 -10"><span class='ocrx_word' id='word_1_316' title='bbox 404 2708 495 2751; x_wconf 76' lang='lat' dir='ltr'><strong>me</strong></span> <span class='ocrx_word' id='word_1_317' title='bbox 523 2694 755 2748; x_wconf 85' lang='lat' dir='ltr'><strong>fortasse</strong></span> <span class='ocrx_word' id='word_1_318' title='bbox 776 2692 897 2761; x_wconf 92' lang='lat' dir='ltr'><strong>quis</strong></span> <span class='ocrx_word' id='word_1_319' title='bbox 922 2690 1150 2755; x_wconf 81' lang='lat' dir='ltr'><strong>diceret,</strong></span> <span class='ocrx_word' id='word_1_320' title='bbox 1178 2690 1222 2743; x_wconf 90' lang='lat' dir='ltr'><strong>si</strong></span> <span class='ocrx_word' id='word_1_321' title='bbox 1250 2688 1525 2759; x_wconf 88' lang='lat' dir='ltr'><strong>apostolus</strong></span> <span class='ocrx_word' id='word_1_322' title='bbox 1547 2687 1601 2741; x_wconf 90' lang='lat' dir='ltr'><strong>in</strong></span> <span class='ocrx_word' id='word_1_323' title='bbox 1629 2683 1851 2755; x_wconf 88' lang='lat' dir='ltr'><strong>epistola</strong></span> <span class='ocrx_word' id='word_1_324' title='bbox 1873 2698 1979 2737; x_wconf 94' lang='lat' dir='ltr'><strong>non</strong></span> 
     </span>
    </p>
   </div>
   <div class='ocr_carea' id='block_1_43' title="bbox 403 2779 1983 2852">
    <p class='ocr_par' dir='ltr' id='par_1_43' title="bbox 403 2779 1983 2852">
     <span class='ocr_line' id='line_1_43' title="bbox 403 2779 1983 2852; baseline -0.009 -13"><span class='ocrx_word' id='word_1_325' title='bbox 403 2783 756 2852; x_wconf 78' lang='lat' dir='ltr'><strong>scripsisset:</strong></span> <span class='ocrx_word' id='word_1_326' title='bbox 798 2799 816 2831; x_wconf 73' lang='grc' dir='ltr'><strong><em>ι</em></strong></span> <span class='ocrx_word' id='word_1_327' title='bbox 855 2779 937 2833; x_wconf 90' lang='lat' dir='ltr'><strong>lra</strong></span> <span class='ocrx_word' id='word_1_328' title='bbox 978 2779 1080 2833; x_wconf 89' lang='lat' dir='ltr'><strong>viri</strong></span> <span class='ocrx_word' id='word_1_329' title='bbox 1116 2779 1384 2849; x_wconf 87' lang='lat' dir='ltr'><strong>justitiam</strong></span> <span class='ocrx_word' id='word_1_330' title='bbox 1431 2779 1522 2831; x_wconf 89' lang='lat' dir='ltr'><strong>Dei</strong></span> <span class='ocrx_word' id='word_1_331' title='bbox 1574 2792 1680 2829; x_wconf 92' lang='lat' dir='ltr'><strong>non</strong></span> <span class='ocrx_word' id='word_1_332' title='bbox 1727 2783 1983 2844; x_wconf 87' lang='lat' dir='ltr'><strong>operatur</strong></span> 
     </span>
    </p>
   </div>
   <div class='ocr_carea' id='block_1_44' title="bbox 404 2864 1982 2940">
    <p class='ocr_par' dir='ltr' id='par_1_44' title="bbox 404 2864 1982 2940">
     <span class='ocr_line' id='line_1_44' title="bbox 404 2864 1982 2940; baseline -0.008 -13"><span class='ocrx_word' id='word_1_333' title='bbox 404 2870 547 2933; x_wconf 80' lang='lat' dir='ltr'><strong>(Jac.</strong></span> <span class='ocrx_word' id='word_1_334' title='bbox 586 2870 647 2940; x_wconf 81' lang='grc' dir='ltr'><strong>ι).</strong></span> <span class='ocrx_word' id='word_1_335' title='bbox 691 2888 710 2921; x_wconf 72' lang='grc' dir='ltr'><strong><em>ι</em></strong></span> <span class='ocrx_word' id='word_1_336' title='bbox 746 2868 881 2922; x_wconf 82' lang='lat' dir='ltr'><strong>Nam</strong></span> <span class='ocrx_word' id='word_1_337' title='bbox 917 2868 1043 2922; x_wconf 89' lang='lat' dir='ltr'><strong>dum</strong></span> <span class='ocrx_word' id='word_1_338' title='bbox 1067 2868 1381 2937; x_wconf 88' lang='lat' dir='ltr'><strong>perturbata</strong></span> <span class='ocrx_word' id='word_1_339' title='bbox 1406 2881 1558 2920; x_wconf 91' lang='lat' dir='ltr'><strong>mens</strong></span> <span class='ocrx_word' id='word_1_340' title='bbox 1580 2864 1843 2932; x_wconf 87' lang='lat' dir='ltr'><strong>judicium</strong></span> <span class='ocrx_word' id='word_1_341' title='bbox 1869 2875 1982 2916; x_wconf 75' lang='lat' dir='ltr'><strong>sua:</strong></span> 
     </span>
    </p>
   </div>
   <div class='ocr_carea' id='block_1_45' title="bbox 408 2948 1981 3024">
    <p class='ocr_par' dir='ltr' id='par_1_45' title="bbox 408 2948 1981 3024">
     <span class='ocr_line' id='line_1_45' title="bbox 408 2948 1981 3024; baseline -0.004 -15"><span class='ocrx_word' id='word_1_342' title='bbox 408 2958 632 3012; x_wconf 87' lang='lat' dir='ltr'><strong>rationis</strong></span> <span class='ocrx_word' id='word_1_343' title='bbox 674 2965 993 3024; x_wconf 79' lang='lat' dir='ltr'><strong>exasperat,</strong></span> <span class='ocrx_word' id='word_1_344' title='bbox 1042 2969 1149 3007; x_wconf 89' lang='lat' dir='ltr'><strong>non</strong></span> <span class='ocrx_word' id='word_1_345' title='bbox 1197 2955 1338 3023; x_wconf 88' lang='lat' dir='ltr'><strong>quod</strong></span> <span class='ocrx_word' id='word_1_346' title='bbox 1382 2952 1524 3008; x_wconf 89' lang='lat' dir='ltr'><strong>Deus</strong></span> <span class='ocrx_word' id='word_1_347' title='bbox 1565 2950 1839 3022; x_wconf 59' lang='lat' dir='ltr'><strong>praecipit,</strong></span> <span class='ocrx_word' id='word_1_348' title='bbox 1885 2948 1981 3005; x_wconf 88' lang='lat' dir='ltr'><strong>sed</strong></span> 
     </span>
    </p>
   </div>
   <div class='ocr_carea' id='block_1_46' title="bbox 411 3045 1450 3115">
    <p class='ocr_par' dir='ltr' id='par_1_46' title="bbox 411 3045 1450 3115">
     <span class='ocr_line' id='line_1_46' title="bbox 411 3045 1450 3115; baseline -0.004 -14"><span class='ocrx_word' id='word_1_349' title='bbox 411 3047 551 3115; x_wconf 86' lang='lat' dir='ltr'><strong>quod</strong></span> <span class='ocrx_word' id='word_1_350' title='bbox 580 3045 734 3099; x_wconf 86' lang='lat' dir='ltr'><strong>furor</strong></span> <span class='ocrx_word' id='word_1_351' title='bbox 763 3045 1005 3114; x_wconf 81' lang='lat' dir='ltr'><strong>suggerit</strong></span> <span class='ocrx_word' id='word_1_352' title='bbox 1037 3050 1244 3097; x_wconf 86' lang='lat' dir='ltr'><strong>rectum</strong></span> <span class='ocrx_word' id='word_1_353' title='bbox 1274 3050 1450 3111; x_wconf 90' lang='lat' dir='ltr'><strong>putat.</strong></span> 
     </span>
    </p>
   </div>
   <div class='ocr_carea' id='block_1_47' title="bbox 477 3128 1983 3203">
    <p class='ocr_par' dir='ltr' id='par_1_47' title="bbox 477 3128 1983 3203">
     <span class='ocr_line' id='line_1_47' title="bbox 477 3128 1983 3203; baseline -0.004 -13"><span class='ocrx_word' id='word_1_354' title='bbox 477 3136 689 3203; x_wconf 83' lang='lat' dir='ltr'><strong>Quanta</strong></span> <span class='ocrx_word' id='word_1_355' title='bbox 714 3150 842 3189; x_wconf 90' lang='lat' dir='ltr'><strong>sane</strong></span> <span class='ocrx_word' id='word_1_356' title='bbox 871 3134 942 3188; x_wconf 94' lang='lat' dir='ltr'><strong>sit</strong></span> <span class='ocrx_word' id='word_1_357' title='bbox 970 3133 1262 3188; x_wconf 66' lang='lat' dir='ltr'><strong>iracundiae</strong></span> <span class='ocrx_word' id='word_1_358' title='bbox 1290 3132 1491 3196; x_wconf 78' lang='lat' dir='ltr'><strong>uestis,</strong></span> <span class='ocrx_word' id='word_1_359' title='bbox 1525 3132 1578 3187; x_wconf 91' lang='lat' dir='ltr'><strong>in</strong></span> <span class='ocrx_word' id='word_1_360' title='bbox 1606 3128 1710 3187; x_wconf 87' lang='lat' dir='ltr'><strong>hoc</strong></span> <span class='ocrx_word' id='word_1_361' title='bbox 1735 3139 1983 3202; x_wconf 89' lang='lat' dir='ltr'><strong>patenter</strong></span> 
     </span>
    </p>
   </div>
   <div class='ocr_carea' id='block_1_48' title="bbox 2078 1967 3649 2043">
    <p class='ocr_par' dir='ltr' id='par_1_48' title="bbox 2078 1967 3649 2043">
     <span class='ocr_line' id='line_1_48' title="bbox 2078 1967 3649 2043; baseline -0.008 -16"><span class='ocrx_word' id='word_1_362' title='bbox 2078 1981 2203 2027; x_wconf 93' lang='lat' dir='ltr'><strong>sunt</strong></span> <span class='ocrx_word' id='word_1_363' title='bbox 2216 1971 2617 2043; x_wconf 86' lang='lat' dir='ltr'><strong>generationes,</strong></span> <span class='ocrx_word' id='word_1_364' title='bbox 2635 1978 2870 2025; x_wconf 90' lang='lat' dir='ltr'><strong>mentem</strong></span> <span class='ocrx_word' id='word_1_365' title='bbox 2884 1967 3176 2023; x_wconf 90' lang='lat' dir='ltr'><strong>comedunt</strong></span> <span class='ocrx_word' id='word_1_366' title='bbox 3193 1974 3420 2019; x_wconf 85' lang='lat' dir='ltr'><strong>matrem</strong></span> <span class='ocrx_word' id='word_1_367' title='bbox 3440 1978 3649 2018; x_wconf 62' lang='lat' dir='ltr'><strong>suam.»</strong></span> 
     </span>
    </p>
   </div>
   <div class='ocr_carea' id='block_1_49' title="bbox 2079 2045 3652 2128">
    <p class='ocr_par' dir='ltr' id='par_1_49' title="bbox 2079 2045 3652 2128">
     <span class='ocr_line' id='line_1_49' title="bbox 2079 2045 3652 2128; baseline -0.005 -14"><span class='ocrx_word' id='word_1_368' title='bbox 2079 2061 2324 2115; x_wconf 88' lang='lat' dir='ltr'><strong>Tradunt</strong></span> <span class='ocrx_word' id='word_1_369' title='bbox 2376 2067 2561 2113; x_wconf 89' lang='lat' dir='ltr'><strong>autem</strong></span> <span class='ocrx_word' id='word_1_370' title='bbox 2609 2057 2821 2128; x_wconf 87' lang='lat' dir='ltr'><strong>physici</strong></span> <span class='ocrx_word' id='word_1_371' title='bbox 2863 2056 3007 2125; x_wconf 90' lang='lat' dir='ltr'><strong>quod</strong></span> <span class='ocrx_word' id='word_1_372' title='bbox 3052 2045 3233 2109; x_wconf 81' lang='lat' dir='ltr'><strong>anima</strong></span> <span class='ocrx_word' id='word_1_373' title='bbox 3285 2052 3519 2107; x_wconf 88' lang='lat' dir='ltr'><strong>hominis</strong></span> <span class='ocrx_word' id='word_1_374' title='bbox 3552 2050 3652 2106; x_wconf 86' lang='lat' dir='ltr'><strong>tri-</strong></span> 
     </span>
    </p>
   </div>
   <div class='ocr_carea' id='block_1_50' title="bbox 2077 2140 3649 2220">
    <p class='ocr_par' dir='ltr' id='par_1_50' title="bbox 2077 2140 3649 2220">
     <span class='ocr_line' id='line_1_50' title="bbox 2077 2140 3649 2220; baseline -0.005 -17"><span class='ocrx_word' id='word_1_375' title='bbox 2077 2150 2275 2220; x_wconf 87' lang='lat' dir='ltr'><strong>partita</strong></span> <span class='ocrx_word' id='word_1_376' title='bbox 2316 2148 2404 2204; x_wconf 92' lang='lat' dir='ltr'><strong>sit.</strong></span> <span class='ocrx_word' id='word_1_377' title='bbox 2437 2148 2532 2202; x_wconf 89' lang='lat' dir='ltr'><strong>Est</strong></span> <span class='ocrx_word' id='word_1_378' title='bbox 2561 2147 2740 2211; x_wconf 90' lang='lat' dir='ltr'><strong>enim,</strong></span> <span class='ocrx_word' id='word_1_379' title='bbox 2777 2153 2837 2200; x_wconf 91' lang='lat' dir='ltr'><strong>ut</strong></span> <span class='ocrx_word' id='word_1_380' title='bbox 2871 2144 3057 2210; x_wconf 90' lang='lat' dir='ltr'><strong>aiunt,</strong></span> <span class='ocrx_word' id='word_1_381' title='bbox 3092 2140 3376 2198; x_wconf 87' lang='lat' dir='ltr'><strong>rationalis</strong></span> <span class='ocrx_word' id='word_1_382' title='bbox 3399 2181 3414 2207; x_wconf 89' lang='lat'><strong>,</strong></span> <span class='ocrx_word' id='word_1_383' title='bbox 3465 2140 3649 2195; x_wconf 88' lang='lat' dir='ltr'><strong>irasci-</strong></span> 
     </span>
    </p>
   </div>
   <div class='ocr_carea' id='block_1_51' title="bbox 2079 2236 2728 2309">
    <p class='ocr_par' dir='ltr' id='par_1_51' title="bbox 2079 2236 2728 2309">
     <span class='ocr_line' id='line_1_51' title="bbox 2079 2236 2728 2309; baseline -0.011 -12"><span class='ocrx_word' id='word_1_384' title='bbox 2079 2241 2203 2297; x_wconf 89' lang='lat' dir='ltr'><strong>bilis</strong></span> <span class='ocrx_word' id='word_1_385' title='bbox 2219 2281 2233 2305; x_wconf 92' lang='lat'><strong>,</strong></span> <span class='ocrx_word' id='word_1_386' title='bbox 2265 2236 2728 2309; x_wconf 88' lang='lat' dir='ltr'><strong>concupiscibilis.</strong></span> 
     </span>
    </p>
   </div>
   <div class='ocr_carea' id='block_1_52' title="bbox 2149 2320 3651 2401">
    <p class='ocr_par' dir='ltr' id='par_1_52' title="bbox 2149 2320 3651 2401">
     <span class='ocr_line' id='line_1_52' title="bbox 2149 2320 3651 2401; baseline -0.009 -15"><span class='ocrx_word' id='word_1_387' title='bbox 2149 2330 2266 2386; x_wconf 87' lang='lat' dir='ltr'><strong>Non</strong></span> <span class='ocrx_word' id='word_1_388' title='bbox 2287 2345 2415 2401; x_wconf 90' lang='lat' dir='ltr'><strong>ergo</strong></span> <span class='ocrx_word' id='word_1_389' title='bbox 2436 2329 2552 2384; x_wconf 89' lang='lat' dir='ltr'><strong>sine</strong></span> <span class='ocrx_word' id='word_1_390' title='bbox 2576 2341 2772 2399; x_wconf 89' lang='lat' dir='ltr'><strong>magno</strong></span> <span class='ocrx_word' id='word_1_391' title='bbox 2794 2324 2980 2381; x_wconf 90' lang='lat' dir='ltr'><strong>labore</strong></span> <span class='ocrx_word' id='word_1_392' title='bbox 3000 2320 3384 2393; x_wconf 87' lang='lat' dir='ltr'><strong>compescitur,</strong></span> <span class='ocrx_word' id='word_1_393' title='bbox 3407 2334 3527 2390; x_wconf 65' lang='lat' dir='ltr'><strong>qua:</strong></span> <span class='ocrx_word' id='word_1_394' title='bbox 3547 2333 3651 2373; x_wconf 89' lang='lat' dir='ltr'><strong>non</strong></span> 
     </span>
    </p>
   </div>
   <div class='ocr_carea' id='block_1_53' title="bbox 2080 2409 3648 2492">
    <p class='ocr_par' dir='ltr' id='par_1_53' title="bbox 2080 2409 3648 2492">
     <span class='ocr_line' id='line_1_53' title="bbox 2080 2409 3648 2492; baseline -0.009 -16"><span class='ocrx_word' id='word_1_395' title='bbox 2080 2435 2178 2492; x_wconf 91' lang='lat' dir='ltr'><strong>per</strong></span> <span class='ocrx_word' id='word_1_396' title='bbox 2198 2421 2450 2476; x_wconf 86' lang='lat' dir='ltr'><strong>accidens</strong></span> <span class='ocrx_word' id='word_1_397' title='bbox 2477 2420 2672 2484; x_wconf 90' lang='lat' dir='ltr'><strong>oritur,</strong></span> <span class='ocrx_word' id='word_1_398' title='bbox 2711 2417 2805 2473; x_wconf 91' lang='lat' dir='ltr'><strong>sed</strong></span> <span class='ocrx_word' id='word_1_399' title='bbox 2826 2414 3171 2471; x_wconf 73' lang='lat' dir='ltr'><strong>naturaliter</strong></span> <span class='ocrx_word' id='word_1_400' title='bbox 3204 2412 3367 2468; x_wconf 89' lang='lat' dir='ltr'><strong>insita</strong></span> <span class='ocrx_word' id='word_1_401' title='bbox 3396 2409 3648 2480; x_wconf 88' lang='lat' dir='ltr'><strong>perbibe-</strong></span> 
     </span>
    </p>
   </div>
   <div class='ocr_carea' id='block_1_54' title="bbox 2082 2501 3653 2566">
    <p class='ocr_par' dir='ltr' id='par_1_54' title="bbox 2082 2501 3653 2566">
     <span class='ocr_line' id='line_1_54' title="bbox 2082 2501 3653 2566; baseline -0.008 -1"><span class='ocrx_word' id='word_1_402' title='bbox 2082 2520 2190 2565; x_wconf 92' lang='lat' dir='ltr'><strong>tur.</strong></span> <span class='ocrx_word' id='word_1_403' title='bbox 2229 2510 2614 2565; x_wconf 80' lang='lat' dir='ltr'><strong>Verumtamen</strong></span> <span class='ocrx_word' id='word_1_404' title='bbox 2663 2507 2924 2563; x_wconf 89' lang='lat' dir='ltr'><strong>adversus</strong></span> <span class='ocrx_word' id='word_1_405' title='bbox 2954 2505 3060 2560; x_wconf 92' lang='lat' dir='ltr'><strong>hoc</strong></span> <span class='ocrx_word' id='word_1_406' title='bbox 3104 2504 3323 2566; x_wconf 86' lang='lat' dir='ltr'><strong>vitium,</strong></span> <span class='ocrx_word' id='word_1_407' title='bbox 3365 2501 3509 2555; x_wconf 91' lang='lat' dir='ltr'><strong>sicut</strong></span> <span class='ocrx_word' id='word_1_408' title='bbox 3555 2513 3653 2553; x_wconf 82' lang='lat' dir='ltr'><strong>nec</strong></span> 
     </span>
    </p>
   </div>
   <div class='ocr_carea' id='block_1_55' title="bbox 2083 2591 3655 2669">
    <p class='ocr_par' dir='ltr' id='par_1_55' title="bbox 2083 2591 3655 2669">
     <span class='ocr_line' id='line_1_55' title="bbox 2083 2591 3655 2669; baseline -0.008 -14"><span class='ocrx_word' id='word_1_409' title='bbox 2083 2602 2345 2655; x_wconf 90' lang='lat' dir='ltr'><strong>adversus</strong></span> <span class='ocrx_word' id='word_1_410' title='bbox 2395 2597 2922 2669; x_wconf 89' lang='lat' dir='ltr'><strong>concupiscentiam,</strong></span> <span class='ocrx_word' id='word_1_411' title='bbox 2987 2608 3329 2664; x_wconf 89' lang='lat' dir='ltr'><strong>nequaquam</strong></span> <span class='ocrx_word' id='word_1_412' title='bbox 3394 2591 3655 2646; x_wconf 75' lang='lat' dir='ltr'><strong>debemus</strong></span> 
     </span>
    </p>
   </div>
   <div class='ocr_carea' id='block_1_56' title="bbox 2084 2679 3657 2758">
    <p class='ocr_par' dir='ltr' id='par_1_56' title="bbox 2084 2679 3657 2758">
     <span class='ocr_line' id='line_1_56' title="bbox 2084 2679 3657 2758; baseline -0.006 -15"><span class='ocrx_word' id='word_1_413' title='bbox 2084 2691 2375 2758; x_wconf 89' lang='lat' dir='ltr'><strong>desperare</strong></span> <span class='ocrx_word' id='word_1_414' title='bbox 2400 2688 2707 2743; x_wconf 89' lang='lat' dir='ltr'><strong>victoriam.</strong></span> <span class='ocrx_word' id='word_1_415' title='bbox 2738 2685 2943 2740; x_wconf 85' lang='lat' dir='ltr'><strong>Natura</strong></span> <span class='ocrx_word' id='word_1_416' title='bbox 2970 2682 3169 2754; x_wconf 88' lang='lat' dir='ltr'><strong>quippe</strong></span> <span class='ocrx_word' id='word_1_417' title='bbox 3196 2690 3401 2744; x_wconf 89' lang='lat' dir='ltr'><strong>nostra,</strong></span> <span class='ocrx_word' id='word_1_418' title='bbox 3436 2680 3521 2734; x_wconf 90' lang='lat' dir='ltr'><strong>cui</strong></span> <span class='ocrx_word' id='word_1_419' title='bbox 3549 2679 3657 2735; x_wconf 84' lang='lat' dir='ltr'><strong>sci-</strong></span> 
     </span>
    </p>
   </div>
   <div class='ocr_carea' id='block_1_57' title="bbox 2082 2770 3655 2847">
    <p class='ocr_par' dir='ltr' id='par_1_57' title="bbox 2082 2770 3655 2847">
     <span class='ocr_line' id='line_1_57' title="bbox 2082 2770 3655 2847; baseline -0.004 -16"><span class='ocrx_word' id='word_1_420' title='bbox 2082 2779 2209 2833; x_wconf 90' lang='lat' dir='ltr'><strong>licet</strong></span> <span class='ocrx_word' id='word_1_421' title='bbox 2234 2778 2334 2833; x_wconf 90' lang='lat' dir='ltr'><strong>ista</strong></span> <span class='ocrx_word' id='word_1_422' title='bbox 2365 2779 2620 2833; x_wconf 90' lang='lat' dir='ltr'><strong>dicuntur</strong></span> <span class='ocrx_word' id='word_1_423' title='bbox 2645 2776 2985 2847; x_wconf 89' lang='lat' dir='ltr'><strong>originaliter</strong></span> <span class='ocrx_word' id='word_1_424' title='bbox 3012 2775 3177 2829; x_wconf 85' lang='lat' dir='ltr'><strong>insita</strong></span> <span class='ocrx_word' id='word_1_425' title='bbox 3198 2812 3213 2839; x_wconf 94' lang='lat'><strong>,</strong></span> <span class='ocrx_word' id='word_1_426' title='bbox 3242 2787 3309 2828; x_wconf 84' lang='lat' dir='ltr'><strong>ex</strong></span> <span class='ocrx_word' id='word_1_427' title='bbox 3350 2770 3511 2842; x_wconf 90' lang='lat' dir='ltr'><strong>primi</strong></span> <span class='ocrx_word' id='word_1_428' title='bbox 3537 2770 3655 2840; x_wconf 86' lang='lat' dir='ltr'><strong>qui-</strong></span> 
     </span>
    </p>
   </div>
   <div class='ocr_carea' id='block_1_58' title="bbox 2085 2860 3655 2938">
    <p class='ocr_par' dir='ltr' id='par_1_58' title="bbox 2085 2860 3655 2938">
     <span class='ocr_line' id='line_1_58' title="bbox 2085 2860 3655 2938; baseline -0.005 -16"><span class='ocrx_word' id='word_1_429' title='bbox 2085 2868 2206 2922; x_wconf 92' lang='lat' dir='ltr'><strong>dem</strong></span> <span class='ocrx_word' id='word_1_430' title='bbox 2250 2867 2494 2938; x_wconf 90' lang='lat' dir='ltr'><strong>parentis</strong></span> <span class='ocrx_word' id='word_1_431' title='bbox 2539 2876 2625 2922; x_wconf 89' lang='lat' dir='ltr'><strong>est</strong></span> <span class='ocrx_word' id='word_1_432' title='bbox 2665 2865 3097 2936; x_wconf 87' lang='lat' dir='ltr'><strong>transgressione</strong></span> <span class='ocrx_word' id='word_1_433' title='bbox 3129 2861 3413 2931; x_wconf 84' lang='lat' dir='ltr'><strong>corrupta,</strong></span> <span class='ocrx_word' id='word_1_434' title='bbox 3461 2862 3556 2917; x_wconf 90' lang='lat' dir='ltr'><strong>sed</strong></span> <span class='ocrx_word' id='word_1_435' title='bbox 3586 2860 3655 2914; x_wconf 89' lang='lat' dir='ltr'><strong>ad</strong></span> 
     </span>
    </p>
   </div>
   <div class='ocr_carea' id='block_1_59' title="bbox 2086 2951 3657 3027">
    <p class='ocr_par' dir='ltr' id='par_1_59' title="bbox 2086 2951 3657 3027">
     <span class='ocr_line' id='line_1_59' title="bbox 2086 2951 3657 3027; baseline -0.005 -13"><span class='ocrx_word' id='word_1_436' title='bbox 2086 2968 2287 3014; x_wconf 90' lang='lat' dir='ltr'><strong>statum</strong></span> <span class='ocrx_word' id='word_1_437' title='bbox 2310 2956 2700 3014; x_wconf 89' lang='lat' dir='ltr'><strong>incolomitatis</strong></span> <span class='ocrx_word' id='word_1_438' title='bbox 2719 2957 2959 3027; x_wconf 75' lang='lat' dir='ltr'><strong>pristina:</strong></span> <span class='ocrx_word' id='word_1_439' title='bbox 2978 2970 3075 3024; x_wconf 90' lang='lat' dir='ltr'><strong>per</strong></span> <span class='ocrx_word' id='word_1_440' title='bbox 3095 2953 3265 3011; x_wconf 90' lang='lat' dir='ltr'><strong>nostri</strong></span> <span class='ocrx_word' id='word_1_441' title='bbox 3280 2951 3657 3021; x_wconf 79' lang='lat' dir='ltr'><strong>Redemptoris</strong></span> 
     </span>
    </p>
   </div>
   <div class='ocr_carea' id='block_1_60' title="bbox 2086 3040 3757 3119">
    <p class='ocr_par' dir='ltr' id='par_1_60' title="bbox 2086 3040 3757 3119">
     <span class='ocr_line' id='line_1_60' title="bbox 2086 3040 3757 3119; baseline -0.007 -16"><span class='ocrx_word' id='word_1_442' title='bbox 2086 3057 2172 3103; x_wconf 90' lang='lat' dir='ltr'><strong>est</strong></span> <span class='ocrx_word' id='word_1_443' title='bbox 2198 3048 2428 3119; x_wconf 89' lang='lat' dir='ltr'><strong>gratiam</strong></span> <span class='ocrx_word' id='word_1_444' title='bbox 2458 3046 2777 3102; x_wconf 88' lang='lat' dir='ltr'><strong>reformata.</strong></span> <span class='ocrx_word' id='word_1_445' title='bbox 2812 3046 2879 3100; x_wconf 87' lang='lat' dir='ltr'><strong>Et</strong></span> <span class='ocrx_word' id='word_1_446' title='bbox 2902 3046 3031 3101; x_wconf 93' lang='lat' dir='ltr'><strong>licet</strong></span> <span class='ocrx_word' id='word_1_447' title='bbox 3060 3044 3150 3099; x_wconf 94' lang='lat' dir='ltr'><strong>lex</strong></span> <span class='ocrx_word' id='word_1_448' title='bbox 3195 3043 3375 3100; x_wconf 89' lang='lat' dir='ltr'><strong>carnis</strong></span> <span class='ocrx_word' id='word_1_449' title='bbox 3406 3056 3528 3097; x_wconf 89' lang='lat' dir='ltr'><strong>cum</strong></span> <span class='ocrx_word' id='word_1_450' title='bbox 3549 3040 3656 3110; x_wconf 82' lang='lat' dir='ltr'><strong>spi-</strong></span> <span class='ocrx_word' id='word_1_451' title='bbox 3750 3076 3757 3083; x_wconf 81' lang='lat'><strong>.</strong></span> 
     </span>
    </p>
   </div>
   <div class='ocr_carea' id='block_1_61' title="bbox 2090 3130 3659 3207">
    <p class='ocr_par' dir='ltr' id='par_1_61' title="bbox 2090 3130 3659 3207">
     <span class='ocr_line' id='line_1_61' title="bbox 2090 3130 3659 3207; baseline -0.004 -17"><span class='ocrx_word' id='word_1_452' title='bbox 2090 3137 2226 3191; x_wconf 89' lang='lat' dir='ltr'><strong>ritus</strong></span> <span class='ocrx_word' id='word_1_453' title='bbox 2276 3137 2393 3207; x_wconf 88' lang='lat' dir='ltr'><strong>lege</strong></span> <span class='ocrx_word' id='word_1_454' title='bbox 2441 3136 2722 3207; x_wconf 87' lang='lat' dir='ltr'><strong>conﬂigat,</strong></span> <span class='ocrx_word' id='word_1_455' title='bbox 2753 3134 2913 3190; x_wconf 79' lang='lat' dir='ltr'><strong>facile</strong></span> <span class='ocrx_word' id='word_1_456' title='bbox 2959 3149 3112 3190; x_wconf 90' lang='lat' dir='ltr'><strong>mens</strong></span> <span class='ocrx_word' id='word_1_457' title='bbox 3160 3142 3345 3188; x_wconf 88' lang='lat' dir='ltr'><strong>nostra</strong></span> <span class='ocrx_word' id='word_1_458' title='bbox 3375 3130 3659 3186; x_wconf 85' lang='lat' dir='ltr'><strong>vetustatis</strong></span> 
     </span>
    </p>
   </div>
   <div class='ocr_carea' id='block_1_62' title="bbox 406 3213 3659 3311">
    <p class='ocr_par' dir='ltr' id='par_1_62' title="bbox 406 3213 3659 3311">
     <span class='ocr_line' id='line_1_62' title="bbox 406 3213 3659 3311; baseline -0.006 -30"><span class='ocrx_word' id='word_1_459' title='bbox 406 3226 748 3297; x_wconf 83' lang='lat' dir='ltr'><strong>exprimitur,</strong></span> <span class='ocrx_word' id='word_1_460' title='bbox 794 3238 917 3277; x_wconf 90' lang='lat' dir='ltr'><strong>cum</strong></span> <span class='ocrx_word' id='word_1_461' title='bbox 968 3222 1123 3276; x_wconf 86' lang='lat' dir='ltr'><strong>nobis</strong></span> <span class='ocrx_word' id='word_1_462' title='bbox 1183 3220 1426 3275; x_wconf 90' lang='lat' dir='ltr'><strong>iracundi</strong></span> <span class='ocrx_word' id='word_1_463' title='bbox 1473 3220 1707 3276; x_wconf 83' lang='lat' dir='ltr'><strong>hOminis</strong></span> <span class='ocrx_word' id='word_1_464' title='bbox 1756 3219 1986 3275; x_wconf 88' lang='lat' dir='ltr'><strong>societas</strong></span> <span class='ocrx_word' id='word_1_465' title='bbox 2013 3213 2058 3274; x_wconf 68' lang='grc' dir='ltr'>Ο</span> <span class='ocrx_word' id='word_1_466' title='bbox 2089 3243 2199 3283; x_wconf 62' lang='lat' dir='ltr'><strong>sua:</strong></span> <span class='ocrx_word' id='word_1_467' title='bbox 2230 3228 2478 3283; x_wconf 65' lang='lat' dir='ltr'><strong>tenebras</strong></span> <span class='ocrx_word' id='word_1_468' title='bbox 2505 3236 2756 3311; x_wconf 51' lang='lat' dir='ltr'><strong>superat,</strong></span> <span class='ocrx_word' id='word_1_469' title='bbox 2787 3227 2832 3282; x_wconf 75' lang='lat' dir='ltr'><strong>si</strong></span> <span class='ocrx_word' id='word_1_470' title='bbox 2859 3227 2913 3281; x_wconf 71' lang='lat' dir='ltr'><strong>in</strong></span> <span class='ocrx_word' id='word_1_471' title='bbox 2943 3240 3009 3281; x_wconf 74' lang='lat' dir='ltr'><strong>eo</strong></span> <span class='ocrx_word' id='word_1_472' title='bbox 3058 3240 3220 3294; x_wconf 75' lang='lat' dir='ltr'><strong>quem</strong></span> <span class='ocrx_word' id='word_1_473' title='bbox 3246 3234 3501 3278; x_wconf 64' lang='lat' dir='ltr'><strong>renoyam</strong></span> <span class='ocrx_word' id='word_1_474' title='bbox 3523 3237 3659 3277; x_wconf 72' lang='lat' dir='ltr'><strong>con-</strong></span> 
     </span>
    </p>
   </div>
   <div class='ocr_carea' id='block_1_63' title="bbox 406 3310 1985 3389">
    <p class='ocr_par' dir='ltr' id='par_1_63' title="bbox 406 3310 1985 3389">
     <span class='ocr_line' id='line_1_63' title="bbox 406 3310 1985 3389; baseline -0.006 -17"><span class='ocrx_word' id='word_1_475' title='bbox 406 3316 763 3389; x_wconf 82' lang='lat' dir='ltr'><strong>prohibetur;</strong></span> <span class='ocrx_word' id='word_1_476' title='bbox 803 3322 858 3368; x_wconf 90' lang='lat' dir='ltr'><strong>et</strong></span> <span class='ocrx_word' id='word_1_477' title='bbox 886 3313 1038 3382; x_wconf 87' lang='lat' dir='ltr'><strong>quasi</strong></span> <span class='ocrx_word' id='word_1_478' title='bbox 1072 3328 1168 3383; x_wconf 92' lang='lat' dir='ltr'><strong>per</strong></span> <span class='ocrx_word' id='word_1_479' title='bbox 1196 3312 1432 3381; x_wconf 74' lang='lat' dir='ltr'><strong>antiqua:</strong></span> <span class='ocrx_word' id='word_1_480' title='bbox 1460 3310 1742 3381; x_wconf 65' lang='lat' dir='ltr'><strong>scripturae</strong></span> <span class='ocrx_word' id='word_1_481' title='bbox 1767 3318 1985 3365; x_wconf 75' lang='lat' dir='ltr'><strong>senten-</strong></span> 
     </span>
    </p>
   </div>
   <div class='ocr_carea' id='block_1_64' title="bbox 405 3400 1984 3476">
    <p class='ocr_par' dir='ltr' id='par_1_64' title="bbox 405 3400 1984 3476">
     <span class='ocr_line' id='line_1_64' title="bbox 405 3400 1984 3476; baseline -0.007 -12"><span class='ocrx_word' id='word_1_482' title='bbox 405 3407 537 3464; x_wconf 88' lang='lat' dir='ltr'><strong>tiam</strong></span> <span class='ocrx_word' id='word_1_483' title='bbox 563 3407 795 3476; x_wconf 87' lang='lat' dir='ltr'><strong>quadam</strong></span> <span class='ocrx_word' id='word_1_484' title='bbox 818 3404 960 3475; x_wconf 83' lang='lat' dir='ltr'><strong>jam,</strong></span> <span class='ocrx_word' id='word_1_485' title='bbox 990 3412 1048 3457; x_wconf 91' lang='lat' dir='ltr'><strong>ut</strong></span> <span class='ocrx_word' id='word_1_486' title='bbox 1076 3404 1148 3457; x_wconf 89' lang='lat' dir='ltr'><strong>ita</strong></span> <span class='ocrx_word' id='word_1_487' title='bbox 1196 3401 1388 3466; x_wconf 88' lang='lat' dir='ltr'><strong>fatear,</strong></span> <span class='ocrx_word' id='word_1_488' title='bbox 1426 3400 1984 3456; x_wconf 86' lang='lat' dir='ltr'><strong>excommunicatione</strong></span> 
     </span>
    </p>
   </div>
   <div class='ocr_carea' id='block_1_65' title="bbox 411 3490 1985 3564">
    <p class='ocr_par' dir='ltr' id='par_1_65' title="bbox 411 3490 1985 3564">
     <span class='ocr_line' id='line_1_65' title="bbox 411 3490 1985 3564; baseline -0.004 -15"><span class='ocrx_word' id='word_1_489' title='bbox 411 3495 738 3564; x_wconf 82' lang='lat' dir='ltr'><strong>percellitur,</strong></span> <span class='ocrx_word' id='word_1_490' title='bbox 771 3495 895 3548; x_wconf 89' lang='lat' dir='ltr'><strong>dum</strong></span> <span class='ocrx_word' id='word_1_491' title='bbox 924 3509 954 3546; x_wconf 91' lang='lat' dir='ltr'><strong>a</strong></span> <span class='ocrx_word' id='word_1_492' title='bbox 980 3492 1351 3561; x_wconf 86' lang='lat' dir='ltr'><strong>proximorum</strong></span> <span class='ocrx_word' id='word_1_493' title='bbox 1379 3506 1601 3546; x_wconf 88' lang='lat' dir='ltr'><strong>suorum</strong></span> <span class='ocrx_word' id='word_1_494' title='bbox 1629 3490 1985 3546; x_wconf 86' lang='lat' dir='ltr'><strong>contubernio</strong></span> 
     </span>
    </p>
   </div>
   <div class='ocr_carea' id='block_1_66' title="bbox 406 3581 1985 3655">
    <p class='ocr_par' dir='ltr' id='par_1_66' title="bbox 406 3581 1985 3655">
     <span class='ocr_line' id='line_1_66' title="bbox 406 3581 1985 3655; baseline -0.002 -17"><span class='ocrx_word' id='word_1_495' title='bbox 406 3596 707 3655; x_wconf 83' lang='lat' dir='ltr'><strong>separatur.</strong></span> <span class='ocrx_word' id='word_1_496' title='bbox 734 3583 823 3637; x_wconf 86' lang='lat' dir='ltr'><strong>Ait</strong></span> <span class='ocrx_word' id='word_1_497' title='bbox 866 3584 1010 3637; x_wconf 77' lang='lat' dir='ltr'><strong>enim</strong></span> <span class='ocrx_word' id='word_1_498' title='bbox 1057 3581 1310 3637; x_wconf 88' lang='lat' dir='ltr'><strong>Salomon</strong></span> <span class='ocrx_word' id='word_1_499' title='bbox 1339 3599 1353 3636; x_wconf 86' lang='lat'><strong>:</strong></span> <span class='ocrx_word' id='word_1_500' title='bbox 1390 3600 1409 3634; x_wconf 86' lang='grc'><strong>‹</strong></span> <span class='ocrx_word' id='word_1_501' title='bbox 1440 3581 1556 3637; x_wconf 86' lang='lat' dir='ltr'><strong>Noli</strong></span> <span class='ocrx_word' id='word_1_502' title='bbox 1588 3597 1708 3638; x_wconf 90' lang='lat' dir='ltr'><strong>esse</strong></span> <span class='ocrx_word' id='word_1_503' title='bbox 1738 3582 1985 3637; x_wconf 87' lang='lat' dir='ltr'><strong>assiduus</strong></span> 
     </span>
    </p>
   </div>
   <div class='ocr_carea' id='block_1_67' title="bbox 411 3664 1987 3744">
    <p class='ocr_par' dir='ltr' id='par_1_67' title="bbox 411 3664 1987 3744">
     <span class='ocr_line' id='line_1_67' title="bbox 411 3664 1987 3744; baseline -0.001 -16"><span class='ocrx_word' id='word_1_504' title='bbox 411 3692 534 3730; x_wconf 90' lang='lat' dir='ltr'><strong>cum</strong></span> <span class='ocrx_word' id='word_1_505' title='bbox 568 3675 785 3730; x_wconf 85' lang='lat' dir='ltr'><strong>homine</strong></span> <span class='ocrx_word' id='word_1_506' title='bbox 825 3664 1118 3740; x_wconf 87' lang='lat' dir='ltr'><strong>iracundo,</strong></span> <span class='ocrx_word' id='word_1_507' title='bbox 1150 3689 1217 3729; x_wconf 91' lang='lat' dir='ltr'><strong>ne</strong></span> <span class='ocrx_word' id='word_1_508' title='bbox 1248 3674 1426 3729; x_wconf 90' lang='lat' dir='ltr'><strong>discas</strong></span> <span class='ocrx_word' id='word_1_509' title='bbox 1473 3676 1698 3730; x_wconf 88' lang='lat' dir='ltr'><strong>semitas</strong></span> <span class='ocrx_word' id='word_1_510' title='bbox 1744 3675 1895 3744; x_wconf 91' lang='lat' dir='ltr'><strong>ejus,</strong></span> <span class='ocrx_word' id='word_1_511' title='bbox 1932 3683 1987 3728; x_wconf 90' lang='lat' dir='ltr'><strong>et</strong></span> 
     </span>
    </p>
   </div>
   <div class='ocr_carea' id='block_1_68' title="bbox 405 3764 1987 3836">
    <p class='ocr_par' dir='ltr' id='par_1_68' title="bbox 405 3764 1987 3836">
     <span class='ocr_line' id='line_1_68' title="bbox 405 3764 1987 3836; baseline 0.001 -17"><span class='ocrx_word' id='word_1_512' title='bbox 405 3778 593 3821; x_wconf 82' lang='lat' dir='ltr'><strong>sumas</strong></span> <span class='ocrx_word' id='word_1_513' title='bbox 617 3764 928 3821; x_wconf 89' lang='lat' dir='ltr'><strong>scandalum</strong></span> <span class='ocrx_word' id='word_1_514' title='bbox 964 3765 1157 3819; x_wconf 86' lang='lat' dir='ltr'><strong>animae</strong></span> <span class='ocrx_word' id='word_1_515' title='bbox 1184 3775 1287 3820; x_wconf 74' lang='lat' dir='ltr'><strong>tua:</strong></span> <span class='ocrx_word' id='word_1_516' title='bbox 1318 3764 1497 3836; x_wconf 85' lang='lat' dir='ltr'><strong>(Prov.</strong></span> <span class='ocrx_word' id='word_1_517' title='bbox 1546 3765 1701 3835; x_wconf 86' lang='lat' dir='ltr'><strong>xxii).</strong></span> <span class='ocrx_word' id='word_1_518' title='bbox 1742 3785 1761 3818; x_wconf 71' lang='grc' dir='ltr'><strong><em>ι</em></strong></span> <span class='ocrx_word' id='word_1_519' title='bbox 1793 3766 1860 3820; x_wconf 86' lang='lat' dir='ltr'><strong>Et</strong></span> <span class='ocrx_word' id='word_1_520' title='bbox 1888 3767 1987 3821; x_wconf 82' lang='lat' dir='ltr'><strong>ite-</strong></span> 
     </span>
    </p>
   </div>
   <div class='ocr_carea' id='block_1_69' title="bbox 413 3856 1985 3927">
    <p class='ocr_par' dir='ltr' id='par_1_69' title="bbox 413 3856 1985 3927">
     <span class='ocr_line' id='line_1_69' title="bbox 413 3856 1985 3927; baseline -0.001 -16"><span class='ocrx_word' id='word_1_521' title='bbox 413 3873 532 3912; x_wconf 90' lang='lat' dir='ltr'><strong>rum</strong></span> <span class='ocrx_word' id='word_1_522' title='bbox 564 3876 577 3912; x_wconf 90' lang='lat'>:</span> <span class='ocrx_word' id='word_1_523' title='bbox 614 3876 632 3909; x_wconf 80' lang='grc' dir='ltr'>ι</span> <span class='ocrx_word' id='word_1_524' title='bbox 666 3856 855 3911; x_wconf 80' lang='lat' dir='ltr'><strong>Melius</strong></span> <span class='ocrx_word' id='word_1_525' title='bbox 880 3866 996 3919; x_wconf 89' lang='lat' dir='ltr'><strong>est,</strong></span> <span class='ocrx_word' id='word_1_526' title='bbox 1030 3856 1237 3925; x_wconf 91' lang='lat' dir='ltr'><strong>inquit,</strong></span> <span class='ocrx_word' id='word_1_527' title='bbox 1266 3858 1455 3912; x_wconf 84' lang='lat' dir='ltr'><strong>sedere</strong></span> <span class='ocrx_word' id='word_1_528' title='bbox 1498 3857 1551 3911; x_wconf 91' lang='lat' dir='ltr'><strong>in</strong></span> <span class='ocrx_word' id='word_1_529' title='bbox 1582 3857 1776 3927; x_wconf 86' lang='lat' dir='ltr'><strong>angulo</strong></span> <span class='ocrx_word' id='word_1_530' title='bbox 1805 3859 1985 3913; x_wconf 82' lang='lat' dir='ltr'><strong>doma-</strong></span> 
     </span>
    </p>
   </div>
   <div class='ocr_carea' id='block_1_70' title="bbox 415 3947 1984 4017">
    <p class='ocr_par' dir='ltr' id='par_1_70' title="bbox 415 3947 1984 4017">
     <span class='ocr_line' id='line_1_70' title="bbox 415 3947 1984 4017; baseline 0.002 -19"><span class='ocrx_word' id='word_1_531' title='bbox 415 3949 515 4013; x_wconf 87' lang='lat' dir='ltr'><strong>tis,</strong></span> <span class='ocrx_word' id='word_1_532' title='bbox 541 3962 855 4017; x_wconf 90' lang='lat' dir='ltr'><strong>quamcum</strong></span> <span class='ocrx_word' id='word_1_533' title='bbox 888 3947 1115 4002; x_wconf 86' lang='lat' dir='ltr'><strong>muliere</strong></span> <span class='ocrx_word' id='word_1_534' title='bbox 1147 3947 1377 4017; x_wconf 83' lang='lat' dir='ltr'><strong>litigiosa</strong></span> <span class='ocrx_word' id='word_1_535' title='bbox 1425 3957 1480 4003; x_wconf 91' lang='lat' dir='ltr'><strong>et</strong></span> <span class='ocrx_word' id='word_1_536' title='bbox 1527 3948 1579 4001; x_wconf 91' lang='lat' dir='ltr'><strong>in</strong></span> <span class='ocrx_word' id='word_1_537' title='bbox 1626 3947 1787 4002; x_wconf 92' lang='lat' dir='ltr'><strong>domo</strong></span> <span class='ocrx_word' id='word_1_538' title='bbox 1836 3963 1984 4002; x_wconf 88' lang='lat' dir='ltr'><strong>com-</strong></span> 
     </span>
    </p>
   </div>
   <div class='ocr_carea' id='block_1_71' title="bbox 416 4035 1985 4109">
    <p class='ocr_par' dir='ltr' id='par_1_71' title="bbox 416 4035 1985 4109">
     <span class='ocr_line' id='line_1_71' title="bbox 416 4035 1985 4109; baseline -0.001 -17"><span class='ocrx_word' id='word_1_539' title='bbox 416 4038 561 4093; x_wconf 85' lang='lat' dir='ltr'><strong>muni</strong></span> <span class='ocrx_word' id='word_1_540' title='bbox 590 4035 772 4109; x_wconf 84' lang='lat' dir='ltr'><strong>(Prov.</strong></span> <span class='ocrx_word' id='word_1_541' title='bbox 804 4037 941 4106; x_wconf 75' lang='lat' dir='ltr'><strong>XXI).</strong></span> <span class='ocrx_word' id='word_1_542' title='bbox 978 4056 997 4090; x_wconf 70' lang='grc' dir='ltr'><strong><em>ι</em></strong></span> <span class='ocrx_word' id='word_1_543' title='bbox 1039 4036 1186 4093; x_wconf 87' lang='lat' dir='ltr'><strong>Unde</strong></span> <span class='ocrx_word' id='word_1_544' title='bbox 1218 4037 1385 4109; x_wconf 65' lang='grc'><strong>674</strong></span> <span class='ocrx_word' id='word_1_545' title='bbox 1410 4038 1499 4107; x_wconf 92' lang='lat' dir='ltr'><strong>qui</strong></span> <span class='ocrx_word' id='word_1_546' title='bbox 1536 4052 1595 4092; x_wconf 91' lang='lat' dir='ltr'><strong>se</strong></span> <span class='ocrx_word' id='word_1_547' title='bbox 1637 4054 1705 4093; x_wconf 89' lang='lat' dir='ltr'><strong>ex</strong></span> <span class='ocrx_word' id='word_1_548' title='bbox 1754 4041 1985 4092; x_wconf 85' lang='lat' dir='ltr'><strong>humana</strong></span> 
     </span>
    </p>
   </div>
   <div class='ocr_carea' id='block_1_72' title="bbox 416 4128 1989 4199">
    <p class='ocr_par' dir='ltr' id='par_1_72' title="bbox 416 4128 1989 4199">
     <span class='ocr_line' id='line_1_72' title="bbox 416 4128 1989 4199; baseline 0.002 -18"><span class='ocrx_word' id='word_1_549' title='bbox 416 4129 627 4184; x_wconf 90' lang='lat' dir='ltr'><strong>ratione</strong></span> <span class='ocrx_word' id='word_1_550' title='bbox 654 4144 760 4183; x_wconf 89' lang='lat' dir='ltr'><strong>non</strong></span> <span class='ocrx_word' id='word_1_551' title='bbox 796 4137 1096 4199; x_wconf 83' lang='lat' dir='ltr'><strong>temperat,</strong></span> <span class='ocrx_word' id='word_1_552' title='bbox 1128 4145 1349 4184; x_wconf 88' lang='lat' dir='ltr'><strong>necesse</strong></span> <span class='ocrx_word' id='word_1_553' title='bbox 1400 4138 1484 4185; x_wconf 90' lang='lat' dir='ltr'><strong>est</strong></span> <span class='ocrx_word' id='word_1_554' title='bbox 1529 4138 1587 4184; x_wconf 92' lang='lat' dir='ltr'><strong>ut</strong></span> <span class='ocrx_word' id='word_1_555' title='bbox 1615 4131 1762 4185; x_wconf 90' lang='lat' dir='ltr'><strong>solus</strong></span> <span class='ocrx_word' id='word_1_556' title='bbox 1792 4128 1989 4186; x_wconf 82' lang='lat' dir='ltr'><strong>bestia-</strong></span> 
     </span>
    </p>
   </div>
   <div class='ocr_carea' id='block_1_73' title="bbox 421 4217 1989 4289">
    <p class='ocr_par' dir='ltr' id='par_1_73' title="bbox 421 4217 1989 4289">
     <span class='ocr_line' id='line_1_73' title="bbox 421 4217 1989 4289; baseline 0.003 -18"><span class='ocrx_word' id='word_1_557' title='bbox 421 4220 543 4274; x_wconf 87' lang='lat' dir='ltr'><strong>liter</strong></span> <span class='ocrx_word' id='word_1_558' title='bbox 571 4219 736 4272; x_wconf 85' lang='lat' dir='ltr'><strong>vivat.</strong></span> <span class='ocrx_word' id='word_1_559' title='bbox 765 4217 868 4273; x_wconf 91' lang='lat' dir='ltr'><strong>Per</strong></span> <span class='ocrx_word' id='word_1_560' title='bbox 895 4219 1029 4273; x_wconf 87' lang='lat' dir='ltr'><strong>iram</strong></span> <span class='ocrx_word' id='word_1_561' title='bbox 1060 4234 1190 4274; x_wconf 88' lang='lat' dir='ltr'><strong>sane</strong></span> <span class='ocrx_word' id='word_1_562' title='bbox 1214 4220 1501 4274; x_wconf 89' lang='lat' dir='ltr'><strong>concordia</strong></span> <span class='ocrx_word' id='word_1_563' title='bbox 1533 4220 1820 4289; x_wconf 90' lang='lat' dir='ltr'><strong>rumpitur,</strong></span> <span class='ocrx_word' id='word_1_564' title='bbox 1849 4222 1989 4276; x_wconf 89' lang='lat' dir='ltr'><strong>unde</strong></span> 
     </span>
    </p>
   </div>
   <div class='ocr_carea' id='block_1_74' title="bbox 412 4298 1989 4375">
    <p class='ocr_par' dir='ltr' id='par_1_74' title="bbox 412 4298 1989 4375">
     <span class='ocr_line' id='line_1_74' title="bbox 412 4298 1989 4375; baseline 0.001 -13"><span class='ocrx_word' id='word_1_565' title='bbox 412 4306 844 4362; x_wconf 82' lang='lat' dir='ltr'><strong>cohabitantium</strong></span> <span class='ocrx_word' id='word_1_566' title='bbox 880 4320 1023 4375; x_wconf 66' lang='lat' dir='ltr'><strong>saepe</strong></span> <span class='ocrx_word' id='word_1_567' title='bbox 1078 4308 1313 4361; x_wconf 88' lang='lat' dir='ltr'><strong>societas</strong></span> <span class='ocrx_word' id='word_1_568' title='bbox 1360 4298 1610 4362; x_wconf 87' lang='lat' dir='ltr'><strong>violatur.</strong></span> <span class='ocrx_word' id='word_1_569' title='bbox 1659 4308 1811 4363; x_wconf 91' lang='lat' dir='ltr'><strong>Sicut</strong></span> <span class='ocrx_word' id='word_1_570' title='bbox 1856 4310 1989 4364; x_wconf 91' lang='lat' dir='ltr'><strong>scri-</strong></span> 
     </span>
    </p>
   </div>
   <div class='ocr_carea' id='block_1_75' title="bbox 415 4395 1990 4465">
    <p class='ocr_par' dir='ltr' id='par_1_75' title="bbox 415 4395 1990 4465">
     <span class='ocr_line' id='line_1_75' title="bbox 415 4395 1990 4465; baseline 0.004 -17"><span class='ocrx_word' id='word_1_571' title='bbox 415 4403 566 4463; x_wconf 91' lang='lat' dir='ltr'><strong>ptum</strong></span> <span class='ocrx_word' id='word_1_572' title='bbox 591 4403 674 4448; x_wconf 91' lang='lat' dir='ltr'><strong>est</strong></span> <span class='ocrx_word' id='word_1_573' title='bbox 699 4412 713 4448; x_wconf 89' lang='lat'><strong>:</strong></span> <span class='ocrx_word' id='word_1_574' title='bbox 743 4414 762 4447; x_wconf 77' lang='grc' dir='ltr'>ι</span> <span class='ocrx_word' id='word_1_575' title='bbox 790 4395 882 4448; x_wconf 81' lang='lat' dir='ltr'><strong>Vir</strong></span> <span class='ocrx_word' id='word_1_576' title='bbox 908 4396 1187 4450; x_wconf 88' lang='lat' dir='ltr'><strong>animosus</strong></span> <span class='ocrx_word' id='word_1_577' title='bbox 1206 4396 1347 4465; x_wconf 89' lang='lat' dir='ltr'><strong>parit</strong></span> <span class='ocrx_word' id='word_1_578' title='bbox 1376 4398 1543 4461; x_wconf 88' lang='lat' dir='ltr'><strong>rixas,</strong></span> <span class='ocrx_word' id='word_1_579' title='bbox 1577 4407 1633 4452; x_wconf 91' lang='lat' dir='ltr'><strong>et</strong></span> <span class='ocrx_word' id='word_1_580' title='bbox 1659 4400 1743 4452; x_wconf 90' lang='lat' dir='ltr'><strong>vir</strong></span> <span class='ocrx_word' id='word_1_581' title='bbox 1773 4400 1990 4454; x_wconf 91' lang='lat' dir='ltr'><strong>iracun-</strong></span> 
     </span>
    </p>
   </div>
   <div class='ocr_carea' id='block_1_76' title="bbox 417 4481 1990 4558">
    <p class='ocr_par' dir='ltr' id='par_1_76' title="bbox 417 4481 1990 4558">
     <span class='ocr_line' id='line_1_76' title="bbox 417 4481 1990 4558; baseline 0.004 -21"><span class='ocrx_word' id='word_1_582' title='bbox 417 4484 517 4537; x_wconf 87' lang='lat' dir='ltr'><strong>dus</strong></span> <span class='ocrx_word' id='word_1_583' title='bbox 538 4482 725 4538; x_wconf 75' lang='lat' dir='ltr'><strong>eﬂ‘odit</strong></span> <span class='ocrx_word' id='word_1_584' title='bbox 753 4492 975 4553; x_wconf 86' lang='lat' dir='ltr'><strong>peccata</strong></span> <span class='ocrx_word' id='word_1_585' title='bbox 1022 4481 1203 4552; x_wconf 89' lang='lat' dir='ltr'><strong>(Prov.</strong></span> <span class='ocrx_word' id='word_1_586' title='bbox 1252 4485 1428 4556; x_wconf 84' lang='lat' dir='ltr'><strong>xxix).</strong></span> <span class='ocrx_word' id='word_1_587' title='bbox 1468 4503 1488 4537; x_wconf 77' lang='grc' dir='ltr'><strong><em>ι</em></strong></span> <span class='ocrx_word' id='word_1_588' title='bbox 1521 4486 1749 4541; x_wconf 89' lang='lat' dir='ltr'><strong>Peccata</strong></span> <span class='ocrx_word' id='word_1_589' title='bbox 1796 4502 1990 4558; x_wconf 88' lang='lat' dir='ltr'><strong>nempe</strong></span> 
     </span>
    </p>
   </div>
   <div class='ocr_carea' id='block_1_77' title="bbox 416 4551 2069 4646">
    <p class='ocr_par' dir='ltr' id='par_1_77' title="bbox 416 4551 2069 4646">
     <span class='ocr_line' id='line_1_77' title="bbox 416 4551 2069 4646; baseline 0.004 -20"><span class='ocrx_word' id='word_1_590' title='bbox 416 4572 708 4628; x_wconf 88' lang='lat' dir='ltr'><strong>iracundus</strong></span> <span class='ocrx_word' id='word_1_591' title='bbox 755 4551 1077 4642; x_wconf 4' lang='lat' dir='ltr'><strong>(perhibetur</strong></span> <span class='ocrx_word' id='word_1_592' title='bbox 1121 4551 1395 4640; x_wconf 63' lang='lat' dir='ltr'><strong>eﬂ‘odere,</strong></span> <span class='ocrx_word' id='word_1_593' title='bbox 1412 4575 1539 4646; x_wconf 87' lang='lat' dir='ltr'><strong>quia</strong></span> <span class='ocrx_word' id='word_1_594' title='bbox 1585 4576 1755 4633; x_wconf 89' lang='lat' dir='ltr'><strong>malos</strong></span> <span class='ocrx_word' id='word_1_595' title='bbox 1780 4551 1981 4643; x_wconf 80' lang='lat' dir='ltr'><strong>etiam,</strong></span> <span class='ocrx_word' id='word_1_596' title='bbox 2021 4551 2069 4609; x_wconf 71' lang='grc' dir='ltr'><strong>θ</strong></span> 
     </span>
    </p>
   </div>
   <div class='ocr_carea' id='block_1_78' title="bbox 421 4662 1991 4738">
    <p class='ocr_par' dir='ltr' id='par_1_78' title="bbox 421 4662 1991 4738">
     <span class='ocr_line' id='line_1_78' title="bbox 421 4662 1991 4738; baseline 0.006 -23"><span class='ocrx_word' id='word_1_597' title='bbox 421 4677 553 4730; x_wconf 88' lang='lat' dir='ltr'><strong>quos</strong></span> <span class='ocrx_word' id='word_1_598' title='bbox 577 4662 645 4716; x_wconf 89' lang='lat' dir='ltr'><strong>ad</strong></span> <span class='ocrx_word' id='word_1_599' title='bbox 689 4662 886 4718; x_wconf 90' lang='lat' dir='ltr'><strong>furoris</strong></span> <span class='ocrx_word' id='word_1_600' title='bbox 916 4664 1183 4719; x_wconf 88' lang='lat' dir='ltr'><strong>insaniam</strong></span> <span class='ocrx_word' id='word_1_601' title='bbox 1226 4674 1520 4734; x_wconf 87' lang='lat' dir='ltr'><strong>provocat,</strong></span> <span class='ocrx_word' id='word_1_602' title='bbox 1546 4667 1691 4738; x_wconf 88' lang='lat' dir='ltr'><strong>cogit</strong></span> <span class='ocrx_word' id='word_1_603' title='bbox 1735 4676 1793 4723; x_wconf 89' lang='lat' dir='ltr'><strong>ut</strong></span> <span class='ocrx_word' id='word_1_604' title='bbox 1840 4669 1991 4724; x_wconf 88' lang='lat' dir='ltr'><strong>dete-</strong></span> 
     </span>
    </p>
   </div>
   <div class='ocr_carea' id='block_1_79' title="bbox 417 4752 1329 4823">
    <p class='ocr_par' dir='ltr' id='par_1_79' title="bbox 417 4752 1329 4823">
     <span class='ocr_line' id='line_1_79' title="bbox 417 4752 1329 4823; baseline 0.008 -22"><span class='ocrx_word' id='word_1_605' title='bbox 417 4752 592 4813; x_wconf 87' lang='lat' dir='ltr'><strong>riores</strong></span> <span class='ocrx_word' id='word_1_606' title='bbox 618 4767 712 4821; x_wconf 87' lang='lat' dir='ltr'><strong>per</strong></span> <span class='ocrx_word' id='word_1_607' title='bbox 747 4753 1138 4823; x_wconf 89' lang='lat' dir='ltr'><strong>impatientiam</strong></span> <span class='ocrx_word' id='word_1_608' title='bbox 1177 4754 1329 4808; x_wconf 84' lang='lat' dir='ltr'><strong>(iant.</strong></span> 
     </span>
    </p>
   </div>
   <div class='ocr_carea' id='block_1_80' title="bbox 1029 4844 1377 4901">
    <p class='ocr_par' dir='ltr' id='par_1_80' title="bbox 1029 4844 1377 4901">
     <span class='ocr_line' id='line_1_80' title="bbox 1029 4844 1377 4901; baseline 0.009 -3"><span class='ocrx_word' id='word_1_609' title='bbox 1029 4844 1254 4901; x_wconf 83' lang='lat' dir='ltr'><strong>CAPUT</strong></span> <span class='ocrx_word' id='word_1_610' title='bbox 1291 4845 1377 4901; x_wconf 82' lang='grc' dir='ltr'>ιιι.</span> 
     </span>
    </p>
   </div>
   <div class='ocr_carea' id='block_1_81' title="bbox 653 4932 1755 5005">
    <p class='ocr_par' dir='ltr' id='par_1_81' title="bbox 653 4932 1755 5005">
     <span class='ocr_line' id='line_1_81' title="bbox 653 4932 1755 5005; baseline 0.008 -19"><span class='ocrx_word' id='word_1_611' title='bbox 653 4932 804 4998; x_wconf 85' lang='lat' dir='ltr'><strong>Quod</strong></span> <span class='ocrx_word' id='word_1_612' title='bbox 831 4936 911 4988; x_wconf 85' lang='lat' dir='ltr'><strong>ira</strong></span> <span class='ocrx_word' id='word_1_613' title='bbox 938 4934 1191 5005; x_wconf 82' lang='lat' dir='ltr'><strong>Spiritum</strong></span> <span class='ocrx_word' id='word_1_614' title='bbox 1222 4948 1459 4993; x_wconf 77' lang='lat' dir='ltr'><strong>sanclum</strong></span> <span class='ocrx_word' id='word_1_615' title='bbox 1492 4939 1755 4996; x_wconf 70' lang='lat' dir='ltr'><strong>excludat.</strong></span> 
     </span>
    </p>
   </div>
   <div class='ocr_carea' id='block_1_82' title="bbox 489 5021 1990 5094">
    <p class='ocr_par' dir='ltr' id='par_1_82' title="bbox 489 5021 1990 5094">
     <span class='ocr_line' id='line_1_82' title="bbox 489 5021 1990 5094; baseline 0.006 -18"><span class='ocrx_word' id='word_1_616' title='bbox 489 5021 593 5077; x_wconf 88' lang='lat' dir='ltr'><strong>Per</strong></span> <span class='ocrx_word' id='word_1_617' title='bbox 622 5022 755 5076; x_wconf 87' lang='lat' dir='ltr'><strong>iram</strong></span> <span class='ocrx_word' id='word_1_618' title='bbox 782 5033 1042 5092; x_wconf 73' lang='lat' dir='ltr'><strong>prmterea</strong></span> <span class='ocrx_word' id='word_1_619' title='bbox 1077 5024 1169 5079; x_wconf 88' lang='lat' dir='ltr'><strong>lux</strong></span> <span class='ocrx_word' id='word_1_620' title='bbox 1200 5027 1443 5082; x_wconf 87' lang='lat' dir='ltr'><strong>veritatis</strong></span> <span class='ocrx_word' id='word_1_621' title='bbox 1488 5029 1776 5094; x_wconf 90' lang='lat' dir='ltr'><strong>amittitur,</strong></span> <span class='ocrx_word' id='word_1_622' title='bbox 1811 5039 1865 5084; x_wconf 89' lang='lat' dir='ltr'><strong>et</strong></span> <span class='ocrx_word' id='word_1_623' title='bbox 1894 5031 1990 5085; x_wconf 89' lang='lat' dir='ltr'><strong>ob-</strong></span> 
     </span>
    </p>
   </div>
   <div class='ocr_carea' id='block_1_83' title="bbox 421 5116 1991 5176">
    <p class='ocr_par' dir='ltr' id='par_1_83' title="bbox 421 5116 1991 5176">
     <span class='ocr_line' id='line_1_83' title="bbox 421 5116 1991 5176; baseline 0.005 -8"><span class='ocrx_word' id='word_1_624' title='bbox 421 5119 713 5172; x_wconf 85' lang='lat' dir='ltr'><strong>tenebratae</strong></span> <span class='ocrx_word' id='word_1_625' title='bbox 763 5116 958 5170; x_wconf 90' lang='lat' dir='ltr'><strong>mentis</strong></span> <span class='ocrx_word' id='word_1_626' title='bbox 1001 5117 1276 5171; x_wconf 90' lang='lat' dir='ltr'><strong>obtutibus</strong></span> <span class='ocrx_word' id='word_1_627' title='bbox 1324 5120 1592 5175; x_wconf 86' lang='lat' dir='ltr'><strong>inoccidui</strong></span> <span class='ocrx_word' id='word_1_628' title='bbox 1638 5121 1768 5176; x_wconf 90' lang='lat' dir='ltr'><strong>solis</strong></span> <span class='ocrx_word' id='word_1_629' title='bbox 1808 5122 1991 5176; x_wconf 88' lang='lat' dir='ltr'><strong>radius</strong></span> 
     </span>
    </p>
   </div>
   <div class='ocr_carea' id='block_1_84' title="bbox 420 5205 1989 5276">
    <p class='ocr_par' dir='ltr' id='par_1_84' title="bbox 420 5205 1989 5276">
     <span class='ocr_line' id='line_1_84' title="bbox 420 5205 1989 5276; baseline 0.004 -15"><span class='ocrx_word' id='word_1_630' title='bbox 420 5207 741 5262; x_wconf 84' lang='lat' dir='ltr'><strong>occultatur.</strong></span> <span class='ocrx_word' id='word_1_631' title='bbox 772 5205 923 5263; x_wconf 88' lang='lat' dir='ltr'><strong>Unde</strong></span> <span class='ocrx_word' id='word_1_632' title='bbox 951 5207 1082 5262; x_wconf 86' lang='lat' dir='ltr'><strong>dicit</strong></span> <span class='ocrx_word' id='word_1_633' title='bbox 1109 5208 1399 5276; x_wconf 81' lang='lat' dir='ltr'><strong>Apostolus</strong></span> <span class='ocrx_word' id='word_1_634' title='bbox 1424 5229 1436 5263; x_wconf 91' lang='lat'><strong>:</strong></span> <span class='ocrx_word' id='word_1_635' title='bbox 1468 5231 1486 5261; x_wconf 72' lang='grc' dir='ltr'>ι</span> <span class='ocrx_word' id='word_1_636' title='bbox 1517 5210 1609 5264; x_wconf 91' lang='lat' dir='ltr'><strong>Sol</strong></span> <span class='ocrx_word' id='word_1_637' title='bbox 1640 5226 1746 5264; x_wconf 90' lang='lat' dir='ltr'><strong>non</strong></span> <span class='ocrx_word' id='word_1_638' title='bbox 1775 5214 1989 5267; x_wconf 90' lang='lat' dir='ltr'><strong>occidat</strong></span> 
     </span>
    </p>
   </div>
   <div class='ocr_carea' id='block_1_85' title="bbox 420 5297 1988 5370">
    <p class='ocr_par' dir='ltr' id='par_1_85' title="bbox 420 5297 1988 5370">
     <span class='ocr_line' id='line_1_85' title="bbox 420 5297 1988 5370; baseline 0.004 -19"><span class='ocrx_word' id='word_1_639' title='bbox 420 5311 584 5366; x_wconf 86' lang='lat' dir='ltr'><strong>super</strong></span> <span class='ocrx_word' id='word_1_640' title='bbox 616 5297 948 5351; x_wconf 89' lang='lat' dir='ltr'><strong>iracundiam</strong></span> <span class='ocrx_word' id='word_1_641' title='bbox 979 5306 1214 5351; x_wconf 85' lang='lat' dir='ltr'><strong>vestram</strong></span> <span class='ocrx_word' id='word_1_642' title='bbox 1247 5298 1462 5368; x_wconf 78' lang='lat' dir='ltr'><strong>(Eplies.</strong></span> <span class='ocrx_word' id='word_1_643' title='bbox 1512 5301 1609 5370; x_wconf 85' lang='lat' dir='ltr'><strong>iv).</strong></span> <span class='ocrx_word' id='word_1_644' title='bbox 1648 5320 1666 5351; x_wconf 73' lang='grc' dir='ltr'><strong><em>ι</em></strong></span> <span class='ocrx_word' id='word_1_645' title='bbox 1704 5301 1834 5355; x_wconf 85' lang='lat' dir='ltr'><strong>Nam</strong></span> <span class='ocrx_word' id='word_1_646' title='bbox 1867 5320 1988 5357; x_wconf 87' lang='lat' dir='ltr'><strong>cum</strong></span> 
     </span>
    </p>
   </div>
   <div class='ocr_carea' id='block_1_86' title="bbox 422 5386 1991 5460">
    <p class='ocr_par' dir='ltr' id='par_1_86' title="bbox 422 5386 1991 5460">
     <span class='ocr_line' id='line_1_86' title="bbox 422 5386 1991 5460; baseline 0.007 -22"><span class='ocrx_word' id='word_1_647' title='bbox 422 5386 700 5439; x_wconf 84' lang='lat' dir='ltr'><strong>iracundia</strong></span> <span class='ocrx_word' id='word_1_648' title='bbox 753 5387 915 5439; x_wconf 88' lang='lat' dir='ltr'><strong>menti</strong></span> <span class='ocrx_word' id='word_1_649' title='bbox 948 5386 1281 5443; x_wconf 82' lang='lat' dir='ltr'><strong>confusionis</strong></span> <span class='ocrx_word' id='word_1_650' title='bbox 1326 5392 1575 5446; x_wconf 89' lang='lat' dir='ltr'><strong>tenebras</strong></span> <span class='ocrx_word' id='word_1_651' title='bbox 1609 5394 1831 5460; x_wconf 86' lang='lat' dir='ltr'><strong>incutit,</strong></span> <span class='ocrx_word' id='word_1_652' title='bbox 1865 5396 1991 5449; x_wconf 87' lang='lat' dir='ltr'><strong>huic</strong></span> 
     </span>
    </p>
   </div>
   <div class='ocr_carea' id='block_1_87' title="bbox 424 5476 1995 5552">
    <p class='ocr_par' dir='ltr' id='par_1_87' title="bbox 424 5476 1995 5552">
     <span class='ocr_line' id='line_1_87' title="bbox 424 5476 1995 5552; baseline 0.006 -21"><span class='ocrx_word' id='word_1_653' title='bbox 424 5476 566 5531; x_wconf 83' lang='lat' dir='ltr'><strong>Deus</strong></span> <span class='ocrx_word' id='word_1_654' title='bbox 596 5477 739 5531; x_wconf 87' lang='lat' dir='ltr'><strong>illico</strong></span> <span class='ocrx_word' id='word_1_655' title='bbox 773 5478 982 5532; x_wconf 89' lang='lat' dir='ltr'><strong>radium</strong></span> <span class='ocrx_word' id='word_1_656' title='bbox 1020 5493 1130 5535; x_wconf 65' lang='lat' dir='ltr'><strong>suae</strong></span> <span class='ocrx_word' id='word_1_657' title='bbox 1180 5482 1506 5552; x_wconf 88' lang='lat' dir='ltr'><strong>cognitionis</strong></span> <span class='ocrx_word' id='word_1_658' title='bbox 1553 5485 1859 5539; x_wconf 89' lang='lat' dir='ltr'><strong>abscondit.</strong></span> <span class='ocrx_word' id='word_1_659' title='bbox 1891 5485 1995 5541; x_wconf 90' lang='lat' dir='ltr'><strong>Per</strong></span> 
     </span>
    </p>
   </div>
   <div class='ocr_carea' id='block_1_88' title="bbox 425 5563 1993 5644">
    <p class='ocr_par' dir='ltr' id='par_1_88' title="bbox 425 5563 1993 5644">
     <span class='ocr_line' id='line_1_88' title="bbox 425 5563 1993 5644; baseline 0.009 -28"><span class='ocrx_word' id='word_1_660' title='bbox 425 5563 563 5617; x_wconf 89' lang='lat' dir='ltr'><strong>iram</strong></span> <span class='ocrx_word' id='word_1_661' title='bbox 587 5574 733 5617; x_wconf 88' lang='lat' dir='ltr'><strong>certe</strong></span> <span class='ocrx_word' id='word_1_662' title='bbox 754 5566 925 5620; x_wconf 88' lang='lat' dir='ltr'><strong>sancti</strong></span> <span class='ocrx_word' id='word_1_663' title='bbox 951 5567 1184 5635; x_wconf 81' lang='lat' dir='ltr'><strong>Spiritus</strong></span> <span class='ocrx_word' id='word_1_664' title='bbox 1205 5570 1460 5638; x_wconf 89' lang='lat' dir='ltr'><strong>splendor</strong></span> <span class='ocrx_word' id='word_1_665' title='bbox 1482 5572 1809 5637; x_wconf 86' lang='lat' dir='ltr'><strong>excluditur,</strong></span> <span class='ocrx_word' id='word_1_666' title='bbox 1838 5574 1993 5644; x_wconf 87' lang='lat' dir='ltr'><strong>cujus</strong></span> 
     </span>
    </p>
   </div>
   <div class='ocr_carea' id='block_1_89' title="bbox 424 5653 1990 5731">
    <p class='ocr_par' dir='ltr' id='par_1_89' title="bbox 424 5653 1990 5731">
     <span class='ocr_line' id='line_1_89' title="bbox 424 5653 1990 5731; baseline 0.008 -23"><span class='ocrx_word' id='word_1_667' title='bbox 424 5653 632 5708; x_wconf 67' lang='lat' dir='ltr'><strong>Scilicet</strong></span> <span class='ocrx_word' id='word_1_668' title='bbox 652 5654 1011 5711; x_wconf 88' lang='lat' dir='ltr'><strong>habitaculum</strong></span> <span class='ocrx_word' id='word_1_669' title='bbox 1035 5659 1150 5714; x_wconf 81' lang='lat' dir='ltr'><strong>fieri</strong></span> <span class='ocrx_word' id='word_1_670' title='bbox 1173 5677 1323 5716; x_wconf 87' lang='lat' dir='ltr'><strong>meus</strong></span> <span class='ocrx_word' id='word_1_671' title='bbox 1344 5664 1585 5731; x_wconf 89' lang='lat' dir='ltr'><strong>improba</strong></span> <span class='ocrx_word' id='word_1_672' title='bbox 1606 5682 1709 5719; x_wconf 89' lang='lat' dir='ltr'><strong>non</strong></span> <span class='ocrx_word' id='word_1_673' title='bbox 1735 5677 1990 5722; x_wconf 89' lang='lat' dir='ltr'><strong>meretur.</strong></span> 
     </span>
    </p>
   </div>
   <div class='ocr_carea' id='block_1_90' title="bbox 431 5745 1990 5835">
    <p class='ocr_par' dir='ltr' id='par_1_90' title="bbox 431 5745 1990 5835">
     <span class='ocr_line' id='line_1_90' title="bbox 431 5745 1990 5835; baseline 0.01 -36"><span class='ocrx_word' id='word_1_674' title='bbox 431 5745 583 5803; x_wconf 80' lang='lat' dir='ltr'><strong>Unde</strong></span> <span class='ocrx_word' id='word_1_675' title='bbox 608 5760 703 5814; x_wconf 84' lang='lat' dir='ltr'><strong>per</strong></span> <span class='ocrx_word' id='word_1_676' title='bbox 725 5747 1043 5827; x_wconf 74' lang='lat' dir='ltr'><strong>prophetam</strong></span> <span class='ocrx_word' id='word_1_677' title='bbox 1071 5752 1304 5835; x_wconf 63' lang='lat' dir='ltr'><strong>dicitur:</strong></span> <span class='ocrx_word' id='word_1_678' title='bbox 1338 5772 1357 5806; x_wconf 78' lang='grc' dir='ltr'>ι</span> <span class='ocrx_word' id='word_1_679' title='bbox 1386 5754 1559 5835; x_wconf 81' lang='lat' dir='ltr'><strong>Super</strong></span> <span class='ocrx_word' id='word_1_680' title='bbox 1592 5772 1749 5826; x_wconf 85' lang='lat' dir='ltr'><strong>quem</strong></span> <span class='ocrx_word' id='word_1_681' title='bbox 1780 5762 1990 5830; x_wconf 86' lang='lat' dir='ltr'><strong>requie-</strong></span> 
     </span>
    </p>
   </div>
   <div class='ocr_carea' id='block_1_91' title="bbox 2089 3311 3659 3387">
    <p class='ocr_par' dir='ltr' id='par_1_91' title="bbox 2089 3311 3659 3387">
     <span class='ocr_line' id='line_1_91' title="bbox 2089 3311 3659 3387; baseline -0.004 -16"><span class='ocrx_word' id='word_1_682' title='bbox 2089 3318 2232 3387; x_wconf 87' lang='lat' dir='ltr'><strong>cepit</strong></span> <span class='ocrx_word' id='word_1_683' title='bbox 2272 3316 2455 3387; x_wconf 89' lang='lat' dir='ltr'><strong>vigore</strong></span> <span class='ocrx_word' id='word_1_684' title='bbox 2484 3316 2722 3371; x_wconf 70' lang='lat' dir='ltr'><strong>caelestis</strong></span> <span class='ocrx_word' id='word_1_685' title='bbox 2747 3315 2936 3385; x_wconf 68' lang='lat' dir='ltr'><strong>gratia:</strong></span> <span class='ocrx_word' id='word_1_686' title='bbox 2960 3322 3296 3385; x_wconf 88' lang='lat' dir='ltr'><strong>perseverat.</strong></span> <span class='ocrx_word' id='word_1_687' title='bbox 3350 3312 3504 3367; x_wconf 89' lang='lat' dir='ltr'><strong>Unde</strong></span> <span class='ocrx_word' id='word_1_688' title='bbox 3527 3311 3659 3366; x_wconf 85' lang='lat' dir='ltr'><strong>dicit</strong></span> 
     </span>
    </p>
   </div>
   <div class='ocr_carea' id='block_1_92' title="bbox 2086 3399 3659 3476">
    <p class='ocr_par' dir='ltr' id='par_1_92' title="bbox 2086 3399 3659 3476">
     <span class='ocr_line' id='line_1_92' title="bbox 2086 3399 3659 3476; baseline -0.005 -14"><span class='ocrx_word' id='word_1_689' title='bbox 2086 3407 2376 3476; x_wconf 80' lang='lat' dir='ltr'><strong>Apostolus</strong></span> <span class='ocrx_word' id='word_1_690' title='bbox 2402 3425 2413 3459; x_wconf 92' lang='lat'><strong>:</strong></span> <span class='ocrx_word' id='word_1_691' title='bbox 2449 3424 2467 3457; x_wconf 75' lang='grc' dir='ltr'>ι</span> <span class='ocrx_word' id='word_1_692' title='bbox 2500 3406 2609 3461; x_wconf 82' lang='lat' dir='ltr'><strong>Lex</strong></span> <span class='ocrx_word' id='word_1_693' title='bbox 2638 3406 2783 3460; x_wconf 90' lang='lat' dir='ltr'><strong>enim</strong></span> <span class='ocrx_word' id='word_1_694' title='bbox 2808 3406 3035 3475; x_wconf 88' lang='lat' dir='ltr'><strong>spiritus</strong></span> <span class='ocrx_word' id='word_1_695' title='bbox 3059 3405 3185 3459; x_wconf 67' lang='lat' dir='ltr'><strong>vitae</strong></span> <span class='ocrx_word' id='word_1_696' title='bbox 3217 3404 3269 3458; x_wconf 89' lang='lat' dir='ltr'><strong>iu</strong></span> <span class='ocrx_word' id='word_1_697' title='bbox 3297 3402 3514 3458; x_wconf 83' lang='lat' dir='ltr'><strong>Christo</strong></span> <span class='ocrx_word' id='word_1_698' title='bbox 3531 3399 3659 3457; x_wconf 81' lang='lat' dir='ltr'><strong>Jesu</strong></span> 
     </span>
    </p>
   </div>
   <div class='ocr_carea' id='block_1_93' title="bbox 2087 3492 3656 3565">
    <p class='ocr_par' dir='ltr' id='par_1_93' title="bbox 2087 3492 3656 3565">
     <span class='ocr_line' id='line_1_93' title="bbox 2087 3492 3656 3565; baseline -0.002 -16"><span class='ocrx_word' id='word_1_699' title='bbox 2087 3497 2339 3552; x_wconf 82' lang='lat' dir='ltr'><strong>liberavit</strong></span> <span class='ocrx_word' id='word_1_700' title='bbox 2363 3512 2449 3552; x_wconf 89' lang='lat' dir='ltr'><strong>me</strong></span> <span class='ocrx_word' id='word_1_701' title='bbox 2479 3512 2508 3551; x_wconf 90' lang='lat' dir='ltr'><strong>a</strong></span> <span class='ocrx_word' id='word_1_702' title='bbox 2562 3497 2679 3565; x_wconf 87' lang='lat' dir='ltr'><strong>lege</strong></span> <span class='ocrx_word' id='word_1_703' title='bbox 2712 3497 2920 3565; x_wconf 90' lang='lat' dir='ltr'><strong>peccati</strong></span> <span class='ocrx_word' id='word_1_704' title='bbox 2951 3505 3005 3551; x_wconf 90' lang='lat' dir='ltr'><strong>et</strong></span> <span class='ocrx_word' id='word_1_705' title='bbox 3034 3496 3224 3551; x_wconf 91' lang='lat' dir='ltr'><strong>mortis</strong></span> <span class='ocrx_word' id='word_1_706' title='bbox 3250 3492 3428 3565; x_wconf 85' lang='lat' dir='ltr'><strong>(Rom.</strong></span> <span class='ocrx_word' id='word_1_707' title='bbox 3461 3493 3601 3564; x_wconf 83' lang='lat' dir='ltr'><strong>vui);</strong></span> <span class='ocrx_word' id='word_1_708' title='bbox 3632 3510 3656 3546; x_wconf 78' lang='grc' dir='ltr'><strong><em>ι</em></strong></span> 
     </span>
    </p>
   </div>
   <div class='ocr_carea' id='block_1_94' title="bbox 2088 3582 3659 3656">
    <p class='ocr_par' dir='ltr' id='par_1_94' title="bbox 2088 3582 3659 3656">
     <span class='ocr_line' id='line_1_94' title="bbox 2088 3582 3659 3656; baseline -0.003 -14"><span class='ocrx_word' id='word_1_709' title='bbox 2088 3590 2174 3642; x_wconf 87' lang='lat' dir='ltr'><strong>tibi</strong></span> <span class='ocrx_word' id='word_1_710' title='bbox 2210 3604 2332 3642; x_wconf 83' lang='lat' dir='ltr'><strong>mox</strong></span> <span class='ocrx_word' id='word_1_711' title='bbox 2363 3588 2577 3641; x_wconf 88' lang='lat' dir='ltr'><strong>additur</strong></span> <span class='ocrx_word' id='word_1_712' title='bbox 2605 3602 2620 3640; x_wconf 88' lang='lat'><strong>:</strong></span> <span class='ocrx_word' id='word_1_713' title='bbox 2650 3607 2667 3639; x_wconf 77' lang='grc' dir='ltr'>ι</span> <span class='ocrx_word' id='word_1_714' title='bbox 2700 3586 2834 3640; x_wconf 84' lang='lat' dir='ltr'><strong>Nam</strong></span> <span class='ocrx_word' id='word_1_715' title='bbox 2865 3587 3007 3656; x_wconf 90' lang='lat' dir='ltr'><strong>quod</strong></span> <span class='ocrx_word' id='word_1_716' title='bbox 3030 3584 3367 3655; x_wconf 89' lang='lat' dir='ltr'><strong>impossibile</strong></span> <span class='ocrx_word' id='word_1_717' title='bbox 3387 3592 3508 3638; x_wconf 88' lang='lat' dir='ltr'><strong>erat</strong></span> <span class='ocrx_word' id='word_1_718' title='bbox 3529 3582 3659 3655; x_wconf 83' lang='lat' dir='ltr'><strong>legi,</strong></span> 
     </span>
    </p>
   </div>
   <div class='ocr_carea' id='block_1_95' title="bbox 2089 3676 3659 3751">
    <p class='ocr_par' dir='ltr' id='par_1_95' title="bbox 2089 3676 3659 3751">
     <span class='ocr_line' id='line_1_95' title="bbox 2089 3676 3659 3751; baseline -0.003 -17"><span class='ocrx_word' id='word_1_719' title='bbox 2089 3681 2140 3734; x_wconf 91' lang='lat' dir='ltr'><strong>in</strong></span> <span class='ocrx_word' id='word_1_720' title='bbox 2169 3697 2274 3749; x_wconf 91' lang='lat' dir='ltr'><strong>quo</strong></span> <span class='ocrx_word' id='word_1_721' title='bbox 2308 3680 2685 3734; x_wconf 84' lang='lat' dir='ltr'><strong>infirmabatur</strong></span> <span class='ocrx_word' id='word_1_722' title='bbox 2713 3694 2811 3751; x_wconf 89' lang='lat' dir='ltr'><strong>per</strong></span> <span class='ocrx_word' id='word_1_723' title='bbox 2839 3678 3246 3734; x_wconf 89' lang='lat' dir='ltr'><strong>caruem:Deus</strong></span> <span class='ocrx_word' id='word_1_724' title='bbox 3270 3676 3468 3742; x_wconf 82' lang='lat' dir='ltr'><strong>Filium</strong></span> <span class='ocrx_word' id='word_1_725' title='bbox 3497 3688 3659 3731; x_wconf 86' lang='lat' dir='ltr'><strong>suum</strong></span> 
     </span>
    </p>
   </div>
   <div class='ocr_carea' id='block_1_96' title="bbox 2088 3767 3662 3838">
    <p class='ocr_par' dir='ltr' id='par_1_96' title="bbox 2088 3767 3662 3838">
     <span class='ocr_line' id='line_1_96' title="bbox 2088 3767 3662 3838; baseline -0.003 -15"><span class='ocrx_word' id='word_1_726' title='bbox 2088 3771 2237 3824; x_wconf 87' lang='lat' dir='ltr'><strong>misit</strong></span> <span class='ocrx_word' id='word_1_727' title='bbox 2265 3772 2317 3824; x_wconf 91' lang='lat' dir='ltr'><strong>in</strong></span> <span class='ocrx_word' id='word_1_728' title='bbox 2345 3770 2752 3825; x_wconf 82' lang='lat' dir='ltr'><strong>similitudinem</strong></span> <span class='ocrx_word' id='word_1_729' title='bbox 2782 3770 2965 3824; x_wconf 89' lang='lat' dir='ltr'><strong>carnis</strong></span> <span class='ocrx_word' id='word_1_730' title='bbox 2992 3768 3231 3838; x_wconf 90' lang='lat' dir='ltr'><strong>peccati,</strong></span> <span class='ocrx_word' id='word_1_731' title='bbox 3262 3776 3316 3821; x_wconf 92' lang='lat' dir='ltr'><strong>et</strong></span> <span class='ocrx_word' id='word_1_732' title='bbox 3345 3767 3413 3821; x_wconf 91' lang='lat' dir='ltr'><strong>de</strong></span> <span class='ocrx_word' id='word_1_733' title='bbox 3440 3773 3662 3835; x_wconf 87' lang='lat' dir='ltr'><strong>peccato</strong></span> 
     </span>
    </p>
   </div>
   <div class='ocr_carea' id='block_1_97' title="bbox 2089 3855 3661 3931">
    <p class='ocr_par' dir='ltr' id='par_1_97' title="bbox 2089 3855 3661 3931">
     <span class='ocr_line' id='line_1_97' title="bbox 2089 3855 3661 3931; baseline -0.006 -14"><span class='ocrx_word' id='word_1_734' title='bbox 2089 3863 2365 3917; x_wconf 86' lang='lat' dir='ltr'><strong>damnavit</strong></span> <span class='ocrx_word' id='word_1_735' title='bbox 2391 3872 2672 3931; x_wconf 65' lang='lat' dir='ltr'><strong>peccatum</strong></span> <span class='ocrx_word' id='word_1_736' title='bbox 2722 3862 2776 3915; x_wconf 93' lang='lat' dir='ltr'><strong>in</strong></span> <span class='ocrx_word' id='word_1_737' title='bbox 2820 3876 3019 3926; x_wconf 91' lang='lat' dir='ltr'><strong>carne,</strong></span> <span class='ocrx_word' id='word_1_738' title='bbox 3071 3868 3131 3914; x_wconf 92' lang='lat' dir='ltr'><strong>ut</strong></span> <span class='ocrx_word' id='word_1_739' title='bbox 3172 3857 3491 3927; x_wconf 85' lang='lat' dir='ltr'><strong>justilicatio</strong></span> <span class='ocrx_word' id='word_1_740' title='bbox 3530 3855 3661 3925; x_wconf 87' lang='lat' dir='ltr'><strong>legis</strong></span> 
     </span>
    </p>
   </div>
   <div class='ocr_carea' id='block_1_98' title="bbox 2091 3948 3658 4025">
    <p class='ocr_par' dir='ltr' id='par_1_98' title="bbox 2091 3948 3658 4025">
     <span class='ocr_line' id='line_1_98' title="bbox 2091 3948 3658 4025; baseline -0.004 -18"><span class='ocrx_word' id='word_1_741' title='bbox 2091 3954 2405 4023; x_wconf 86' lang='lat' dir='ltr'><strong>impleretur</strong></span> <span class='ocrx_word' id='word_1_742' title='bbox 2438 3955 2489 4008; x_wconf 89' lang='lat' dir='ltr'><strong>in</strong></span> <span class='ocrx_word' id='word_1_743' title='bbox 2518 3954 2673 4009; x_wconf 87' lang='lat' dir='ltr'><strong>nobis</strong></span> <span class='ocrx_word' id='word_1_744' title='bbox 2703 3953 2913 4025; x_wconf 83' lang='lat' dir='ltr'><strong>(lbid.).</strong></span> <span class='ocrx_word' id='word_1_745' title='bbox 2953 3972 2971 4004; x_wconf 74' lang='grc' dir='ltr'><strong><em>ι</em></strong></span> <span class='ocrx_word' id='word_1_746' title='bbox 3007 3952 3177 4007; x_wconf 85' lang='lat' dir='ltr'><strong>Porro</strong></span> <span class='ocrx_word' id='word_1_747' title='bbox 3209 3952 3254 4007; x_wconf 88' lang='lat' dir='ltr'><strong>si</strong></span> <span class='ocrx_word' id='word_1_748' title='bbox 3294 3951 3374 4005; x_wconf 84' lang='lat' dir='ltr'><strong>ira</strong></span> <span class='ocrx_word' id='word_1_749' title='bbox 3422 3948 3507 4004; x_wconf 78' lang='lat' dir='ltr'><strong>vel</strong></span> <span class='ocrx_word' id='word_1_750' title='bbox 3536 3962 3658 4002; x_wconf 87' lang='lat' dir='ltr'><strong>cou-</strong></span> 
     </span>
    </p>
   </div>
   <div class='ocr_carea' id='block_1_99' title="bbox 2089 4042 3659 4115">
    <p class='ocr_par' dir='ltr' id='par_1_99' title="bbox 2089 4042 3659 4115">
     <span class='ocr_line' id='line_1_99' title="bbox 2089 4042 3659 4115; baseline -0.004 -15"><span class='ocrx_word' id='word_1_751' title='bbox 2089 4047 2420 4115; x_wconf 87' lang='lat' dir='ltr'><strong>cupiscentia</strong></span> <span class='ocrx_word' id='word_1_752' title='bbox 2438 4087 2453 4111; x_wconf 97' lang='lat'><strong>,</strong></span> <span class='ocrx_word' id='word_1_753' title='bbox 2483 4061 2602 4115; x_wconf 77' lang='lat' dir='ltr'><strong>qua:</strong></span> <span class='ocrx_word' id='word_1_754' title='bbox 2633 4046 2788 4101; x_wconf 89' lang='lat' dir='ltr'><strong>nobis</strong></span> <span class='ocrx_word' id='word_1_755' title='bbox 2816 4046 3074 4111; x_wconf 72' lang='lat' dir='ltr'><strong>dicuntur</strong></span> <span class='ocrx_word' id='word_1_756' title='bbox 3098 4044 3422 4098; x_wconf 87' lang='lat' dir='ltr'><strong>naturaliter</strong></span> <span class='ocrx_word' id='word_1_757' title='bbox 3451 4042 3659 4105; x_wconf 60' lang='lat' dir='ltr'><strong>insita,</strong></span> 
     </span>
    </p>
   </div>
   <div class='ocr_carea' id='block_1_100' title="bbox 2090 4138 3659 4208">
    <p class='ocr_par' dir='ltr' id='par_1_100' title="bbox 2090 4138 3659 4208">
     <span class='ocr_line' id='line_1_100' title="bbox 2090 4138 3659 4208; baseline -0.003 -18"><span class='ocrx_word' id='word_1_758' title='bbox 2090 4151 2186 4206; x_wconf 89' lang='lat' dir='ltr'><strong>per</strong></span> <span class='ocrx_word' id='word_1_759' title='bbox 2217 4138 2451 4207; x_wconf 82' lang='lat' dir='ltr'><strong>vigorem</strong></span> <span class='ocrx_word' id='word_1_760' title='bbox 2477 4139 2700 4208; x_wconf 90' lang='lat' dir='ltr'><strong>spiritus</strong></span> <span class='ocrx_word' id='word_1_761' title='bbox 2739 4139 2983 4208; x_wconf 91' lang='lat' dir='ltr'><strong>superari</strong></span> <span class='ocrx_word' id='word_1_762' title='bbox 3030 4152 3136 4192; x_wconf 92' lang='lat' dir='ltr'><strong>non</strong></span> <span class='ocrx_word' id='word_1_763' title='bbox 3175 4143 3436 4206; x_wconf 85' lang='lat' dir='ltr'><strong>possent,</strong></span> <span class='ocrx_word' id='word_1_764' title='bbox 3468 4148 3659 4202; x_wconf 82' lang='lat' dir='ltr'><strong>nequa-</strong></span> 
     </span>
    </p>
   </div>
   <div class='ocr_carea' id='block_1_101' title="bbox 2090 4224 3660 4301">
    <p class='ocr_par' dir='ltr' id='par_1_101' title="bbox 2090 4224 3660 4301">
     <span class='ocr_line' id='line_1_101' title="bbox 2090 4224 3660 4301; baseline -0.002 -20"><span class='ocrx_word' id='word_1_765' title='bbox 2090 4245 2251 4298; x_wconf 88' lang='lat' dir='ltr'><strong>quam</strong></span> <span class='ocrx_word' id='word_1_766' title='bbox 2290 4229 2431 4284; x_wconf 91' lang='lat' dir='ltr'><strong>idem</strong></span> <span class='ocrx_word' id='word_1_767' title='bbox 2480 4230 2802 4299; x_wconf 65' lang='lat' dir='ltr'><strong>praedicator</strong></span> <span class='ocrx_word' id='word_1_768' title='bbox 2828 4229 2992 4301; x_wconf 78' lang='lat'><strong>675</strong></span> <span class='ocrx_word' id='word_1_769' title='bbox 3036 4229 3282 4299; x_wconf 89' lang='lat' dir='ltr'><strong>egregius</strong></span> <span class='ocrx_word' id='word_1_770' title='bbox 3313 4224 3660 4297; x_wconf 80' lang='lat' dir='ltr'><strong>impossibilia</strong></span> 
     </span>
    </p>
   </div>
   <div class='ocr_carea' id='block_1_102' title="bbox 2091 4315 3663 4389">
    <p class='ocr_par' dir='ltr' id='par_1_102' title="bbox 2091 4315 3663 4389">
     <span class='ocr_line' id='line_1_102' title="bbox 2091 4315 3663 4389; baseline -0.004 -16"><span class='ocrx_word' id='word_1_771' title='bbox 2091 4320 2454 4389; x_wconf 86' lang='lat' dir='ltr'><strong>praecepisset.</strong></span> <span class='ocrx_word' id='word_1_772' title='bbox 2486 4319 2578 4373; x_wconf 91' lang='lat' dir='ltr'><strong>Ait</strong></span> <span class='ocrx_word' id='word_1_773' title='bbox 2604 4321 2749 4374; x_wconf 91' lang='lat' dir='ltr'><strong>enim</strong></span> <span class='ocrx_word' id='word_1_774' title='bbox 2782 4337 2795 4373; x_wconf 91' lang='lat'><strong>:</strong></span> <span class='ocrx_word' id='word_1_775' title='bbox 2833 4337 2851 4371; x_wconf 74' lang='grc' dir='ltr'>ι</span> <span class='ocrx_word' id='word_1_776' title='bbox 2886 4318 3038 4374; x_wconf 78' lang='lat' dir='ltr'><strong>Nunc</strong></span> <span class='ocrx_word' id='word_1_777' title='bbox 3086 4326 3266 4373; x_wconf 90' lang='lat' dir='ltr'><strong>autem</strong></span> <span class='ocrx_word' id='word_1_778' title='bbox 3316 4315 3569 4385; x_wconf 89' lang='lat' dir='ltr'><strong>deponite</strong></span> <span class='ocrx_word' id='word_1_779' title='bbox 3608 4323 3663 4368; x_wconf 90' lang='lat' dir='ltr'><strong>et</strong></span> 
     </span>
    </p>
   </div>
   <div class='ocr_carea' id='block_1_103' title="bbox 2091 4405 3665 4482">
    <p class='ocr_par' dir='ltr' id='par_1_103' title="bbox 2091 4405 3665 4482">
     <span class='ocr_line' id='line_1_103' title="bbox 2091 4405 3665 4482; baseline -0.003 -19"><span class='ocrx_word' id='word_1_780' title='bbox 2091 4426 2188 4465; x_wconf 90' lang='lat' dir='ltr'><strong>vos</strong></span> <span class='ocrx_word' id='word_1_781' title='bbox 2215 4412 2430 4476; x_wconf 90' lang='lat' dir='ltr'><strong>omnia,</strong></span> <span class='ocrx_word' id='word_1_782' title='bbox 2460 4411 2631 4478; x_wconf 91' lang='lat' dir='ltr'><strong>iram,</strong></span> <span class='ocrx_word' id='word_1_783' title='bbox 2663 4412 3085 4482; x_wconf 85' lang='lat' dir='ltr'><strong>indignationem</strong></span> <span class='ocrx_word' id='word_1_784' title='bbox 3114 4410 3336 4482; x_wconf 79' lang='lat' dir='ltr'><strong>(Coloss.</strong></span> <span class='ocrx_word' id='word_1_785' title='bbox 3370 4408 3475 4478; x_wconf 81' lang='grc' dir='ltr'><strong>ιιι).</strong></span> <span class='ocrx_word' id='word_1_786' title='bbox 3512 4426 3531 4459; x_wconf 74' lang='grc' dir='ltr'><strong>ι</strong></span> <span class='ocrx_word' id='word_1_787' title='bbox 3583 4405 3665 4459; x_wconf 87' lang='lat' dir='ltr'><strong>Ad</strong></span> 
     </span>
    </p>
   </div>
   <div class='ocr_carea' id='block_1_104' title="bbox 2095 4499 3665 4574">
    <p class='ocr_par' dir='ltr' id='par_1_104' title="bbox 2095 4499 3665 4574">
     <span class='ocr_line' id='line_1_104' title="bbox 2095 4499 3665 4574; baseline -0.004 -18"><span class='ocrx_word' id='word_1_788' title='bbox 2095 4503 2355 4572; x_wconf 86' lang='lat' dir='ltr'><strong>Ephesios</strong></span> <span class='ocrx_word' id='word_1_789' title='bbox 2381 4519 2597 4574; x_wconf 92' lang='lat' dir='ltr'><strong>quoque</strong></span> <span class='ocrx_word' id='word_1_790' title='bbox 2625 4523 2637 4557; x_wconf 76' lang='grc' dir='ltr'>ε</span> <span class='ocrx_word' id='word_1_791' title='bbox 2674 4524 2691 4556; x_wconf 75' lang='grc' dir='ltr'>ι</span> <span class='ocrx_word' id='word_1_792' title='bbox 2725 4504 2912 4560; x_wconf 90' lang='lat' dir='ltr'><strong>Omnis</strong></span> <span class='ocrx_word' id='word_1_793' title='bbox 2933 4546 2949 4571; x_wconf 96' lang='lat'><strong>,</strong></span> <span class='ocrx_word' id='word_1_794' title='bbox 2995 4504 3201 4573; x_wconf 90' lang='lat' dir='ltr'><strong>inquit,</strong></span> <span class='ocrx_word' id='word_1_795' title='bbox 3249 4499 3585 4561; x_wconf 90' lang='lat' dir='ltr'><strong>amaritudo,</strong></span> <span class='ocrx_word' id='word_1_796' title='bbox 3611 4505 3665 4552; x_wconf 91' lang='lat' dir='ltr'><strong>et</strong></span> 
     </span>
    </p>
   </div>
   <div class='ocr_carea' id='block_1_105' title="bbox 2096 4588 3667 4666">
    <p class='ocr_par' dir='ltr' id='par_1_105' title="bbox 2096 4588 3667 4666">
     <span class='ocr_line' id='line_1_105' title="bbox 2096 4588 3667 4666; baseline -0.004 -19"><span class='ocrx_word' id='word_1_797' title='bbox 2096 4593 2175 4647; x_wconf 90' lang='lat' dir='ltr'><strong>ira</strong></span> <span class='ocrx_word' id='word_1_798' title='bbox 2195 4632 2211 4658; x_wconf 93' lang='lat'><strong>,</strong></span> <span class='ocrx_word' id='word_1_799' title='bbox 2242 4604 2297 4648; x_wconf 91' lang='lat' dir='ltr'><strong>et</strong></span> <span class='ocrx_word' id='word_1_800' title='bbox 2319 4595 2647 4666; x_wconf 86' lang='lat' dir='ltr'><strong>indignatio,</strong></span> <span class='ocrx_word' id='word_1_801' title='bbox 2679 4606 2734 4651; x_wconf 90' lang='lat' dir='ltr'><strong>et</strong></span> <span class='ocrx_word' id='word_1_802' title='bbox 2761 4596 2986 4659; x_wconf 89' lang='lat' dir='ltr'><strong>clamor,</strong></span> <span class='ocrx_word' id='word_1_803' title='bbox 3008 4603 3062 4649; x_wconf 91' lang='lat' dir='ltr'><strong>et</strong></span> <span class='ocrx_word' id='word_1_804' title='bbox 3085 4592 3415 4663; x_wconf 86' lang='lat' dir='ltr'><strong>blasphemia</strong></span> <span class='ocrx_word' id='word_1_805' title='bbox 3446 4588 3667 4643; x_wconf 90' lang='lat' dir='ltr'><strong>tollatur</strong></span> 
     </span>
    </p>
   </div>
   <div class='ocr_carea' id='block_1_106' title="bbox 2096 4682 3666 4755">
    <p class='ocr_par' dir='ltr' id='par_1_106' title="bbox 2096 4682 3666 4755">
     <span class='ocr_line' id='line_1_106' title="bbox 2096 4682 3666 4755; baseline -0.005 -17"><span class='ocrx_word' id='word_1_806' title='bbox 2096 4699 2128 4738; x_wconf 91' lang='lat' dir='ltr'><strong>a</strong></span> <span class='ocrx_word' id='word_1_807' title='bbox 2164 4685 2318 4740; x_wconf 89' lang='lat' dir='ltr'><strong>vobis</strong></span> <span class='ocrx_word' id='word_1_808' title='bbox 2348 4701 2471 4740; x_wconf 90' lang='lat' dir='ltr'><strong>cum</strong></span> <span class='ocrx_word' id='word_1_809' title='bbox 2505 4687 2653 4740; x_wconf 92' lang='lat' dir='ltr'><strong>omni</strong></span> <span class='ocrx_word' id='word_1_810' title='bbox 2683 4686 2883 4741; x_wconf 91' lang='lat' dir='ltr'><strong>malitia</strong></span> <span class='ocrx_word' id='word_1_811' title='bbox 2914 4685 3129 4755; x_wconf 75' lang='lat' dir='ltr'><strong>(Ephes.</strong></span> <span class='ocrx_word' id='word_1_812' title='bbox 3161 4682 3257 4752; x_wconf 82' lang='lat' dir='ltr'><strong>iv).</strong></span> <span class='ocrx_word' id='word_1_813' title='bbox 3298 4700 3316 4733; x_wconf 84' lang='grc'><strong>›</strong></span> <span class='ocrx_word' id='word_1_814' title='bbox 3353 4682 3427 4735; x_wconf 90' lang='lat' dir='ltr'><strong>De</strong></span> <span class='ocrx_word' id='word_1_815' title='bbox 3466 4694 3666 4734; x_wconf 89' lang='lat' dir='ltr'><strong>concu-</strong></span> 
     </span>
    </p>
   </div>
   <div class='ocr_carea' id='block_1_107' title="bbox 2097 4775 3663 4847">
    <p class='ocr_par' dir='ltr' id='par_1_107' title="bbox 2097 4775 3663 4847">
     <span class='ocr_line' id='line_1_107' title="bbox 2097 4775 3663 4847; baseline -0.002 -20"><span class='ocrx_word' id='word_1_816' title='bbox 2097 4775 2360 4843; x_wconf 90' lang='lat' dir='ltr'><strong>piscentia</strong></span> <span class='ocrx_word' id='word_1_817' title='bbox 2404 4792 2533 4831; x_wconf 90' lang='lat' dir='ltr'><strong>vero</strong></span> <span class='ocrx_word' id='word_1_818' title='bbox 2562 4776 2887 4847; x_wconf 87' lang='lat' dir='ltr'><strong>superﬂuum</strong></span> <span class='ocrx_word' id='word_1_819' title='bbox 2918 4785 3000 4832; x_wconf 90' lang='lat' dir='ltr'><strong>est</strong></span> <span class='ocrx_word' id='word_1_820' title='bbox 3038 4775 3282 4845; x_wconf 89' lang='lat' dir='ltr'><strong>exempla</strong></span> <span class='ocrx_word' id='word_1_821' title='bbox 3326 4784 3663 4843; x_wconf 81' lang='lat' dir='ltr'><strong>preponere,</strong></span> 
     </span>
    </p>
   </div>
   <div class='ocr_carea' id='block_1_108' title="bbox 2098 4861 3666 4937">
    <p class='ocr_par' dir='ltr' id='par_1_108' title="bbox 2098 4861 3666 4937">
     <span class='ocr_line' id='line_1_108' title="bbox 2098 4861 3666 4937; baseline -0.002 -18"><span class='ocrx_word' id='word_1_822' title='bbox 2098 4880 2257 4933; x_wconf 91' lang='lat' dir='ltr'><strong>quam</strong></span> <span class='ocrx_word' id='word_1_823' title='bbox 2283 4876 2338 4921; x_wconf 92' lang='lat' dir='ltr'><strong>et</strong></span> <span class='ocrx_word' id='word_1_824' title='bbox 2365 4867 2446 4921; x_wconf 81' lang='lat' dir='ltr'><strong>lex</strong></span> <span class='ocrx_word' id='word_1_825' title='bbox 2475 4869 2695 4937; x_wconf 91' lang='lat' dir='ltr'><strong>antiqua</strong></span> <span class='ocrx_word' id='word_1_826' title='bbox 2721 4876 2902 4929; x_wconf 89' lang='lat' dir='ltr'><strong>vetat,</strong></span> <span class='ocrx_word' id='word_1_827' title='bbox 2929 4876 2984 4922; x_wconf 94' lang='lat' dir='ltr'><strong>et</strong></span> <span class='ocrx_word' id='word_1_828' title='bbox 3010 4867 3186 4923; x_wconf 90' lang='lat' dir='ltr'><strong>omnis</strong></span> <span class='ocrx_word' id='word_1_829' title='bbox 3214 4879 3491 4920; x_wconf 89' lang='lat' dir='ltr'><strong>sacrarum</strong></span> <span class='ocrx_word' id='word_1_830' title='bbox 3520 4861 3666 4917; x_wconf 84' lang='lat' dir='ltr'><strong>Scri-</strong></span> 
     </span>
    </p>
   </div>
   <div class='ocr_carea' id='block_1_109' title="bbox 2098 4959 2996 5023">
    <p class='ocr_par' dir='ltr' id='par_1_109' title="bbox 2098 4959 2996 5023">
     <span class='ocr_line' id='line_1_109' title="bbox 2098 4959 2996 5023; baseline 0.004 -16"><span class='ocrx_word' id='word_1_831' title='bbox 2098 4965 2375 5023; x_wconf 88' lang='lat' dir='ltr'><strong>pturarum</strong></span> <span class='ocrx_word' id='word_1_832' title='bbox 2405 4973 2629 5012; x_wconf 90' lang='lat' dir='ltr'><strong>censura</strong></span> <span class='ocrx_word' id='word_1_833' title='bbox 2657 4959 2996 5013; x_wconf 90' lang='lat' dir='ltr'><strong>condemnat.</strong></span> 
     </span>
    </p>
   </div>
   <div class='ocr_carea' id='block_1_110' title="bbox 2171 5044 3669 5118">
    <p class='ocr_par' dir='ltr' id='par_1_110' title="bbox 2171 5044 3669 5118">
     <span class='ocr_line' id='line_1_110' title="bbox 2171 5044 3669 5118; baseline 0 -20"><span class='ocrx_word' id='word_1_834' title='bbox 2171 5044 2425 5112; x_wconf 91' lang='lat' dir='ltr'><strong>Superari</strong></span> <span class='ocrx_word' id='word_1_835' title='bbox 2461 5063 2589 5117; x_wconf 88' lang='lat' dir='ltr'><strong>ergo</strong></span> <span class='ocrx_word' id='word_1_836' title='bbox 2616 5063 2712 5117; x_wconf 90' lang='lat' dir='ltr'><strong>per</strong></span> <span class='ocrx_word' id='word_1_837' title='bbox 2743 5050 2977 5103; x_wconf 89' lang='lat' dir='ltr'><strong>divinam</strong></span> <span class='ocrx_word' id='word_1_838' title='bbox 3009 5048 3238 5118; x_wconf 89' lang='lat' dir='ltr'><strong>gratiam</strong></span> <span class='ocrx_word' id='word_1_839' title='bbox 3290 5055 3517 5116; x_wconf 87' lang='lat' dir='ltr'><strong>possunt</strong></span> <span class='ocrx_word' id='word_1_840' title='bbox 3546 5057 3669 5115; x_wconf 65' lang='lat' dir='ltr'><strong>qua</strong></span> 
     </span>
    </p>
   </div>
   <div class='ocr_carea' id='block_1_111' title="bbox 2097 5135 3670 5206">
    <p class='ocr_par' dir='ltr' id='par_1_111' title="bbox 2097 5135 3670 5206">
     <span class='ocr_line' id='line_1_111' title="bbox 2097 5135 3670 5206; baseline 0.001 -18"><span class='ocrx_word' id='word_1_841' title='bbox 2097 5137 2337 5203; x_wconf 89' lang='lat' dir='ltr'><strong>superari</strong></span> <span class='ocrx_word' id='word_1_842' title='bbox 2374 5152 2468 5205; x_wconf 91' lang='lat' dir='ltr'><strong>per</strong></span> <span class='ocrx_word' id='word_1_843' title='bbox 2502 5138 2679 5191; x_wconf 87' lang='lat' dir='ltr'><strong>divina</strong></span> <span class='ocrx_word' id='word_1_844' title='bbox 2712 5139 2958 5192; x_wconf 87' lang='lat' dir='ltr'><strong>mandata</strong></span> <span class='ocrx_word' id='word_1_845' title='bbox 2989 5138 3269 5206; x_wconf 87' lang='lat' dir='ltr'><strong>jubentur.</strong></span> <span class='ocrx_word' id='word_1_846' title='bbox 3323 5136 3460 5202; x_wconf 84' lang='lat' dir='ltr'><strong>Quid</strong></span> <span class='ocrx_word' id='word_1_847' title='bbox 3506 5135 3670 5205; x_wconf 73' lang='lat' dir='ltr'><strong>igitur</strong></span> 
     </span>
    </p>
   </div>
   <div class='ocr_carea' id='block_1_112' title="bbox 2100 5225 3667 5298">
    <p class='ocr_par' dir='ltr' id='par_1_112' title="bbox 2100 5225 3667 5298">
     <span class='ocr_line' id='line_1_112' title="bbox 2100 5225 3667 5298; baseline 0.003 -20"><span class='ocrx_word' id='word_1_848' title='bbox 2100 5226 2177 5279; x_wconf 91' lang='lat' dir='ltr'><strong>ira</strong></span> <span class='ocrx_word' id='word_1_849' title='bbox 2207 5225 2475 5292; x_wconf 89' lang='lat' dir='ltr'><strong>deterius,</strong></span> <span class='ocrx_word' id='word_1_850' title='bbox 2505 5244 2625 5298; x_wconf 67' lang='lat' dir='ltr'><strong>qua:</strong></span> <span class='ocrx_word' id='word_1_851' title='bbox 2651 5231 2903 5283; x_wconf 84' lang='lat' dir='ltr'><strong>nimimm</strong></span> <span class='ocrx_word' id='word_1_852' title='bbox 2926 5230 2991 5284; x_wconf 89' lang='lat' dir='ltr'><strong>de</strong></span> <span class='ocrx_word' id='word_1_853' title='bbox 3022 5230 3146 5284; x_wconf 89' lang='lat' dir='ltr'><strong>felle</strong></span> <span class='ocrx_word' id='word_1_854' title='bbox 3179 5229 3382 5297; x_wconf 90' lang='lat' dir='ltr'><strong>antiqui</strong></span> <span class='ocrx_word' id='word_1_855' title='bbox 3414 5229 3667 5283; x_wconf 89' lang='lat' dir='ltr'><strong>draconis</strong></span> 
     </span>
    </p>
   </div>
   <div class='ocr_carea' id='block_1_113' title="bbox 2098 5317 3673 5380">
    <p class='ocr_par' dir='ltr' id='par_1_113' title="bbox 2098 5317 3673 5380">
     <span class='ocr_line' id='line_1_113' title="bbox 2098 5317 3673 5380; baseline 0.005 -12"><span class='ocrx_word' id='word_1_856' title='bbox 2098 5317 2384 5380; x_wconf 85' lang='lat' dir='ltr'><strong>evomitur.</strong></span> <span class='ocrx_word' id='word_1_857' title='bbox 2415 5328 2469 5372; x_wconf 90' lang='lat' dir='ltr'><strong>et</strong></span> <span class='ocrx_word' id='word_1_858' title='bbox 2496 5328 2553 5373; x_wconf 88' lang='lat' dir='ltr'><strong>ut</strong></span> <span class='ocrx_word' id='word_1_859' title='bbox 2600 5335 2659 5373; x_wconf 91' lang='lat' dir='ltr'><strong>re</strong></span> <span class='ocrx_word' id='word_1_860' title='bbox 2707 5335 2831 5374; x_wconf 86' lang='lat' dir='ltr'><strong>vera</strong></span> <span class='ocrx_word' id='word_1_861' title='bbox 2870 5320 3065 5375; x_wconf 88' lang='lat' dir='ltr'><strong>lethale</strong></span> <span class='ocrx_word' id='word_1_862' title='bbox 3102 5320 3250 5375; x_wconf 86' lang='lat' dir='ltr'><strong>virus</strong></span> <span class='ocrx_word' id='word_1_863' title='bbox 3280 5319 3549 5375; x_wconf 91' lang='lat' dir='ltr'><strong>in-furiosi</strong></span> <span class='ocrx_word' id='word_1_864' title='bbox 3578 5336 3673 5376; x_wconf 81' lang='lat' dir='ltr'><strong>cu-</strong></span> 
     </span>
    </p>
   </div>
   <div class='ocr_carea' id='block_1_114' title="bbox 2094 5403 3665 5480">
    <p class='ocr_par' dir='ltr' id='par_1_114' title="bbox 2094 5403 3665 5480">
     <span class='ocr_line' id='line_1_114' title="bbox 2094 5403 3665 5480; baseline 0.004 -22"><span class='ocrx_word' id='word_1_865' title='bbox 2094 5403 2325 5474; x_wconf 85' lang='lat' dir='ltr'><strong>juspiam</strong></span> <span class='ocrx_word' id='word_1_866' title='bbox 2354 5408 2515 5461; x_wconf 86' lang='lat' dir='ltr'><strong>corde</strong></span> <span class='ocrx_word' id='word_1_867' title='bbox 2548 5410 2868 5477; x_wconf 81' lang='lat' dir='ltr'><strong>grassatur?</strong></span> <span class='ocrx_word' id='word_1_868' title='bbox 2921 5427 2940 5460; x_wconf 84' lang='grc'><strong>‹</strong></span> <span class='ocrx_word' id='word_1_869' title='bbox 2973 5410 3052 5463; x_wconf 90' lang='lat' dir='ltr'><strong>lra</strong></span> <span class='ocrx_word' id='word_1_870' title='bbox 3094 5430 3112 5463; x_wconf 71' lang='grc' dir='ltr'><strong><em>ι</em></strong></span> <span class='ocrx_word' id='word_1_871' title='bbox 3163 5411 3429 5480; x_wconf 86' lang='lat' dir='ltr'><strong>siquidem</strong></span> <span class='ocrx_word' id='word_1_872' title='bbox 3452 5450 3467 5475; x_wconf 93' lang='lat'><strong>,</strong></span> <span class='ocrx_word' id='word_1_873' title='bbox 3524 5408 3665 5464; x_wconf 76' lang='lat' dir='ltr'><strong>sicut</strong></span> 
     </span>
    </p>
   </div>
   <div class='ocr_carea' id='block_1_115' title="bbox 2096 5495 3660 5577">
    <p class='ocr_par' dir='ltr' id='par_1_115' title="bbox 2096 5495 3660 5577">
     <span class='ocr_line' id='line_1_115' title="bbox 2096 5495 3660 5577; baseline 0.003 -30"><span class='ocrx_word' id='word_1_874' title='bbox 2096 5495 2352 5563; x_wconf 84' lang='lat' dir='ltr'><strong>scriptum</strong></span> <span class='ocrx_word' id='word_1_875' title='bbox 2383 5504 2493 5561; x_wconf 90' lang='lat' dir='ltr'><strong>est,</strong></span> <span class='ocrx_word' id='word_1_876' title='bbox 2546 5516 2563 5547; x_wconf 77' lang='grc' dir='ltr'>ι</span> <span class='ocrx_word' id='word_1_877' title='bbox 2600 5500 2920 5554; x_wconf 72' lang='lat' dir='ltr'><strong>dremonium</strong></span> <span class='ocrx_word' id='word_1_878' title='bbox 2967 5501 3128 5556; x_wconf 89' lang='lat' dir='ltr'><strong>habet</strong></span> <span class='ocrx_word' id='word_1_879' title='bbox 3200 5502 3600 5577; x_wconf 61' lang='lat' dir='ltr'><strong>(Promxxvu).</strong></span> <span class='ocrx_word' id='word_1_880' title='bbox 3640 5517 3660 5552; x_wconf 75' lang='grc' dir='ltr'><strong>ι</strong></span> 
     </span>
    </p>
   </div>
   <div class='ocr_carea' id='block_1_116' title="bbox 2097 5580 3664 5661">
    <p class='ocr_par' dir='ltr' id='par_1_116' title="bbox 2097 5580 3664 5661">
     <span class='ocr_line' id='line_1_116' title="bbox 2097 5580 3664 5661; baseline 0.006 -27"><span class='ocrx_word' id='word_1_881' title='bbox 2097 5582 2249 5649; x_wconf 84' lang='lat' dir='ltr'><strong>Quod</strong></span> <span class='ocrx_word' id='word_1_882' title='bbox 2294 5586 2454 5640; x_wconf 91' lang='lat' dir='ltr'><strong>etiam</strong></span> <span class='ocrx_word' id='word_1_883' title='bbox 2482 5580 2855 5657; x_wconf 72' lang='lat' dir='ltr'><strong>experimento</strong></span> <span class='ocrx_word' id='word_1_884' title='bbox 2884 5592 3280 5661; x_wconf 88' lang='lat' dir='ltr'><strong>dignoscimus,</strong></span> <span class='ocrx_word' id='word_1_885' title='bbox 3314 5593 3355 5645; x_wconf 89' lang='lat' dir='ltr'><strong>si</strong></span> <span class='ocrx_word' id='word_1_886' title='bbox 3386 5591 3515 5645; x_wconf 89' lang='lat' dir='ltr'><strong>Saul</strong></span> <span class='ocrx_word' id='word_1_887' title='bbox 3558 5590 3664 5644; x_wconf 87' lang='lat' dir='ltr'><strong>ira-</strong></span> 
     </span>
    </p>
   </div>
   <div class='ocr_carea' id='block_1_117' title="bbox 2098 5674 3669 5749">
    <p class='ocr_par' dir='ltr' id='par_1_117' title="bbox 2098 5674 3669 5749">
     <span class='ocr_line' id='line_1_117' title="bbox 2098 5674 3669 5749; baseline 0.006 -24"><span class='ocrx_word' id='word_1_888' title='bbox 2098 5674 2299 5728; x_wconf 85' lang='lat' dir='ltr'><strong>scentis</strong></span> <span class='ocrx_word' id='word_1_889' title='bbox 2349 5676 2629 5731; x_wconf 89' lang='lat' dir='ltr'><strong>historiam</strong></span> <span class='ocrx_word' id='word_1_890' title='bbox 2682 5694 2780 5746; x_wconf 89' lang='lat' dir='ltr'><strong>per</strong></span> <span class='ocrx_word' id='word_1_891' title='bbox 2827 5680 3071 5734; x_wconf 88' lang='lat' dir='ltr'><strong>ordinem</strong></span> <span class='ocrx_word' id='word_1_892' title='bbox 3121 5680 3532 5749; x_wconf 87' lang='lat' dir='ltr'><strong>perpendamus.</strong></span> <span class='ocrx_word' id='word_1_893' title='bbox 3577 5681 3669 5735; x_wconf 83' lang='lat' dir='ltr'><strong>Ait</strong></span> 
     </span>
    </p>
   </div>
   <div class='ocr_carea' id='block_1_118' title="bbox 2099 5754 3682 5835">
    <p class='ocr_par' dir='ltr' id='par_1_118' title="bbox 2099 5754 3682 5835">
     <span class='ocr_line' id='line_1_118' title="bbox 2099 5754 3682 5835; baseline 0.003 -17"><span class='ocrx_word' id='word_1_894' title='bbox 2099 5764 2242 5818; x_wconf 89' lang='lat' dir='ltr'><strong>cnim</strong></span> <span class='ocrx_word' id='word_1_895' title='bbox 2275 5763 2551 5835; x_wconf 83' lang='lat' dir='ltr'><strong>Scriptura</strong></span> <span class='ocrx_word' id='word_1_896' title='bbox 2589 5784 2599 5821; x_wconf 92' lang='lat'><strong>:</strong></span> <span class='ocrx_word' id='word_1_897' title='bbox 2634 5787 2650 5818; x_wconf 76' lang='grc' dir='ltr'>ι</span> <span class='ocrx_word' id='word_1_898' title='bbox 2688 5766 2821 5833; x_wconf 81' lang='lat' dir='ltr'><strong>Quia</strong></span> <span class='ocrx_word' id='word_1_899' title='bbox 2851 5783 2971 5824; x_wconf 89' lang='lat' dir='ltr'><strong>cum</strong></span> <span class='ocrx_word' id='word_1_900' title='bbox 2996 5754 3257 5825; x_wconf 49' lang='lat' dir='ltr'><strong>&#39;mulicrcs</strong></span> <span class='ocrx_word' id='word_1_901' title='bbox 3303 5770 3682 5825; x_wconf 82' lang='lat' dir='ltr'><strong>lsraclitaruin&#39;</strong></span> 
     </span>
    </p>
   </div>
  </div>
