4074 6190
453 419 558 478 653

1477 423 1718 480 OPUSC.
1758 421 1866 478 XL.
1912 455 1976 462 »-
2017 423 2105 476 DF.
2145 421 2512 476 FIIENA‘NDA
2553 421 2689 476 IRA.

3589 423 3698 477 655

451 536 696 590 ludentes
731 535 782 590 in
827 536 1042 600 sistris,
1086 545 1136 590 et
1171 535 1368 590 lrtitize
1415 539 1684 606 tympanis
1727 545 2021 597 canerent,
2059 543 2100 595 Λ
2132 533 2374 600 pervenit
2426 550 2438 584 :
2487 531 2644 601 paulo
2690 541 2810 600 post
2854 532 2919 585 ad
2965 532 3275 601 episcopum
3323 549 3476 589 suum
3509 549 3708 594 sancire

447 627 716 695 percussit
744 627 872 680 Saul
899 627 1044 680 mille
1063 633 1165 690 ,‘et
1191 627 1358 680 David
1403 629 1588 681 decem
1621 627 1822 692 millia;
1857 615 2026 680 irains

448 725 530 768 est
549 714 680 768 Saul
697 715 878 780 nimis,
895 725 950 769 et
971 716 1244 786 displicuit
1267 718 1318 770 in
1345 717 1518 771 oculis
1532 718 1646 786 ejus
1669 719 1771 772 iste
1789 733 1987 772 sermo.
2001 736 2020 767 ι

449 803 650 858 Deinde
669 805 970 860 subinfert:
1001 824 1018 856 ι
1047 807 1174 860 Post
1194 807 1334 860 diem
1365 815 1544 861 autem
1575 807 1802 861 alterum
1828 807 2026 862 invasit

448 894 668 963 spiritus
692 895 782 948 Dei
817 897 990 950 malus
1019 897 1168 962 Saul,
1192 907 1246 952 et
1268 899 1623 967 pr0phetabat
1644 899 1697 952 in
1724 899 1901 952 medio
1931 900 2024 952 do-

444 999 562 1038 mus
607 999 718 1040 sua:
763 985 834 1055 (1
881 985 1005 1056 Reg.
1063 988 1254 1060 xvm).
1294 1007 1312 1039 ι
1353 989 1492 1044 Ecce
1535 989 1736 1058 liquido
1780 989 2023 1044 videmus

409 1087 416 1102 ι
444 1076 584 1145 quod
615 1077 879 1148 scriptum
912 1078 1166 1148 legimus,
1203 1080 1338 1134 iram
1364 1080 1570 1136 scilicet
1592 1081 1792 1136 habere
1822 1081 2021 1136 daemo-

441 1165 608 1218 nium.
646 1167 700 1219 ln
732 1165 860 1220 Saul
909 1167 1052 1220 enim
1098 1181 1194 1221 cor
1224 1168 1301 1221 ira
1335 1169 1650 1238 praecessit,
1681 1179 1735 1224 et
1765 1185 1888 1224 mox
1921 1185 2016 1225 ne-

440 1253 625 1322 quitia:
644 1254 894 1323 spiritum
921 1255 1249 1310 introduxit:
1275 1257 1468 1312 dehinc
1489 1258 1834 1328 abreptitium
1861 1275 2018 1315 suum

441 1343 492 1396 in
522 1343 698 1398 zelum
726 1345 910 1399 vesani
938 1343 1138 1400 furoris
1161 1347 1432 1412 accendit,
1463 1363 1528 1402 ac
1551 1350 1620 1404 ad
1647 1349 2018 1418 perimendum

439 1431 628 1498 David,
651 1447 811 1502 quem
842 1443 1064 1488 sanctus
1087 1435 1424 1490 inhabitabat
1451 1435 1718 1506 Spiritus,
1751 1440 2016 1495 incitavit.

437 1521 572 1575 Nam
594 1561 610 1588 ,
637 1531 780 1577 teste
813 1522 1098 1594 Scriptura
1128 1543 1142 1580 :
1193 1543 1212 1576 ι
1253 1525 1500 1580 Tenebat
1526 1527 1653 1581 Saul
1683 1527 1930 1584 lanceam
1963 1539 2017 1583 et

437 1613 586 1668 misit
613 1629 734 1669 eam
756 1655 770 1680 ,
795 1624 990 1684 putans
1016 1617 1160 1685 quod
1190 1619 1460 1688 contigere
1489 1630 1670 1690 posset
1695 1621 1862 1675 David
1891 1637 2014 1676 cum

437 1704 644 1773 pariete
693 1703 906 1776 (ὕδει).
947 1725 966 1757 ι
1015 1705 1305 1762 Fremebat
1357 1708 1502 1762 enim
1549 1710 1601 1763 in
1651 1711 1871 1765 vasculo
1917 1727 2015 1768 suo

441 1805 634 1850 auctor
679 1795 972 1850 iracundiae
1009 1797 1264 1866 spiritus,
1299 1813 1529 1866 eumque
1560 1800 1820 1856 adversus
1863 1802 2015 1857 inno-

434 1899 644 1944 centem
673 1887 860 1944 feralis
889 1889 1106 1944 invidiae
1133 1889 1344 1946 facibus
1369 1889 1754 1946 inﬂammabat.

1031 2004 1256 2062 CAPUT
1316 2006 1406 2062 iV.

489 2091 802 2162 Exemplum
826 2093 1114 2164 presbyteri
1147 2107 1358 2218 proptﬁr
1389 2095 1720 2150 iracundiam
1747 2097 1954 2154 diabolo

1064 2181 1304 2218 mancum
1331 2183 1372 2218 ι.

1064 2181 1372 2235 mancipati.

497 2255 596 2310 Cui
622 2258 1010 2326 propemodum
1040 2257 1321 2314 consimile
1367 2259 1496 2328 quid
1529 2257 1582 2313 in
1617 2258 1864 2314 Urbinati
1899 2269 2010 2315 ter-

431 2346 618 2400 ritorio
660 2346 774 2416 jam
811 2347 926 2403 fere
953 2365 982 2402 a
1011 2349 1278 2405 decennio
1304 2351 1564 2419 contigit,
1612 2351 1755 2420 quod
1789 2352 1856 2406 ad
1913 2367 2010 2406 no-

427 2445 599 2490 stram
649 2437 894 2506 profecto
921 2440 1191 2504 notitiam,
1221 2441 1335 2510 ipsa
1381 2441 1560 2510 potius
1599 2443 1675 2495 rei
1721 2442 2008 2508 praesentia

427 2543 588 2598 quam
615 2530 755 2586 fama
781 2532 1054 2603 vulgante,
1071 2535 1331 2603 pervenit.
1346 2533 1838 2606 Advesperascente
1850 2537 2008 2606 quip-

427 2619 626 2690 peiam
651 2623 770 2688 die,
817 2623 886 2678 in'
903 2623 1130 2678 duorum
1161 2625 1514 2694 quorumdam
1563 2627 2006 2698 presbyterorum

429 2713 685 2770 cordibus
713 2715 794 2770 sol
828 2715 1142 2772 inocciduus
1162 2717 1463 2782 occidebat,
1489 2731 1692 2786 eosque
1719 2717 2004 2773 adversum

422 2819 480 2860 se
509 2807 710 2862 mutuis
735 2805 1054 2876 injuriarum
1086 2808 1497 2879 jurgiorumque
1523 2809 1782 2864 conviciis
1817 2819 2006 2864 auctor

421 2897 705 2953 discordiae
746 2899 970 2969 spiritus
1015 2903 1364 2958 accendebat.
1416 2901 1659 2972 Cumque
1722 2905 2006 2974 presbyter

420 2989 918 3059 compresbyternm
951 2990 1232 3059 probrosis
1266 2993 1724 3048 contumeliarum
1787 2993 2000 3048 irrisio—

417 3077 578 3133 nibus
603 3077 896 3144 laceraret,
930 3088 984 3133 et
1014 3079 1154 3135 alter
1181 3081 1410 3137 alterum
1435 3083 1605 3138 multo
1629 3085 2001 3140 mordacitatis

418 3169 534 3224 sale
583 3170 1107 3241 maledictorumque
1170 3173 1525 3229 relationibus
1571 3175 1996 3244 conspersisset,

2127 623 2434 686 memoria),
2468 621 2774 674 'l‘euzonem
2803 622 3042 686 nomine,
3069 637 3154 676 me
3177 639 3392 692 quoque
3421 637 3706 694 praesente,

2127 713 2461 782 pmnitentite
2491 711 2764 781 ﬂagitator
2794 713 3042 766 accessit.
3081 712 3176 766 Cui
3209 729 3330 767 mox
3359 717 3710 792 sacerdotalis

2125 805 2302 860 oﬂicio
2331 805 2610 874 dignitatis
2639 805 2908 874 adempto,
2933 821 3056 860 cum
3089 808 3334 860 aestivum
3365 817 3492 862 tunc
3513 823 3706 866 cauma

2126 893 2908 959 fervesceret,etsecandarum
2938 895 3190 950 messium
3215 907 3426 968 tempus
3457 899 3706 969 instaret,

2117 981 2272 1051 juxta
2295 985 2496 1038 carinae
2525 985 2586 1055 (f.
2613 971 2904 1054 canonunt)
2934 987 3189 1054 regulam,
3229 988 3578 1044 iuclusioucm
3613 1007 3710 1046 cu-

2121 1075 2310 1128 stodia:
2347 1075 2635 1128 carceralis
2659 1057 2948 1128 indiiimus
2986 1091 3286 1129 zannorum
3331 1079 3704 1147 pmnitentiam

2121 1165 2446 1232 competenti
2463 1163 3168 1234 moderationeprmﬁximus
3199 1185 3211 1218 :
3240 1175 3404 1236 atque
3417 1169 3540 1223 utin
3555 1185 3705 1240 spem

2121 1263 2282 1308 certa:
2306 1254 2730 1324 recuperationis
2753 1255 2956 1323 absque
2977 1256 3140 1308 dubio
3162 1251 3584 1322 convalesceret,
3611 1261 3704 1312 ad-

2121 1342 2324 1396 hortati
2349 1357 2542 1398 omnes
2570 1359 2774 1396 sumus.
2825 1343 2882 1396 ln
2923 1357 3032 1412 quo
3075 1345 3328 1398 nimirum
3361 1345 3502 1400 facto
3531 1351 3706 1400 tuant-

2117 1431 2256 1488 feste
2283 1435 2654 1503 perpenditur,
2685 1436 2943 1504 quoniam
2979 1436 3274 1490 iracundus
3303 1439 3428 1492 dum
3459 1439 3576 1494 zelo
3602 1441 3702 1516 im-

2117 1523 2382 1578 moderati
2413 1527 2614 1580 furoris
2641 1528 2975 1591 accenditur,
3019 1527 3175 1596 juxta
3225 1529 3522 1600 Scriptura:
3549 1521 3703 1588 testi-

2119 1614 2388 1679 monium,
2441 1631 2470 1668 a
2500 1616 2767 1670 daemonio
2791 1617 3116 1686 possidetur.
3149 1617 3398 1690 Nunquid
3423 1621 3574 1674 enim
3597 1622 3702 1676 ira-

2117 1704 2326 1758 cundus
2363 1705 2632 1758 dsmonio
2665 1715 2896 1759 vexante
2930 1721 3036 1758 non
3067 1707 3263 1776 agitur,
3313 1708 3406 1777 qui
3455 1723 3702 1766 nonnun-

2115 1807 2278 1862 quam
2309 1794 2375 1847 ad
2405 1794 2739 1864 plectendam
2775 1793 3062 1862 cujuslibet
3105 1811 3209 1864 non
3261 1796 3533 1876 lasdentis,
3567 1800 3700 1870 quin

2037 1889 2081 1948 Β
2111 1885 2290 1951 potius
2309 1885 2529 1939 sibimet
2548 1886 2920 1955 obsequentis,
2937 1886 3300 1941 innocentiam
3321 1893 3700 1958 permovetur?

2117 1970 2269 2027 Ultro
2298 1973 2439 2026 enim
2488 1974 2616 2028 dum
2651 1974 2823 2028 libero
2869 1975 3067 2030 mentis
3101 1974 3308 2042 judicio
3357 1988 3537 2046 caret,
3567 1995 3697 2052 erga

2113 2075 2202 2116 res
2223 2063 2386 2116 etiam
2419 2063 2759 2120 insensibiles
2781 2065 3072 2120 vindictam
3105 2067 3317 2122 ultorite
3355 2069 3698 2126 animadver-

2111 2151 2279 2208 sionis
2299 2163 2538 2209 exercet.
2563 2155 2718 2221 Quod
2743 2157 2930 2226 utique
2947 2155 3122 2228 Cyrus
3145 2171 3239 2213 rex
3257 2158 3498 2216 Persidis
3519 2161 3696 2232 egisse

2110 2233 2550 2311 deprehenditur,
2608 2246 2749 2300 sicut
2803 2246 3108 2304 Herodotus
3157 2250 3394 2319 antiqua)
3462 2253 3696 2322 scriptor

2113 2335 2356 2389 historiae
2383 2335 2690 2406 profitetur.
2723 2336 2824 2404 Qui
2847 2338 2972 2391 dum
3003 2339 3232 2394 militum
3265 2341 3496 2396 vallatus
3521 2345 3691 2413 agmi-

2109 2425 2290 2490 nibus,
2319 2425 2562 2497 Gnydcm
2589 2426 2807 2482 ﬂuvium
2833 2430 3230 2493 transvadaret,
3253 2445 3393 2486 unus
3421 2433 3690 2502 regiorum

2108 2517 2351 2586 equitum
2402 2519 2638 2573 candore
2698 2518 2980 2588 formaque
3027 2521 3372 2590 pratcellens,
3421 2523 3550 2578 dum
3595 2539 3692 2593 per

2109 2623 2358 2677 rapacem
2387 2607 2628 2674 alveum,
2671 2611 2762 2665 ubi
2791 2610 2977 2666 oﬂ'ensi
3025 2611 3166 2666 vado
3214 2614 3450 2670 vortices
3478 2615 3690 2672 attolle-

2107 2699 2325 2762 bantur,
2357 2700 2679 2770 ingreditur,
2707 2703 2972 2757 undarum
2999 2703 3254 2774 procellis
3281 2707 3690 2780 prtecipitanter

2109 2791 2475 2856 irruentibus,
2519 2793 2814 2865 naufragus
2875 2795 3220 2851 absorbetur.
3269 2797 3421 2854 Tunc
3468 2813 3564 2854 rex
3603 2801 3688 2858 ira

2107 2891 2408 2949 permotus,
2443 2882 2628 2937 ulcisci
2655 2883 2706 2937 in
2737 2899 2950 2940 amnem
2992 2888 3204 2954 statuit,
3231 2897 3543 2946 contestans
3563 2905 3686 2946 eum

2106 2972 2196 3040 qui
2226 2977 2547 3047 praeclarum
2578 2983 2866 3028 voraverat
2891 2976 3162 3044 equitem,
3193 2979 3268 3032 ita
3299 2979 3684 3049 permeabilem

2106 3061 2516 3130 relinquendum
2536 3105 2550 3127 ,
2578 3073 2638 3118 ut
2667 3065 2754 3117 vix
2782 3065 3072 3135 aliquando
3093 3079 3274 3138 posset
3303 3071 3570 3142 attingere
3591 3089 3684 3143 ge—
3721 3067 3730 3072 ’

2107 3169 2210 3207 nua
2243 3154 2588 3214 fetninarum.
2617 3157 2830 3210 Annum
2863 3158 3049 3227 igitur,
3081 3169 3142 3213 ttt
3165 3160 3476 3229 conjicitur,
3511 3173 3680 3220 totum

419 3275 558 3316 unus
587 3275 772 3318 eorum
820 3261 1108 3318 minaciter
1151 3263 1438 3330 iulonans,
1485 3272 1540 3320 et
1585 3263 1836 3320 dentibus
1867 3265 1994 3320 stri-

2099 3245 2152 3297 in
2179 3245 2282 3300 hoc
2309 3245 2602 3299 ridiculoso
2630 3245 2811 3300 labore
2841 3259 3155 3316 perpetuat,
3203 3263 3268 3304 ac
3299 3265 3452 3304 reum
3507 3255 3678 3322 maje-

419 3353 588 3416 dens,
616 3361 866 3421 correpta
909 3352 1104 3408 lancea
1151 3353 1256 3408 iter
1287 3355 1545 3424 arripuit,
1591 3363 1756 3426 atque
1797 3357 1864 3409 ad
1894 3357 1992 3410 do-

420 3459 564 3497 mum
594 3459 747 3498 suam
779 3444 997 3514 iongius
1047 3446 1400 3501 constitutam
1420 3487 1436 3510 ,
1470 3447 1775 3502 furibundis
1802 3464 1996 3518 prope-

417 3549 544 3588 rare
567 3535 843 3604 gressibus
871 3537 1056 3606 cwpit.
1107 3535 1212 3592 Sed
1260 3553 1386 3592 cum
1417 3537 1566 3592 illum
1595 3537 1708 3608 jam
1741 3554 1994 3608 superve-

419 3625 574 3678 niens
603 3623 774 3693 caligo
805 3626 978 3680 noctis
1013 3627 1314 3682 obnuberet
1333 3667 1346 3694 ,
1389 3643 1485 3682 cor
1515 3629 1678 3683 etiam
1708 3629 1994 3684 interiores

417 3715 655 3768 tenebrae
683 3715 1042 3784 pernitiosius
1063 3717 1422 3786 possiderent,
1447 3733 1574 3773 ecce
1594 3718 1831 3788 quinque
1853 3720 1990 3788 nigri

415 3805 624 3872 equites
645 3819 766 3858 cum
789 3806 1012 3860 caballis
1033 3823 1186 3877 mque
1210 3807 1548 3878 nigrantibus
1569 3809 1808 3874 obviant,
1833 3811 1991 3880 eique

415 3894 460 3947 is
490 3895 578 3962 qui
621 3893 792 3962 major
818 3895 958 3949 inter
994 3911 1086 3951 eos
1146 3897 1430 3952 videbatur
1482 3899 1746 3953 insultat:
1803 3901 1986 3968 Saepe,

417 3985 617 4053 inquit,
667 3984 873 4050 institi,
911 3995 969 4039 ut
1000 3995 1051 4041 te
1095 3987 1226 4042 mihi
1259 3989 1552 4052 subderes,
1595 3996 1654 4042 ut
1683 3989 1736 4041 in
1767 3987 1988 4043 cliente—

415 4074 516 4126 lam
547 4091 788 4129 meorum
811 4076 1278 4130 contubernalium
1306 4077 1608 4132 devenires.

483 4163 663 4220 Totics
689 4165 867 4235 itaque
888 4167 1306 4236 subterfugiens,
1331 4167 1442 4236 jam
1457 4183 1560 4221 non
1585 4166 1983 4237 poterisjugum

413 4267 544 4306 meae
563 4255 784 4308 ditionis
799 4255 1050 4310 evadere.
1069 4255 1366 4311 Videbatur
1388 4259 1530 4311 enim
1549 4259 1746 4314 nobilis
1767 4259 1982 4328 quidam

453 4361 500 4396 ιτ
525 4359 664 4406 esse,
702 4343 972 4400 [ieiunans
1017 4347 1263 4410 nomine,
1311 4349 1476 4420 676
1523 4349 1612 4417 qui
1673 4347 1984 4417 frequenter

444 4449 532 4486 um
555 4433 962 4498 sollicitaverat,
991 4443 1048 4487 ut
1073 4435 1174 4488 sibi
1207 4435 1454 4492 subditus
1487 4437 1660 4492 ﬂeret.
1695 4437 1980 4510 Presbyter

405 4521 586 4590 itaque
615 4522 764 4575 nimii
796 4525 1020 4578 terroris
1045 4525 1278 4579 horrore
1323 4527 1633 4595 perculsus,
1686 4530 1752 4582 ad
1799 4529 1978 4596 praeci-

2097 3335 2252 3390 statis
2293 3335 2514 3390 ﬂuvium
2555 3337 2679 3390 d-utu
2721 3336 2906 3392 multis
2951 3339 3204 3407 utrinque
3247 3339 3408 3396 foss-is
3430 3345 3674 3412 aperuit,

2095 3427 2248 3494 quasi
2298 3426 2520 3480 totidem
2563 3441 2659 3496 per
2685 3423 2854 3482 latera
2899 3427 3215 3484 vulneribus
3241 3431 3508 3488 sauciavit
3537 3452 3550 3486 :
3579 3449 3680 3503 per

2093 3517 2518 3588 quadringentos
2563 3517 2772 3572 scilicet
2829 3528 2886 3573 et
2909 3507 3204 3590 ‘sexaginta
3265 3523 3466 3580 rivulos
3507 3541 3674 3596 aquas

2093 3605 2330 3662 ﬂuminis
2357 3607 2670 3673 subdivisit;
2703 3610 2802 3674 sic,
2830 3611 2910 3664 sic
2939 3611 3082 3665 velut
3112 3612 3318 3668 inimici
3343 3615 3424 3669 sui
3455 3619 3677 3688 sangui-
3741 3665 3746 3670 .

2094 3711 2214 3751 nem
2246 3697 2508 3766 perﬂuere
2531 3699 2820 3768 compulit,
2851 3710 2906 3755 et
2935 3701 3158 3756 divitem
3183 3719 3396 3772 venam,
3427 3707 3481 3761 in
3505 3723 3670 3778 quam

2095 3800 2354 3859 tyrannus
2377 3790 2656 3844 infremuit
2674 3831 2689 3856 ,
2723 3802 3041 3861 paupertate
3073 3796 3345 3850 multavit.

2709 3880 2941 3936 CAPUT
2981 3883 3044 3938 ν.

2357 3971 2508 4036 Quod
2537 3973 2618 4026 ira
2641 3971 2900 4024 hominem
2925 3971 3092 4026 reddit
3119 3985 3396 4028 amentem.

2157 4062 2348 4116 Cernis
2385 4063 2566 4130 itaque
2589 4102 2601 4124 ,
2637 4060 2872 4132 qualiter
2899 4062 2976 4116 ira
3013 4063 3188 4116 reddit
3215 4075 3511 4132 amentem,
3543 4081 3665 4136 qua:

2089 4154 2215 4206 dum
2248 4153 2562 4222 exsequitur
2611 4152 2752 4222 quod
2783 4151 3118 4220 impatientia
3143 4155 3404 4224 suggerit,
3461 4167 3661 4212 seruet-

2089 4246 2258 4314 ipsam
2285 4245 2581 4300 ridentibus
2605 4243 2858 4314 pabulum
2887 4243 3324 4299 subsannationis
3362 4245 3526 4316 677
3563 4261 3661 4302 ex-

2087 4337 2257 4404 ponit.
2305 4335 2407 4390 Per
2450 4349 2607 4388 omne
2651 4335 2848 4406 quippe
2869 4333 3056 4388 vitium
3078 4335 3222 4404 quod
3255 4335 3322 4389 ali
3350 4335 3660 4395 hominibus

2087 4433 2444 4495 perpetratur,
2477 4423 2706 4478 diversis
2735 4425 2918 4491 utique
2949 4423 3125 4478 modis
3155 4425 3356 4480 misero
3385 4427 3535 4480 cordi
3569 4443 3662 4483 vc-

2087 4513 2284 4566 ternosi
2329 4512 2500 4568 hostis
2543 4513 2690 4565 virus
2731 4511 3048 4566 infunditur.
3095 4511 3152 4567 In
3199 4513 3492 4569 iracundia:
3531 4533 3662 4572 vero

405 4610 602 4676 pientis
633 4611 915 4682 imperium
947 4629 1140 4668 manus
1177 4623 1435 4684 utrasque
1461 4619 1776 4686 complosit,
1816 4627 1978 4686 atque

2099 4617 2252 4666 ieste,
2299 4613 2406 4656 tota
2455 4619 2550 4656 sua
2601 4603 2806 4656 viscera
2855 4617 3077 4672 serpens
3122 4605 3396 4669 concutit,
3439 4623 3660 4663 omnem

405 4698 547 4752 iHius
575 4717 766 4754 manus
796 4701 1164 4758 dedititiorum
1189 4719 1340 4760 more
1367 4706 1687 4762 deosculans
1705 4747 1720 4770 ,
1749 4723 1808 4762 se
1834 4708 1975 4761 velut

405 4789 456 4840 itt
487 4788 675 4844 herilis
703 4789 825 4845 fidei
862 4793 1089 4846 tuitione
1133 4795 1426 4849 commisit.
1463 4793 1560 4849 Cui
1618 4795 1864 4850 videlicet
1893 4797 1970 4849 rei

403 4880 651 4948 congruit
678 4881 818 4948 quod
860 4881 1113 4937 Salomon
1163 4885 1239 4936 ait
1269 4902 1282 4937 :
1317 4903 1334 4934 ‹
1365 4883 1554 4938 Manus
1585 4885 1638 4939 in
1671 4901 1831 4938 manu
1862 4902 1968 4939 non

400 4971 505 5024 erit
553 4971 814 5028 innocens
847 4972 1022 5028 malus
1069 4971 1253 5044 (Prov.
1306 4975 1406 5044 χι).
1448 4996 1465 5027 ι
1516 4977 1683 5042 Quem
1731 4977 1976 5044 protinus

401 5059 492 5113 ille
519 5069 910 5130 percunctans:
945 5061 1094 5128 Scis,
1141 5063 1347 5132 inquit,
1377 5065 1466 5132 qui
1498 5065 1631 5119 sim?
1656 5064 1747 5118 lllc
1774 5074 1969 5133 praisto

399 5150 732 5220 respondens
761 5151 835 5206 ait
869 5169 882 5206 :
915 5151 1105 5208 Nonne
1135 5163 1188 5206 ιιι
1223 5167 1283 5208 es
1305 5155 1554 5208 dominus
1583 5169 1738 5209 meus
1765 5153 1966 5208 Roma—

399 5239 538 5296 nus?
583 5241 656 5294 At
697 5240 785 5294 ille
811 5259 828 5294 :
859 5242 1048 5307 Absit,
1081 5243 1257 5308 absit;
1291 5244 1383 5298 sed
1411 5259 1518 5314 ego
1545 5259 1694 5304 sum,
1747 5243 1921 5312 inquit
1950 5284 1966 5308 ,

399 5329 666 5393 diabolus,
697 5330 782 5384 cui
835 5339 889 5384 tu
937 5347 1082 5386 nunc
1128 5333 1446 5387 commissus
1487 5347 1576 5397 es,
1608 5343 1661 5386 et
1691 5331 1963 5386 individua

398 5419 649 5488 deinceps
673 5421 936 5476 societate
959 5423 1300 5478 constrictus.

467 5509 560 5564 Sta
595 5511 758 5580 igitur
789 5513 840 5565 in
882 5514 1012 5578 fide,
1035 5524 1088 5568 et
1117 5527 1272 5568 serva
1303 5513 1444 5582 quod
1477 5513 1748 5582 pollicitus
1794 5527 1882 5576 es;
1909 5521 1964 5565 ct

395 5608 514 5666 post
567 5597 870 5666 hujusmodi
903 5603 1066 5656 verba
1101 5601 1184 5656 vel
1219 5611 1370 5672 gesta
1429 5611 1626 5670 praesto
1677 5601 1960 5671 disparuit.

395 5691 544 5744 'l‘unc
575 5690 662 5744 ille
693 5693 1062 5756 tremefactus,
1099 5693 1352 5748 confusus
1397 5705 1560 5762 atque
1617 5695 1957 5763 perterritus,

393 5781 458 5832 ad
498 5780 716 5836 domutn
763 5797 866 5836 non
913 5784 1030 5836 sine
1080 5799 1268 5852 magno
1321 5785 1694 5854 trepidationis
1737 5787 1960 5842 horrore

2079 4693 2220 4748 fellis
2251 4694 2664 4746 aumritudinetn
2707 4707 2964 4746 evomens
2997 4693 3201 4756 fundit;
3250 4696 3383 4749 adeo
3421 4707 3482 4750 ut
3527 4715 3654 4766 pru-

2079 4787 2292 4840 dentem
2343 4787 2540 4840 tnentis
2587 4795 2890 4853 expertem,
2943 4785 3314 4841 rationabilem
3363 4788 3656 4848 furiosum.

2078 4877 2360 4930 callentem
2415 4876 2630 4944 ingenio
2685 4875 2872 4928 reddat
2923 4875 3190 4928 insanum.
3245 4877 3460 4932 Alienat
3511 4883 3654 4934 enim

2080 4965 2328 5029 miseros,
2383 4973 2438 5018 et
2491 4963 2636 5017 velut
2692 4963 3010 5032 abreptitios
3066 4963 3304 5022 insanire
3361 4969 3651 5038 compellit.

2077 5057 2230 5123 Quod
2261 5070 2390 5112 sane
2418 5055 2541 5110 licet
2564 5053 2812 5109 omnibus
2835 5055 3155 5110 Christianis
3186 5057 3258 5110 sit
3279 5058 3499 5112 on'mino
3525 5075 3651 5128 pro-

2076 5149 2324 5212 hibitum,
2367 5147 2697 5216 permax‘ime
2725 5156 2903 5200 tamen
2934 5147 3307 5202 sacerdotibus
3334 5157 3418 5202 est
3447 5163 3647 5204 caven-

2075 5241 2221 5294 tium.
2269 5237 2399 5292 Nam
2436 5253 2558 5292 cum
2607 5237 2806 5290 veritas
2848 5237 3057 5290 cunctis
3099 5235 3347 5290 ﬁdelibus
3396 5237 3448 5289 in
3498 5251 3645 5294 com-

2073 5347 2234 5386 mune
2259 5327 2556 5399 prtecipiat,
2596 5337 2655 5382 ut
2692 5325 2956 5380 dissidens
2983 5326 3209 5395 quisque
3254 5323 3447 5383 munus
3489 5343 3644 5384 suum

2072 5433 2196 5476 ante
2239 5421 2408 5476 altare
2452 5420 2688 5485 deserat,
2723 5431 2822 5470 nec
2851 5415 2980 5490 illud
3011 5426 3298 5485 antequam
3335 5417 3461 5473 lteso
3491 5419 3644 5476 fratri

2071 5513 2466 5574 reconcilietur,
2501 5509 2692 5564 oﬂ'erre
2723 5515 3016 5576 praesumat
3059 5505 3274 5576 (Matth.
3307 5509 3383 5578 v),
3443 5521 3646 5578 quanto

2069 5601 2384 5671 propensius
2425 5597 2476 5652 id
2525 5595 2784 5666 agendum
2829 5605 2912 5650 est
2954 5597 3242 5664 sacerdoti,
3275 5599 3364 5668 qui
3395 5600 3644 5656 videlicet

2069 5707 2173 5746 non
2199 5690 2396 5744 metalli
2437 5689 2664 5758 pondus,
2697 5701 2798 5742 non
2824 5690 3228 5758 corruptibilem
3270 5693 3636 5760 margaritam,

2065 5802 2172 5841 non
2219 5793 2370 5839 certe
2415 5781 2718 5850 manipulos
2765 5789 3029 5851 segetum,
3075 5779 3165 5837 s'ed
3215 5783 3390 5837 vitalis
3439 5783 3638 5836 eurltav
