4074 6190
375 462 486 520 655

824 455 895 516 S.
935 457 1136 514 PETRI
1170 453 1448 511 DAMlANl
1487 453 1633 511 OPP.
1668 453 1902 511 TOMUS
1942 455 2070 510 SEL'
2109 455 2284 509 PARS
2315 454 2398 508 lli.
2435 453 2882 510 -—()PUSCULA
2920 453 3144 507 VAlilA.

3512 458 3614 514 656

373 573 539 628 ristiat
572 569 848 627 oblaturus
872 577 953 622 cst
985 564 1410 621 sacramentum!
1455 563 1520 618 Et
1548 579 1668 618 cum
1699 563 1784 617 illa
1821 563 1932 616 sin-
1965 569 2007 625 Α
2037 563 2254 632 cepiosa
2296 578 2577 618 munerum
2625 563 2943 618 liberalitate
2971 565 3180 619 ditavit.
3230 564 3274 618 Ο
3316 566 3360 620 si
3404 567 3487 620 vir
3527 569 3616 622 ille

372 660 575 728 gularis
594 658 769 716 hostia
797 671 894 726 pro
920 654 1153 710 inimicis
1173 653 1441 723 principio
1469 652 1543 706 sit
1565 652 1765 717 oblata,
1796 653 1942 722 Apo-

372 747 512 804 stole
542 754 775 802 testante
794 743 888 812 qui
936 742 1012 797 ait
1048 759 1062 796 :
1108 760 1126 796 ι
1160 742 1296 797 Cum
1325 739 1527 795 inimici
1563 755 1823 805 essemus,
1857 754 1945 795 re-

367 833 638 889 conciliati
656 845 846 888 sumus
867 829 978 884 Deo
998 844 1096 900 per
1117 838 1341 885 mortem
1364 827 1457 882 ﬁlii
1484 826 1599 898 ejus
1620 826 1793 897 (Rom.
1808 827 1895 896 v);
1919 846 1937 884 ι

369 936 478 991 qua
523 928 699 976 mente
735 918 987 973 sacerdos
1017 918 1084 971 ad
1113 927 1219 972 tam
1250 917 1487 972 terribile
1521 926 1938 984 sacramentum,

340 1029 474 1081 'qua
520 1012 842 1068 temeritatis
880 1012 1103 1065 audacia
1151 1025 1347 1067 mensa
1389 1010 1626 1070 caelestis
1669 1011 1944 1080 praesumit

366 1107 521 1161 adire
559 1105 886 1169 convivium,
917 1103 962 1156 si
990 1103 1115 1157 dum
1145 1102 1600 1157 reconciliationis
1627 1102 1940 1171 mysterium

369 1193 627 1260 celebrat,
653 1193 807 1249 fratri
834 1208 933 1248 suo
959 1191 1297 1248 reconciliari
1319 1191 1663 1246 contemnat?
1687 1190 1943 1246 Inimicus

367 1285 528 1348 oﬁ‘ert
552 1285 803 1349 hostiam,
834 1297 954 1352 qua:
982 1281 1293 1336 inimicitias
1327 1281 1506 1346 solvit,
1529 1283 1595 1336 ad
1628 1279 1941 1350 mysterium

367 1380 520 1449 pacis
549 1379 848 1449 impacatus
876 1374 1114 1438 accedit;
1145 1389 1266 1428 cum
1311 1372 1480 1440 majus
1510 1375 1581 1430 sit.
1622 1372 1942 1432 sacriﬁcium

365 1469 614 1540 peccanti
646 1467 921 1523 dimittere
950 1478 1113 1533 quam
1158 1463 1333 1523 laudis
1379 1463 1582 1522 hostias
1629 1461 1940 1525 immolare;

367 1571 424 1616 et
447 1557 763 1631 placabilius
799 1557 871 1614 sit
906 1556 1014 1617 Deo
1043 1555 1197 1610 boote
1227 1554 1520 1609 voluntatis
1565 1553 1940 1614 holocaustum

365 1666 532 1725 quam
558 1648 845 1707 exterioris
871 1648 1104 1702 victima:
1130 1654 1548 1705 sacramentum.

444 1742 597 1800 Unde
619 1756 724 1806 non
745 1740 979 1796 otiosum
1007 1739 1279 1794 credimus
1302 1738 1346 1792 si
1373 1737 1458 1793 his
1485 1736 1660 1791 verbis
1690 1736 1946 1816 inseritur

370 1833 516 1902 quod
542 1829 741 1887 celebri
771 1843 802 1886 a
832 1827 1104 1901 nonnullis
1133 1827 1394 1882 relatione
1417 1825 1682 1894 vulgatur.
1707 1825 1800 1880 Vir
1826 1824 1946 1894 qui-

2047 653 2395 708 sacerdotalis
2434 653 2641 708 ordinis
2681 653 2856 707 otticie
2901 655 3242 723 fungeretur,
3285 671 3619 724 quamcon-

2046 741 2271 798 ﬁdenter
2289 742 2355 796 ad
2376 741 2703 799 oli'ercndum
2721 742 2829 794 Deo
2844 757 3040 796 munus
3057 744 3322 812 potuisset
3335 747 3612 802 accedere!

2043 830 2161 898 Quo
2188 839 2401 898 contra,
2430 831 2677 908 quisquis
2701 831 2752 884 in
2786 833 2950 885 corde
2989 831 3080 886 ira:
3110 832 3193 886 vel
3216 833 3323 888 odii
3349 833 3620 890 confusio-

2043 936 2140 978 nes
2167 921 2514 992 agglomerat,
2554 930 2610 975 et
2652 932 2863 991 tempus
2891 922 3102 978 ultoriae
3134 924 3504 981 retributionis
3523 940 3616 981 ex-

2044 1020 2270 1080 spectat,
2295 1026 2451 1079 quam
2467 1011 2785 1080 perniciose,
2809 1026 2969 1080 quam
2991 1012 3150 1076 noxie
3170 1013 3343 1068 sacris
3359 1013 3618 1074 altaribus

2041 1099 2460 1172 appmpinquat!
2511 1099 2827 1154 Hominibus
2854 1101 3053 1170 quippe
3083 1103 3310 1158 vertitur
3343 1103 3398 1158 in
3429 1104 3617 1160 incen-

2045 1188 2215 1253 dium,
2256 1188 2398 1258 quod
2444 1188 2511 1244 ad
2543 1188 3108 1260 refrigerit'provisum
3135 1203 3218 1252 est
3242 1205 3610 1264 augmentum.

2653 1301 2880 1358 CAPUT
2920 1302 3006 1358 Vl.

2115 1385 2423 1458 Prodigium
2456 1391 2594 1460 quod
2623 1392 2837 1463 contigit
2873 1395 3169 1463 presbyter
3206 1393 3545 1452 Salernitano

2559 1462 2771 1516 missam
2802 1461 3098 1518 celebranti.

2117 1547 2536 1606 Undefortasse
2565 1553 2788 1622 contigit
2823 1556 2966 1623 quod
3016 1557 3230 1612 cuidam
3263 1573 3362 1612 suo
3397 1561 3610 1631 presby-

2048 1646 2164 1692 tero
2185 1640 2509 1695 venerabilis
2533 1639 2758 1696 Alfanus
2785 1641 3156 1702 Salernitanus
3183 1649 3618 1718 arcltiepisCOpus

2046 1743 2217 1800 nuper
2239 1729 2484 1784 evenisse
2509 1730 2778 1800 perhibuit
2804 1750 2818 1786 :
2851 1734 2942 1803 qui
2974 1736 3224 1796 nimirum
3254 1739 3532 1809 presbyter
3547 1742 3616 1795 ad

2046 1825 2397 1881 cumulandos
2426 1827 2664 1896 pecuniae
2688 1838 2924 1896 quaestus
2948 1842 3054 1882 non
3101 1829 3445 1886 mediocriter
3472 1846 3504 1884 a
3537 1831 3616 1884 vi-
3661 1862 3664 1864 -

369 1901 517 1985 dam,
541 1927 602 1974 ut
629 1918 848 1983 dicitur,
873 1917 1232 1986 potentiorem
1267 1931 1325 1971 se
1355 1916 1624 1974 hominem
1654 1914 1941 1979 interfecit,
1972 1901 2017 1960 Β
2046 1915 2164 1970 duis
2192 1925 2249 1970 et
2288 1915 2533 1981 fenorum
2563 1919 2813 1986 captabat
2842 1933 3058 1983 usuras,
3098 1928 3153 1976 et
3181 1919 3248 1975 de
3272 1929 3468 1978 caetero
3494 1937 3618 1977 car-

371 2027 404 2068 a
434 2008 590 2080 cuius
615 2009 778 2068 etiam
805 2007 938 2073 ﬁlio,
968 2021 1123 2066 more
1153 2007 1358 2071 saeculi,
1396 2022 1503 2066 non
1531 2006 1737 2075 legibus
1768 2007 1943 2062 Evan~

369 2101 536 2175 gelil.
577 2099 775 2159 multas
812 2098 1075 2156 bellorum
1118 2097 1395 2156 molestias
1437 2095 1702 2166 pertulit:
1735 2095 1944 2165 paterni

369 2190 581 2252 scilicet
608 2188 749 2249 ultor
797 2187 1068 2262 interitus,
1100 2194 1156 2244 et
1192 2195 1399 2255 strages
1439 2184 1728 2243 anhelabat
1772 2184 1945 2242 homi-

370 2295 526 2346 num,
560 2287 615 2334 et
659 2275 1020 2354 frequentium
1066 2276 1374 2343 reportabat
1416 2273 1698 2330 manubias
1732 2273 1946 2342 rapina-

319 2386 332 2402 ι
372 2385 514 2426 rum.
550 2367 692 2430 inter
719 2366 818 2428 has
847 2365 1008 2435 igitur
1043 2365 1311 2428 homicida
1359 2365 1724 2433 deprehensus
1769 2378 1942 2432 angu—

370 2463 530 2528 stias,
559 2458 836 2530 imperiale
880 2458 1119 2518 decrevit
1164 2457 1313 2518 adire
1355 2458 1662 2526 vestigium,
1707 2456 1752 2518 si
1801 2455 1942 2526 quod

367 2553 514 2616 forte
541 2560 621 2614 tot
642 2550 1038 2616 calamitatibus
1061 2557 1241 2619 posset
1268 2548 1506 2617 reperire
1533 2547 1800 2608 solatium.
1827 2547 1945 2612 Quo

369 2649 668 2712 comperto,
698 2639 910 2710 paterni
947 2639 1228 2706 sanguinis
1264 2636 1403 2702 tritor
1447 2636 1761 2704 insequitur.
1794 2649 1944 2690 eum-

367 2745 498 2804 que,
543 2730 657 2786 sive
697 2738 756 2784 ut
797 2727 1144 2792 tribunalium
1192 2728 1308 2797 lege
1350 2727 1704 2796 constringat,
1741 2727 1856 2788 sive
1886 2734 1946 2779 ut

369 2830 595 2892 repente
645 2817 836 2890 gladiis
883 2817 1185 2887 opprimat,
1240 2815 1468 2885 impiger
1519 2815 1829 2870 comitatur.
1886 2815 1944 2870 In

368 2912 682 2980 Teutonicis
715 2926 844 2972 vero
870 2909 1116 2981 partibus
1146 2918 1272 2974 tunc
1305 2909 1596 2980 imperator
1625 2907 1834 2977 agebat.

439 3005 574 3069 Cum
623 3004 807 3075 itaque
849 3004 1151 3072 procedens
1198 3002 1470 3065 modeste,
1521 3002 1673 3070 quasi
1721 3014 1945 3056 securos

370 3095 678 3160 incederet,
729 3095 1063 3162 subsequens
1107 3103 1286 3149 autem
1331 3091 1560 3152 celerius
1607 3100 1942 3160 properaret,

374 3185 590 3255 tandem
625 3185 851 3260 contigit
891 3191 951 3240 ut
978 3182 1197 3238 sibimet
1242 3182 1470 3237 invicem
1503 3183 1938 3252 propinquantes,

2044 2006 2151 2061 nali
2182 2007 2586 2063 conversatione
2611 2009 2844 2064 vivebat.
2892 2008 2991 2064 Hic
3021 2009 3309 2079 aliquando
3335 2013 3458 2066 dum
3489 2014 3615 2069 mis-

2042 2109 2223 2150 sarum
2249 2096 2551 2150 celebraret
2577 2094 2832 2162 oliicium,
2857 2097 2999 2152 inter
3022 2097 3190 2166 ipsam
3217 2099 3474 2156 Dominici
3497 2118 3615 2156 cor-

2043 2185 2192 2253 poris
2231 2181 2572 2249 fractionem,
2621 2194 2728 2241 tres
2759 2196 2980 2256 repente
3022 2187 3213 2244 favillae
3240 2190 3377 2260 ignis
3402 2207 3466 2245 ex
3501 2195 3614 2261 ipso

2041 2274 2246 2338 cmlesti
2291 2284 2632 2331 sacramento
2678 2278 3005 2347 prodeuntes
3049 2279 3417 2346 emicuernnt,
3460 2295 3515 2339 et
3562 2285 3611 2338 in

2042 2375 2229 2435 pectus
2269 2367 2630 2423 sacriﬁcantis
2680 2367 2996 2424 terribiliter
3034 2370 3370 2442 intpegeruut
3413 2391 3427 2427 :
3472 2375 3613 2444 quod

2043 2457 2297 2519 nimirum
2339 2457 2468 2527 quid
2509 2472 2629 2515 esse
2670 2459 2908 2533 potuerit
2959 2461 3229 2526 subtiliter
3297 2463 3614 2532 inquirentis
3662 2466 3680 2472 ’

2039 2550 2325 2619 prudentia
2345 2549 2626 2618 judicabit.
3001 2571 3011 2577 -

2111 2639 2244 2699 ιιιυά
2269 2641 2432 2700 etiam
2466 2640 2680 2696 silentio
2709 2643 3139 2710 praetereundum
3179 2656 3296 2700 esse
3338 2661 3443 2709 non
3473 2647 3616 2701 arbi-

2043 2735 2176 2794 tror,
2202 2728 2342 2798 quod
2371 2729 2510 2786 idem
2539 2729 2893 2786 Salernitanae
2923 2739 3100 2786 rector
3134 2731 3403 2797 Ecclesize,
3436 2744 3492 2790 et
3527 2752 3612 2790 re-

2043 2816 2440 2887 ligiosissimus,
2478 2834 2541 2878 ac
2567 2821 2948 2878 veracissimus
2968 2821 3280 2880 Casineusis
3305 2828 3614 2884 monasterii

2045 2907 2211 2970 abbas
2239 2907 2567 2973 Desiderius,
2600 2924 2708 2967 uno
2729 2911 2880 2981 mibi,
2925 2920 2984 2970 ut
3007 2913 3080 2970 ita
3104 2913 3312 2984 loquar,
3341 2930 3437 2971 ore
3466 2916 3612 2974 dixco

2045 3007 2201 3067 runt;
2256 3000 2512 3070 quoniam
2572 3003 2896 3080 episcOpus,,_
2923 3003 3075 3072 cujus
3133 3020 3222 3062 me
3264 3005 3330 3060 ad
3377 3021 3615 3076 praesens

2045 3091 2362 3146 vocabulum
2392 3091 2545 3161 fugit,
2574 3093 2699 3150 dum
2725 3094 2779 3150 in
2807 3093 3038 3164 quodam
3069 3103 3249 3150 castro
3276 3107 3616 3151 consecratu-

2045 3195 2138 3235 rus
2180 3189 2323 3240 esset
2365 3181 2681 3249 Ecclesiam,
2729 3182 2797 3238 ab
2823 3197 2890 3240 eo
2919 3183 3011 3254 qui
3056 3183 3446 3242 Beneventauae
3493 3199 3617 3250 tunc

377 3279 434 3334 in
463 3285 678 3342 mutuos
721 3285 946 3344 uterque
971 3273 1296 3330 ducerentur
1323 3283 1586 3342 aspectus.
1613 3273 1718 3327 Sed
1741 3287 1863 3335 cum
1897 3271 1942 3330 is
1971 3274 2014 3343 ο
2045 3276 2162 3322 erat
2191 3268 2397 3327 electus
2421 3269 2691 3337 Ecclesiae,
2720 3269 2864 3326 beati
2897 3270 3115 3328 Barbati
3145 3275 3468 3330 confessoris
3498 3276 3615 3332 reli-

370 3366 464 3442 qui
509 3365 784 3433 homicidii
832 3378 957 3424 reus
1000 3372 1138 3428 erat,
1189 3363 1279 3421 vix
1318 3371 1551 3430 quatuor
1577 3363 1659 3417 vel
1703 3363 1940 3431 quinque

369 3456 626 3514 comitum
656 3454 938 3518 fulcirctnr
965 3452 1194 3518 auxilio;
1226 3450 1495 3512 interfecti
1525 3467 1652 3506 vero
1682 3451 1821 3506 ﬁlius
1851 3453 1942 3504 tri-

370 3544 518 3615 ginta
547 3543 714 3598 ferme
738 3543 1044 3612 cingeretur
1063 3541 1337 3611 ohsequiis
1357 3551 1707 3604 armatorum,
1728 3552 1942 3608 quater-

372 3635 591 3695 niouem
615 3648 769 3687 suum
793 3633 1107 3686 cohortatur
1131 3642 1188 3685 ut
1210 3631 1392 3708 fugiat.
1418 3632 1508 3686 Ille
1529 3647 1587 3686 se
1609 3631 1944 3700 conspiciens

372 3725 440 3780 de
459 3722 896 3796 persequentium
921 3722 1167 3777 manibus
1187 3721 1337 3775 avola
1347 3736 1402 3776 re
1421 3737 1528 3776 non
1552 3733 1728 3790 posse,
1753 3721 1943 3776 auium:

373 3813 732 3883 patrocinium
759 3812 936 3886 petiit,
968 3810 1032 3866 ad
1066 3811 1385 3866 humilitatis
1414 3811 1786 3865 umbraculum
1815 3827 1942 3864 cun-

372 3904 578 3975 fugium
609 3903 760 3958 fecit.
798 3902 1061 3972 Projectis
1093 3903 1254 3973 igitur
1282 3903 1468 3966 armis,
1502 3902 1740 3956 brachiis
1779 3902 1940 3956 etiam

373 3993 438 4048 in-
457 3993 675 4048 modum
715 3993 894 4055 crucis
927 3994 1188 4057 extensis,
1220 3992 1336 4060 solo
1372 3993 1751 4062 prosternitur,
1780 4003 1829 4046 et
1863 3992 1943 4044 vel

373 4084 746 4146 miserentium
774 4084 1015 4150 veniam,
1050 4084 1131 4146 vel
1163 4085 1298 4139 ictus
1325 4083 1628 4149 ferientium
1668 4084 1945 4154 prsestola-

371 4185 484 4240 tur,
511 4176 582 4230 At
605 4175 694 4230 ille
713 4173 826 4243 jam
855 4177 1026 4238 victor
1049 4175 1114 4228 ad
1144 4175 1498 4230 reverentiam
1522 4175 1700 4230 crucis
1727 4190 1942 4229 manum

371 4264 715 4336 reprimendo
756 4263 1118 4333 compescuit,
1169 4264 1310 4316 ultro
1356 4264 1520 4318 etiam
1567 4280 1631 4317 ne
1665 4265 1732 4316 ah
1765 4264 1944 4333 aliquo

371 4351 629 4408 feriretur
689 4351 923 4408 inhibuit
965 4369 978 4403 :
1022 4355 1292 4422 postremo
1329 4368 1516 4420 pacem
1562 4354 1822 4422 integram
1866 4353 1943 4408 fa-

371 4443 548 4506 ciens,
573 4441 640 4497 ad
667 4441 926 4502 honorem
958 4450 1158 4503 sancta
1184 4441 1403 4496 viviﬁca:
1429 4443 1623 4506 crucis,
1645 4430 1812 4514 678
1839 4460 1941 4498 non

376 4534 538 4595 modo
564 4532 752 4597 vitam,
779 4531 872 4593 sed
900 4539 957 4586 et
982 4539 1219 4601 paterna:
1245 4532 1392 4588 necis
1416 4534 1631 4593 donavit
1659 4535 1934 4588 oll'ensam.

2043 3358 2197 3426 quias
2226 3359 2398 3428 petiit.
2439 3359 2539 3425 Qui
2573 3360 2824 3418 nimirum
2855 3360 3110 3420 fraternis
3145 3365 3492 3434 acquiescens
3531 3381 3616 3421 vo-

2043 3447 2134 3511 tis,
2163 3462 2345 3503 sacras
2382 3448 2748 3504 mundissima:
2791 3450 2984 3506 bustis:
3026 3452 3281 3521 reliquias
3321 3454 3518 3530 intulit,
3545 3456 3640 3511 si?

2043 3536 2228 3604 gilium
2279 3545 2648 3605 competenter
2695 3539 2999 3607 expressit,
3049 3549 3103 3595 et
3149 3551 3351 3600 statuto
3373 3527 3484 3599 ~~die
3523 3561 3620 3613 per

2045 3626 2252 3680 ﬁdelem
2299 3627 2584 3698 quemdam
2631 3630 2952 3706 monachum
2995 3645 3192 3686 arcana
3236 3634 3438 3702 petenti
3479 3636 3614 3690 dona

2046 3715 2362 3769 transmisit.
2400 3713 2505 3769 Sed
2533 3731 2655 3770 mox
2684 3726 2743 3771 ut
2768 3717 2942 3774 soluto
2968 3719 3142 3790 sigillo
3169 3723 3423 3790 capsidile
3453 3725 3616 3793 reclu-

2043 3805 2206 3870 ditur,
2234 3805 2394 3861 inane
2431 3821 2653 3875 prorsus
2690 3816 2744 3863 et
2787 3824 3012 3864 vacuum
3059 3815 3345 3881 reperitur.
3392 3813 3616 3869 Miratur

2043 3895 2258 3965 gerulus
2299 3896 2487 3952 deesse
2531 3898 2818 3968 reliquias,
2867 3915 3001 3970 quas
3049 3903 3303 3965 credebat
3352 3903 3613 3972 inclusas;

2044 3986 2186 4040 dolet
2221 3988 2504 4057 episcopus
2547 4003 2576 4041 a
2624 3989 2736 4058 spei
2783 4005 2894 4045 sua:
2922 4005 2980 4046 se
3011 3994 3363 4062 suspensione
3392 3994 3615 4051 frustra-

2045 4085 2189 4138 tum;
2225 4085 2617 4143 verumtamen,
2661 4078 2944 4146 ingruente
2983 4082 3292 4149 proposito,
3342 4085 3616 4138 dedicatur

2043 4163 2292 4218 ecclesia.
2348 4164 2506 4220 Redit
2547 4167 2787 4232 nuntius,
2819 4184 3070 4236 vacuum,
3110 4180 3167 4225 ut
3193 4174 3465 4239 credebat,
3522 4190 3612 4228 ca-

2045 4256 2234 4322 psidile
2258 4266 2554 4326 reportans.
2583 4257 2687 4314 Sed
2701 4261 2986 4326 ecce,dum
3000 4263 3262 4333 graditur,
3288 4268 3453 4320 sentit
3474 4270 3616 4336 quod

2046 4347 2185 4398 intra
2230 4347 2461 4401 bestiam
2501 4348 2702 4418 aliquid
2745 4351 3022 4421 agitatur:
3057 4369 3181 4424 mox
3224 4358 3398 4424 aperit
3429 4373 3619 4412 vascu‘

2045 4436 2186 4499 lum,
2231 4437 2397 4507 679
2443 4447 2610 4492 totum
2642 4443 3028 4496 venerabilium
3067 4445 3435 4516 reliquiarum,
3479 4450 3616 4504 sicut

2045 4525 2306 4579 adlaturus
2354 4539 2672 4597 acceperat,
2723 4530 2900 4586 inesse
2944 4534 3143 4604 reperit
3187 4549 3612 4601 sacramentum;

448 4621 559 4678 llac
586 4621 746 4692 igitur
777 4619 971 4690 insigni
1019 4632 1235 4692 peracta
1267 4621 1514 4686 victoria,
1543 4638 1701 4690 quam
1741 4622 1947 4679 scilicet
1976 4615 2022 4672 D
2051 4625 2169 4684 POSl
2197 4617 2468 4686 paululum
2499 4635 2625 4673 vero
2667 4631 2721 4674 ct
2764 4622 2981 4692 pra-fata
3010 4626 3239 4680 ecclesia
3278 4636 3360 4682 cst
3399 4631 3617 4683 omnino

377 4729 484 4768 non
537 4722 644 4768 tam
686 4712 911 4772 alterius
957 4727 1118 4781 quam
1140 4702 1253 4779 sui,
1296 4722 1368 4774 ct,
1413 4722 1470 4766 ut
1506 4714 1577 4766 ita
1617 4713 1807 4778 fatear,
1839 4731 1944 4770 non

378 4811 488 4858 tam
528 4802 696 4856 hostis
723 4815 882 4872 quam
911 4800 1115 4874 proprii
1141 4802 1319 4856 cordis
1345 4801 1519 4855 victor
1543 4803 1850 4867 exstiterat,
1878 4805 1943 4860 ad

380 4890 521 4959 regis
561 4891 787 4954 curiam,
829 4889 953 4958 quia
1002 4905 1105 4964 non
1153 4891 1338 4959 procul
1383 4903 1520 4959 erat,
1551 4895 1820 4949 accessit:
1851 4897 1943 4950 sed

381 4994 506 5034 mox
536 4986 594 5032 ut
620 4977 902 5032 ecclesiam
943 4989 1193 5034 oraturus
1227 4979 1544 5050 ingreditur,
1578 4999 1662 5037 res
1698 4985 1832 5038 mira
1865 4985 1943 5038 ni-

295 5070 305 5082 '
377 5069 654 5144 artiumque
679 5067 962 5137 stupenda,
993 5066 1286 5124 Salvatoris
1314 5070 1505 5142 imago,
1539 5087 1657 5142 quae
1698 5074 1749 5126 in
1782 5089 1940 5128 cruce

375 5157 590 5215 videtur
625 5170 901 5226 expressa,
942 5156 1111 5214 tribus
1153 5171 1273 5214 cum
1307 5158 1512 5214 vicibus
1556 5161 1810 5216 inclinato
1852 5177 1941 5216 ca—

375 5247 490 5317 pite
519 5245 630 5299 visa
658 5252 741 5300 est
775 5244 1030 5300 salutare.
1061 5244 1106 5300 Ο
1133 5261 1293 5314 quam
1324 5246 1612 5317 gloriosum
1643 5259 1697 5304 et
1736 5250 1942 5320 insigne

377 5337 732 5408 praeconium,
775 5345 832 5396 ut
874 5335 942 5390 ab
982 5345 1200 5391 auctore
1241 5336 1616 5393 misericordia:
1645 5351 1944 5396 mereretur

381 5436 689 5484 reverenter
715 5426 907 5498 accipi,
933 5427 1024 5495 qui
1055 5435 1273 5496 propter
1294 5425 1410 5497 ejus
1433 5431 1787 5485 reverentiam
1811 5434 1944 5490 omi-

382 5526 527 5569 serat
552 5516 844 5581 vindicari;
876 5526 930 5570 et
956 5518 1023 5572 at.
1047 5531 1110 5572 eo
1140 5518 1381 5587 recipere
1425 5519 1735 5576 salvationis
1778 5523 1946 5579 hono-

384 5619 522 5668 rem,
550 5619 646 5672 pre
668 5621 775 5673 quo
799 5606 970 5674 saluti,
987 5608 1315 5666 contrariam
1343 5612 1641 5678 postposuit
1667 5613 1942 5669 ultionem.

381 5691 533 5757 Quod
564 5694 805 5760 protinus
833 5695 1123 5764 imperator
1151 5697 1392 5761 audiens,
1425 5700 1716 5758 honoriﬁca
1744 5721 1865 5759 eum
1892 5719 1947 5764 ct

385 5782 694 5845 aﬁ‘cctuosa,
743 5794 901 5851 prout
949 5785 1193 5854 decebat,
1237 5788 1544 5847 affabilitate
1593 5800 1846 5868 suscepit,
1894 5809 1942 5854 cl

2049 4708 2340 4772 destructa,
2387 4719 2440 4762 et
2488 4719 2658 4765 totum
2709 4712 3055 4770 nihilominus
3123 4726 3361 4772 castrum
3408 4719 3462 4772 in
3511 4736 3617 4788 quo

2049 4796 2222 4852 fixerat
2251 4801 2540 4853 constituta
2571 4817 2584 4856 :
2617 4804 2758 4871 quod
2791 4818 2921 4858 sane
2953 4820 3019 4860 an
3051 4821 3115 4860 ex
3148 4809 3342 4862 merito
3367 4813 3616 4864 sacerdo-

2049 4889 2116 4940 tis
2143 4891 2396 4956 evenerit,
2426 4907 2491 4944 an
2520 4893 2757 4960 quolibet
2783 4894 2890 4950 alio
2916 4894 3345 4963 divinejudicio,
3376 4901 3528 4954 nobis
3551 4904 3616 4954 ad

2049 4977 2304 5044 liquidum
2338 4989 2521 5046 patere
2550 4997 2652 5035 non
2683 4982 2874 5050 potuit.

2653 5090 2880 5150 CAPUT
2920 5093 3025 5156 Vll.

2221 5175 2408 5230 Votum
2435 5178 2627 5233 solvere
2650 5191 2980 5238 contemnens
3006 5185 3283 5254 infeliciter
3301 5191 3452 5256 perit.

2119 5263 2248 5316 Illud
2276 5267 2437 5320 etiam
2473 5283 2614 5323 nime
2638 5271 2706 5324 ad
2742 5273 3058 5330 memoriam
3094 5278 3252 5342 redit,
3296 5281 3437 5348 quod
3484 5298 3618 5351 prae-

2051 5351 2192 5406 fatus
2236 5351 2608 5412 Salernitanus
2653 5360 3090 5431 archiepiscopus
3132 5367 3346 5422 cuidam
3393 5385 3460 5425 ex
3506 5375 3617 5428 suis

2049 5441 2254 5495 civibus
2282 5445 2525 5500 evenisse
2571 5449 2859 5516 perhibuit.
2906 5453 2964 5506 lu
2995 5455 3159 5511 maris
3205 5458 3438 5529 denique
3486 5473 3616 5517 tem-

2047 5543 2254 5601 pestate
2300 5534 2684 5604 deprehensus,
2736 5541 2974 5600 futurum
3020 5562 3078 5602 se
3125 5553 3447 5611 monachum
3492 5555 3614 5609 affe-

2047 5635 2230 5680 ctuosa
2262 5632 2548 5696 sponsione
2573 5633 2784 5690 devovit
2815 5655 2828 5691 :
2858 5643 2951 5694 sed
2978 5642 3257 5710 naufragio
3287 5644 3492 5711 erutus,
3521 5666 3613 5704 vo-

2050 5722 2157 5766 tum
2190 5717 2395 5773 solvere
2425 5722 2546 5776 vitae
2583 5723 2740 5792 hujus
2773 5744 2958 5785 amore
2999 5738 3342 5803 contempsit.
3393 5739 3609 5809 Esplcte

2047 5818 2175 5859 vero
2209 5823 2370 5876 anno,
2405 5812 2517 5880 ipso
2544 5815 2628 5870 die
2663 5832 2766 5886 quo
2795 5831 2973 5876 votum
3006 5826 3230 5882 Domine
3261 5845 3369 5884 suac
3395 5846 3605 5887 conscr-
