4074 6190
479 263 579 318 637

1387 237 1400 248 ’
1453 267 1736 324 prose.
1773 270 1894 332 XL.
1921 301 1990 310 —
2033 219 2120 323 ni;
2159 270 2520 324 FllENANDA
2565 273 2695 328 una.

3593 281 3702 336 658

469 375 696 430 vatiouls
725 375 1022 441 obtulerat,
1067 377 1320 432 Kalendis
1363 379 1569 433 scilicet
1607 379 1870 444 Januarii,
1912 381 2037 434 dum
2072 387 2114 440 Α
2147 396 2277 433 vena
2327 381 2548 444 mctalli,
2578 397 2696 450 quae
2741 382 2838 436 sub
2871 381 3388 460 malleicontusione
3434 391 3710 456 purgatur.

467 469 592 522 hinc
635 467 760 520 inde
802 467 1168 533 discurreret,
1215 483 1336 523 cum
1383 469 1686 524 ludentibus
1735 479 1789 524 et
1828 471 2038 525 cachin-

463 557 716 610 nanlibus
749 557 927 625 pueris
951 559 1146 612 choros
1183 557 1426 622 duceret,
1459 569 1514 612 et
1549 558 1737 612 frivola
1792 560 2036 629 quadam

463 662 526 702 ac
556 646 806 700 scurrilia
835 649 996 701 verba
1029 648 1218 701 ndaret
1243 647 1308 718 [Γ.
1341 647 1568 720 boaret],
1601 649 1777 704 subito
1809 649 1944 716 lapis
1971 649 2038 704 de

463 743 606 790 tecto
639 749 802 804 super
832 749 955 790 eum
989 737 1202 800 cecidit,
1233 745 1289 790 et
1319 735 1558 792 obtrivit.
1592 736 1682 793 Sic
1714 738 1898 792 infelix
1929 737 2035 801 ille.

461 826 552 895 qui
584 826 840 880 mundum
875 825 1128 881 deserere
1167 829 1490 897 contempsit
1527 828 1824 894 ultroneus,
1857 827 2039 882 amisit

462 915 688 978 invitus;
718 925 774 968 et
801 913 1044 969 fallacem
1073 917 1256 970 carnis
1281 915 1616 972 dulcedinem
1655 917 1918 988 perdidit,
1945 916 2036 986 qui

461 1005 694 1057 amando
721 1019 938 1058 carnem
967 1006 1223 1061 mentitus
1249 1017 1333 1061 est
1362 1009 1598 1062 veritati.

531 1091 666 1147 lluic
710 1094 890 1162 itaque
931 1096 1158 1166 contigit
1197 1098 1339 1164 quod
1389 1099 1648 1168 scriptum
1689 1109 1812 1154 est:
1847 1117 1866 1150 ι
1899 1100 2040 1155 Ante

461 1183 672 1238 ruinam
699 1183 972 1238 exaltatur
1009 1201 1104 1240 cor
1142 1184 1320 1256 (Prov.
1353 1203 1439 1242 xv:
1489 1189 1528 1256 ).
1568 1207 1588 1240 ι
1623 1188 1688 1242 Et
1729 1188 1858 1244 illud
1895 1189 2039 1259 Apo—

459 1274 586 1330 stoli
615 1291 630 1328 :
667 1291 686 1325 ι
717 1273 990 1330 Horribile
1033 1285 1118 1331 est
1145 1278 1382 1333 incidere
1425 1279 1480 1332 in
1507 1293 1699 1334 manus
1725 1279 1820 1334 Dei
1855 1281 2039 1336 viven-

463 1363 532 1417 tis
555 1361 741 1432 (llebr.
768 1363 822 1432 χ)
851 1379 862 1416 :
897 1382 916 1414 ›
948 1363 1098 1430 Quod
1127 1365 1172 1420 si
1205 1367 1281 1419 ira
1307 1367 1399 1422 Dei
1424 1367 1658 1423 viventis
1679 1369 1888 1424 cunctis
1917 1385 2039 1439 pec—

460 1455 706 1508 cantibus
727 1463 812 1508 est
841 1456 1098 1519 timenda,
1130 1457 1204 1511 illi
1235 1468 1382 1513 certe
1409 1469 1492 1515 est
1515 1461 1764 1516 obnixius
1794 1477 1858 1516 ac
1885 1463 2040 1516 terri-

459 1543 624 1598 bilius
669 1543 1042 1610 formidanda,
1085 1547 1178 1614 qui
1227 1547 1440 1603 laborat
1489 1549 1836 1618 impatientia;
1884 1550 2036 1604 vitio.

459 1633 564 1700 Qui
591 1634 717 1687 dum
765 1635 818 1688 in
863 1644 1084 1703 pectore
1111 1653 1210 1692 suo
1237 1640 1629 1714 stomachantis
1674 1641 1837 1696 animi
1871 1641 2041 1696 turbi-

2144 471 2296 526 Esset
2337 474 2491 541 plane
2537 463 2990 529 vitrum’cunctis
3037 475 3372 529 metallorum
3419 473 3716 547 fulgoribus

2140 559 2294 631 longe
2338 563 2701 631 praistantius,
2747 564 2790 616 si
2824 564 3013 632 primis
3045 563 3237 619 ictibus
3264 575 3462 634 prirsto
3488 581 3590 620 non
3621 581 3711 620 ce-

2141 651 2310 714 deret,
2342 653 2384 705 si
2419 653 2582 706 nativi
2626 653 2898 707 soliditate
2929 654 3139 707 roboris
3168 655 3526 723 percussionis
3571 654 3710 724 inju-

2141 740 2275 792 riam
2320 741 2590 795 toleraret.
2625 741 2728 796 Sed
2760 745 2884 810 quia
2914 741 3076 799 citius
3110 741 3395 811 frangitur,
3430 745 3572 800 inter
3604 761 3715 800 cce-

2141 837 2286 883 teras
2315 831 2648 884 metallorum
2703 833 2912 900 species
2955 847 3151 902 suppar
3198 833 3270 886 et'
3300 827 3716 903 contemptibilis

2133 918 2422 998 iudicatur.
2456 923 2659 977 Vitrum
2699 921 2908 978 scilicet
2935 937 3002 978 ex
3031 937 3209 978 arena.
3243 923 3301 978 fit
3343 939 3440 992 per
3469 925 3716 978 humanae

2140 1013 2274 1068 artis
2299 1013 2636 1078 industriam,
2667 1015 2892 1084 ideoque
2921 1013 3259 1084 compellitur
3281 1014 3529 1086 ingenita:
3553 1013 3727 1086 fragi-

2138 1105 2304 1161 litatis
2333 1121 2562 1162 servare
2578 1113 2848 1161 naturam.

2731 1214 2958 1271 CAPUT
2999 1214 3128 1270 Vill.

2148 1306 2282 1362 Vitri
2328 1307 2582 1362 condendi
2621 1307 2853 1378 egregius
2881 1308 3077 1376 artifex
3115 1309 3254 1377 quod
3291 1305 3556 1362 a'Tiberio
3584 1308 3725 1362 imm.

2599 1377 2868 1446 prandium
2899 1378 3251 1446 reportaverit.

2213 1463 2592 1520 Verumtamen
2632 1463 2798 1519 tradit
2840 1463 3088 1530 historia,
3129 1463 3256 1534 quia
3303 1455 3454 1518 faber
3495 1465 3708 1534 quidam

2141 1553 2240 1609 sub
2260 1552 2476 1608 Tiberio
2495 1552 2706 1608 Ctesarc
2736 1551 2841 1606 tale
2867 1553 3133 1622 quoddam
3162 1553 3546 1623 excogitaverit
3573 1564 3700 1608 tem-

2142 1649 2535 1712 peramentum,
2564 1657 2671 1711 quo
2697 1642 2892 1696 vitrum
2925 1641 3120 1698 ductile
3163 1641 3316 1696 fieret
3355 1651 3518 1711 atque
3561 1641 3706 1698 flexi-

459 1741 582 1782 nem
629 1737 829 1793 versat,
863 1735 1066 1782 motum
1095 1729 1261 1784 divini
1293 1731 1492 1798 furoris
1536 1733 1590 1786 in
1637 1747 1696 1787 se
1743 1749 1837 1802 per
1882 1749 2032 1788 suam
2068 1715 2110 1772 Β
2137 1731 2263 1796 bile,
2294 1741 2349 1786 et
2377 1731 2522 1800 iuxta
2551 1741 2800 1787 naturam
2825 1731 3083 1802 cujusque
3110 1731 3336 1798 metalli,
3367 1733 3432 1786 ad
3465 1732 3716 1788 ferientis

459 1817 792 1871 iracundiam
839 1829 1110 1887 ριόνοαιι.
1157 1819 1294 1885 Quid
1340 1821 1484 1876 enim
1522 1819 1723 1890 iustius
1775 1839 1934 1892 quam
1977 1835 2034 1878 ut

459 1905 538 1960 Ira
585 1917 861 1960 mereatur
907 1907 1079 1960 iram?
1127 1910 1358 1962 vindicta
1401 1913 1576 1978 pariat
1606 1912 1920 1966 alterutram
1953 1923 2032 1966 ta-

457 1994 600 2048 lione
631 1995 961 2050 vindictam?
993 1996 1140 2052 Unde
1169 1999 1248 2068 vir
1276 2000 1493 2068 sapiens
1521 2002 1600 2054 ait
1629 2019 1642 2056 :
1679 2020 1698 2054 ι
1735 2002 1835 2069 Qui
1866 2004 2034 2056 vindi-

457 2084 568 2137 cari
597 2085 724 2148 vult,
758 2099 786 2138 a
831 2087 938 2140 Deo
965 2087 1198 2142 inveniet
1225 2090 1537 2156 vindictam,
1566 2099 1619 2146 et
1641 2101 1860 2160 peccata
1891 2093 2032 2148 illius

457 2187 678 2226 servans
711 2175 1003 2228 reservabit
1042 2175 1232 2244 (Eecli.
1263 2178 1440 2246 χχιιι).
1475 2199 1494 2231 ›
1527 2167 1646 2247 Quo
1665 2191 1852 2236 contra
1883 2183 2030 2236 salu-

455 2261 626 2316 briter
673 2265 954 2328 admouet,
1000 2266 1232 2320 dicens:
1283 2285 1302 2319 ‹
1345 2268 1608 2338 Relinque
1655 2272 1900 2346 proximo
1942 2281 2031 2326 tuo

457 2354 668 2407 nocenti
699 2363 770 2418 te,
801 2364 858 2408 ut
884 2366 1010 2409 tunc
1033 2357 1341 2425 deprecanti
1377 2360 1466 2414 tibi
1501 2373 1721 2428 peccata
1755 2363 2032 2416 solvantur

457 2443 644 2514 (Ibid.)
677 2461 691 2498 t
727 2463 746 2496 ι
782 2447 870 2500 ubi
915 2461 1054 2500 mox'
1071 2450 1222 2516 quasi
1255 2454 1678 2519 argumentando
1713 2453 1984 2523 subiungit
2016 2473 2027 2506 :

463 2553 481 2586 ι
515 2533 686 2589 Homo
715 2536 914 2590 homini
945 2547 1122 2591 servat
1150 2540 1306 2601 iram,
1338 2549 1412 2593 et'
1437 2557 1465 2593 a
1499 2542 1604 2594 Deo
1633 2543 1824 2610 qurerit
1853 2546 2032 2598 mede—

455 2624 598 2678 lam?
627 2623 686 2678 In
713 2626 984 2680 hominem
1015 2627 1245 2680 similem
1275 2629 1378 2683 sibi
1404 2645 1508 2684 non
1537 2617 1698 2686 habet
1727 2633 2034 2688 miscricor-

453 2715 622 2781 diam,
645 2717 786 2772 etde
805 2720 1042 2785 peccatis
1065 2719 1176 2773 suis
1197 2720 1516 2789 deprecatur
1537 2723 1559 2774 ?
1579 2741 1598 2774 ι
1630 2721 1817 2793 (Ιιιὶά.)
1843 2726 2035 2780 Adhuc

455 2805 618 2860 etiam
650 2806 794 2862 velut
837 2808 1164 2876 indignando
1205 2811 1473 2864 subiufert
1503 2830 1516 2865 :
1554 2831 1572 2863 ι
1611 2813 1725 2880 Ipse
1753 2816 1876 2868 dum
1907 2831 2034 2870 caro

453 2895 554 2983 sit:
571 2897 988 2963 rescrvatiram,
1015 2909 1070 2952 et
1097 2900 1530 2968 propitiationem
1579 2904 1713 2972 petit
1751 2919 1782 2956 a
1827 2905 1977 2957 Deo?
2009 2925 2029 2955 ι

455 2985 644 3057 (Ibid)
691 2987 758 3041 Et
810 2998 1062 3056 tanquam
1117 3006 1212 3058 pro
1244 2991 1500 3046 iracundo
1523 2993 1640 3046 l'usa
1668 2995 1842 3047 oratio
1869 3010 2030 3048 exau-

2139 1826 2304 1878 ictum
2351 1823 2634 1878 infractum
2693 1839 2755 1878 ac
2783 1824 3011 1879 solidum
3055 1833 3414 1893 permaneret.
3459 1823 3558 1890 Qui
3587 1823 3713 1878 dum

2136 1913 2271 1967 aula:
2305 1913 2466 1980 regia:
2496 1911 2702 1967 foribus
2730 1911 2919 1967 fuisset
2957 1911 3242 1974 admissus,
3279 1912 3516 1982 porrexit
3550 1913 3716 1982 impe-

2135 2003 2301 2057 ratori
2349 2001 2608 2072 phialam,
2651 2003 2772 2068 hoc,
2803 2003 2944 2072 quod
2989 2001 3420 2073 excogitaverat,
3484 2002 3716 2056 artiﬁcio

2136 2101 2508 2160 temperatam.
2541 2091 2709 2158 Quam
2737 2107 2830 2144 rex
2869 2091 3173 2162 indignatus
3198 2089 3376 2145 subito
3403 2090 3630 2162 projecit
3659 2091 3710 2144 in

2133 2181 2495 2250 pavimentum
2541 2199 2552 2234 :
2599 2195 2718 2250 qua:
2759 2179 3013 2234 nimirum
3062 2179 3236 2250 phiala
3285 2180 3592 2236 nullatenus
3631 2190 3716 2235 est

2134 2267 2428 2342 confracta,
2462 2271 2554 2325 sed
2583 2271 2648 2322 ad
2689 2269 3094 2324 similitudinem
3138 2269 3298 2324 vasis
3333 2271 3466 2325 aenei
3495 2269 3578 2324 vel
3622 2287 3712 2324 ar-

2133 2360 2311 2428 gentei
2339 2369 2550 2428 reperta
2579 2369 2662 2413 est
2687 2373 2750 2414 ex
2782 2358 3012 2426 quodam
3044 2361 3213 2413 latere
3237 2359 3572 2426 complicata.
3609 2357 3712 2411 Fa-

2135 2449 2230 2504 ber
2273 2459 2451 2503 autem
2495 2449 2742 2516 protinus
2783 2446 3014 2516 phialam
3063 2447 3128 2500 de
3155 2445 3463 2515 pavimento
3494 2445 3724 2512 levavit,

2133 2539 2406 2595 vasculum
2452 2539 2516 2594 de
2559 2539 2678 2593 sinu
2723 2537 2966 2606 protulit,
3000 2543 3055 2591 et
3077 2552 3172 2592 vas
3201 2553 3305 2593 non
3336 2538 3569 2592 scissura
3601 2538 3720 2592 σοις

2133 2633 2313 2696 lisum,
2345 2632 2437 2687 sed
2466 2631 2683 2701 oblique
2711 2639 2994 2694 retortum,
3027 2629 3228 2684 metalli
3266 2643 3415 2683 more
3451 2628 3708 2684 correxit.

2135 2724 2248 2778 Hoc
2293 2723 2433 2779 facto
2482 2721 2662 2777 Cmsar
2705 2720 3023 2786 admiratus,
3071 2717 3206 2773 dixit
3252 2717 3444 2774 artiﬁci
3487 2734 3502 2770 :
3547 2717 3714 2772 Estne

2135 2818 2418 2886 quisquam
2448 2813 2584 2868 alius
2615 2821 2811 2883 praeter
2857 2821 2930 2875 te,
2967 2809 3058 2880 qui
3104 2809 3245 2864 hanc
3287 2808 3546 2864 vitrorum
3575 2807 3715 2862 sciat

2134 2909 2348 2962 ellicere
2368 2903 2740 2960 condituram?
2761 2901 2916 2957 Iurat
2937 2899 3087 2956 faber
3115 2899 3384 2954 neminem
3407 2912 3528 2954 esse
3552 2911 3716 2966 super

2140 3009 2336 3050 terram
2381 3005 2577 3064 praeter
2618 3008 2676 3046 se
2713 2991 2921 3054 solum,
2965 2991 3056 3062 qui
3096 2989 3252 3060 hujus
3285 2989 3419 3044 artis
3466 3002 3712 3056 compre-

453 3078 556 3130 diri
593 3087 697 3131 non
727 3078 922 3141 valeat,
953 3079 1126 3134 donec
1151 3081 1206 3134 in
1237 3082 1514 3136 iracundia
1545 3095 1876 3153 perseverat,
1901 3101 2032 3138 con-
2060 3061 2104 3120 C
2137 3087 2336 3140 hendat
2383 3061 2676 3154 ingenium.
2714 3083 2832 3150 Quo
2858 3061 3042 3138 Catsar
3075 3083 3276 3144 audito,
3309 3081 3564 3151 praecepit
3589 3091 3724 3135 enm.

453 3167 731 3222 venienter
752 3167 975 3237 adjecit:
997 3189 1014 3220 ι
1039 3171 1170 3237 Quis
1192 3173 1439 3227 exorabit
1461 3189 1556 3241 pro
1581 3173 1792 3229 delictis
1820 3173 2023 3228 illius?»

452 3258 642 3330 (ιωιι.)

525 3351 592 3404 Et
636 3352 760 3420 quia
809 3369 930 3406 cum
961 3363 1088 3422 apte
1115 3355 1302 3410 oculos
1345 3367 1560 3412 nostros
1609 3374 1754 3413 mors
1800 3360 2031 3414 celerius

455 3450 682 3494 ventura
709 3441 1000 3508 reducitur,
1025 3448 1268 3513 protinus
1293 3449 1584 3503 iracundia:
1608 3459 1784 3504 tumor
1812 3468 2031 3506 necesse

451 3543 538 3585 est
563 3533 906 3602 reprimatur,
936 3545 1062 3606 apte
1102 3538 1410 3614 subnectit:
1444 3557 1462 3590 ι
1499 3539 1766 3595 Memento
1799 3542 2030 3596 novissi—

455 3639 698 3688 morum,
745 3635 800 3680 et
847 3615 1032 3682 desine
1080 3629 1380 3694 inimicari;
1433 3619 1732 3684 memorare
1783 3633 2029 3686 timorem

455 3715 698 3779 Domini,
735 3726 788 3770 et
829 3735 940 3792 nou
976 3721 1231 3776 irascaris
1269 3723 1514 3791 proximo
1540 3723 1749 3793 (Ιὺὶιι.).
1788 3745 1804 3774 ι
1837 3723 2030 3792 Repri-

454 3814 634 3859 matur
665 3805 828 3876 igitur
857 3805 1146 3865 iracundia:
1181 3811 1330 3866 furor
1360 3811 1412 3866 in
1443 3815 1626 3877 corde,
1659 3825 1717 3867 ut
1753 3830 2028 3884 nunquam

453 3911 804 3966 prorumpere
833 3899 999 3966 possit
1028 3900 1080 3952 in
1111 3916 1316 3956 vocem.
1351 3902 1503 3956 Sicut
1529 3913 1582 3956 et
1623 3904 1675 3956 in
1705 3905 2032 3962 Ecclesiaste

452 3987 650 4040 dicitur
683 4005 696 4041 :
733 4005 752 4039 ι
787 3988 954 4045 Aufer
985 3990 1118 4044 iram
1147 3993 1214 4045 de
1242 3993 1402 4046 corde
1430 4003 1540 4056 tuo,
1569 4003 1625 4048 et
1658 4011 1848 4050 amove
1873 3997 2028 4051 mali-

453 4079 581 4130 tiam
619 4093 664 4150 ίι
687 4093 850 4132 carne
875 4087 962 4132 tua
987 4078 1185 4150 (Eccle.
1221 4083 1316 4151 XI).
1354 4101 1372 4134 ι
1407 4083 1504 4137 Ira:
1533 4085 1730 4154 quippe
1773 4095 2028 4155 tanquant

452 4168 635 4235 rapaci
665 4177 826 4236 atque
854 4172 1114 4239 praecipiti
1137 4173 1348 4226 cuidam
1369 4172 1548 4237 ﬂuvio,
1581 4175 1838 4230 Ddtnittus
1867 4176 2027 4232 trium

452 4255 851 4311 obstaculorum
887 4257 1167 4315 suﬁlamen
1207 4263 1475 4330 opposuit.
1521 4264 1576 4317 ln
1622 4265 1820 4334 quibus
1845 4266 2031 4337 utique

453 4347 652 4403 furoris
706 4351 960 4418 impetum
1004 4353 1296 4436 disciplima
1350 4354 1466 4438 loro
1509 4357 1866 4413 cohibendum
1909 4373 2028 4414 esse

454 4439 744 4492 mandavit.
776 4441 945 4510 380
967 4425 1206 4496 Primum
1227 4425 1432 4498 sciliee't
1454 4445 1506 4498 in
1529 4448 1711 4511 corde,
1735 4447 2026 4504 secundum

453 4529 508 4580 in
539 4537 774 4598 gutture,
804 4541 1134 4598 postremam
1169 4535 1522 4602 appositionis
1561 4545 1760 4592 metam
1800 4539 2030 4608 praefixit

417 4607 506 4672 'iu
547 4635 676 4674 voce
703 4639 718 4674 :
746 4640 764 4670 ι
793 4621 1005 4687 Omnis,
1047 4623 1239 4691 inquit,
1283 4625 1374 4693 qui
1416 4627 1666 4682 irascitur
1709 4628 1862 4682 fratri
1906 4645 2026 4690 suo.

455 4727 578 4765 reus
625 4714 730 4766 erit
769 4713 1005 4779 judicio;
1041 4733 1062 4763 ι
1111 4715 1198 4767 hic
1243 4718 1490 4784 opposuit.
1537 4717 1743 4772 obicem
1789 4719 1968 4772 cordis
2009 4737 2022 4772 :

457 4819 476 4850 ι
527 4801 627 4867 Qui
679 4811 856 4858 autem
901 4807 1099 4860 dixerit
1148 4809 1333 4873 racha,
1379 4823 1503 4862 reus
1550 4810 1654 4863 erit
1697 4811 1960 4874 concilio;
2001 4828 2020 4861 ι

451 4909 579 4948 ecce
617 4895 954 4951 obstaculum
992 4899 1223 4968 gutturis
1254 4917 1268 4952 :
1303 4917 1322 4950 ι
1357 4899 1459 4965 Qui
1487 4909 1664 4954 autem
1705 4900 1869 4966 fatue,
1903 4915 2028 4954 reus

449 4985 555 5038 erit
598 4985 857 5055 gehennze
903 4988 1042 5058 ignis
1084 4989 1296 5058 (Matth.
1327 4989 1413 5054 v);
1457 5009 1474 5040 ι
1523 5005 1649 5044 ecce
1692 4989 2024 5045 obstaculum

457 5071 622 5127 vocis.
688 5073 780 5129 Hac
807 5087 933 5128 sunt
967 5077 1128 5146 igitur
1168 5078 1550 5146 oppositiones,
1583 5087 1639 5133 et
1679 5081 1832 5149 quasi
1878 5095 2022 5150 qua:-

454 5163 574 5224 dam
613 5174 811 5230 crates,
853 5177 907 5222 et
953 5169 1142 5222 rudera
1172 5169 1406 5224 caelestis
1435 5169 1666 5238 imperii,
1697 5171 1892 5239 quibus
1923 5173 2026 5224 ira-

453 5255 663 5310 cundiie
703 5271 766 5311 ac
804 5255 1002 5312 furoris
1051 5259 1279 5326 impetus
1326 5260 1618 5328 premitur;
1662 5268 1716 5312 et
1762 5275 1828 5313 ne
1873 5261 2026 5328 quasi

459 5359 622 5416 rapax
650 5347 844 5401 fluvius
873 5349 1142 5403 obvlantia
1171 5365 1394 5419 (lita-eque
1419 5349 1712 5413 subvertet,
1739 5351 1838 5404 sub
1868 5350 2028 5404 disci-

458 5433 615 5502 plinac
647 5437 922 5492 rationalis
943 5437 1145 5507 judicio
1167 5440 1467 5492 cohibetur.
1497 5439 1578 5492 Sit
1606 5454 1734 5508 ergo
1759 5453 1909 5492 utens
1937 5453 2030 5490 no-

457 5536 566 5580 stra
607 5545 710 5600 nou
749 5531 900 5596 quasi
941 5531 1152 5590 vitrum,
1183 5531 1322 5597 quod
1361 5530 1424 5583 ad
1465 5531 1692 5597 primum
1726 5529 2026 5598 percussio-

458 5621 537 5671 uis
585 5621 744 5672 ictum
791 5623 1074 5689 impatiens
1119 5621 1400 5686 frangitur,
1444 5623 1535 5673 sed
1585 5621 1800 5687 ('it'rtiusi
1850 5621 2022 5686 potius

2135 3175 2380 3243 [trutinas
2406 3171 2690 3236 decollari;
2724 3171 2978 3225 nimirum
3008 3179 3282 3240 reputans,
3313 3169 3440 3238 quia
3469 3169 3516 3223 si
3553 3166 3724 3236 hujus.

2125 3266 2264 3318 artis
2307 3264 2574 3334 exquisita
2623 3261 2893 3316 subtilitas
2942 3261 2994 3314 in
3044 3275 3384 3314 couunuuem
3432 3258 3708 3314 hominum

2135 3358 2378 3410 notitiam
2409 3355 2714 3414 devcniret,
2751 3367 2941 3406 aurum
2985 3358 3375 3436 conSpueretur
3409 3358 3468 3403 ut
3512 3349 3714 3412 lutum,

2132 3449 2477 3516 omniumque
2501 3444 2782 3498 vilesccret
2805 3443 3012 3513 species
3036 3442 3372 3496 metallorum
3399 3458 3413 3494 :
3440 3449 3494 3496 ct
3521 3455 3706 3494 revera

2132 3539 2178 3593 si
2205 3547 2314 3592 tam
2343 3535 2550 3606 fragilis
2588 3535 2728 3588 vitro
2757 3544 2946 3588 natura
2975 3533 3206 3596 deesset,
3240 3532 3490 3587 videlicet
3529 3538 3588 3585 ut
3611 3531 3711 3584 du-

2131 3627 2274 3682 ctilis
2313 3625 2524 3690 eli'ccta,
2567 3624 2706 3678 ictus
2750 3623 2994 3678 ferientis
3035 3623 3365 3686 admitteret,
3410 3620 3564 3690 cuius
3609 3633 3710 3672 uu-

2131 3731 2291 3784 quam
2337 3713 2540 3769 mctalli
2586 3713 2756 3784 fulgor
2801 3711 3185 3782 pchpieaciam
3226 3712 3411 3766 vitrea:
3451 3709 3710 3765 claritatis

2131 3805 2410 3877 aequaret?
2436 3805 2508 3861 Ut
2540 3807 2702 3876 igitur
2728 3805 2792 3858 ad
2819 3803 3150 3874 propositum
3181 3813 3538 3882 revertamur,
3569 3802 3711 3854 sicut

2131 3898 2328 3951 vitrum
2358 3895 2564 3966 fragilis
2601 3905 2789 3949 natura
2827 3893 3090 3964 depretiat
3118 3903 3173 3948 et
3223 3891 3513 3948 soliditatis
3542 3891 3706 3944 robur

2129 3997 2324 4044 canora
2353 3987 2567 4041 metalla
2593 3985 2968 4047 commendat;
3008 3986 3080 4039 ita
3110 4000 3206 4054 per
3236 3982 3566 4038 iracundiam
3597 3989 3714 4034 tuta

2129 4078 2388 4132 virtutum
2416 4085 2688 4132 structura
2718 4075 3022 4139 collabitur,
3057 4084 3114 4128 et
3157 4089 3253 4143 per
3295 4069 3588 4142 imperialis
3617 4085 3709 4138 pu—

2129 4169 2331 4223 tientia:
2357 4166 2692 4236 majestatem
2727 4167 3014 4221 nitentium
3055 4179 3386 4234 gemmarum
3429 4162 3709 4231 splendore

2129 4271 2414 4314 ceruscum
2441 4259 2552 4314 Deo
2575 4259 2628 4313 in
2653 4249 2806 4312 nobis
2829 4255 3192 4312 habitaculum
3215 4255 3533 4310 fabricatur.
3557 4251 3711 4309 Sicut

2131 4349 2276 4404 enim
2304 4347 2394 4403 illa
2423 4347 2651 4402 virtutes
2674 4347 2935 4411 eradicat,
2967 4345 3046 4400 sic
3071 4345 3173 4399 ista
3199 4343 3588 4416 eongenninat.

2647 4455 2810 4528 εει
2849 4453 3076 4510 carm
3104 4453 3195 4508 ix.

2131 4555 2324 4610 Beatus
2357 4547 2542 4608 Petrus
2575 4555 2862 4608 Damiauus
2889 4555 2956 4606 ad
2997 4553 3324 4618 iracuydiam
3349 4569 3545 4622 pronus
3573 4568 3703 4621 quo-

2661 4624 2816 4674 modo
2857 4624 3173 4682 moderetur.

2201 4709 2371 4766 Porro
2404 4721 2582 4764 autem
2611 4719 2666 4762 et
2691 4725 2797 4774 me,
2839 4709 2930 4778 qui
2968 4712 3082 4762 hate
3105 4716 3374 4776 utcunque
3400 4706 3702 4769 conscribo,

2131 4798 2393 4856 naturalis
2422 4797 2713 4852 iracundia:
2739 4797 3048 4864 conspersio
3078 4795 3338 4860 Stitnulat,
3374 4811 3438 4850 ac
3467 4811 3605 4865 swpe
3633 4799 3704 4850 le-

2128 4889 2345 4943 vissima
2375 4885 2626 4957 quaelibet
2653 4885 2877 4942 oﬂ‘ensio
2908 4901 3170 4942 concussa
3221 4901 3362 4942 meae.
3382 4887 3579 4956 quietis
3609 4902 3700 4938 ar-

2128 4993 2264 5035 cana
2287 4979 2602 5047 perturbat;
2636 4986 2694 5032 ut
2722 4979 2775 5032 in
2813 4993 2898 5032 me
2943 4975 3279 5048 plerumque,
3326 4979 3468 5048 quod
3501 4973 3586 5030 vix
3625 4985 3702 5030 est

2129 5081 2226 5123 acu
2259 5067 2340 5122 vel
2371 5053 2522 5136 spina
2553 5067 2740 5122 leviter"
2764 5075 3042 5136 punctulo,
3097 5069 3372 5140 phalarico
3419 5067 3524 5122 telo
3571 5067 3702 5120 mihi

2133 5161 2378 5216 videatur
2415 5177 2536 5216 esse
2569 5157 2891 5232 perfossum.
2923 5161 3119 5216 Levem
3145 5163 3346 5230 virgam
3381 5158 3562 5225 iudico
3590 5168 3676 5210 tau

2136 5269 2306 5315 ream,
2336 5253 2573 5306 tolerans
2615 5253 2898 5322 colaphum
2952 5253 3162 5320 suspiro
3204 5249 3553 5320 plumbatam.
3601 5247 3706 5303 Sed

2135 5347 2250 5400 hanc
2289 5347 2634 5409 intrinsecus,
2674 5351 2934 5414 quantum
2969 5360 3095 5398 vero
3133 5345 3200 5396 ad
3248 5357 3404 5411 opus,
3449 5341 3591 5395 dicat
3628 5341 3702 5394 ira

2136 5439 2276 5506 quod
2301 5437 2436 5502 vult,
2481 5436 2746 5497 frendeat,
2797 5433 3010 5501 fremat,
3059 5435 3307 5490 dentibus
3353 5433 3615 5488 strideat:
3649 5433 3702 5488 in

2137 5529 2386 5580 omnibus
2413 5529 2498 5580 his
2529 5542 2645 5598 quae
2670 5527 2796 5580 mihi
2830 5525 3051 5580 interius
3080 5526 3334 5598 suggerit,
3360 5525 3424 5579 in
3443 5535 3702 5594 quantum

2143 5635 2336 5686 negare
2365 5629 2610 5687 potueio,
2642 5635 2816 5673 meum
2847 5619 3180 5675 extrinsecus
3227 5619 3551 5690 adjutonium
3597 5632 3698 5670 non
