4074 6190
353 293 458 351 659

775 363 782 370 η
815 290 871 347 s.
907 290 1105 346 PETRI
1137 289 1416 344 DAMIANI
1456 289 1602 344 ore.
1645 284 1876 341 TOMUS
1911 281 2042 338 seu
2075 284 2266 339 rans.
2306 283 2385 336 ιιι.
2417 313 2486 336 _.
2511 269 2867 339 Ol'USCULA
2908 283 3130 338 vanu.

3482 283 3589 340 660

356 401 573 457 habebit
599 421 610 452 :
639 400 760 454 licet
785 398 963 452 inﬂata
1009 406 1233 468 turgeat,
1264 397 1461 458 sufllet,
1494 395 1675 457 furiat,
1710 395 1916 454 sreviat,
1947 397 1991 451 A
2022 411 2125 448 non
2157 396 2376 450 omnino
2401 396 2616 450 delere:
2649 413 2863 464 possum
2887 397 3072 457 lenire,
3107 412 3209 448 non
3243 411 3464 464 prorsus
3491 411 3588 449 ex.-

355 494 695 549 intumescat.
729 504 828 559 ego
855 489 954 542 sibi
982 489 1219 542 membra
1251 501 1366 539 mea
1402 501 1506 538 non
1534 485 1692 548 dabo,
1725 496 1778 536 ιιι
1826 494 1923 552 per

354 598 413 634 ea
450 580 600 648 quasi
634 595 730 648 per
782 592 930 630 arma
976 575 1115 643 quod
1154 584 1378 628 conatur
1428 572 1639 628 elliciat.
1677 592 1694 623 ι
1731 572 1922 636 Nolite,

358 668 527 735 inquit
551 664 855 734 Apostolus,
887 664 1143 716 exhibere
1172 663 1410 717 membra
1438 673 1614 715 vestra
1648 678 1795 714 arma
1824 663 1924 714 ini-

355 756 578 822 quitatis
616 763 836 821 peccato
865 751 1040 807 (Rom.
1073 754 1169 821 vt).
1204 772 1223 804 ι
1265 751 1380 806 Non
1408 753 1550 805 enim
1599 752 1669 805 illi
1711 754 1778 806 do
1809 767 1922 805 ma-

356 861 482 898 nmn
517 857 711 906 meam,
736 851 794 895 ut
822 857 916 911 per
942 857 1061 896 eam
1088 840 1269 896 inﬂata
1303 842 1567 911 percutiat
1616 842 1696 918 vel
1725 841 1926 910 aliquid

361 934 551 998 rapiat.
583 931 694 983 Non
729 931 982 1000 linguam,
1017 945 1123 984 non
1148 930 1290 986 labia
1319 946 1527 994 moveo,
1557 942 1613 983 ut
1638 946 1732 998 per
1753 946 1814 984 ea
1843 930 1926 983 sui

358 1021 499 1074 fellis
539 1019 952 1074 amaritudinem
991 1018 1196 1075 fundat.

431 1111 562 1162 [)‘ntn
597 1125 695 1179 ego
724 1094 905 1179 itaque
929 1111 1167 1164 saevienti
1201 1111 1293 1164 ira:
1324 1111 1537 1179 penitus
1585 1111 1698 1163 bzcc
1729 1105 1924 1162 auxilia

356 1205 582 1272 dcncgn,
609 1218 826 1256 necesse
847 1211 930 1255 est
955 1214 1011 1254 ut
1039 1217 1162 1255 mox
1189 1202 1334 1256 velut
1358 1201 1473 1256 sine
1497 1200 1692 1272 pabulo
1715 1199 1926 1252 llaunna

358 1292 600 1352 ﬂacceat,
652 1302 743 1344 aut
791 1285 1010 1360 prors‘lts
1044 1293 1286 1354 intereat,
1334 1303 1426 1345 aut
1459 1303 1709 1360 tanquam
1741 1299 1931 1343 ventus

361 1382 618 1433 inoffenso
663 1395 788 1434 aere
833 1381 1067 1434 inaniter
1112 1391 1393 1446 transeat,
1433 1383 1556 1434 dum
1597 1381 1928 1435 obstacnlum

359 1474 509 1523 deest
540 1472 590 1522 in
621 1470 762 1536 quod
784 1471 1180 1539 praecipitanter
1205 1472 1477 1540 impingat.
1512 1472 1564 1523 ln
1588 1471 1930 1538 semetipsum

360 1563 568 1615 scilicet
598 1561 823 1616 infracta
872 1563 1135 1624 reliditur,
1181 1565 1306 1617 dum
1355 1566 1581 1618 materia
1625 1565 1845 1627 fomitis,
1879 1566 1931 1618 in

359 1663 462 1717 qua
491 1667 548 1704 se
570 1650 746 1703 valeat
771 1666 1044 1715 exercere,
1079 1651 1385 1706 frustratur.
1415 1654 1523 1708 Iloe
1545 1654 1686 1708 enim
1714 1671 1933 1723 re5p0n-

2021 485 2312 554 stinguere.
2343 486 2525 539 Fat:iat
2554 487 2604 538 in
2629 501 2712 539 me
2741 487 3105 567 upusquisqne
3128 487 3267 554 quod
3295 485 3426 547 vult,
3457 486 3592 538 mihi

2025 592 2242 631 necesse
2263 588 2346 630 est
2376 578 2511 629 intra
2561 577 2928 645 memetipsum
2973 576 3282 645 patientiam
3325 591 3590 644 qumrcrc,

2025 685 2123 723 nec
2157 669 2326 722 debeo
2359 667 2588 720 fructum
2624 683 2690 721 ex
2735 667 2920 720 alienae
2952 667 3161 719 virtutis
3193 667 3438 718 mercede
3463 681 3588 735 spc~

2026 773 2164 812 rare.
2200 756 2330 810 Nam
2369 757 2456 810 ubi
2488 757 2679 811 desunt
2712 755 2847 810 bella
2879 770 2997 824 qua:
3024 765 3338 823 provocent,
3369 771 3476 808 non
3505 755 3589 807 of-

2027 846 2195 900 fertur
2216 847 2438 900 victoria
2455 861 2574 914 qua:
2587 854 2889 900 coronetur.
2908 844 3179 897 Incassum
3195 843 3363 912 clypei
3385 852 3592 910 tegmen

2025 937 2331 1005 opponitur,
2354 934 2616 1001 uhijacnli
2641 933 2724 987 vel
2749 933 3021 987 mucronis
3042 933 3183 986 acies
3206 948 3308 984 non
3333 931 3592 994 vibratur.

2027 1028 2085 1082 Si
2130 1025 2340 1079 flamma
2394 1017 2627 1080 fornacis
2655 1025 2933 1086 emoritur,
2985 1023 3184 1076 nwtalli
3237 1023 3441 1090 puritas
3490 1038 3608 1074 nolr

2028 1118 2325 1183 probatur;
2356 1119 2424 1170 ita
2458 1132 2541 1170 me
2572 1133 2674 1170 non
2717 1115 2888 1168 aliena
2919 1116 3266 1168 mansuetudo
3297 1114 3453 1166 faciet
3499 1128 3592 1180 pa-

2029 1208 2276 1268 tientem,
2332 1208 2424 1260 sed
2467 1207 2601 1258 intra
2657 1220 2740 1258 me
2784 1205 2979 1259 debent
3023 1204 3154 1272 erigi
3203 1201 3610 1271 propugnacula

2033 1300 2284 1361 turrium,
2309 1315 2428 1367 qua:
2466 1297 2648 1366 procul
2671 1297 2925 1365 abjiciant
2944 1310 3006 1350 ac
3029 1295 3324 1364 propellant
3351 1294 3601 1363 ingruen-

2032 1388 2163 1442 tium
2195 1389 2436 1441 turbines
2455 1387 2778 1453 jacnlorum.
3221 1399 3227 1404 '

2106 1478 2228 1532 Haec
2259 1477 2377 1540 tibi,
2409 1476 2731 1529 venerabilis
2760 1475 2938 1537 Pater,
2972 1473 3220 1542 imperite
3239 1471 3455 1534 dictavi,
3495 1486 3605 1524 non-

2035 1578 2093 1621 ut
2124 1579 2174 1622 te
2196 1569 2435 1629 doceam,
2462 1567 2552 1635 qui
2603 1582 2683 1628 es,
2714 1574 2932 1618 auctore
2959 1564 3085 1625 Deo,
3108 1563 3296 1616 doctor
3319 1562 3599 1624 Ecclesiae;

2037 1661 2128 1712 sed
2158 1670 2214 1711 ut
2247 1657 2562 1713 turbulentis
2595 1655 2828 1722 mihique
2855 1653 3118 1708 similibus
3147 1666 3356 1720 possem
3398 1651 3497 1705 sub
3521 1650 3603 1702 al-

359 1739 460 1792 dco
489 1739 603 1804 ἰτιυ,
635 1741 773 1808 quod
809 1740 1040 1794 titiflauti
1063 1741 1305 1795 luxuriw.
1333 1743 1630 1812 Aliquando
1655 1761 1736 1800 me
1767 1746 1927 1799 libido
1956 1747 2004 1807 B
2033 1751 2316 1806 locutionis
2345 1760 2445 1803 tua:
2473 1751 2756 1835 occasipne
2786 1747 3057 1817 prodesse.
3085 1744 3191 1798 Nec
3213 1753 3390 1797 tamen
3417 1754 3606 1796 Vereor

363 1831 669 1894 succendit,
717 1832 1050 1898 inllanunat,
1101 1831 1307 1887 viscera
1360 1837 1637 1900 concutit,
1686 1837 1935 1905 genitalia

361 1911 591 1987 subrigit
617 1935 630 1980 ;
659 1920 751 1972 sed
787 1920 837 1972 in
879 1920 962 1974 his
990 1920 1238 1976 omnibus
1269 1920 1425 1976 faciat
1453 1921 1563 1990 ipsa
1597 1925 1708 1978 suis
1738 1925 1939 1980 viribus

365 2019 656 2074 contenta,
715 2013 858 2080 quod
921 2020 1138 2080 potest;
1194 2028 1313 2066 nam
1371 2030 1503 2068 mea)
1550 2017 1941 2084 cooperationis

365 2101 620 2154 auxilium
650 2103 849 2158 habere
873 2118 975 2155 non
1001 2103 1164 2172 682
1187 2113 1382 2172 potest.
1414 2104 1624 2158 Chunat
1648 2105 1938 2160 iracundiae

367 2187 536 2256 furor,
564 2191 721 2243 audio
749 2207 762 2256 ;
792 2201 983 2245 :ustuat
1012 2191 1244 2246 libidinis
1267 2195 1446 2258 ardor,
1477 2194 1650 2248 sentio
1675 2210 1689 2258 ;
1720 2194 1812 2248 sed
1839 2209 1940 2248 nec

368 2281 472 2333 illis
520 2280 842 2335 clamoribus
885 2283 1064 2335 auxilii
1121 2298 1337 2338 manum
1397 2287 1635 2354 porrigo,
1680 2301 1779 2341 nec
1820 2286 1940 2340 istis

367 2372 671 2426 furentibus
692 2371 920 2426 ﬂammis
945 2373 1119 2443 pabuli
1148 2376 1386 2429 fomitem
1413 2375 1761 2433 subministro
1791 2394 1805 2443 ;
1834 2377 1940 2431 illis

366 2480 520 2532 opem
554 2465 861 2520 ulciscendo
891 2483 994 2520 non
1021 2467 1154 2532 fero,
1181 2468 1282 2522 illis
1307 2484 1402 2537 per
1427 2470 1672 2524 effectum
1705 2472 1942 2528 libidinis

367 2569 472 2607 non
511 2553 736 2608 insulila.
770 2555 880 2610 lloc
917 2557 1097 2625 itaque
1140 2561 1297 2613 modo
1347 2575 1567 2615 necesse
1615 2571 1697 2616 est
1746 2572 1804 2616 ut
1848 2565 1941 2617 irae

368 2644 518 2699 furor
546 2645 781 2701 inaniter
818 2648 990 2702 evolct
1018 2665 1080 2703 ac
1109 2649 1346 2714 deficiat,
1391 2662 1446 2704 et
1496 2652 1658 2705 ardor
1706 2653 1946 2714 libidinis

371 2751 516 2799 sese,
570 2737 695 2791 dum
720 2739 960 2792 materiae
986 2739 1154 2794 fomes
1191 2758 1292 2793 non
1334 2742 1692 2804 ministratur,
1739 2746 1940 2798 exstin-

370 2835 516 2892 guat.
542 2827 795 2880 Naturam
817 2829 1010 2896 quippe
1031 2846 1244 2897 possunt
1269 2846 1334 2884 ex
1357 2833 1560 2886 ratione
1574 2848 1936 2900 compescere,

2036 1862 2104 1901 ne
2130 1852 2314 1916 sancta
2345 1841 2624 1910 prudentia
2652 1831 2746 1893 tua
2778 1837 3002 1893 moleste
3031 1836 3206 1898 ferat,
3251 1835 3294 1888 si
3341 1833 3467 1902 quid
3502 1831 3604 1886 sibi

2031 1938 2211 2006 junior
2239 1936 2466 2004 quisque
2496 1946 2783 2000 suggerere
2808 1945 2927 1983 cum
2966 1926 3263 1981 humilitate
3295 1931 3606 1994 praesumat,

2040 2044 2160 2083 cum
2209 2043 2311 2080 non
2360 2026 2561 2094 ignoret
2613 2020 2918 2075 hominibus
2962 2016 3273 2086 prophetica
3323 2013 3606 2066 Dominum

2040 2132 2172 2171 voce
2199 2115 2398 2169 divisse
2431 2131 2443 2165 :
2475 2131 2492 2161 ε
2537 2110 2726 2166 Venite
2769 2116 2826 2162 et
2851 2106 3057 2176 arguite
3083 2120 3166 2159 me
3191 2103 3343 2173 (Isai.
3378 2102 3438 2170 l).
3478 2120 3498 2153 ι
3543 2100 3608 2154 Et

2040 2206 2257 2275 Mbysen
2286 2203 2492 2257 Domini
2521 2202 2878 2271 Symmystetn
2909 2213 2971 2250 ex
2999 2195 3205 2259 Jcthro,
3233 2191 3444 2263 gentilis
3466 2191 3609 2243 video

2042 2297 2164 2352 licet
2189 2276 2442 2356 hominis,
2466 2308 2559 2345 ore
2581 2291 2848 2360 patienter
2870 2286 3166 2346 audivisse:
3190 2304 3206 2335 ε
3231 2281 3406 2337 Stulto
3428 2279 3610 2333 labore

2042 2384 2376 2440 consulueris
2404 2381 2599 2451 (Exod.
2707 2378 2878 2445 xvm).
2922 2396 2939 2426 ι

2111 2475 2462 2543 Omnipotens
2504 2472 2662 2533 Deus,
2718 2469 2808 2536 qui
2860 2475 2928 2529 te,
2979 2461 3279 2519 venerande
3317 2459 3420 2524 vir,
3457 2457 3612 2513 nobis

2043 2565 2364 2621 incolumem
2397 2561 2645 2625 reddidit,
2681 2567 2735 2614 et
2778 2557 3026 2610 vitiorum
3067 2553 3302 2608 omnium
3350 2560 3402 2605 te
3449 2549 3612 2604 faciat

2041 2656 2244 2710 evitare
2269 2653 2594 2721 squalorem,
2637 2657 2691 2702 et
2716 2656 2969 2716 tanquam
3009 2660 3075 2698 ex
3117 2651 3268 2696 cocto
3297 2655 3392 2711 per
3436 2639 3609 2709 ignem

2042 2745 2261 2801 vasculo
2283 2760 2378 2798 suo
2402 2740 2754 2811 spiritualium
2779 2740 3031 2792 virtutum
3060 2736 3268 2802 ingerat
3285 2733 3608 2788 claritatem.
3633 2777 3636 2780 .

2371 2833 2451 2887 Sit
2484 2847 2666 2885 nomen
2701 2829 2909 2883 Domini
2946 2827 3284 2880 benedictum.

1719 2958 3584 2988 Μ

371 3085 729 3162 6⁸³⁸⁸⁸
783 3057 1621 3224 OPUSCULUM
1705 3107 2920 3244 QUADRAGESIMUM
3007 3101 3597 3216 PRIMUM.

1247 3325 1353 3385 DE
1397 3325 1776 3386 TEMPORE
1819 3323 2320 3384 CELEBRANDI
2369 3322 2724 3384 NUPTIAS.

375 3589 772 3647 Aacunsaruu.
790 3621 854 3632 --
873 3588 1039 3644 Totus
1063 3601 1147 3645 est
1170 3607 1221 3645 m
1250 3590 1594 3647 confutandis
1618 3594 1938 3662 quibusdam
1962 3594 2051 3663 qui
2075 3606 2320 3647 asserere
2343 3606 2446 3646 non
2469 3588 2855 3644 erubescebant
2878 3585 3090 3654 nuptias
3119 3592 3359 3708 tempore
3386 3579 3616 3658 quadra-

455 3661 733 3708 nesimalis
772 3659 953 3708 ieiunii
985 3667 1310 3708 contractas-
1353 3661 1640 3708 dummodo
1665 3663 1853 3708 cnnnla
1891 3679 1992 3708 nnn
2033 3664 2349 3708 inmrcedal-
2389 3659 2592 3708 validas
2630 3672 2772 3708 esse.
2818 3667 2871 3708 et
2897 3656 3015 3708 ideo
3041 3653 3233 3708 nonde
3270 3667 3360 3707 ere
3381 3649 3614 3706 dissolvu.

455 3661 733 3732 gesimalis
764 3659 953 3732 jejunii
985 3667 1310 3732 contractas,
1353 3653 1649 3716 dummodo
1665 3663 1853 3732 copula
1891 3653 1994 3717 non
2033 3664 2350 3725 intercedat,
2389 3659 2592 3714 validas
2630 3672 2772 3721 esse,
2818 3667 2871 3710 et
2897 3653 3015 3710 ideo
3041 3668 3143 3708 non
3167 3653 3233 3708 de

3270 3667 3360 3707 ero
3381 3649 3614 3706 dissolvi.

447 3727 693 3784 Ostendit
718 3727 881 3797 igitur
903 3729 1116 3799 nuptias
1144 3745 1428 3793 consensu,
1461 3746 1564 3784 non
1589 3727 1900 3798 concubitu,
1923 3732 2188 3786 contrahi.

449 3835 670 3890 Domnis
695 3833 760 3889 ν.
808 3846 863 3890 et
906 3834 992 3902 P.,
1037 3836 1302 3906 religiosis
1349 3834 1388 3888 F
1394 3837 1657 3891 arentium
1699 3837 1952 3892 Ecclesiae

380 3925 611 3989 clericis,
645 3926 859 3983 Peritos
883 3934 1134 3997 peccator
1162 3919 1457 3982 monachus
1501 3927 1752 3984 fraterna:
1776 3927 1952 3983 chari-

381 4016 508 4070 tatis
531 4015 867 4086 obsequium.

892 4105 1118 4161 CAPUT
1150 4103 1437 4160 PRIMUM.

474 4195 695 4264 Tempus
723 4196 1014 4250 celebrandi
1041 4196 1247 4264 nuptias
1283 4211 1346 4249 ea:
1367 4196 1530 4248 sacris
1559 4194 1862 4247 canonibus.

452 4283 760 4351 Couquesta
798 4292 881 4336 est
914 4283 1041 4336 mihi
1080 4292 1259 4337 vestra
1297 4282 1628 4347 fraternitas,
1658 4282 1800 4349 quod
1838 4283 1956 4351 qui-

386 4372 510 4424 dam
537 4371 912 4425 ecclesiasticae
940 4371 1230 4438 disciplina:
1258 4369 1500 4424 ordinem
1543 4369 1954 4435 confundentes,

384 4471 440 4513 et
478 4460 629 4527 juxta
680 4459 1028 4528 prophetam,
1078 4459 1244 4512 Deum
1288 4467 1550 4527 ponentes
1593 4470 1715 4528 post
1760 4475 1958 4529 corpus

386 4542 1403 4620 suum(Ezecli.'xxut),quadragesimali
1437 4546 1642 4616 jejunio
1672 4547 1955 4601 matrimo-

386 4636 532 4688 nium
558 4636 921 4700 contrahunt;
953 4635 1047 4690 sed
1084 4643 1142 4688 ut
1165 4649 1430 4689 canonum
1462 4636 1786 4689 sententiam
1829 4635 1958 4689 sub-

388 4727 695 4798 terfugiant,
729 4741 895 4781 uxore
921 4727 1077 4780 ducta
1106 4736 1160 4781 et
1203 4724 1486 4780 celebratis
1516 4726 1737 4794 nuptiis,
1785 4724 1956 4780 solum

389 4816 732 4870 concubitum
759 4813 993 4871 defuisse
1023 4815 1370 4870 contendunt.
1403 4814 1626 4868 Accedit
1664 4814 1837 4867 adhuc
1868 4828 1957 4867 ve-

388 4914 515 4958 stra:
549 4902 812 4972 querela),
849 4904 991 4973 quod
1039 4903 1253 4974 gravius
1278 4913 1380 4968 est,
1414 4904 1542 4972 quia
1578 4902 1836 4966 nonnulli,
1867 4903 1959 4972 qui

389 4993 728 5061 spccictcnus
775 4991 1080 5061 spirituales
1122 4992 1413 5058 videntur,
1461 5003 1516 5046 et
1562 4992 1958 5062 Scripturarum

390 5085 490 5138 sibi
537 5083 816 5138 scientiam
863 5082 1178 5145 vindicant,
1223 5081 1342 5136 illos
1386 5099 1644 5138 excusare
1695 5084 1958 5137 nituntur.

2052 3831 2517 3905 perhibentdividi
2542 3846 2646 3885 non
2675 3831 2889 3895 debere,
2913 3830 3002 3899 qui
3029 3827 3193 3882 dilato
3221 3827 3479 3880 duntaxat
3499 3838 3618 3878 car-

2056 3925 2163 3978 nali
2195 3922 2540 3987 commercio,
2586 3921 2854 3990 praedictis
2902 3919 3232 3988 temporibus
3268 3916 3616 3970 ftederantur.

1979 3989 2024 4052 C
2057 4015 2206 4082 Quod
2235 4015 2488 4070 nimirum
2519 3989 2679 4082 quam
2713 4011 3022 4076 absurdum,
3068 4021 3335 4079 quamque
3360 4005 3619 4062 sit'frivo-

2054 4106 2187 4170 lum,
2216 4105 2457 4174 quisquis
2481 4113 2752 4171 utcunque
2777 4100 2918 4154 sacri
2949 4097 3146 4167 eloquii
3183 4097 3343 4150 limen
3369 4093 3511 4170 terit,
3543 4090 3620 4144 fa-

2055 4195 2159 4249 cile
2181 4193 2548 4264 deprehendit.
2577 4192 2632 4244 Si
2664 4191 2806 4244 cnim
2829 4190 2950 4257 jure
2981 4188 3032 4240 in
3059 4185 3343 4241 concubitu
3374 4192 3620 4238 constare

2056 4285 2254 4353 nuptia:
2290 4283 2661 4353 perhibentur,
2711 4280 2838 4348 quid
2893 4287 2975 4333 est
3016 4276 3157 4345 quod
3209 4274 3348 4330 sacri
3391 4286 3622 4327 canones

2056 4374 2340 4442 prohibent
2370 4381 2427 4425 ut
2469 4372 2671 4439 absque
2699 4369 2924 4438 publicis
2971 4367 3170 4436 nuptiis
3213 4379 3483 4432 nunquam
3511 4378 3623 4415 ma-

2059 4462 2366 4515 trimonium
2401 4457 2719 4528 copuletur?
2765 4457 3010 4525 Nunquid
3062 4457 3162 4509 hoc
3200 4453 3405 4516 volunt,
3444 4460 3503 4504 ut
3545 4450 3626 4503 vir

2057 4551 2212 4605 uxori
2269 4549 2478 4617 publice
2537 4547 2869 4602 misceatur?
2919 4545 3161 4613 Cumque
3203 4543 3308 4597 hoc
3360 4541 3495 4595 adeo
3554 4539 3624 4593 sit

2059 4640 2396 4692 inhonestum
2458 4646 2512 4692 et
2561 4637 2763 4705 pudore
2828 4634 3214 4703 plenissimum,
3263 4638 3322 4684 ut
3369 4629 3422 4682 in
3461 4627 3623 4681 totius

2008 4767 2013 4774 ι
2058 4729 2275 4782 lmmaui
2303 4728 2514 4797 generis
2541 4738 2653 4780 tam.
2683 4724 2906 4794 prolixis
2931 4722 3173 4776 tetatihus
3202 4734 3361 4774 nemo
3388 4733 3620 4786 unquam

2059 4827 2255 4886 praeter
2278 4818 2409 4872 duos
2437 4818 2679 4871 homines
2708 4816 2758 4868 id
2805 4823 3096 4868 attentasse
3122 4812 3346 4881 legatur,
3377 4807 3621 4861 Paridem

2060 4908 2325 4972 videlicet,
2355 4917 2410 4961 et
2446 4907 2730 4974 quemdam
2755 4903 3168 4974 philoSOpbum;
3205 4898 3472 4968 quomodo
3510 4896 3621 4948 fieri

2059 4998 2318 5052 canonica
2360 5011 2585 5050 censura
2638 4993 2876 5062 principit
2928 4991 3068 5060 quod
3100 4987 3372 5042 elfrmnata
3417 5000 3622 5052 quoque

2061 5086 2272 5140 luxuria
2298 5085 2510 5156 gentilis
2551 5083 2726 5152 populi
2759 5081 3118 5149 turpissimum
3141 5076 3440 5148 judicavit?
3462 5074 3622 5127 Porro

391 5177 526 5231 Nam
566 5193 687 5232 cum
719 5191 982 5232 canonum
1015 5175 1271 5228 decernat
1297 5173 1590 5228 auctoritas
1635 5181 1694 5225 ut
1738 5175 1961 5241 quicun-
1999 5214 2022 5247 ,
2063 5178 2106 5230 si
2135 5175 2436 5243 nuptiarum
2463 5173 2748 5226 celebritas
2796 5171 2846 5222 in
2893 5168 3006 5223 solo
3052 5167 3253 5221 carnali
3305 5163 3622 5218 commercio

392 5283 498 5336 que
526 5284 555 5321 a
592 5266 993 5338 Septuagesima
1042 5278 1212 5333 usque
1257 5263 1323 5318 ad
1351 5273 1571 5319 octavas
1599 5262 1837 5330 Paschze,
1867 5264 1963 5316 tri-

2065 5263 2431 5326 constituitur,
2453 5261 2578 5329 quid
2598 5268 2680 5314 est
2717 5259 2859 5327 quod
2888 5255 3150 5310 secundas
3174 5252 3494 5306 contrahere
3511 5265 3622 5302 .nu-

392 5323 599 5425 liusque
635 5323 1056 5411 hebdomadibus
1080 5323 1203 5408 ante
1228 5353 1568 5409 festivitatem
1598 5355 1766 5408 sancti
1793 5353 1958 5407 Joan-
1989 5323 2040 5382 D
2066 5353 2205 5422 ptias
2235 5354 2451 5406 viduata
2472 5364 2684 5418 quoque
2705 5361 2932 5417 persona
2959 5344 3289 5413 permittitur
3315 5358 3330 5406 ;
3378 5357 3407 5393 a
3457 5339 3624 5393 tertiis

397 5446 504 5511 nis,
538 5427 605 5499 ab
626 5447 868 5502 Adventu
899 5459 1111 5514 quoque
1139 5444 1345 5499 Domini
1375 5457 1544 5511 usque
1583 5451 1701 5510 post
1725 5442 1960 5510 Epipha-

400 5535 570 5596 niam,
600 5536 808 5604 nuptias
840 5535 1246 5598 celebraverint,
1275 5542 1629 5602 separentur;
1659 5530 1730 5584 illi
1765 5532 1818 5585 in
1850 5533 1963 5586 solo

399 5620 623 5691 nuptiali
650 5624 933 5678 concubitu
962 5621 1218 5693 nuptialia
1236 5622 1357 5692 jura
1379 5619 1729 5685 constituunt,
1761 5635 1957 5688 eosque

2067 5456 2195 5496 vero
2235 5442 2318 5495 vel
2373 5439 2578 5508 quartis
2612 5438 2931 5492 auctoritate
2975 5435 3229 5488 canonica
3275 5428 3626 5501 prohibetur?

2070 5529 2317 5598 Nunquid
2346 5537 2622 5599 postquam
2649 5527 2729 5580 vir
2755 5525 2904 5580 uxori
2929 5523 3164 5579 secunda
3205 5523 3320 5575 vice
3349 5515 3628 5587 conjungi-

2073 5631 2180 5686 tur,
2208 5619 2313 5687 jam
2341 5620 2509 5679 redire.
2533 5618 2597 5671 ad
2627 5627 2800 5671 torum
2826 5632 2978 5672 suum
3003 5613 3227 5670 ulterius
3248 5653 3261 5679 ,
3290 5609 3432 5682 quod
3459 5606 3628 5665 omni-
