4074 6190
366 285 463 344 661

1049 293 1291 351 OI‘USC.
1333 297 1466 352 XLI.
1509 329 1569 338 -
1617 298 1704 352 DE
1745 296 2065 353 TEiiPOilE
2103 299 2530 358 CELEBRANDI
2570 304 2881 362 NUPTIAS.

3487 310 3601 368 602

360 417 433 456 no
463 401 746 456 ridicu.um
776 411 876 466 est,
907 404 1243 472 denegatur?
1273 406 1425 460 Enim
1449 422 1576 462 vero
1607 407 1652 460 si
1675 406 1929 476 concubj-
1962 413 2005 468 Α
2036 409 2142 462 vim
2188 425 2422 466 canones
2468 414 2608 467 sacri
2667 414 2966 476 continent,
3027 427 3186 482 quam
3255 419 3600 486 pragmatiae

365 505 454 550 tus
505 497 704 564 nuptiae
746 507 909 562 sunt;
944 499 1156 565 quoties
1202 500 1284 552 vir
1330 500 1538 554 mulieri
1588 501 1930 562 admiscetur,

363 586 522 643 toties
548 587 730 655 procul
758 588 918 641 dttbio
944 590 1156 656 nuptias
1185 591 1460 644 celebrare
1487 591 1846 645 convincitur.

435 676 772 748 Quapropter
796 679 840 732 si
869 681 1082 735 carnale
1109 682 1377 751 negotium
1402 685 1523 752 quis
1548 685 1753 739 centies
1781 684 1936 738 itera-

360 769 522 832 verit,
558 785 664 822 non
695 771 851 824 modo
882 772 1186 836 multinnhi,
1210 783 1397 829 contra
1438 777 1749 829 canonicam
1781 792 1937 846 regu-

361 856 490 924 lam,
520 859 614 912 sed
659 867 714 913 et
757 861 1033 916 centinubi
1080 863 1283 917 crimen
1343 864 1591 918 incurrit.
1645 865 1794 931 Quod
1844 867 1936 934 qui

362 946 639 1014 praesumit
684 957 929 1004 astruere
955 988 971 1015 ,
1020 951 1136 1005 sine
1183 949 1345 1029 dubio
1398 955 1635 1008 creditur
1680 956 1933 1012 insanire.

361 1032 690 1090 Concubitus
714 1037 930 1107 quippe,
957 1040 1048 1108 qui
1081 1049 1258 1097 tamen
1296 1041 1420 1110 jure
1445 1045 1795 1113 permittitur,
1828 1060 1936 1101 non

363 1123 579 1191 nuptiae,
609 1125 702 1179 sed
728 1141 816 1180 res
842 1135 924 1180 est
944 1128 1122 1195 potius
1151 1129 1478 1199 nuptiarum.
1516 1149 1535 1182 ‹
1575 1130 1687 1186 Non
1722 1133 1888 1198 enim,
1914 1151 1932 1185 ι

358 1213 511 1283 juxta
550 1213 746 1269 Leonis
785 1229 936 1284 papae
973 1218 1317 1284 sententiam,
1346 1220 1562 1274 tomnis
1600 1221 1794 1275 mulier
1817 1222 1937 1276 viro

358 1303 542 1372 juncta
598 1320 736 1358 uxor
775 1315 860 1360 est
900 1305 1042 1372 viri;
1074 1308 1199 1376 quia
1243 1323 1340 1363 nec
1381 1309 1556 1363 omnis
1599 1309 1739 1364 filius
1766 1311 1937 1364 haeres

365 1402 442 1446 est
466 1393 657 1460 patris.
690 1413 708 1443 ι
741 1393 808 1447 Ει
828 1393 986 1463 paulo
1005 1405 1122 1463 post
1148 1413 1161 1448 :
1190 1414 1208 1446 t
1238 1395 1350 1469 Non
1374 1390 1594 1450 dubium
1615 1406 1718 1462 est,
1742 1398 1935 1466 inquit,

365 1498 482 1536 eam
507 1482 784 1536 mulierem
808 1499 911 1538 non
936 1484 1204 1552 pertinere
1223 1486 1288 1539 ad
1315 1487 1730 1550 matrimonium,
1762 1487 1812 1540 in
1834 1502 1936 1555 qua

366 1571 587 1625 docetur
623 1572 856 1641 nuptiale
905 1588 1008 1627 non
1057 1573 1223 1628 fuisse
1270 1575 1605 1644 mysterium.
1647 1594 1664 1624 ι
1701 1575 1756 1628 lu
1787 1574 1940 1642 cujus

367 1662 545 1730 itaque
592 1662 768 1716 verbis
814 1661 1014 1730 liquido
1065 1665 1390 1733 perpendere
1429 1651 1749 1734 possumus,
1812 1667 1936 1734 quia

2033 499 2374 553 sanctiones?
2407 498 2616 554 Dicitur
2672 502 2976 570 nuptiarum
3008 516 3274 557 summam
3321 521 3439 560 esse
3471 523 3596 561 con-

2034 586 2293 654 cubitum,
2334 589 2424 658 qui
2477 589 2733 644 nimirum
2765 591 2810 645 si
2855 592 3011 657 desit,
3053 593 3289 662 nuptiale
3337 596 3442 650 dici
3495 614 3600 652 non

2034 691 2190 752 posse
2215 679 2551 749 mysterium.
3597 749 3599 751 ι

2105 766 2246 835 Ergo
2269 775 2325 822 et
2347 768 2500 822 beata
2534 768 2684 836 virgo
2726 767 2888 824 Maria
2937 770 3083 836 viro,
3139 774 3433 827 secundum
3485 789 3604 843 eos,

2034 857 2325 911 carnaliter
2356 858 2553 926 nupsit,
2589 873 2708 927 qua:
2724 857 2876 927 juxta
2901 860 3174 931 Evangelii
3225 862 3383 918 fidem
3406 879 3609 936 sponso

2035 962 2134 1002 suo
2160 945 2356 1017 Joseph
2397 948 2616 1018 nuptiali
2651 949 3005 1005 fosderatione
3046 953 3294 1007 convenit
3335 971 3349 1007 :
3390 973 3407 1005 ι
3440 955 3609 1020 Ante,

2037 1037 2233 1106 inquit,
2259 1053 2418 1108 quam
2466 1038 2835 1104 conVenirent,
2869 1041 3083 1096 inventa
3114 1051 3195 1097 est
3227 1043 3279 1097 in
3325 1054 3475 1098 utero
3506 1047 3583 1100 ha.

2036 1129 2169 1183 hens
2198 1128 2263 1182 de
2293 1127 2499 1196 Spiritu
2542 1137 2730 1184 sancto
2772 1128 2987 1199 (Matth.
3028 1130 3088 1199 ι).
3125 1149 3142 1182 ι
3182 1130 3287 1187 Sed
3323 1134 3447 1202 quia
3501 1151 3562 1187 nr

2036 1216 2269 1287 ptiartnn
2312 1216 2628 1272 vocabulum
2656 1227 2902 1288 patenter
2922 1207 3250 1287 evangelista
3285 1236 3389 1274 non
3422 1237 3566 1290 expr.

2037 1309 2154 1374 mit,
2188 1311 2412 1380 ideoque
2449 1312 2661 1382 nuptias
2693 1312 2997 1369 celebrasse
3024 1313 3084 1368 Β.
3114 1314 3276 1388 Virgo
3304 1315 3435 1369 mihi
3478 1329 3601 1382 per-

2041 1398 2244 1454 hibenti
2277 1399 2504 1455 fortasse
2527 1415 2631 1455 non
2685 1401 2943 1456 creditur.
2985 1401 3360 1471 Expositorum
3394 1405 3611 1472 ttiintis,

2039 1501 2196 1558 prout
2219 1491 2477 1555 occurrit,
2500 1491 2552 1544 in
2579 1491 2941 1546 testimonium
2963 1492 3278 1546 deducatur.
3301 1492 3396 1546 Ait
3413 1507 3606 1564 nempe

2039 1579 2182 1635 Beda
2221 1580 2273 1634 in
2305 1579 2640 1650 expositione
2663 1579 2899 1635 Matthzei
2935 1597 2949 1634 :
2987 1599 3005 1632 ‹
3039 1579 3370 1644 Notandum,
3407 1581 3601 1649 inquit,

2040 1669 2094 1724 in
2133 1670 2321 1739 primis
2372 1670 2425 1724 in
2463 1683 2530 1724 eo
2556 1669 2699 1739 quod
2736 1669 2814 1724 ait
2843 1668 3178 1738 :Antequam
3223 1670 3613 1731 convenirent;

364 1753 506 1806 aliud
541 1753 774 1822 nuptiale
801 1754 1138 1824 mysterium,
1169 1754 1312 1808 aliud
1347 1755 1562 1811 carnale
1589 1765 1670 1811 cst
1714 1755 1938 1811 sacrile—
1966 1741 2011 1800 Β
2041 1761 2200 1816 verba
2250 1760 2601 1817 conveniendi
2672 1774 2779 1815 non
2837 1759 3013 1828 ipsum
3078 1759 3460 1823 concubitum,
3512 1761 3616 1812 sed

365 1844 532 1912 gimn.
562 1843 713 1910 Quod
756 1845 898 1899 enim
949 1845 1208 1900 canonice
1252 1845 1329 1911 fit,
1366 1857 1764 1902 sacramentum
1806 1855 1930 1914 est;

365 1937 504 2003 quod
537 1947 712 1991 autem
742 1945 930 1991 contra
960 1951 1192 1992 canones
1232 1946 1544 2006 usurpatum
1579 1947 1682 2003 est,
1707 1938 1936 1994 sacrile-

365 2028 508 2096 gium
541 2037 645 2081 est.
678 2028 754 2081 Ex
785 2029 994 2083 ratione
1029 2029 1225 2098 quippe
1254 2029 1507 2098 temporis
1531 2029 1710 2099 agitur
1734 2040 1792 2083 ut
1833 2044 1936 2084 una

373 2116 662 2185 eademque
707 2132 795 2172 res
839 2118 952 2172 sive
1001 2117 1251 2184 salubris,
1303 2119 1416 2174 sive
1457 2119 1617 2173 noxia
1645 2119 1937 2190 judicetur.

372 2211 619 2280 Quisquis
645 2212 786 2265 enim
823 2213 1224 2268 inhorrescente
1263 2214 1439 2269 hieme
1480 2215 1614 2270 vites
1650 2223 1820 2285 putat,
1858 2216 1940 2270 vi-

372 2316 525 2354 neam
557 2301 798 2370 dissipat.
831 2300 930 2368 Qui
954 2311 1142 2357 testate
1171 2304 1420 2365 seminat,
1462 2303 1732 2358 frumenta
1757 2302 1942 2373 proﬂi-

371 2396 482 2457 gat.
510 2386 658 2443 Tunc
683 2389 1285 2459 denique’suscipiendis
1311 2391 1605 2447 seminibus
1633 2401 1757 2461 apta
1785 2391 1942 2446 tellus

373 2478 626 2543 efficitur,
658 2479 702 2535 si
731 2493 967 2550 congruo
992 2490 1229 2551 tempore
1256 2482 1541 2537 sarriatur.
1588 2481 1690 2549 Qui
1736 2483 1837 2537 sub
1863 2483 1943 2536 ni-

375 2571 476 2626 vali
502 2571 713 2626 turbine
734 2573 1105 2627 caementarios
1127 2574 1399 2638 conducit,
1424 2574 1635 2628 ruinam
1657 2573 1940 2629 construit.

375 2660 474 2727 Qui
502 2676 724 2720 succosa
751 2663 903 2717 verni
937 2665 1190 2733 temporis
1225 2664 1364 2733 ligna
1393 2665 1640 2729 succidit,
1673 2674 1731 2718 ut
1757 2666 1944 2720 doma-

374 2760 485 2805 tum
527 2752 760 2822 parietes
796 2756 988 2824 erigat,
1036 2765 1092 2809 ttt
1137 2755 1464 2825 laquearium
1513 2756 1676 2828 685
1714 2757 1945 2812 tabulata

376 2842 701 2914 compingat,
730 2847 1044 2914 supervacui
1071 2863 1128 2902 se
1166 2849 1361 2904 laboris
1407 2850 1691 2904 vexatione
1738 2848 1943 2919 fatigat.

375 2931 442 2985 Et
473 2941 529 2987 ut
555 2935 621 2986 ad
654 2945 987 2988 sacramenta
1020 2937 1314 2999 veniamus,
1363 2937 1452 3005 qui
1503 2947 1698 3005 prarter
1746 2945 1944 2992 statuta

377 3031 614 3090 tempora
645 3022 870 3078 clericos
901 3024 1135 3090 ordinat,
1172 3041 1276 3078 non
1314 3042 1408 3080 eos
1457 3027 1640 3095 utique
1674 3027 1939 3096 provehit,

374 3116 467 3170 sed
497 3116 806 3172 offensionis
832 3119 1186 3184 obstaculum,
1219 3134 1284 3172 ne
1321 3119 1386 3172 de
1422 3129 1617 3173 czetero
1648 3120 1947 3187 provehan-

378 3215 483 3268 tur,
515 3207 748 3275 opponit.
785 3208 884 3274 Qui
921 3209 1139 3277 passim,
1189 3224 1286 3262 nec
1318 3219 1466 3261 certo
1523 3217 1760 3276 tempore
1803 3207 1948 3264 chri-

376 3297 564 3351 smatis
597 3297 678 3352 vel
717 3295 967 3368 baptismi
1013 3309 1347 3353 sacramenta
1401 3299 1656 3362 celebrat,
1687 3313 1794 3351 non
1841 3308 1947 3352 tant

377 3386 554 3455 opifex
581 3381 902 3443 sacramenti
953 3403 1112 3458 quam
1152 3404 1277 3443 reus
1311 3388 1505 3442 dicitur
1530 3387 1813 3456 sacrilegii.

998 3517 1227 3574 CAPUT
1265 3516 1326 3572 ll.

729 3631 924 3687 Contra
959 3641 1300 3702 pervertcrttes
1341 3641 1595 3700 tempora.

449 3746 582 3800 Cum
631 3761 759 3817 ergo
791 3747 905 3816 ipsa
955 3745 1320 3801 ecclesiastica
1363 3751 1700 3800 sacramenta
1729 3757 1946 3799 suorum

382 3842 683 3904 temporum
705 3835 1104 3908 vicissitudines
1130 3825 1412 3904 quaerunt;
1427 3835 1772 3904 vigoremque
1793 3846 1949 3886 suum

382 3941 448 3978 ex
501 3926 739 3995 deputati
775 3927 1030 3995 temporis
1073 3927 1412 3998 congruitate
1457 3925 1786 3995 concipiunt,
1843 3939 1951 3994 quo
2005 3971 2017 3983 .

380 4022 542 4082 pacto
595 4015 707 4069 sola
767 4016 1112 4070 matrimonia
1170 4016 1314 4071 vires
1374 4015 1570 4070 habere
1606 4023 1876 4084 poterunt,
1903 4013 1950 4069 si

385 4111 686 4172 temporum
712 4112 915 4158 statuta
937 4103 1292 4162 confundunt?
1306 4104 1377 4160 Ut
1396 4104 1541 4158 enim
1566 4091 1821 4158 salomon
1845 4102 1948 4156 ait:

388 4214 405 4245 ι
435 4194 627 4248 Omnia
684 4203 894 4264 tempus
944 4194 1145 4271 habent
1193 4205 1248 4250 et
1299 4195 1412 4250 suis
1454 4194 1644 4264 spatiis
1673 4203 1954 4248 transeunt

384 4287 635 4340 universa
696 4288 798 4342 sub
859 4285 996 4341 caelo
1036 4286 1241 4356 (Eccle.
1277 4285 1380 4356 tu).
1423 4304 1442 4338 ι
1476 4286 1545 4340 Ει
1593 4284 1752 4356 paulo
1789 4293 1949 4354 post:

389 4393 407 4426 ι
435 4374 670 4444 Tempus
685 4374 841 4430 flendi
865 4384 919 4430 et
945 4385 1154 4446 tempus
1178 4377 1408 4439 ridendi,
1434 4385 1642 4446 tempus
1666 4373 1953 4446 plangendi
1977 4361 1982 4372 ἲ

384 4474 439 4518 et
465 4475 676 4535 tempus
705 4465 955 4530 saltandi,
1007 4474 1217 4528 tempus
1269 4465 1608 4528 amplexandi
1648 4473 1702 4519 et
1746 4474 1955 4534 tempus

385 4557 541 4627 longe
566 4557 682 4611 ﬁeri
731 4557 800 4611 ab
857 4555 1193 4626 amplexibus
1222 4555 1429 4627 (Ibid.).
1463 4575 1481 4607 ι
1515 4556 1614 4622 Qui
1639 4571 1766 4625 ergo
1794 4554 1960 4611 flendi

389 4655 630 4715 tempore
675 4642 895 4708 saltant,
918 4653 973 4698 et
1017 4642 1195 4698 rident
1227 4657 1242 4696 :
1275 4643 1365 4712 qui
1399 4651 1527 4696 tunc
1557 4643 1955 4712 amplexantur,

386 4733 604 4802 quando
622 4731 778 4802 longe
805 4731 923 4786 ﬁeri
947 4731 1016 4784 ab
1041 4729 1378 4798 amplexibus
1411 4729 1627 4794 debent,
1652 4731 1791 4784 sicut
1812 4727 1952 4798 apud

385 4837 479 4876 eos
505 4822 764 4889 temporis
791 4820 924 4874 ordo
967 4821 1311 4889 pervertitur,
1342 4821 1419 4873 sic
1453 4818 1669 4886 eisjure
1707 4819 1951 4886 voluptas

389 4915 441 4968 in
474 4912 912 4976 amaritudinem,
946 4910 1197 4978 gaudium
1233 4911 1286 4964 in
1324 4923 1632 4973 maerorem,
1678 4909 1730 4962 in
1766 4907 1956 4962 confu-

389 5007 600 5061 sionem
623 5005 812 5075 gloria,
845 5005 899 5058 in
930 5002 1287 5072 prostibulum
1313 5000 1580 5054 thalamus
1605 5007 1958 5070 permutatur.

389 5095 524 5148 Cum
546 5093 690 5148 enim
721 5094 931 5163 legibus
953 5101 1167 5148 cautum
1205 5091 1304 5154 sit,
1330 5099 1384 5144 ut
1416 5099 1656 5158 tempore
1708 5089 1961 5143 messium

391 5183 478 5237 vel
505 5183 895 5237 vindemiarum
925 5197 1263 5252 nequaquam
1306 5196 1587 5236 causarum
1619 5179 1785 5250 Iitigia
1835 5195 1965 5234 ven-

396 5277 640 5338 tilentur,
663 5290 729 5329 ne
756 5275 989 5329 forensia
1040 5273 1252 5343 negotia
1297 5273 1635 5334 dirimuntur,
1675 5279 1730 5324 et
1758 5279 1962 5338 tempo-

398 5381 514 5435 rum
540 5365 679 5417 ratio
703 5361 826 5425 fert,
851 5372 911 5415 ttt
956 5355 1212 5432 quidquid
1243 5371 1367 5416 tunc
1416 5361 1468 5413 in
1498 5358 1854 5414 tribunalibus
1878 5356 1964 5425 ju-

397 5456 576 5510 dicum
643 5455 930 5516 definitur,
1010 5454 1224 5507 irritum
1300 5443 1610 5514 censeatur;
1677 5448 1966 5518 .quomodo

399 5545 862 5616 quadragesimale
907 5554 1118 5615 tempus
1170 5543 1382 5611 nuptias
1427 5558 1530 5596 non
1561 5545 1966 5608 evacuat,q‘uas

405 5652 670 5693 canonum
730 5637 1026 5692 auctoritas
1096 5634 1352 5689 damnat?
1406 5634 1654 5702 Nunquid
1703 5634 1965 5687 minorem

2040 1851 2368 1919 nuptiarum,
2388 1861 2506 1920 quae
2523 1849 2827 1919 praecedere
2854 1849 3049 1915 solent,
3077 1857 3286 1920 tempus
3309 1841 3606 1911 insinuant,

2037 1940 2250 2010 quando
2298 1955 2360 1994 ea
2425 1954 2546 2010 quae
2597 1939 2748 2009 prius
2773 1953 2969 2010 sponsa
2999 1937 3196 2003 fuerat,
3245 1941 3441 2010 conjux
3486 1955 3608 1994 esse

2039 2027 2245 2097 incipit.
2291 2026 2433 2095 Ergo
2485 2034 2773 2096 antequam
2824 2026 3195 2094 convenirent,
3242 2028 3373 2083 dicit
3403 2045 3415 2081 :
3443 2029 3608 2082 Ante-

2039 2119 2526 2188 quam‘nuptiarum
2558 2118 2816 2174 solemnia
2838 2119 2943 2174 rite
2983 2117 3340 2185 celebrarent,
3390 2111 3632 2174 inventa'

2040 2218 2123 2264 est
2177 2210 2229 2264 in
2263 2218 2416 2265 utero
2455 2210 2657 2264 habens
2702 2208 2768 2264 de
2818 2209 3023 2279 Spiritu
3066 2219 3275 2265 sancto.
3330 2208 3605 2278 Siquidem

2041 2307 2342 2354 memorato
2368 2298 2558 2352 ordine
2591 2305 2778 2367 postea
2832 2307 3222 2363 convenerunt,
3263 2301 3478 2368 quando
3519 2298 3609 2354 Jo-

2042 2387 2171 2457 seph
2200 2387 2265 2440 ad
2293 2393 2618 2455 praeceptum
2644 2384 2819 2456 angeli
2845 2386 3052 2457 accepit
3077 2387 3358 2456 conjugem
3388 2402 3558 2441 suam.
3583 2391 3620 2438 ι’

2041 2475 2358 2531 Ambrosius
2383 2489 2595 2544 quoque
2624 2491 2637 2527 :
2673 2491 2692 2526 ι
2720 2473 2842 2545 Non
2867 2482 2940 2540 te,
2963 2474 3158 2545 inquit,
3210 2484 3438 2534 moveat,
3468 2477 3620 2544 quod

2045 2563 2354 2634 frequenter
2411 2561 2687 2632 Scriptura
2714 2561 2994 2634 coniugem
3023 2561 3194 2618 dicit:
3233 2578 3337 2619 non
3386 2563 3608 2633 virgini-

2048 2655 2175 2708 tatis
2223 2652 2446 2722 ereptio,
2493 2652 2588 2707 sed
2637 2651 2871 2724 coniugii
2925 2652 3253 2721 testificatio,
3299 2655 3618 2724 nuptiarum

2046 2741 2339 2798 celebratio
2368 2741 2692 2797 declaratur.
2739 2758 2759 2793 ι

2115 2830 2247 2886 Cum
2274 2845 2403 2902 ergo
2448 2831 2568 2886 luce
2612 2829 2812 2886 clarius
2868 2837 3102 2898 constat,
3133 2830 3257 2902 quia
3307 2830 3459 2885 beata
3518 2830 3612 2884 Dei

2047 2921 2292 2977 Genitrix
2319 2922 2471 2993 virgo
2512 2937 2620 2978 non
2664 2921 2878 2993 nupsit;
2909 2931 2966 2978 et
3011 2931 3191 2978 tamen
3245 2921 3397 2992 juxta
3449 2923 3627 2994 686'

2048 3011 2344 3082 Scriptura
2394 3012 2740 3078 sententiam,
2779 3011 2984 3082 absque
3025 3011 3192 3067 dubio
3234 3012 3446 3081 nuptias
3472 3014 3615 3066 cele-

2049 3101 2260 3166 bravit;
2318 3100 2586 3170 quomodo
2637 3100 2854 3164 dicitur,
2907 3103 2999 3156 ubi
3058 3102 3376 3157 concubitus
3426 3102 3615 3164 defuit,

2050 3191 2263 3259 nuptias
2300 3189 2406 3244 dici
2437 3205 2540 3244 non
2572 3191 2762 3260 posse?
2784 3189 2894 3244 Nos
2935 3198 3112 3244 autem
3149 3205 3181 3244 e
3209 3191 3422 3245 diverso
3449 3185 3636 3244 lihere'

2049 3281 2383 3350 profitemur,
2431 3289 2486 3335 et
2529 3280 2872 3335 concubitum
2903 3295 3062 3349 posse
3087 3280 3204 3334 sine
3249 3280 3446 3349 nuptiis
3476 3279 3613 3343 fieri,

2048 3381 2103 3427 et
2131 3371 2247 3425 sine
2267 3371 2553 3426 concubitu
2577 3379 2723 3426 recte
2765 3371 2977 3440 nuptias
3005 3369 3279 3440 appellari.
3313 3369 3450 3425 Sunt
3471 3371 3612 3424 enim

2048 3461 2334 3530 aliquando
2363 3460 2560 3529 nuptiae
2592 3459 2825 3526 czelibes,
2867 3469 2994 3515 sunt
3020 3474 3140 3530 quat
3170 3461 3327 3530 digne
3370 3460 3618 3514 dicantur

2048 3552 2248 3622 nuptire
2270 3551 2578 3620 virginales.
2623 3551 2679 3605 ln
2730 3552 2926 3622 quibus
2949 3551 3198 3607 videlicet
3238 3553 3317 3606 sic
3342 3567 3478 3604 uxor
3503 3553 3616 3604 viro

2049 3641 2216 3696 dotali
2249 3639 2453 3695 foedere
2493 3639 2761 3710 jungitur,
2805 3650 2864 3694 ut
2887 3641 3110 3710 prtelato
3134 3641 3369 3695 caelestis
3399 3640 3616 3693 thalami

2051 3732 2341 3797 desiderio,
2378 3731 2582 3786 carnali
2611 3730 2916 3785 nullatenus
2937 3731 3225 3785 misceatur
3261 3730 3395 3800 (ride
3422 3730 3618 3781 scito/iu

2050 3823 2118 3876 ad
2141 3820 2336 3876 calcem
2365 3819 2646 3890 opusculi).
2675 3819 2756 3873 Ex
2800 3834 3025 3889 quarum
3067 3820 3271 3874 scilicet
3299 3833 3493 3888 genere
3519 3833 3620 3870 nu-

2050 3913 2284 3983 ptiarum
2305 3911 2366 3966 Β.
2396 3909 2631 3966 Joannes
2653 3909 2980 3980 evangelista
3003 3907 3310 3964 subtractus
3331 3923 3361 3962 a
3394 3908 3622 3961 Domino

2051 4003 2306 4069 traditur,
2356 4001 2448 4071 qui
2495 4001 2750 4055 nimirum
2785 4015 2907 4055 cum
2947 4001 3099 4070 virgo
3127 3998 3504 4069 permanserit,
3541 3997 3626 4050 ni-

2052 4093 2343 4148 hilominus
2376 4100 2554 4146 tamen
2583 4091 2781 4162 nuptiae
2807 4097 3011 4146 vocatae
3038 4097 3186 4154 sunt,
3208 4103 3344 4158 quas
3373 4096 3620 4143 contem-
3710 4141 3714 4143 ,

2051 4184 2178 4254 psit.
2208 4183 2288 4237 Ad
2310 4181 2453 4252 quod
2475 4181 2639 4237 etiam
2685 4182 2993 4251 nuptiarum
3039 4195 3228 4252 genus,
3269 4181 3458 4235 beatus
3483 4179 3624 4250 Apo-

2052 4271 2223 4326 stolus
2251 4270 2522 4325 auditores
2548 4283 2674 4324 suos
2699 4268 2914 4324 videtur
2937 4268 3185 4333 invitare,
3208 4283 3328 4323 cum
3352 4269 3428 4322 ait
3454 4285 3472 4322 :
3508 4287 3526 4319 ‹
3550 4267 3626 4321 De

2056 4364 2253 4434 quibus
2273 4361 2566 4432 scripsistis
2587 4360 2739 4426 mihi,
2769 4358 2968 4416 bonum
2993 4368 3077 4415 est
3100 4359 3300 4414 homini
3342 4359 3626 4415 mulierem

2045 4471 2166 4530 non
2197 4465 2444 4526 tangere;
2472 4461 2693 4523 propter
2718 4451 3130 4508 fornicationem
3146 4458 3327 4505 autem
3341 4451 3631 4520 unusquis-

2062 4561 2168 4617 que
2216 4559 2372 4600 suam
2418 4557 2642 4598 uxorem
2695 4541 2916 4607 habeat,
2958 4549 3015 4596 et
3053 4554 3391 4610 unaquaeque
3435 4540 3631 4594 mulier

2063 4651 2219 4690 suum
2254 4636 2430 4688 virum
2462 4633 2655 4688 habeat
2695 4631 2748 4700 (Ι
2777 4630 2903 4685 Cor.
2936 4633 3056 4700 νη).
3096 4648 3118 4682 ι
3169 4629 3304 4684 Cum
3348 4628 3628 4683 mulierem

2065 4742 2170 4781 non
2195 4736 2413 4794 tangere
2439 4725 2634 4777 bonum
2677 4734 2797 4776 esse
2849 4719 3027 4789 primo
3079 4717 3386 4789 perhibeat;
3437 4717 3631 4771 deinde

2063 4824 2282 4886 prepter
2312 4812 2721 4868 fornicationem
2737 4825 2957 4865 uxorem
2977 4809 3180 4864 habere
3193 4823 3631 4877 unumquemque

2061 4905 2332 4966 decernat,
2383 4900 2448 4955 ad
2469 4899 2681 4955 etelibes
2707 4897 2892 4968 procul
2917 4899 3080 4954 dubio
3124 4897 3338 4968 nuptias
3364 4899 3632 4954 discretus

2015 5019 2018 5022 η
2063 4996 2251 5050 doctor
2280 4991 2492 5058 invitat,
2533 4991 2656 5046 utsi
2694 4990 2946 5060 laqueum
2976 4989 3346 5045 fornicationis
3370 4989 3631 5043 duntaxat

2063 5083 2292 5138 evadere
2320 5084 2622 5152 possumus,
2657 5080 2876 5135 carnale
2910 5080 3294 5135 commercium
3326 5080 3379 5134 in
3429 5078 3630 5146 nuptiis

2065 5189 2169 5228 non
2196 5186 2519 5242 quaeramus.
2569 5169 2884 5239 Nuptiarum
2917 5171 3071 5240 plane
3114 5169 3342 5222 societas
3371 5168 3439 5220 ab
3478 5167 3632 5220 initio

2065 5249 2283 5334 prepter
2307 5263 2627 5332 gignendum
2682 5259 2918 5315 sobolem
2949 5268 3003 5314 et
3029 5259 3426 5328 propagandam
3455 5265 3634 5327 postc-

2066 5354 2280 5409 ritatem
2307 5369 2412 5408 non
2444 5353 2732 5422 ambigitur
2770 5351 3032 5405 instituta.

2660 5441 2884 5497 CAPUT
2921 5441 3002 5493 Ill.

2482 5534 2693 5603 Nuptiw
2724 5533 2791 5584 ad
2811 5531 2937 5601 quid
2964 5531 3232 5583 institutio.

2141 5631 2406 5696 Quantum
2451 5641 2576 5695 ergo
2621 5626 2685 5676 ad
2731 5623 3100 5692 antitptilatcm
3155 5622 3359 5683 sn'culi,
3405 5620 3654 5674 intentitr

3663 997 3700 1032 Ι
