4048 6190
447 287 551 342 M55

903 291 957 346 S.
1013 293 1214 351 PETRI
1249 268 1529 354 DAMIANI
1557 297 1706 355 OPP.
1745 301 1980 358 TOMUS
2017 302 2146 358 SEU
2195 301 2372 356 PARS
2404 301 2486 356 Ill.
2512 332 2582 344 —-—
2611 302 2969 359 OPUStZULA
2997 303 3222 359 VARIA.

3583 291 3686 348 εει

443 399 750 470 nuptiarum
797 410 876 455 cst
922 405 1225 470 procrem‘lo
1285 405 1532 461 illioram.
1572 410 1823 464 Attamen
1875 413 2013 467 sicut
2119 413 2284 468 multa
2317 414 2566 468 animalia
2599 416 2650 468 in
2684 415 2904 468 macello
2926 426 3047 469 sunt
3073 433 3100 468 a
3123 417 3505 484 libripcudibus
3522 434 3682 482 causa,

441 491 554 543 solo
610 503 824 550 vomere
881 499 1021 546 terra
1077 494 1460 562 prosciuudituur,
1513 500 1631 565 sed,
1682 510 1738 553 ut
1767 501 1865 555 hoc
1897 502 2010 557 ﬁeri

442 578 628 646 possit,
679 588 872 634 rmtcra
919 583 1222 637 necessaria
1255 588 1493 642 meunbra
1541 589 1736 645 aratris
1759 601 2010 646 attexun-

443 674 564 732 tur;
613 667 711 721 soli
741 670 890 722 nervi
924 669 974 722 iuu
1002 663 1225 726 citharis
1253 681 1414 743 atque
1465 676 1770 746 luujusnuodi
1795 681 2014 736 musicis

441 759 582 812 vasis
603 767 856 828 aptauutur
895 763 961 814 aul
997 773 1238 827 cantuum,
1287 767 1386 820 sed
1433 779 1488 820 ut
1547 771 1718 836 aptari
1783 772 2009 838 possint,

441 839 696 901 iiusuntet
721 857 913 903 caetera
945 851 996 904 in
1045 854 1398 923 compagibus
1440 867 1764 926 organorum
1787 897 1802 922 ,
1841 874 2012 928 quaee

437 936 750 990 canentibus
775 953 880 992 non
911 941 1318 1008 percutiuntur;
1352 945 1422 998 ita
1450 957 1503 998 et
1537 947 1661 1000 huic
1704 948 2011 1012 intentioni,

347 1025 388 1065 θ
438 1023 798 1096 pu’opagamize
831 1024 1076 1084 videlicet
1107 1032 1326 1098 sobolis,
1357 1035 1628 1089 adduntur
1656 1047 1712 1091 et
1739 1038 1862 1102 alia,
1887 1054 2009 1093 eum

435 1125 658 1184 prepter
700 1115 996 1190 conjugalis
1038 1122 1365 1178 matrimonii
1411 1137 1846 1191 sacramentum,
1895 1136 2010 1182 tum

439 1215 658 1275 propter
721 1209 956 1278 speciem
1020 1211 1353 1279 honestatis,
1406 1224 1704 1270 conventus
1760 1217 2009 1272 videlicet

441 1297 831 1366 pronuborum,
855 1301 1084 1356 convivii
1112 1301 1343 1359 celebris
1364 1314 1667 1375 apparatus,
1686 1307 1826 1362 dona
1849 1322 2014 1378 spon-

436 1388 592 1456 salia,
650 1390 950 1450 tabularum
1005 1396 1266 1452 dotalium
1319 1398 1695 1466 instrumenta,
1744 1411 1798 1456 et
1830 1403 1874 1457 si
1902 1418 2008 1474 qua

435 1487 561 1532 sunt
583 1479 706 1534 alia.
737 1480 866 1562 Quae
889 1485 1134 1540 videlicet
1159 1489 1340 1543 omnia
1371 1489 1530 1544 simul
1566 1489 1752 1557 juncta
1811 1494 2011 1562 neptim

435 1581 717 1625 vocantur.
761 1561 828 1627 Et
856 1575 971 1630 haec
1010 1577 1332 1646 antiquitus,
1362 1590 1420 1634 ιιι
1449 1582 1762 1650 praedictum
1807 1561 1912 1646 est,
1943 1587 2010 1639 ad

436 1664 832 1734 propagandam
879 1672 1248 1725 tantummodo
1295 1673 1562 1739 sobolem;
1626 1673 1768 1729 nunc
1823 1685 2010 1732 autem

435 1751 916 1821 advesperascente
961 1755 1076 1825 jam
1131 1759 1330 1813 muuudo
1377 1769 1431 1814 et
1478 1760 1619 1818 illius
1691 1773 2009 1818 coruscantc
2039 1789 2084 1850 Β

435 1843 704 1910 doctrina,
747 1847 836 1917 qui
887 1848 954 1904 de
1000 1850 1209 1918 vizgine
1251 1852 1407 1921 virgo
1441 1861 1545 1917 est,
1583 1855 1652 1908 ad
1696 1854 2004 1909 evitandaun

433 1942 642 2002 spectat
679 1935 867 2005 procul
930 1937 1091 1993 dubio
1150 1940 1578 1995 fornicationem.
1633 1942 1787 1996 Tunc
1837 1943 2004 2010 euiun,

436 2025 589 2082 sal-vo
613 2025 796 2083 altiori
842 2030 1131 2100 mysterio.
1165 2031 1482 2087 dicebatur:
1519 2052 1538 2088 ι
1575 2032 1887 2091 Maledictus
1924 2033 2008 2086 vir

431 2117 526 2186 qui
584 2132 689 2173 non
751 2118 1000 2175 habuerit
1046 2138 1228 2176 semen
1280 2124 1332 2178 in
1387 2124 1578 2180 lsracl!
1629 2144 1649 2176 ι
1705 2124 1856 2180 Nunc
1911 2141 2007 2178 auu-

432 2214 550 2262 tem
588 2207 784 2264 dicitur
820 2227 836 2264 :
889 2229 911 2262 ι
949 2211 1090 2276 Viri,
1127 2212 1336 2282 diligite
1381 2229 1578 2269 uxores
1618 2222 1828 2268 vestras
1867 2213 2006 2267 sicut

429 2295 681 2354 Christus
737 2298 1030 2355 Ecclesium
1075 2301 1303 2370 (Εριιεο.
1353 2302 1432 2373 v).
1475 2321 1494 2354 ι
1544 2303 1612 2358 Ει
1667 2302 2001 2372 Apostolus:

437 2402 455 2434 u
485 2383 722 2458 Tempus
770 2397 876 2452 eat,
928 2389 1122 2460 inquit,
1161 2392 1343 2460 utqui
1392 2391 1592 2447 habent
1633 2407 1849 2455 uxores,
1884 2401 2004 2446 tan-

429 2487 591 2544 quam
645 2460 756 2529 non
810 2468 1074 2532 habentes
1119 2479 1250 2534 sint.
1285 2496 1306 2532 ι
1328 2480 1396 2535 Ει
1426 2481 1660 2534 iterum:
1697 2498 1719 2531 ι
1753 2479 1885 2534 Volo
1909 2494 2007 2536 vos

428 2577 619 2620 omnes
642 2579 762 2621 esse
782 2607 796 2631 ,
821 2567 1084 2639 sicutch
1108 2569 1255 2653 (ιιινέ
1336 2571 1468 2639 vn}.
1498 2590 1522 2624 ο
1555 2570 1708 2627 Enim
1731 2585 1860 2626 vero
1888 2570 2001 2640 qui,

430 2658 573 2714 sicut
593 2659 844 2728 superius
864 2661 1119 2728 diximus,
1142 2677 1372 2720 umorem
1394 2663 1692 2720 ducendam
1723 2663 2003 2732 praedicat,

428 2758 484 2803 et
504 2762 610 2802 non
641 2751 981 2819 tangendam,
1007 2766 1111 2804 non
1142 2733 1428 2820 exculpere
1454 2752 1686 2822 prolem,
1712 2753 1806 2807 sed
1837 2752 2004 2807 forni-

429 2838 898 2906 cationis,viuletur
918 2841 1164 2909 oppilare
1193 2841 1539 2910 voraginem;
1569 2853 1670 2898 acc
1699 2852 2002 2898 tumescen-

428 2937 536 2982 tem
563 2937 800 2994 ualerium,
830 2917 1222 3000 infandumque
1256 2930 1515 2996 balatum,
1562 2933 1658 2987 sed
1687 2931 2000 2988 immacula-

431 3027 545 3071 tum
571 3017 767 3083 cubile,
786 3027 841 3073 et
868 3019 1170 3091 coniugalis
1194 3023 1540 3078 continentiae
1565 3022 1839 3079 desiderat
1862 3022 2004 3078 cauli-

429 3108 637 3162 batum.
673 3108 774 3177 Qui
805 3109 1056 3166 nimirum
1081 3127 1205 3170 eum
1241 3113 1410 3184 687
1425 3100 1566 3169 dicit
1593 3128 1611 3167 :
1638 3132 1660 3166 ι
1690 3113 1751 3170 Si
1791 3130 1850 3170 se
1893 3130 1998 3170 non
2029 3149 2072 3209 C

427 3197 726 3280 continent,
758 3200 1034 3272 nubantu
1061 3199 1195 3259 Cor.
1225 3217 1354 3270 vn);
1401 3222 1421 3256 ι
1456 3213 1513 3259 et
1543 3204 1677 3258 alibi
1705 3222 1719 3258 :
1750 3223 1770 3256 u
1802 3203 2000 3259 Rever—
2029 3197 2034 3242 ἓ

428 3288 610 3344 timi-ni
641 3288 694 3344 in
722 3289 981 3360 idipsum,
1009 3306 1110 3347 nec
1162 3302 1332 3348 tentet
1375 3309 1471 3349 vos
1516 3294 1748 3350 Satanas
1785 3306 2003 3366 propter

428 3375 878 3435 incontinentiam
909 3390 1145 3436 vestram
1167 3381 1392 3453 (11:54.);
1429 3401 1450 3435 ι
1490 3393 1740 3452 patenter
1766 3387 2002 3440 ostendit

429 3471 557 3540 quia
611 3481 814 3528 mutuae
860 3473 1002 3528 inm
1045 3473 1303 3544 conjuges
1347 3476 1612 3530 castitatis
1649 3485 1736 3530 est
1778 3476 1996 3538 avidus;

429 3560 806 3620 admistionem
828 3576 958 3617 vero
977 3563 1159 3617 carnis
1184 3563 1450 3632 permittit
1474 3564 1692 3619 invitus.

497 3651 728 3706 Constat
748 3665 880 3721 ergo
901 3666 999 3721 per
1029 3651 1166 3718 hunc,
1189 3667 1309 3720 quae
1336 3653 1583 3722 superius
1612 3653 2000 3721 comprehensa

431 3749 575 3805 sunt,
605 3741 732 3810 quia
761 3740 1137 3811 quisquissine
1150 3743 1438 3819 concubitu
1457 3741 1574 3797 fieri
1603 3758 1764 3811 posse
1789 3744 2002 3811 nuptias

430 3834 688 3904 denegat,
725 3833 982 3888 adversus
1027 3833 1366 3904 Apostolum,
1426 3842 1520 3902 per
1556 3849 1717 3902 quem
1754 3833 2002 3888 Christus

428 3927 688 3999 loquitur,
719 3929 1114 3985 contumaciter
1140 3937 1363 4001 pugnat.
1397 3928 1500 3994 Qui
1527 3938 1584 3984 et
1609 3942 1802 3982 omnes
1829 3928 2004 4001 homi-

427 4034 525 4082 nes
553 4019 665 4075 vult
717 4021 862 4076 sicut
909 4021 1258 4090 semetipsum
1308 4022 1653 4076 continenter
1696 4021 1909 4085 vivere;
1947 4027 2002 4072 et

429 4118 612 4164 tamen
635 4109 887 4166 admonet
916 4126 1358 4180 unumquemque
1384 4126 1539 4166 suam
1567 4125 1816 4174 xorem,
1853 4125 1920 4163 ne
1947 4110 2001 4162 in

427 4200 841 4255 fornicationem
908 4201 1140 4265 labatur,
1197 4201 1416 4258 habere.
1478 4202 1817 4256 Erubescant
1871 4215 2004 4269 ergo

428 4289 594 4342 stulte
621 4289 920 4356 sapientes,
943 4297 1002 4344 et
1033 4291 1293 4358 sapicndo
1327 4293 1606 4355 vecordes,
1634 4293 1724 4360 qui
1759 4292 2001 4360 pervica-

430 4378 569 4434 citer
620 4388 872 4434 asserunt
920 4379 1092 4433 virun
1137 4396 1168 4433 a
1213 4381 1408 4434 femina
1442 4381 1612 4435 dividi.
1646 4398 1751 4436 non
1781 4382 2004 4447 debere,

429 4482 598 4537 quam
630 4479 740 4524 non
766 4469 1158 4525 interveniorum
1209 4470 1500 4525 concubitu
1547 4473 1996 4541 quadragesimali
2031 4494 2075 4550 ο

430 4567 671 4629 tempore
719 4558 872 4613 duxit
924 4573 1167 4614 uxorem.
1226 4557 1331 4626 Qui
1372 4559 1622 4615 videlicet
1669 4562 1741 4616 ad
1794 4570 2001 4615 tantam

435 4647 757 4719 quandoque
795 4661 1112 4718 prorupere,
1139 4650 1446 4715 vesaniam,
1493 4658 1551 4704 ut
1595 4665 1714 4705 eam
1764 4665 2002 4720 quoque,

433 4753 556 4808 qua
573 4739 689 4809 ipso
715 4747 906 4796 metu
932 4739 1019 4794 die
1045 4739 1361 4804 Parasceve,
1402 4755 1510 4810 quo
1550 4739 1807 4795 Dominus
1826 4741 2000 4794 cruei-

431 4829 573 4884 ﬁxus
599 4837 706 4892 est,
735 4842 765 4882 a
795 4829 912 4884 viro
942 4827 1112 4884 furata
1145 4829 1496 4894 dignoscitur,
1527 4830 1795 4901 abnegent
1835 4832 1998 4884 relin-

429 4919 738 4990 quendam;
772 4930 828 4975 et
854 4919 982 4975 dum
1018 4920 1356 4989 iutpudenter
1380 4929 1629 4977 as-truunt
1651 4919 1802 4991 quasi
1831 4919 2000 4988 legale

429 5007 786 5071 connuubium,
836 5007 1160 5076 sacrilegum
1214 5009 1474 5064 roborant
1519 5010 1751 5064 versutis
1801 5009 1999 5078 allega-

430 5098 669 5156 tionibus
696 5096 1024 5166 pellicatum.
1046 5097 1252 5167 Quippe
1272 5115 1394 5154 cum
1422 5100 1680 5154 Dominus
1727 5109 2002 5168 pateretur

430 5186 610 5240 erucis
646 5183 986 5250 afﬁxionem;
1041 5185 1130 5240 ille
1176 5187 1429 5242 versabat
1485 5189 1537 5242 in
1592 5198 1772 5243 mente
1824 5191 2000 5244 sordis

433 5274 760 5348 {sordidam}
789 5276 1015 5331 luxuria:
1035 5275 1384 5345 voluptatem.
1413 5278 1479 5332 Et
1504 5293 1624 5332 cum
1652 5278 1996 5348 Redemptori

433 5379 529 5419 suo
560 5374 704 5420 totus
724 5366 898 5432 orbis,
917 5374 977 5419 ut-
1001 5380 1064 5419 re»
1086 5381 1211 5420 vera
1235 5367 1398 5434 capiti
1449 5367 1716 5432 membra,
1755 5383 1997 5423 commo-

431 5456 598 5518 ritur;
634 5455 721 5509 ille
741 5454 985 5509 subeuntis
1011 5455 1245 5511 libidinis
1278 5455 1658 5513 turpitudinem
1686 5458 1995 5512 meditatur.

433 5542 572 5608 Quid
592 5551 750 5597 aetate
781 5558 898 5596 mea
924 5545 1026 5598 hoc
1058 5543 1349 5600 Dounimca:
1372 5545 1551 5600 crucis
1579 5546 1665 5599 die
1688 5546 1995 5612 contigerit,

435 5631 707 5686 succincte
733 5633 1112 5702 perstringam.
1141 5634 1294 5704 Apud
1316 5634 1626 5689 Ravennam
1657 5650 1787 5690 sane
1809 5633 1995 5690 urbem

2116 508 2234 574 qua:
2261 507 2529 559 conumumi
2554 517 2770 560 scnatuus
2794 507 3060 569 consulto,
3083 518 3134 559 et
3175 509 3442 576 prazcipne
3470 510 3682 564 Martini

2116 593 2440 648 venerabilis
2482 597 2718 649 erenuita‘
2781 597 3020 658 decreto,
3069 596 3248 649 omnia
3293 599 3518 652 canibus
3561 609 3684 652 suuuut

2117 681 2375 750 projeeta.
2407 682 2542 749 Quid
2573 684 2733 752 igituur
2770 684 3010 737 fact-rent
3062 685 3234 738 zelum
3268 685 3354 739 Dei
3400 686 3710 754 babentesa

2115 771 2158 824 si
2191 786 2382 824 novam
2423 782 2643 840 nuptauuu
2690 773 2919 826 transire
2975 775 3024 826 io
3077 774 3450 842 sponsalitium
3497 789 3684 829 cerne-

2116 868 2254 923 rent,
2279 860 2322 913 si
2348 861 2645 915 amicorum
2678 863 2882 925 turbas,
2922 862 3107 915 relicta
3140 863 3321 916 crucis
3348 863 3684 927 adoratione,

2117 950 2380 1019 nuptiales
2409 952 2606 1006 choros
2635 951 2830 1006 duucere
2871 952 3299 1019 comperissent?

2714 1040 2938 1096 CAPUT
2988 1042 3076 1095 IV.

2115 1127 2277 1182 Pana
2305 1131 2675 1184 celebrantium
2723 1131 2928 1199 nuptias
2953 1130 3398 1201 quadragesima“
3433 1141 3681 1201 tempore.

2184 1217 2290 1272 Sed
2328 1218 2490 1272 dicite
2526 1218 2676 1282 mihi,
2704 1233 2736 1272 ο
2771 1229 2921 1272 novae
2973 1219 3287 1285 assertionis
3329 1229 3603 1284 auctores,
3635 1221 3680 1273 si

2110 1309 2566 1378 casuobrepserlt
2613 1309 2847 1372 homini,
2909 1320 2969 1364 ut
3015 1311 3153 1364 intra
3200 1311 3684 1380 quadragesimalis

2110 1401 2468 1457 observantius
2518 1398 2736 1474 cursum
2797 1417 2932 1457 uxor
2991 1417 3050 1456 se
3097 1402 3392 1458 carnaliter
3456 1404 3680 1472 jungat,

2111 1491 2263 1545 salvo
2291 1491 2561 1561 coniugio,
2595 1491 2967 1559 paenitentiam
3012 1493 3114 1547 illis
3152 1494 3454 1562 imponitis;
3489 1511 3556 1547 an
3587 1510 3681 1548 eos

2112 1578 2180 1632 ab
2217 1579 2446 1632 invicem
2505 1578 2697 1633 soluutis
2759 1580 2955 1634 taluulis
3005 1581 3398 1635 interveniente
3445 1582 3681 1634 divortio

2110 1666 2408 1736 separatis?
2460 1665 2566 1724 Sed
2613 1681 2758 1730 ecce,
2791 1669 3051 1724 canonica
3094 1668 3333 1723 decernit
3360 1669 3678 1735 auctoritas,

2111 1769 2172 1813 ut
2191 1759 2436 1828 quisquis
2485 1774 2552 1814 eo
2598 1769 2839 1830 tempore
2875 1776 2996 1822 eum
3027 1762 3251 1832 conjuge
3295 1761 3512 1827 labitur,
3540 1778 3677 1832 qua-

2110 1848 2356 1918 draginta
2403 1849 2671 1903 duntaxat
2723 1851 2932 1904 dierum
2981 1853 3296 1920 punnitentia
3333 1852 3678 1908 reformetur.

2108 1939 2225 2004 Quo
2249 1940 2413 2010 igituur
2448 1950 2606 2008 pacto
2645 1942 2696 1994 in
2747 1941 2860 1995 solo
2891 1943 3177 1996 concubituu
3233 1943 3536 1997 consistere
3573 1958 3675 1996 nuu-

2107 2028 2246 2096 ptias
2277 2029 2476 2092 dicitis,
2523 2037 2578 2081 et
2619 2038 2908 2096 utrumque
2961 2031 3098 2082 idem
3141 2045 3269 2084 esse
3302 2040 3488 2085 contra
3513 2031 3682 2086 totius

2107 2117 2247 2170 sacri
2303 2116 2498 2184 eloquii
2550 2118 2873 2172 sententiam
2925 2119 3216 2189 judicatis?
3253 2135 3374 2174 eum
3425 2121 3678 2177 videlicet

2107 2220 2336 2261 censura
2363 2207 2624 2262 cauuonica
2667 2209 2884 2278 nuptias
2929 2208 3126 2265 illicitis
3163 2211 3494 2278 tenuporibuus
3524 2211 3662 2266 insti-

2109 2305 2253 2353 tuutas
2295 2309 2506 2355 remoto
2558 2301 2704 2354 omni
2754 2302 3004 2371 scrupulo
3055 2303 3283 2370 dividat;
3329 2305 3678 2359 concubituuun

2107 2405 2238 2445 vero
2266 2391 2381 2446 sola
2432 2406 2611 2460 parvae
2661 2393 3013 2460 paenitudinis
3049 2395 3515 2450 animadversione
3554 2411 3678 2464 per-

2106 2479 2299 2536 cellat?
2355 2481 2552 2546 Dicite,
2617 2483 2864 2551 inquam,
2927 2484 3078 2548 milui,
3123 2497 3244 2538 cum
3305 2499 3437 2554 pace
3486 2495 3672 2539 vestra

2107 2569 2317 2638 loquor,
2349 2571 2392 2625 si
2420 2571 2472 2624 in
2502 2571 2617 2626 solo
2641 2572 2930 2627 concubitu
2961 2573 3158 2641 nuptiae
3209 2583 3460 2629 couustare
3489 2575 3678 2629 dicen-

2106 2657 2188 2713 dae
2219 2666 2368 2722 sunt,
2394 2673 2493 2718 cur
2535 2659 2734 2728 nuptias
2782 2669 2970 2714 contra
3022 2660 3197 2730 legum
3239 2661 3492 2715 mandata
3545 2675 3680 2715 con-

2107 2757 2316 2812 tractae,
2341 2763 2514 2816 usque
2539 2751 2608 2803 ad
2637 2751 2924 2804 divortium
2971 2753 3427 2816 condemnentur;
3472 2766 3668 2806 concu-

2105 2839 2238 2892 bitui
2291 2853 2420 2893 vero
2467 2840 2599 2893 levis
2650 2841 3020 2895 tantummodo
3064 2841 3392 2909 poenitentia:
3422 2855 3679 2895 mensura

2105 2927 2442 2998 praetigitur‘?
2461 2930 2518 2983 Si
2568 2930 2711 2984 enim
2753 2939 2980 2998 utraque
3005 2947 3168 2985 uuuuum
3207 2940 3354 2995 sunt,
3398 2933 3540 2986 sicut
3566 2948 3679 2985 non

2105 3021 2319 3075 diversa
2381 3030 2509 3076 sunt
2565 3021 2619 3074 in
2654 3030 2898 3089 peccem,
2955 3021 3028 3075 ita
3083 3037 3183 3076 nec
3231 3021 3430 3090 dispari
3480 3020 3680 3076 debent

2103 3110 2620 3180 subiacerejudieio,
2641 3112 2810 3182 688
2823 3121 2877 3166 et
2902 3127 3130 3180 quorum
3161 3120 3244 3166 est
3271 3111 3462 3166 eadem
3484 3127 3678 3176 causa,

2104 3216 2207 3255 una
2238 3202 2520 3272 utriusque
2555 3202 2712 3257 debet
2741 3215 2864 3256 esse
2895 3217 3148 3256 censuura.

2171 3291 2342 3347 Porro
2367 3302 2570 3357 autem,
2615 3292 2744 3360 quid
2790 3301 2874 3346 est
2904 3293 3006 3346 hoc
3038 3292 3200 3346 etiam
3231 3293 3375 3360 quod
3411 3293 3678 3348 canonica

2101 3385 2381 3439 sanctione
2409 3384 2737 3452 praecipitur,
2774 3393 2834 3437 ut
2875 3383 3135 3452 virgines,
3157 3395 3276 3452 qua:
3317 3398 3378 3437 se
3419 3397 3528 3437 non
3576 3398 3683 3438 cu-

2102 3475 2360 3540 stodiunt,
2388 3475 2433 3528 si
2468 3475 2681 3528 eosdem
2713 3474 2804 3542 quui
2828 3488 2922 3528 eas
2954 3473 3270 3527 violaverim
3299 3474 3522 3529 maritos
3575 3489 3674 3529 ac-

2102 3566 2362 3635 ceperint,
2411 3579 2475 3619 eo
2521 3565 2661 3633 quuod
2708 3563 2850 3618 solas
2897 3563 3216 3617 violaverint
3263 3564 3498 3631 nuptias,
3551 3574 3678 3633 post

2102 3657 2259 3710 unius
2314 3655 2857 3724 anni’pwnitentiam
2911 3653 3374 3708 reconcilientur?
3423 3652 3480 3708 Si
3526 3655 3676 3709 enim

2103 3745 2240 3800 nihil
2265 3746 2409 3801 aliud
2450 3753 2576 3798 sunt
2613 3743 2813 3811 nupt'ue
2868 3757 3032 3812 quam
3075 3742 3416 3806 concubitus,
3457 3757 3554 3796 cur
3591 3743 3677 3796 di-

2101 3843 2297 3892 cunutur
2342 3835 2559 3904 nuptias
2606 3834 2837 3888 violasse
2892 3833 3128 3903 virgines
3174 3833 3508 3902 prostitutae,
3550 3847 3678 3901 quae

2102 3924 2341 3997 profecto
2375 3922 2716 3978 concubitum
2760 3938 2866 3979 non
2896 3922 3191 3986 violarunt,
3224 3921 3316 3976 sed
3347 3922 3528 3991 potius
3566 3923 3672 3975 im-

2101 4017 2412 4088 pleverunt?
2441 4016 2596 4070 Enim
2614 4027 2742 4069 vero
2756 4015 2798 4069 si
2820 4014 2935 4068 solo
2950 4014 3238 4069 concubitu
3262 4013 3523 4082 nuptialia
3543 4011 3676 4080 jura

2101 4106 2455 4177 complentur,
2497 4105 2609 4174 jam
2644 4120 2749 4158 nou
2793 4105 3115 4159 damnentur
3157 4101 3297 4156 funda
3346 4101 3676 4171 prostibula,

2103 4198 2212 4252 imo
2232 4195 2504 4251 meritoria
2529 4203 2879 4259 coronentur,
2901 4201 2955 4247 et
2983 4193 3111 4247 olidi
3133 4191 3368 4246 fornices
3390 4191 3536 4245 aedes
3562 4191 3680 4245 sint

2102 4285 2388 4354 nuptiales.
2411 4284 2652 4340 Haecine
2668 4284 2878 4338 tandem
2903 4283 3338 4352 philosophorum
3362 4291 3678 4335 nostrorum

2103 4377 2564 4447 argumentatione
2590 4384 2906 4445 perventum
2938 4384 3044 4436 est,
3076 4382 3135 4426 ut
3158 4372 3400 4443 ejusdem
3425 4371 3536 4425 sint
3563 4385 3678 4424 me-

2103 4465 2190 4519 riti
2237 4473 2294 4519 et
2343 4464 2605 4532 nuptiales
2651 4462 2865 4527 tabulae,
2904 4472 2962 4517 et
3012 4463 3370 4517 obscenarum
3417 4459 3677 4529 pellicum
3770 4524 3776 4527 _

2104 4555 2443 4625 voluptates?
2490 4555 2634 4609 Idem
2679 4553 2953 4624 lupanaris
3001 4553 3246 4607 videatur
3291 4565 3415 4608 esse
3459 4549 3680 4606 voluta-

2104 4645 2282 4710 brum,
2314 4643 2456 4714 quod
2491 4643 2667 4698 cubile
2701 4642 3140 4697 immaculatum?

2173 4734 2260 4799 Et,
2289 4743 2347 4788 ut
2371 4748 2491 4788 cum
2521 4733 2802 4788 stomacho
2832 4731 3043 4801 loquar,
3079 4731 3414 4785 tantumdem
3437 4728 3681 4785 furtivus

2103 4824 2350 4879 videatuur
2377 4823 2553 4878 valere
2577 4823 2906 4883 concubitus,
2935 4830 3196 4890 quantum
3245 4820 3460 4890 publica
3481 4834 3547 4874 ac
3574 4835 3684 4889 per

2107 4916 2210 4968 hoc
2235 4914 2457 4968 honesta
2483 4912 2767 4967 celebritas
2789 4911 3130 4980 nuptiarum?
3153 4908 3524 4965 Conlundatur
3541 4922 3685 4980 ergo

2105 5013 2323 5059 versuta
2352 5002 2642 5067 callidi-tas,
2679 5018 2778 5058 nec
2802 5017 2920 5070 qua
2949 5002 3152 5056 veritas
3177 5009 3444 5071 segregat,
3488 5001 3684 5056 multi-

2105 5093 2344 5163 plicitate
2387 5094 2673 5148 verborunu
2705 5089 2934 5162 iungere
2969 5106 3028 5145 se
3071 5106 3231 5160 posse
3269 5090 3522 5145 conﬁdat.
3566 5089 3683 5146 Bch

2105 5186 2369 5252 primatur
2397 5183 2557 5238 etiam
2588 5182 2865 5252 plecteuda
2911 5181 3272 5251 prmsumptio,
3315 5196 3384 5235 ne
3410 5181 3554 5250 quod
3589 5189 3681 5238 te—

2106 5275 2355 5329 merariis
2383 5275 2602 5329 ausibus
2637 5289 2778 5329 nunc
2813 5274 3041 5328 latenter
3071 5273 3306 5334 inchoat,
3344 5288 3439 5342 per
3467 5287 3682 5327 conve-

2105 5363 2286 5417 nieuuuli
2329 5362 2516 5416 vitium
2560 5364 2761 5432 passim
2807 5361 3145 5432 postmodum
3207 5363 3484 5416 inolescat.
3533 5362 3684 5416 Diri-

2106 5460 2323 5504 nuantur
2367 5450 2599 5504 infausta
2640 5451 2909 5521 conjugia,
2955 5460 3012 5504 ct
3057 5451 3110 5504 in
3155 5451 3235 5504 sui
3287 5451 3485 5519 vigoris
3529 5462 3682 5505 statu

2091 5543 2464 5598 ecclesiastica
2492 5542 3127 5611 permaneatdisciplina.
3155 5543 3510 5597 Rescindatur
3531 5545 3684 5613 quod

2103 5642 2291 5687 contra
2337 5631 2509 5701 legum
2548 5632 2680 5686 scita
2719 5641 3055 5687 contractum
3095 5640 3196 5699 est,
3229 5648 3294 5686 nc
3325 5647 3544 5698 cancer,
3580 5634 3683 5701 qui
