4048 6190
408 264 510 318 6(37

863 270 920 324 S.
949 269 1150 324 PETRI
1193 267 1472 322 DAMIANI
1512 268 1660 323 Ol‘P.
1691 269 1924 324 TOMUS
1963 271 2091 326 SEU
2133 271 2310 325 PARS
2349 272 2429 326 lll.
2458 303 2526 312 —
2554 271 2916 328 OPUSLULA
2960 273 3187 328 VARLL

3551 279 3660 336 668

401 385 566 438 uiatio
597 393 758 440 tantm
788 385 1124 439 auctoritatis
1169 383 1426 436 innitatur
1477 382 1965 455 testificationibus,
1997 395 2042 445 A
2076 385 2224 439 Unde
2258 385 2545 439 Alexandri
2584 386 2643 439 lll
2671 387 2937 440 sententia
2967 402 3105 455 (cap.
3154 385 3366 442 Verum.
3410 389 3486 445 De
3531 410 3662 447 con-

394 456 640 526 talesque
677 458 874 510 habeat
929 465 1204 524 patronos.
1249 469 1383 520 quos
1430 453 1686 526 credibile
1729 463 1810 505 est
1861 469 1963 526 non

316 555 320 558 ~
397 523 886 579 futili—traditioiie
931 523 1255 592 persuasus;
1315 531 1368 592 et
1405 523 1564 592 _quod
1625 539 1687 576 ex
1721 524 1966 592 vetustis

397 596 636 650 historiis
685 587 1022 660 desumptiun
1075 593 1216 644 Beda
1248 601 1301 644 et
1332 587 1603 658 “opertus
1653 591 1962 656 allirmeut,

395 667 535 732 quod
565 665 666 718 illis
699 665 925 731 reci-ptis
947 672 1000 715 et
1052 663 1287 728 antiquis
1313 661 1546 731 prologis
1576 662 1926 732 conﬁrmetur
1948 702 1962 724 ,

392 729 535 801 quod
562 750 592 787 a
620 729 892 787 sexcentis
927 734 1084 785 annis
1105 733 1169 790 ad
1197 729 1514 785 baze'uostra
1551 729 1798 801 thnpora‘
1817 746 1966 785 com-

391 799 571 857 munis
614 805 794 856 habita
845 803 1027 865 fuerit,
1074 817 1257 855 revera
1292 818 1388 854 cur
1425 810 1531 853 tam
1578 799 1717 854 facili
1751 802 1963 870 negotio

391 872 784 935 emuneutitia,
817 888 989 939 nuper
1035 871 1337 939 excogitata
1395 880 1554 938 atque
1589 871 1813 924 ridicula
1842 886 1964 925 crc-

388 943 569 1002 datur,
603 957 705 994 non
740 943 912 994 Vitit't).
957 943 1107 1008 Quod
1148 952 1326 992 autem
1369 940 1699 1009 Niiepborus
1736 949 1966 995 testatur

417 1010 551 1063 Hist.
580 1011 746 1074 LVIII,
769 1029 816 1065 c.
841 1013 929 1079 50)
967 1014 1156 1064 barum
1187 1013 1487 1076 nuptiarum
1514 1027 1764 1077 sponsum
1797 1010 1965 1063 fuisse

409 1081 663 1133 Simonem
696 1083 1041 1141 Citllﬂltil‘lllll,
1089 1097 1208 1133 cum
1253 1081 1368 1146 cjus
1407 1081 1592 1148 opinio
1625 1080 1834 1133 inlirma
1868 1081 1963 1132 ba-

386 1149 513 1203 beat
541 1150 914 1213 fund:.IInenla,
967 1166 1064 1203 nec
1107 1150 1357 1217 antiquos
1403 1158 1716 1210 sectatores,
1771 1156 1965 1217 prmtcr

387 1218 560 1281 illum,
591 1222 783 1272 merito
814 1237 841 1272 a
873 1220 1045 1272 doctis
1067 1220 1368 1287 quibusque
1393 1219 1749 1286 scriptoribus
1771 1218 1962 1286 explo-

384 1291 549 1342 ditur.
581 1290 646 1342 Et
670 1305 732 1342 eo
764 1291 1015 1352 maxime,
1054 1289 1339 1356 quodcum
1375 1297 1651 1341 recenseat
1693 1288 1956 1354 ejusmodi

385 1361 619 1426 nuptias,
671 1376 774 1413 non
815 1369 990 1413 tamen
1035 1362 1101 1412 ab
1146 1358 1305 1428 691
1360 1359 1424 1411 iis
1461 1373 1581 1412 esse
1627 1359 1958 1428 abstractum

384 1428 636 1482 adﬁrmat.
677 1449 694 1479 ι
720 1429 938 1489 llelcna,
975 1430 1050 1481 ait
1097 1426 1203 1491 ille,
1227 1426 1584 1482 Constantini
1621 1426 1963 1494 imperatoris

381 1507 598 1563 mater,
660 1499 711 1552 in
774 1499 916 1554 Cana
974 1499 1205 1553 Galiltcie
1265 1497 1377 1566 (ubi
1423 1497 1657 1551 Simonis
1707 1496 1958 1550 Cananad

381 1569 582 1636 nuptiae
612 1569 896 1624 celebrata:
927 1570 1072 1638 sunt)
1125 1582 1335 1622 sacram
1380 1568 1548 1621 adem
1589 1566 1896 1622 aediﬁcavit.
1931 1583 1949 1616 ι

2074 473 2200 510 vers.
2236 456 2562 526 conjugnt.).
2615 473 2718 525 qua
2767 474 2830 510 ex
2871 459 3071 526 nuptiis
3117 468 3338 511 vocatus
3390 463 3650 516 asseritut

2074 540 2325 594 Sponsus,
2355 528 2419 578 de
2449 524 2673 582 Joanne.
2708 542 2866 594 quem
2899 524 3174 580 aCbristo
3203 537 3452 582 vocatum
3484 530 3662 587 fuisse

2073 596 2367 662 scriptorcs
2417 605 2721 660 testantur,
2776 597 2952 664 potius
3014 597 3359 664 intelligenda
3412 599 3653 655 videtur.

2078 684 2094 714 ι
2128 665 2364 725 Verum,
2419 667 2495 734 ait
2543 665 2666 728 ille,
2716 674 2835 733 post
2879 681 3200 719 consensum
3245 668 3543 734 legitiquiII
3591 672 3658 725 de

2071 734 2319 803 praesenti
2345 775 2385 808 ,_
2416 733 2620 788 licitum
2675 744 2758 788 est
2807 735 2996 808 alteri,
3056 736 3227 808 altera
3278 733 3442 808 etiam
3495 755 3656 808 repue

2071 815 2288 876 gitante,
2321 804 2520 876 eligere
2548 805 2957 876 AIIIOIIHSlQl'itllll
2991 825 3008 855 ι
3057 805 3219 876 692
3269 805 3432 874 (sicut
3480 804 3657 864 sancti

2070 874 2287 942 quidam
2316 874 2382 927 de
2413 874 2609 944 nuptiis
2648 874 2818 926 vocati
2871 873 3500 944 fuerunt),(dummodo
3527 893 3656 930 car-

2075 945 2208 996 nalis
2245 943 2548 996 conunistiu
2582 959 2684 995 uou
2730 944 3081 997 intervenerit
3125 946 3266 997 inter
3298 960 3411 998 eos.
3464 965 3482 996 ι
3524 947 3656 1001 Car-

2071 1013 2265 1084 (liualis
2298 1013 2807 1084 quoqueBaronius
2844 1024 3127 1082 postquam
3173 1015 3398 1068 dixisset
3431 1016 3653 1084 (Annal.

2071 1083 2139 1134 ad
2187 1101 2275 1135 an.
2315 1083 2440 1135 C/Ir.
2497 1082 2623 1153 5|):
2692 1083 2850 1153 {Qua
2910 1085 2988 1153 in;
3020 1099 3076 1137 re
3122 1085 3301 1152 potius
3348 1082 3656 1152 Nic'eplioro

2070 1154 2469 1222 assentiendum
2495 1151 2638 1205 esset
2660 1152 2943 1205 aliirmanti
2967 1151 3133 1222 fuisse
3153 1154 3413 1222 ejusmodi
3440 1151 3655 1222 nuptias

2073 1219 2311 1276 Simonis
2341 1222 2592 1275 Cauanmi
2624 1239 2636 1286 ;
2671 1241 2688 1272 ι
2733 1223 2916 1275 statim
2948 1219 3218 1287 subjecit—2
3267 1243 3284 1274 ι
3305 1219 3571 1277 Caeterum
3599 1236 3656 1278 et

2072 1289 2370 1344 Natbauael
2405 1300 2522 1344 cIat
2551 1307 2580 1344 e
2604 1291 2771 1356 Caua,
2807 1291 3041 1345 Galilane
3082 1292 3297 1360 oppido,
3332 1312 3349 1343 ι
3397 1303 3456 1346 ιιι
3486 1295 3656 1350 tradit

2069 1359 2426 1440 Hieronymus
2475 1361 2574 1431 (De
2614 1362 2739 1415 locis
2788 1360 2974 1431 Hebr.)
3049 1380 3068 1413 ι
3099 1359 3272 1433 pesito
3329 1363 3382 1416 itt
3430 1362 3652 1418 Galiltna

2065 1440 2326 1498 genuum.
2350 1451 2369 1482 ι

2375 1522 2456 1577 Sit
2511 1539 2695 1576 nomen
2729 1522 2942 1577 Domini
2971 1523 3318 1578 benedictum.

2273 1727 3639 1752 ﬂ

379 1871 734 1942 693-694
793 1883 1574 1996 OPUSCULUM
1672 1881 2808 2011 QUADBAGESIMUM
2891 1883 3634 1989 SECUNDUM.

380 2095 486 2156 DE
520 2095 705 2154 FIDE
741 2095 904 2156 Ι)Εο
962 2061 1406 2156 OBSTRICTA
1441 2093 1599 2154 NON
1647 2086 2473 2232 ΟΑΝΙέΒΙΤΑ
2515 2092 2706 2153 ALIA
2756 2091 3111 2154 EJUSDEM
3163 2093 3640 2155 ARGUMENTI

373 2366 768 2423 Ancuuaaruu.
803 2396 874 2405 —
898 2364 1034 2418 Dum
1067 2361 1347 2417 Mediolani
1380 2369 1602 2416 sanctus
1627 2361 1816 2414 doctor
1843 2359 1910 2412 ad
1949 2357 2268 2430 corrigenda
2307 2357 2628 2430 clericorum
2659 2359 2803 2416 illius
2856 2360 3112 2416 Ecclesia:
3162 2362 3290 2416 vitia
3320 2363 3388 2417 ab
3418 2374 3637 2430 aposto-

447 2437 548 2490 .‘ica
577 2437 704 2490 sede
733 2436 936 2502 legatus
961 2432 1497 2502 versaretur,aderat
1525 2431 1573 2484 ei
1605 2431 1906 2502 przecipuu;
1929 2427 2143 2497 adiutor
2176 2428 2525 2502 Laudulpbus
2547 2429 2787 2502 quidam,
2809 2431 2894 2484 vir
2915 2441 2970 2485 et
2991 2432 3210 2502 generis
3243 2427 3543 2494 nobilitate,
3581 2444 3642 2486 et

442 2505 740 2560 litterarum
765 2499 1068 2573 cognitione
1093 2519 1198 2556 non
1223 2501 1495 2570 vulgaris;
1529 2501 1728 2622 quique
1758 2501 1823 2552 ad
1847 2514 1965 2552 eam
2002 2512 2112 2550 rem
2141 2514 2202 2552 ex
2241 2499 2507 2552 sententia
2525 2499 2903 2567 perﬁciendam
2927 2499 3032 2556 non
3065 2502 3336 2557 mediocre
3376 2502 3637 2564 studium,

442 2575 924 2622 auelnrilatemnne
947 2572 1221 2622 afferebat.
1246 2572 1294 2622 ls
1317 2571 1584 2622 concitata
1607 2586 1635 2622 a
1657 2586 1674 2622 ›
1695 2570 1881 2622 iisdem
1901 2566 2114 2622 clericis
2140 2568 2378 2622 nonulari
2411 2569 2693 2622 seditione.
2719 2585 2840 2622 cum
2865 2580 3090 2622 uteroue
3111 2571 3178 2622 ad
3201 2572 3425 2622 exitium
3452 2571 3637 2622 furen-

442 2571 924 2642 auctoritatemque
947 2572 1221 2626 afferebat.
1246 2572 1294 2625 ls
1317 2571 1584 2642 concitata
1607 2586 1635 2622 a

1657 2570 1881 2623 Iiisdem
1901 2566 2114 2622 clericis
2140 2568 2378 2636 populari
2411 2566 2693 2633 seditione,
2719 2585 2840 2623 cum
2865 2580 3090 2639 uterque
3111 2571 3178 2624 ad
3201 2572 3425 2626 exitium
3452 2571 3640 2626 furen-

443 2644 586 2699 tibus
612 2644 781 2713 plebis
805 2639 1001 2696 aiIiutis
1030 2643 1430 2713 deposceretur,
1458 2641 1601 2693 vovit
1627 2655 1685 2713 se
1715 2639 1803 2692 ubi
1826 2639 2056 2713 prim_um
2085 2653 2156 2713 ex
2187 2646 2292 2690 tam
2317 2639 2487 2713 atroci
2512 2641 3140 2713 teinpestate_evasisset,_
3186 2641 3346 2713 rebus
3379 2641 3635 2713 humanis

440 2707 624 2793 valere
633 2713 820 2793 jussis,
847 2717 912 2766 ad
937 2707 1212 2793 religionis
1248 2709 1922 2793 portpnrcomolaturum.
1947 2707 2098 2793 Quod
2148 2707 2700 2793 tamen-idesteritate.
2731 2719 2787 2763 et
2823 2709 3068 2793 Damiani
3114 2711 3396 2793 facundia,
3436 2709 3634 2793 sedata

440 2784 616 2852 populi
635 2776 922 2846 seditione,
954 2776 1061 2836 voti
1087 2776 1305 2852 compos
1326 2779 1570 2842 etfectus,
1599 2786 1854 2852 praestare
1877 2776 2194 2852 negligebat.
2219 2777 2612 2852 Scribitjgitur
2634 2777 2701 2831 ad
2729 2794 2883 2852 eum,
2904 2788 2958 2834 et
2985 2781 3319 2852 enumeratis
3343 2780 3635 2852 multorum

437 2845 718 2922 exemplis,
747 2845 1070 2922 quiﬂg’raves
1093 2845 1350 2922 Deolnon
1381 2845 1612 2903 servatai
1632 2847 1755 2901 fidei
1783 2845 1974 2916 poenas
2003 2845 2396 2916 persolverant,
2431 2845 2703 2914 hortatur,
2726 2857 2787 2903 ut
2816 2848 2976 2904 fidem
2993 2865 3100 2904 non
3117 2850 3348 2916 homini,
3372 2851 3466 2905 sed
3519 2849 3632 2903 Deo

438 2918 967 2979 obstrictainfallere
987 2918 1317 2974 reformidet.

442 3053 761 3110 LANDULI‘HO
790 3051 988 3107 clerico
1017 3059 1073 3106 et
1111 3048 1365 3106 senatorii
1395 3049 1630 3121 generis,
1657 3056 1712 3104 et
1741 3047 1950 3118 peritia:
1979 3051 2024 3111 Β
2051 3047 2414 3104 severantiam
2442 3047 2904 3123 {perseveratum}
2950 3049 3226 3122 suscipiat,
3255 3048 3323 3105 ab
3368 3065 3435 3106 eo
3483 3051 3634 3122 quod

367 3143 616 3198 litteralis
645 3143 819 3196 nitore
847 3139 1162 3212 conspicuo,
1208 3139 1425 3196 Penus
1470 3147 1722 3210 peccator
1760 3153 1946 3195 mona-

367 3236 504 3290 chus
533 3232 780 3288 salutem.

435 3322 788 3379 Przestolatus
843 3336 962 3376 sum
996 3360 1014 3388 ,
1060 3330 1116 3377 et
1169 3330 1377 3376 eertum
1455 3320 1624 3386 tenui,
1681 3328 1741 3374 ut
1791 3318 1942 3388 juxta

336 3415 689 3480 condictum,
717 3413 856 3469 sacri
895 3412 1100 3468 ordinis
1150 3412 1422 3482 arripercs
1465 3411 1790 3467 institutum.
1837 3411 1944 3466 Sed

363 3508 487 3576 quia
513 3517 562 3561 te
585 3521 678 3560 rex
701 3504 919 3575 Egypti
945 3505 1040 3559 luti
1071 3513 1125 3560 et
1139 3503 1324 3560 lateris
1352 3505 1571 3560 servitio
1596 3519 1698 3559 nou
1725 3518 1944 3573 oppres-

363 3599 436 3653 sit
486 3598 681 3667 (Exod.
715 3613 754 3660 I,
786 3597 839 3668 v)
878 3615 891 3651 :
940 3597 1065 3666 quia
1094 3613 1124 3650 a
1154 3597 1436 3667 procinctu
1470 3613 1580 3652 sua:
1617 3597 1823 3653 militiae
1851 3613 1941 3652 sa-

373 3688 541 3756 trapis
599 3686 974 3741 insistentibus
1027 3701 1133 3741 non
1187 3685 1402 3754 abiecit,
1455 3687 1549 3742 sed
1586 3688 1765 3756 potius
1817 3703 1941 3742 cum

367 3773 549 3828 Levita
570 3774 659 3828 illo
685 3774 750 3828 de
774 3773 942 3829 latere
965 3776 1166 3830 montis
1194 3775 1450 3842 prraim
1478 3775 1758 3830 blandiens
1787 3791 1941 3830 socer

367 3862 753 3916 Retlilehemita
778 3862 1018 3928 retinuit,
1038 3861 1264 3933 filiasque
1285 3877 1396 3917 sua:
1417 3877 1600 3916 amore
1613 3863 1936 3930 devinctum,

368 3951 553 4008 multis
599 3965 908 4007 sermonum
957 3959 1121 4022 atque
1181 3949 1536 4007 refectionum
1585 3951 1942 4005 suavitatibus

365 4043 606 4100 delinivit
637 4040 862 4114 (Judic.
943 4059 1055 4101 vat
1144 4052 1200 4101 et
1282 4041 1458 4110 xix);
1507 4042 1651 4111 quod
1691 4056 1797 4096 non
1835 4042 1936 4096 bo-

372 4134 528 4199 mini,
561 4134 656 4189 sed
681 4134 790 4188 Deo
817 4133 1205 4205 spoponderas,
1235 4133 1471 4188 humana
1503 4147 1608 4188 non
1632 4132 1938 4204 persolvisti

364 4225 696 4281 temeritate.

859 4314 1085 4370 CAPUT
1114 4311 1401 4369 PRIMUM.

435 4407 589 4472 Quod
615 4407 760 4462 nulla
783 4409 1117 4462 excusatione
1142 4407 1260 4461 licet
1295 4397 1396 4459 non
1433 4402 1647 4470 implere
1671 4416 1863 4460 votum.

430 4497 690 4564 Obsecro,
720 4499 792 4552 mi
816 4499 1007 4563 frater,
1029 4498 1158 4567 quid
1186 4495 1470 4566 prudentia
1502 4506 1590 4550 tua
1613 4494 1754 4554 valet
1775 4510 1939 4552 excu-

361 4588 590 4642 sationis
616 4589 940 4643 obtendere?
967 4588 1093 4657 quid
1146 4595 1577 4656 argumentatur,
1607 4595 1659 4639 ut
1689 4587 1736 4640 ei
1781 4587 1940 4657 liceat

360 4678 531 4747 quod,
554 4678 768 4732 Christo
790 4677 971 4747 judice
1002 4686 1055 4732 et
1091 4676 1294 4746 angelis
1324 4676 1569 4740 testibus,
1594 4676 1937 4745 promiserat,

360 4784 467 4823 non
499 4769 760 4838 implere?
784 4784 908 4823 cum
941 4767 1199 4824 Dominus
1228 4781 1324 4836 per
1352 4765 1575 4837 Moysen
1600 4765 1743 4820 dlcat
1769 4783 1782 4818 :
1819 4783 1837 4817 ι
1875 4765 1934 4820 Si

355 4862 480 4930 quis
508 4862 747 4914 virorum
774 4859 982 4916 voverit
1023 4859 1272 4923 Domino,
1307 4866 1402 4912 aut
1449 4856 1928 4912 seconstrinxerit

348 4953 678 5024 iuramento,
707 4967 814 5006 non
858 4951 1020 5006 faciet
1070 4951 1284 5004 irritum
1335 4949 1595 5012 verbum;
1646 4947 1741 5001 sed
1767 4961 1928 5002 omne

355 5042 498 5113 quod
525 5041 787 5111 promisit,
820 5041 1058 5108 implebit
1097 5038 1285 5108 (Num.
1313 5039 1460 5106 xxx).
1497 5058 1514 5089 ι
1546 5037 1625 5090 An
1659 5035 1797 5090 forte
1823 5037 1927 5091 hoc

353 5143 549 5207 purgat
578 5134 938 5197 mendacium,
973 5133 1329 5200 idoucumque
1376 5129 1585 5183 videtur
1642 5129 1693 5181 in
1745 5127 1928 5183 defen-

353 5227 506 5280 sioue
553 5225 879 5296 perfugium,
929 5223 1070 5292 quod
1109 5220 1523 5275 Mediolaneusis
1564 5219 1753 5273 civitas
1801 5228 1927 5272 tunc

352 5317 405 5370 iu
435 5316 748 5372 seditionem
786 5311 1326 5382 vcrsa,”repcutinum
1355 5311 1536 5378 utique
1560 5318 1800 5361 nostrum
1825 5307 1924 5361 mi-

357 5407 587 5460 nabatur
639 5406 956 5461 interitum?
991 5403 1055 5457 Et
1100 5403 1239 5472 quod
1291 5400 1581 5455 necessitas
1625 5397 1824 5462 intulit,
1874 5398 1920 5452 si

350 5494 642 5549 voluntatis
668 5495 809 5549 desit
832 5493 1136 5556 arbitrium,
1177 5506 1277 5544 non
1321 5488 1592 5542 manebit?
1623 5487 1725 5540 Sed
1757 5500 1923 5539 cauo-

352 5584 471 5636 nica
502 5585 739 5637 decernit
765 5584 1078 5646 auctoritas,
1105 5592 1161 5634 ut
1188 5582 1230 5636 si
1262 5581 1421 5633 vidua
1457 5577 1673 5650 pietatis
1720 5576 1921 5629 violen-

353 5671 478 5723 tiam
511 5672 916 5741 pertimescens,
945 5688 1156 5725 sacrum
1198 5670 1437 5723 velamen
1467 5684 1532 5736 qu
1555 5669 1613 5721 :si
1645 5683 1747 5720 non
1791 5681 1914 5733 pcr—

2045 3138 2212 3192 semel
2241 3137 2361 3193 iniit
2381 3139 2656 3209 proposito
2687 3155 2791 3194 non
2833 3141 3069 3196 recedat.

2115 3228 2271 3283 Absit
2301 3243 2432 3299 ergo
2459 3238 2518 3282 ut
2551 3230 2726 3284 virum
2753 3230 2917 3284 timor
2943 3229 3210 3297 absolvat,
3246 3231 3339 3302 qui
3399 3231 3630 3288 feminas

2047 3319 2210 3373 etiam
2247 3317 2527 3386 injudieio
2556 3335 2664 3374 non
2707 3328 2963 3386 excusat;
3011 3321 3312 3389 praesertim
3365 3336 3489 3376 cum
3535 3337 3624 3378 me

2045 3410 2418 3474 denuntiante,
2443 3424 2510 3464 ne
2540 3407 2846 3478 huiusmodi
2877 3419 2933 3465 te
2960 3419 3086 3465 voto
3113 3426 3214 3480 pro
3256 3411 3454 3466 timore
3482 3426 3628 3470 mor-

2043 3499 2115 3559 tis
2143 3499 2566 3568 constringeres,
2608 3500 2711 3554 nisi
2759 3501 2922 3554 etiam
2956 3509 3349 3569 consequenter
3387 3515 3485 3570 per
3515 3501 3625 3556 vivi

2043 3591 2222 3660 operis
2251 3588 2541 3646 efﬁcaciam
2591 3591 2856 3661 promissa
2910 3591 3200 3662 impleres;
3233 3600 3289 3645 tu
3322 3599 3376 3646 te
3423 3591 3625 3647 divinat

2045 3681 2330 3736 sententiae
2367 3681 2680 3746 devotasti,_
2709 3681 2753 3736 si
2792 3681 2932 3736 data:
2983 3682 3289 3752 sponsionis
3334 3681 3625 3750 aliquando

2043 3775 2358 3844 mysterium
2384 3773 2635 3828 violares.
2688 3773 2872 3828 Dicam
2917 3774 3061 3844 quod
3118 3789 3283 3844 super
3315 3788 3425 3829 nou
3467 3773 3627 3829 dissi-

2044 3862 2158 3916 mili
2195 3877 2253 3918 re
2281 3877 2452 3933 nuper
2482 3863 2622 3933 apud
2656 3879 2756 3918 nos
2783 3863 3049 3918 accidisse
3071 3863 3440 3933 cognoscitur.

2671 3971 2900 4028 CAPUT
2927 3970 2993 4027 ll.

2039 4063 2310 4119 Arduinus
2359 4065 2664 4129 damnatus,
2726 4066 2866 4135 quod
2907 4048 3254 4120 monasticam
3292 4065 3620 4132 habitum,“

2450 4144 2692 4200 voverat,
2723 4151 2825 4189 non
2845 4136 3170 4204 suscepisset.

2107 4225 2204 4281 Vir
2229 4226 2466 4296 quidam,
2489 4226 2762 4282 Arduinus
2785 4227 3022 4292 nomine,
3047 4227 3269 4282 famosa:
3294 4229 3617 4298 prudentia,

2039 4332 2234 4388 genere
2261 4318 2461 4384 clarus,
2493 4319 2698 4374 divitiis
2737 4319 3045 4387 opulentus,
3077 4327 3226 4374 certa
3271 4319 3405 4373 mihi
3454 4320 3618 4375 devo-

1960 4383 2008 4445 c
2041 4383 2186 4462 tione
2215 4383 2593 4478 spoponderat,
2619 4410 2760 4478 quod
2774 4383 2836 4463 ἐἰ
2885 4418 3011 4463 ante
3033 4383 3148 4462 non
3179 4417 3383 4477 posset,
3423 4409 3612 4464 saltem

2035 4496 2247 4566 expleto
2264 4497 2543 4561 decennio,
2569 4497 2636 4552 ad
2663 4497 3046 4552 monasterium
3074 4496 3135 4550 Β.
3153 4497 3444 4563 Vincentii,
3470 4499 3616 4568 quod

2036 4586 2362 4641 videlicetvin
2393 4586 2639 4642 Urbinati
2669 4586 3028 4642 constitutum
3059 4595 3142 4642 est
3168 4589 3464 4654 territorio,
3495 4605 3610 4644 mo-

2033 4676 2318 4732 nachicum
2356 4686 2702 4746 suscepturus
2732 4676 2975 4732 habitum
3011 4677 3327 4735 declinaret.
3369 4678 3611 4735 Tandem

2037 4766 2267 4821 termino
2309 4765 2574 4821 condicta:
2603 4766 2870 4836 pactionis
2913 4775 3126 4832 exacto,
3177 4783 3301 4823 cum
3347 4783 3448 4838 ego
3485 4769 3614 4825 huic

2032 4856 2278 4911 assiduus
2297 4865 2516 4910 exactor
2543 4855 2882 4922 insisterem;
2908 4855 2996 4912 ille
3017 4857 3142 4912 inde
3165 4859 3422 4922 cedendo,
3459 4858 3612 4914 blan-

2032 4948 2246 5012 diemlo,
2299 4947 2480 5002 verbis
2527 4947 2743 5017 quidem
2793 4947 2994 5003 bonum
3039 4964 3200 5015 omne
3248 4950 3607 5018 promitteret,

2033 5039 2200 5108 ipsius
2225 5048 2402 5093 autem
2435 5039 2803 5095 conversionis
2824 5038 3072 5095 effectum
3103 5041 3423 5110 quibusdam
3449 5043 3609 5111 tergi-

2032 5129 2428 5184 versationibus
2450 5132 2776 5198 protelarrt;
2830 5139 3007 5186 rector
3052 5146 3266 5200 quoque
3309 5129 3419 5198 jam
3473 5131 3604 5186 dicti

2033 5217 2348 5272 monasterii
2379 5217 2519 5273 illius
2544 5218 2756 5294 favebat
2784 5220 2941 5284 votis,
2997 5219 3447 5288 dissuadebatque
3473 5235 3608 5274 cou-

2029 5308 2190 5373 verti,
2222 5306 2373 5375 cujus
2407 5309 2660 5362 nimirum
2687 5309 2849 5380 695
2879 5311 3300 5378 pernecessariis
3335 5319 3608 5365 sustenta-

2029 5399 2188 5453 batur
2225 5397 2460 5453 auxiliis.
2506 5398 2712 5453 Interea
2762 5398 3020 5469 languore
3070 5401 3312 5470 corporis
3359 5401 3604 5456 irruente

2027 5488 2298 5552 decubuit,
2361 5498 2581 5559 peccata
2657 5488 2960 5553 confessus,
3025 5489 3230 5558 judicio
3304 5491 3604 5546 sacerdotis

2027 5578 2340 5643 absolvitur,
2373 5580 2696 5648 pauperibus
2725 5589 2779 5634 et
2804 5580 3049 5636 ecclesiis
3079 5581 3247 5634 multa
3271 5580 3515 5650 largitur,
3547 5582 3599 5636 iu

2030 5678 2257 5734 tantum,
2289 5675 2342 5722 ut
2370 5669 2577 5723 cunctis
2599 5671 2751 5741 quasi
2775 5670 2908 5726 bene
2930 5671 3261 5741 compositis,
3288 5671 3600 5726 assislcutcs
