4074 6190
385 201 487 252 liii!)

997 197 1239 254 Ol’USL‘.
1283 205 1434 253 5th.
1461 231 1526 240 -—
1557 203 1642 255 DE
1681 199 1816 254 ΝΟ)
1857 196 2217 253 FALLENDA
2247 199 2401 254 FIDE
2431 197 2564 254 Ι)Εο
2601 193 3000 252 OBSTRICTA.

3503 195 3610 248 670'

383 317 482 370 sui
511 324 769 374 cogitaios
803 323 860 367 et
901 313 1084 368 affines
1112 317 1212 369 sub
1265 317 1364 370 hac
1408 317 1764 371 obtestatione
1813 331 1944 369 cou-
1970 320 2016 372 Λ
2044 313 2206 368 debat
2231 316 2521 380 territorio,
2554 322 2878 367 moraretur.
2909 312 3020 365 Illic
3051 313 3232 380 itaque
3257 313 3606 374 constitutus,

381 403 704 472 stringeret;
740 420 758 450 ι
791 401 1050 465 Obsecro,
1080 403 1274 470 inquit,
1313 419 1408 472 per
1451 406 1792 468 charitatcm,
1828 419 1946 470 quae

377 487 524 540 Deus
555 499 642 541 est
676 485 726 552 tl
761 482 928 539 Joau.
958 487 1056 554 IV),
1087 501 1250 540 nemo
1286 501 1372 540 me
1407 486 1562 540 reddi
1594 486 1720 541 huic
1747 487 1960 540 mortali

376 582 505 648 vita;
531 581 791 650 deposcat
819 596 834 646 ;
868 593 938 633 ne
968 581 1112 648 quod
1139 579 1314 646 absit,
1345 578 1674 649 imparatum
1711 590 1960 650 postmo-

371 676 507 732 dum
541 690 691 731 mors
730 674 1028 743 improvisa
1075 672 1333 740 reperiat.
1363 690 1385 726 ι
1439 672 1736 741 Aliquanto
1773 681 1954 726 autem

381 767 506 826 post
533 756 650 825 ejus
675 759 880 812 obitum
935 767 1192 824 tempore,
1223 760 1478 826 pra-dicto
1525 762 1702 815 abbati
1738 761 1818 814 vir
1859 761 1946 814 ille

381 863 479 917 per
501 848 670 901 visum
705 855 978 900 nocturnae
1002 847 1197 914 quietis
1221 848 1486 915 apparuit:
1517 848 1812 902 Videbatur
1840 863 1938 900 au-

382 945 491 990 tem
519 935 660 1005 quod
689 935 742 988 in
773 936 1004 1004 spatiosa
1032 935 1260 1002 quadam
1289 937 1463 1007 campi
1514 937 1732 1006 planitie
1785 938 1944 1006 impe-

381 1035 551 1091 rator,
587 1026 630 1079 si
661 1033 804 1080 recte
835 1034 1011 1090 teneo,
1037 1026 1118 1078 vel
1139 1028 1392 1094 quaelibet
1427 1031 1638 1084 excelsa
1683 1041 1944 1100 potestas,

382 1130 505 1170 cum
536 1117 698 1170 totius
741 1117 896 1186 regni
919 1117 1246 1185 primoribus
1297 1128 1350 1172 et
1379 1121 1598 1188 copioso
1643 1131 1947 1174 moraretur

381 1223 526 1260 exeri
546 1207 644 1260 i.u.
672 1207 912 1275 Cumque
944 1207 1028 1260 ille
1057 1197 1385 1276 stupefactus
1412 1211 1515 1264 huc
1555 1211 1789 1281 illucque
1817 1229 1944 1267 ocu-

381 1297 462 1352 los
485 1296 793 1361 deduceret,
828 1313 956 1351 ecce
975 1297 1248 1352 Arduinus
1287 1315 1317 1352 a
1347 1301 1664 1368 quibusdam
1691 1312 1944 1372 tanquam
1987 1299 1994 1305 ’

381 1385 694 1440 custodibus
716 1385 966 1440 celeriter
1013 1387 1325 1442 ducebatur.
1387 1389 1553 1454 lleus,
1587 1391 1778 1460 inquit,
1811 1392 1944 1446 siste

381 1475 628 1542 gradum,
661 1475 764 1544 fige
793 1475 1006 1543 pedem,
1049 1476 1266 1544 quiesce
1313 1477 1605 1548 paulisper,
1653 1480 1782 1532 mihi
1837 1495 1944 1534 non

382 1564 641 1632 loqueris,
668 1564 941 1619 Arduine?

449 1656 586 1724 Age,
609 1653 796 1719 frater,
819 1655 943 1722 quid
971 1655 1064 1710 tibi
1089 1657 1208 1710 est?
1233 1656 1431 1711 lietaris
1451 1674 1518 1711 an
1543 1657 1778 1727 pateris?
1797 1659 1946 1714 adest
1973 1667 2022 1729 Β

381 1755 540 1810 poena
569 1741 652 1794 vel
703 1741 905 1810 gloria?
941 1741 1037 1797 Cui
1093 1744 1264 1799 tristis
1298 1755 1352 1800 et
1391 1745 1614 1801 ﬂebilis:
1669 1747 1796 1810 Cur,
1848 1748 1945 1814 ait,

379 1843 466 1883 me
489 1829 565 1884 de-
581 1829 748 1900 gloria
779 1831 1036 1898 consulis,
1072 1833 1160 1902 qui
1179 1832 1397 1902 jugibns
1428 1838 1600 1903 pomis
1646 1837 1868 1902 aﬂicior,
1893 1847 1948 1891 et

379 1929 448 1972 ne
475 1919 541 1971 ad
571 1925 899 1972 momentum
927 1921 1139 1989 quidem
1193 1923 1460 1991 respirare
1513 1926 1838 1994 permittor?
1865 1927 1944 1982 Atl

379 2023 537 2076 quem
565 2009 766 2063 abbas:
791 2008 927 2074 Quid
956 2011 1070 2072 tibi,
1105 2011 1298 2080 inquit,
1325 1999 1388 2065 Β.
1427 2013 1765 2080 Vincentius,
1815 2033 1942 2070 num

380 2099 476 2152 tibi
506 2115 648 2152 nunc
675 2099 726 2152 in
757 2099 1078 2154 necessitate
1100 2117 1202 2155 non
1226 2102 1517 2166 succurrit,
1543 2104 1627 2157 cui
1662 2104 1729 2158 ad
1781 2105 1946 2160 colla-

378 2187 674 2242 borandum
707 2203 818 2242 sua:
861 2189 1050 2243 domus
1072 2189 1597 2246 administratoribus
1619 2201 1726 2246 tam
1757 2192 1944 2248 sedulo

379 2277 826 2332 decertasti?Cui
859 2292 984 2332 mox
1034 2277 1120 2332 ille
1167 2278 1476 2348 subjuuxit:
1535 2279 1786 2345 Sanctus,
1845 2282 1944 2346 ait,

379 2367 696 2423 Vincentius
718 2371 806 2422 diu
847 2385 933 2423 me
959 2385 1112 2422 suum
1157 2369 1282 2423 fecit
1326 2385 1540 2438 sperare
1586 2372 1970 2440 colloquium;

380 2458 474 2510 scd
505 2457 630 2525 quia
661 2457 861 2510 dudum
893 2456 1162 2526 fatigatus,
1196 2457 1297 2510 hoc
1341 2459 1586 2512 oblinere
1617 2477 1718 2512 non
1749 2463 1940 2524 merui,

379 2559 528 2614 spem
559 2545 720 2610 hanc,
741 2546 956 2600 omnino
979 2545 1088 2614 jam
1115 2546 1424 2612 frustratus,
1450 2549 1622 2603 amisi.
1651 2549 1749 2604 Ubi
1777 2551 1947 2604 soler-

384 2646 464 2692 ter
484 2637 864 2692 attendendum
889 2653 1047 2706 quam
1078 2651 1222 2692 recta
1247 2639 1316 2691 sit
1336 2639 1474 2692 linea
1499 2639 1940 2708 divinzejustitim,

384 2725 490 2778 imo
545 2741 704 2792 quam
749 2725 940 2779 artifex
994 2728 1134 2796 apud
1210 2727 1374 2780 Deum
1453 2743 1701 2781 mensura
1769 2729 1942 2783 vindi-

381 2825 499 2870 ctas.
517 2815 606 2870 llle
634 2816 894 2888 siquidem
925 2819 1048 2871 dum
1075 2818 1247 2872 adhuc
1271 2819 1496 2884 viveret,
1521 2822 1939 2874 convertendum

380 2921 440 2960 se
465 2905 518 2958 in
544 2907 868 2962 mOnaiteiio
903 2908 1044 2962 beati
1097 2910 1351 2978 martyris
1393 2919 1448 2963 et
1493 2911 1857 2978 promittebat,
1886 2921 1942 2964 et

2048 402 2382 471 paupercula?
2409 402 2617 456 cuidam
2645 401 2816 454 vidum
2835 415 3074 468 porcum,
3105 415 3261 467 quem
3291 399 3434 454 velut
3459 415 3618 467 spem

2047 492 2130 546 sui
2153 493 2324 546 victus
2353 491 2546 554 alebat,
2573 489 2825 560 praecepit
2851 489 3068 550 auferri,
3127 490 3346 558 suisque
3393 489 3608 542 ferculis

2047 577 2407 646 profuturum,
2435 595 2539 632 non
2569 579 2786 649 segnius
2813 577 3126 646 praeparari.
3160 577 3370 630 Emittit
3419 593 3609 645 preces

2047 667 2158 732 illa,
2185 667 2340 722 ﬂetus
2370 669 2542 722 fundit
2563 683 2626 721 ac
2646 668 2896 736 gemitus,
2927 666 3135 735 sibique
3164 665 3455 736 diligentia:
3495 683 3608 722 suae

2050 759 2198 814 reddi
2251 759 2485 828 postulat
2511 758 2911 814 detrimentum.
2942 755 3048 810 Sed
3077 771 3175 811 suo
3213 758 3386 810 ventri
3437 759 3608 827 magis

2049 865 2210 916 quam
2243 849 2312 902 illi
2339 849 2456 917 pius
2478 847 2760 916 episc0pus
2786 847 2910 898 dum
2933 845 3166 914 propriis
3193 845 3437 914 providet
3463 861 3609 899 men-

2048 940 2143 1004 sis,
2170 938 2478 992 mandatum
2505 934 3113 1004 parvipenditauctoris,
3143 933 3232 1001 qui
3261 948 3356 1001 per
3375 934 3608 1003 prophe-

2049 1037 2156 1082 tam
2200 1027 2365 1080 dicit:
2401 1045 2418 1076 ‹
2457 1025 2750 1080 Subvenite
2801 1037 3077 1093 oppresso,
3105 1022 3342 1092 judicate
3387 1022 3606 1091 pupillo,

2046 1117 2314 1172 defendite
2343 1118 2558 1170 viduam
2587 1115 2739 1184 (Isai.
2773 1115 2832 1184 l).
2866 1135 2884 1165 ι
2918 1114 3022 1167 Sed
3050 1114 3138 1181 qui
3191 1115 3382 1166 absens
3430 1115 3610 1168 crede-

2044 1207 2202 1260 batur
2223 1206 2548 1260 instituendo
2571 1215 2915 1274 pr:ece.ptum,
2947 1213 3262 1273 prmseutem
3293 1219 3412 1258 esse
3432 1219 3489 1257 se
3513 1205 3610 1256 do-

2045 1303 2153 1357 cuit
2187 1302 2464 1356 inferemlo
2483 1301 2762 1370 judicium.
2799 1299 2933 1352 Nam
2958 1299 3258 1368 episcOpus,
3284 1298 3406 1350 dum
3431 1296 3606 1366 iacry-

2045 1407 2162 1448 mas
2191 1393 2383 1456 vidum,
2413 1407 2521 1446 sua:
2553 1390 2681 1443 facit
2708 1389 2928 1444 delicias
2966 1387 3121 1458 gulae,
3154 1401 3278 1441 mox
3319 1401 3608 1455 percussus

2047 1485 2100 1539 in
2121 1493 2354 1554 gutture,
2386 1484 2579 1537 vulnus
2625 1482 2871 1547 incurrit,
2893 1480 3036 1549 quod
3071 1478 3233 1533 nullis
3279 1477 3606 1532 medicorum

2045 1575 2258 1638 studiis,
2295 1575 2464 1628 donec
2500 1573 2650 1638 vixit,
2686 1573 2874 1626 evasit.

2122 1665 2230 1719 lloc
2256 1665 2438 1732 itaque
2461 1663 2781 1732 praepeditus
2803 1661 3159 1722 incommodo,
3185 1673 3306 1713 cum
3327 1657 3438 1726 jam
3457 1657 3607 1726 juxta

2051 1753 2410 1821 Scripturam,
2460 1753 2571 1806 sola
2603 1751 2818 1806 vexatio
2863 1748 3191 1804 intellectum
3227 1748 3382 1801 daret
3409 1747 3607 1801 auditui

2047 1842 2198 1912 (Jsa.
2273 1841 2483 1910 xxvnt),
2527 1842 2738 1894 tandem
2779 1840 2925 1894 sanis
2953 1837 3190 1893 consiliis
3228 1837 3515 1905 acquievit,
3554 1843 3610 1890 et

2049 1931 2378 2001 episcopales
2405 1929 2594 1984 infulas
2617 1929 2928 1984 monachica
2973 1927 3308 1996 professione
3359 1927 3606 1990 inutavit,

2049 2031 2210 2090 atque
2241 2023 2292 2074 in
2341 2021 2696 2090 Pomposiano
2733 2019 3001 2082 ctenobio,
3053 2017 3195 2088 quod
3245 2018 3297 2070 in
3333 2017 3391 2070 Β.
3429 2016 3609 2071 Maria:

2047 2127 2260 2181 semper
2283 2113 2505 2180 virginis
2528 2121 2610 2166 est
2637 2113 2842 2164 honore
2865 2118 3255 2170 constructum,
3285 2108 3458 2175 longis
3485 2115 3608 2176 post

2049 2203 2380 2270 temporibus
2397 2203 2552 2255 vixit.
2581 2201 2758 2269 Usque
2791 2213 2964 2254 tamen
2979 2201 3052 2253 ad
3079 2200 3282 2253 obitum
3314 2207 3464 2251 tanta
3497 2198 3608 2252 ltesi

2047 2293 2278 2363 gutturis
2309 2292 2571 2346 laboravit
2597 2291 2865 2354 molestia,
2897 2299 2955 2342 ut
2984 2290 3084 2343 nisi
3110 2305 3228 2341 cum
3255 2303 3442 2357 magna
3474 2288 3610 2341 ditii-

2047 2382 2246 2436 cultate
2281 2379 2526 2448 trajicere
2555 2381 2807 2433 alimenta
2853 2394 2956 2432 non
3010 2385 3217 2448 posset;
3271 2378 3403 2430 adeo
3433 2386 3492 2428 ut
3539 2377 3606 2428 ad

2049 2473 2316 2542 geminam
2364 2485 2576 2538 semper
2604 2483 2841 2522 mensam
2896 2467 3293 2522 succedentium
3348 2465 3448 2518 sibi
3493 2461 3605 2517 fra-

2049 2571 2184 2615 trum
2217 2563 2267 2614 in
2297 2560 2582 2614 refectione
2609 2559 2990 2618 discumberet,
3022 2555 3217 2623 vixque
3247 2563 3452 2607 tantum
3501 2551 3607 2607 cibi

2047 2663 2281 2720 caperet,
2307 2654 2450 2706 unde
2479 2665 2724 2706 recreare
2752 2647 3082 2701 stomachum
3112 2644 3393 2714 potuisset.

2118 2741 2222 2794 Sed
2255 2742 2378 2793 dum
2419 2740 2576 2810 hujus
2615 2737 2848 2807 episcopi
2899 2733 3312 2796 reminiscimus,
3361 2733 3462 2786 sub
3507 2729 3609 2786 hac

2045 2833 2328 2887 occasione
2372 2829 2688 2900 quidetiam
2737 2826 2955 2880 Clusino
3000 2823 3252 2892 episcopo
3298 2819 3608 2889 contigerit,

2047 2921 2282 2975 scribere
2309 2933 2682 2988 provocamur.
2735 2915 2791 2968 In
2840 2914 2952 2982 ipsa
3003 2911 3156 2980 plane
3212 2917 3402 2980 quarta
3451 2908 3608 2972 feria.

384 2996 694 3061 differebat;
727 3013 868 3050 nunc
901 3006 1080 3052 autem
1113 2999 1180 3052 ad
1203 2999 1441 3067 ejusdem
1481 3001 1732 3071 martyris
1757 3002 1942 3056 venire

2047 2997 2164 3081 quze
2195 2987 2404 3064 initium
2431 3006 2866 3074 Quadragesimae
2889 3002 3103 3084 dicitur,
3140 2999 3266 3054 fecit
3302 2997 3608 3053 convivium

389 3087 732 3156 colloquium,
777 3095 831 3140 et
861 3087 1012 3156 quasi
1064 3102 1130 3141 ex
1188 3087 1540 3155 promissione
1583 3091 1854 3158 sperabat,
1890 3099 1946 3144 et

388 3185 568 3230 tamen
611 3176 913 3231 nullatenus
963 3177 1302 3245 impetrabat.
1356 3177 1690 3246 Dignumque
1737 3177 1855 3246 fuit,
1889 3186 1946 3231 ut

383 3266 551 3320 abbas
582 3267 917 3335 potissimum
949 3267 1086 3322 hanc
1139 3276 1384 3322 cerneret
1432 3268 1710 3334 visionem,
1759 3269 1848 3338 qui
1878 3283 1946 3323 ne

381 3368 806 3424 converteretur,
845 3359 916 3412 illi
943 3359 1245 3414 obstiterat.

451 3449 602 3504 Alius
629 3450 790 3504 etiam
824 3465 975 3518 :eqne
1005 3460 1162 3504 notus
1189 3450 1339 3514 mibi,
1370 3459 1531 3518 atque
1556 3451 1688 3505 civis
1713 3437 1786 3504 ‘in
1834 3438 1943 3504 ni-

386 3537 606 3592 vennati
655 3539 785 3592 urbe
831 3536 1080 3606 pollebat,
1124 3547 1177 3593 et
1206 3538 1340 3610 legis
1368 3539 1557 3609 peritia
1589 3547 1860 3606 strenuos,
1891 3547 1944 3596 et

379 3629 855 3698 grammaticorum
877 3629 1076 3698 regulis
1103 3639 1467 3699 competenter
1497 3631 1811 3686 instructus.
1845 3631 1945 3686 llic

385 3733 594 3772 meeum
623 3717 906 3774 ﬁdedictor
933 3719 1186 3784 instituit,
1218 3729 1278 3774 ut
1306 3721 1351 3774 si
1390 3737 1514 3788 ego,
1565 3722 1724 3776 simul
1747 3731 1802 3776 et
1832 3723 1945 3790 ipse

385 3807 718 3875 relinqueret
759 3808 1031 3864 szeculum.
1062 3809 1202 3874 Quid
1250 3809 1439 3878 plura?
1469 3809 1706 3866 Tandem
1743 3827 1842 3881 ego
1876 3812 1944 3865 ad

383 3896 790 3950 conversionem
821 3897 1059 3964 veniens,
1091 3905 1152 3950 ut
1176 3899 1390 3966 sponsio
1429 3899 1740 3953 redderetur
1766 3900 1942 3968 exegi,

379 3987 476 4043 sed
494 3987 738 4042 obtinere
762 4001 868 4042 non
885 3987 1051 4058 potui.
1078 3987 1170 4042 Ille
1198 3988 1392 4058 quippe
1415 4004 1500 4042 me
1519 3989 1794 4058 gaudendo
1810 4004 1946 4058 prce-

383 4078 551 4140 misit,
581 4093 784 4148 suaque
809 4080 1032 4149 vestigia
1061 4080 1378 4143 subsistens,
1418 4081 1708 4135 artificiose
1735 4096 1944 4148 repres-

383 4167 472 4220 sit.
502 4164 617 4219 Non
642 4167 830 4221 diebus
851 4183 978 4222 vero
1026 4168 1210 4222 multis
1245 4169 1602 4236 postmodum,
1645 4170 1770 4223 dum
1801 4171 1943 4224 hunc

381 4255 641 4309 adversus
669 4255 891 4309 Ievirum
927 4271 1081 4310 suum
1111 4257 1332 4311 furentis
1354 4258 1518 4311 animi
1564 4258 1698 4312 livor
1749 4275 1944 4314 accena

2043 3100 2370 3169 sumptuosis
2411 3097 2636 3165 dapibus
2677 3093 2893 3156 iusmni,
2921 3101 2976 3146 et
3007 3087 3256 3144 balneum
3295 3089 3606 3157 praeparari,

2044 3190 2338 3257 accitisquc
2365 3183 2642 3246 militibus,
2669 3191 2723 3235 et
2752 3179 3156 3247 obsequentium
3190 3177 3361 3230 turbis
3401 3175 3606 3230 lautum

2045 3281 2184 3335 diem
2208 3277 2444 3338 deduxit,
2481 3282 2536 3328 et
2564 3273 2706 3327 velut
2732 3267 3034 3324 advenienti
3067 3277 3266 3334 nuptae,
3299 3257 3606 3334 Quadrage-

2043 3371 2194 3423 sima:
2222 3382 2342 3421 cum
2374 3363 2596 3433 nuptiali
2629 3360 2876 3416 convivio
2898 3355 3321 3427 gratulabundus
3343 3355 3603 3410 occurrit.

2047 3460 2148 3514 Ubi
2179 3460 2280 3511 hoc
2301 3465 2503 3510 tantum
2527 3450 2838 3508 dissonabat
2865 3463 2892 3503 a
2917 3445 3114 3516 regula,
3137 3445 3262 3515 quia
3285 3458 3406 3499 cum
3434 3443 3610 3498 adhuc

2045 3548 2434 3604 livemrentiu
2471 3545 2734 3614 capitibus
2762 3543 2991 3602 cineres,
3016 3537 3322 3592 :estuabant
3366 3535 3606 3604 ingurgi-

2046 3641 2140 3696 tati
2189 3652 2338 3692 mero
2365 3645 2416 3690 et
2447 3634 2664 3689 distenti
2695 3631 2920 3700 dapibus
2943 3637 3174 3682 ventres.
3218 3624 3346 3690 Sed,
3388 3638 3422 3678 ο
3468 3623 3608 3693 vigi-

2044 3732 2160 3785 lans
2191 3743 2351 3798 super
2397 3741 2494 3780 nos
2539 3715 2715 3780 divina
2759 3719 3070 3776 clementia!
3121 3715 3402 3771 incolumis
3459 3721 3606 3778 tunc,

2043 3829 2204 3886 atque
2231 3816 2402 3885 vegeti
2431 3813 2635 3867 vultum
2659 3809 2892 3877 episcopi
2923 3805 3186 3876 paralysis
3243 3811 3464 3871 repente
3489 3814 3611 3855 cor-

2044 3908 2228 3977 ripuit,
2253 3903 2474 3972 ejusque
2508 3901 2700 3954 faciem
2753 3898 3090 3951 inhonestam
3141 3893 3258 3946 visu
3305 3899 3466 3957 atque
3513 3902 3608 3942 ora

2041 3983 2311 4058 distorsit;
2341 4007 2436 4063 per
2461 3992 2641 4061 plures
2662 3991 2821 4042 etiam
2843 4001 3032 4048 annos,
3057 3983 3251 4053 quibus
3269 3977 3607 4050 postmodum

2041 4085 2362 4155 supervixit,
2387 4083 2488 4138 hoc
2517 4082 2569 4135 in
2599 4095 2658 4134 se
2685 4079 2878 4134 divina:
2903 4069 3384 4130 animadversionis
3400 4067 3610 4136 insigne

2041 4175 2295 4247 portavit.

2656 4255 2880 4313 CAPUT
2909 4253 2995 4308 IV.

383 4342 552 4441 deret,
585 4343 1000 4441 gladio-repente
1031 4360 1499 4441 percussamanus
1525 4345 1650 4441 ejus
1674 4347 1940 4441 obriguit;
1974 4319 2020 4378 υ
2050 4377 2282 4432 Adam,“
2310 4369 2714 4441 Sempronium-3
2765 4367 3030 4436 episcopus
3061 4363 3328 4441 inopinato
3366 4359 3608 4424 moritur,

383 4435 572 4502 sicque
593 4435 892 4502 stupefacta
921 4436 1118 4490 mansit
1165 4451 1228 4490 ac
1259 4437 1426 4506 rigida
1455 4439 1727 4508 deinceps,
1767 4448 1826 4492 ut
1850 4440 1944 4494 ba-

376 4519 492 4588 julo
513 4539 612 4575 suo
633 4525 802 4591 magis
825 4531 966 4578 esset
991 4524 1140 4579 oneri
1188 4541 1348 4594 quam
1379 4527 1586 4580 virtuti.
1615 4525 1734 4580 Jam
1763 4529 1944 4596 itaque

383 4613 587 4666 inutilis
619 4612 812 4678 factus,
844 4615 1120 4679 mundum,
1152 4615 1278 4667 dum
1328 4617 1661 4681 abuteretur,
1709 4617 1939 4684 abjecit;

381 4713 438 4757 ct
467 4719 572 4755 non
592 4703 704 4769 jam
729 4695 1004 4771 manceps,
1028 4705 1120 4757 sed
1143 4719 1264 4757 cum
1287 4703 1562 4772 Benjamin
1587 4713 1728 4758 totus
1757 4705 1946 4758 dexter

383 4791 538 4860 (Gen.
565 4792 745 4860 xxxv),
772 4791 823 4844 in
846 4801 1028 4846 sancta
1045 4809 1210 4861 usque
1232 4792 1298 4845 ad
1318 4791 1523 4846 obitum
1543 4793 1949 4846 conversatione

381 4882 700 4950 permansit.

1001 4970 1338 5028 CAPUTIH.
1825 5023 1862 5052 ι

384 5079 672 5152 Episcopus
693 5085 1034 5154 percussusin
1059 5096 1282 5152 gutture,
1312 5084 1448 5154 quod
1475 5081 1799 5154 paupercula:
1824 5101 1922 5153 por

595 5205 600 5210 ,
667 5168 781 5204 cum
812 5152 1121 5218 abstulisset,
1154 5152 1387 5222 religioni
1421 5171 1472 5206 se
1494 5153 1654 5207 dedit.

455 5247 660 5302 Interea
690 5247 924 5304 Joannes
959 5265 1170 5320 quoque
1202 5250 1638 5304 Commiaclensis
1665 5249 1944 5320 cpiscopus

385 5337 451 5390 ad
493 5338 806 5390 memoriam
857 5339 1013 5402 redit,
1045 5341 1134 5408 qui
1179 5341 1307 5414 dum
1335 5339 1742 5394 conversionem
1780 5340 1946 5410 696

387 5441 536 5480 suam
567 5443 667 5494 per
693 5426 846 5492 longa
869 5439 1166 5498 temporum
1215 5429 1494 5484 intervalla
1541 5429 1800 5495 differret,
1841 5429 1942 5484 ali-

389 5517 600 5582 quaudo
623 5515 840 5587 contigit
870 5527 923 5572 ut
953 5521 1002 5572 iu
1027 5521 1187 5574 l'nmlo
1215 5537 1330 5586 suo,
1354 5537 1510 5589 quem
1529 5521 1582 5575 in
1597 5520 1764 5576 saltus
1777 5521 1944 5590 possis

2295 4431 2441 4512 quod.
2461 4441 2722 4509 religionis
2751 4431 3039 4505 iugressum
3061 4431 3364 4486 distulisset.

2117 4541 2254 4596 Num
2281 4549 2332 4593 et
2367 4537 2535 4591 Adam
2561 4533 3029 4602 Semproniensem
3055 4530 3361 4598 episcopum
3386 4537 3610 4596 prazter-

2051 4633 2160 4694 ibo,
2216 4627 2308 4699 qtti
2334 4641 2392 4681 se
2441 4625 2760 4679 monachum
2805 4621 2918 4673 ﬁeri
2965 4632 3106 4686 saepe
3133 4617 3484 4685 promiserat;
3516 4617 3611 4669 sed

2050 4732 2264 4785 semper
2319 4712 2694 4767 excusationes
2742 4707 3062 4774 quibusdam
3113 4704 3266 4772 quasi
3311 4703 3610 4756 rationibus

2047 4806 2314 4860 coloratas
2339 4801 2630 4854 obtendere
2657 4795 2958 4864 satagebat.
2981 4793 3280 4860 Aliquando
3329 4791 3508 4844 mitius
3531 4789 3609 4844 fc-

2047 4897 2252 4963 briens,
2285 4907 2368 4946 me
2394 4889 2604 4944 vocavit
2629 4887 2695 4940 ad
2725 4901 2812 4947 se;
2837 4886 2920 4938 cui
2939 4884 3211 4948 nimirum,
3237 4893 3296 4935 ut
3317 4881 3610 4952 monachus
3699 4873 3704 4878 ’

2049 4985 2220 5048 fieret,
2251 4998 2370 5037 cum
2399 4997 2500 5051 ego
2529 4981 2788 5034 violenter
2831 4981 3155 5042 insisterem,
3192 4977 3328 5031 velle
3354 4991 3412 5030 se
3433 4974 3612 5044 perhi-

2047 5075 2239 5135 bebat;
2265 5081 2322 5125 et
2365 5081 2540 5125 tamen
2565 5080 2624 5124 ut
2651 5083 2748 5140 per
2779 5070 3037 5139 quasdam
3066 5067 3352 5120 verborum
3394 5061 3508 5130 ejus
3541 5062 3610 5113 ri-

2049 5177 2165 5216 mas
2194 5175 2476 5229 erumpere
2497 5161 2795 5224 videbatur,
2828 5173 2942 5212 rem
2963 5155 3191 5222 {differre
3217 5153 3476 5208 tentabat.
3511 5149 3614 5202 Po-

2049 5261 2254 5306 stremo
2285 5251 2426 5319 quod
2473 5256 2612 5317 apud
2644 5265 2728 5302 me
2757 5249 2927 5316 magis
2947 5247 3200 5308 obtinuit,
3225 5245 3332 5298 ait:
3360 5242 3470 5311 Ego
3497 5243 3613 5308 qui-

2049 5341 2194 5405 dem,
2220 5351 2394 5410 pater,
2427 5341 2684 5409 quidquid
2713 5340 2976 5408 principis,
3005 5338 3379 5390 incunctanter
3397 5334 3610 5386 obtem-

2050 5445 2214 5500 pero;
2242 5439 2612 5484 verumtamen
2657 5429 2778 5482 nolo
2809 5439 2861 5482 te
2890 5427 3073 5489 lateat,
3104 5425 3264 5496 697
3315 5425 3440 5493 quia
3483 5437 3608 5476 mox

2051 5529 2109 5574 ut
2136 5535 2232 5589 ego
2259 5521 2432 5574 factus
2470 5519 2620 5575 fuero
2648 5501 2958 5580 monachus,
2989 5517 3182 5586 prattlis
3210 5509 3420 5585 quoque
3447 5522 3610 5583 atque
