4074 6190
467 278 562 334 67f

928 283 984 334 s.
1019 245 1216 334 erarat
1254 274 1532 331 DAMIANI
1567 273 1715 330 ore.
1759 271 1993 326 Touth
2030 275 2046 322 ξ

2147 269 2157 322 l
2201 270 2375 324 PARS
2413 272 2496 326 ΙΙΙ.
2524 269 2972 326 -οιτυδρυιιλ
3016 269 3241 324 νΑῐιιΑ.

3604 270 3708 324 672

469 398 674 464 rapinis
695 398 808 450 haec
841 369 1022 464 procul
1049 394 1211 446 dubio
1262 391 1464 459 patebit
1515 388 1775 452 Ecclesia;
1825 388 2043 455 insuper
2073 391 2115 444 Α
2145 383 2314 454 elligie
2348 386 2620 454 pauperis,
2667 393 2721 436 et
2759 391 3010 449 tanquam
3049 379 3259 448 prolixo
3294 376 3406 446 jam
3440 379 3590 433 crine
3616 381 3709 433 de-

465 501 518 540 et
568 488 930 556 possessiom-s
980 485 1116 552 ejus,
1155 490 1208 536 et
1259 479 1454 550 praedia
1509 478 1718 532 scelesti
1789 476 2034 530 homines

465 595 523 629 ra
549 579 724 630 iicitus
744 575 1138 642 exstirpabnnt.
1166 571 1276 625 Hoc
1302 584 1432 638 ergo
1453 569 1701 629 audiens,
1740 567 1864 620 dum
1888 564 2032 618 delu-

467 683 556 718 sus
598 663 852 718 Ecclesia:
879 672 985 714 tant
1029 659 1379 728 periclitanti,
1429 657 1562 726 proh
1601 655 1790 708 dolor!
1845 654 2038 706 anima:

472 770 572 809 non
609 752 849 822 przevidi.
897 750 1174 804 Recedens
1220 748 1381 818 igitur
1410 747 1535 810 sibi,
1563 747 1782 813 suisque
1814 741 2037 797 manda-

469 855 578 896 tum
617 841 759 904 dedi,
784 851 842 892 ut
867 823 926 893 si.
963 839 1186 908 languor
1237 837 1578 904 aliquatenus
1615 835 2037 903 ingravesceret,

468 941 560 984 aut
585 930 712 982 mihi
772 945 866 997 per
908 926 1143 995 judicent
1180 927 1424 995 protinus
1476 925 1898 984 inualescerent,
1947 929 2040 972 aut

471 1021 616 1070 illmn
649 1018 714 1070 ad
746 1016 1131 1070 monasterium
1160 1029 1264 1068 nou
1289 1015 1445 1084 longe
1480 1013 1714 1082 positum
1742 1009 2035 1064 deferrent.

541 1110 704 1162 l‘orro
755 1119 932 1161 autem
983 1116 1266 1177 postquam
1309 1119 1408 1174 ego
1449 1104 1669 1168 recessi,
1717 1101 1887 1155 frater
1923 1100 2040 1167 ejus

469 1200 584 1254 hare
621 1199 746 1250 nmini
783 1214 876 1266 per
912 1198 1158 1250 nuntium
1188 1196 1491 1265 delegavit:
1531 1191 1790 1248 Deminus
1823 1193 2039 1262 quidem

471 1305 640 1354 incus,
675 1273 734 1342 ut
775 1304 1076 1358 speramus,
1119 1303 1215 1355 per
1250 1287 1486 1340 divinam
1525 1285 1866 1339 clementiam
1910 1299 2011 1338 con

469 1378 730 1442 valescet;
767 1385 1131 1429 verumtamen
1177 1377 1363 1428 hortor
1397 1383 1458 1427 ut
1489 1373 1776 1428 revertaris
1802 1373 1869 1426 ad
1891 1387 2039 1436 eum,

471 1469 575 1522 hoc
617 1468 822 1521 scilicet
858 1467 1066 1524 ordine,
1109 1473 1167 1516 ut
1203 1463 1453 1518 videlicet
1489 1463 1766 1516 Dominico
1799 1463 1884 1516 die
1917 1477 2042 1531 pro-

469 1559 591 1629 pius
618 1557 921 1611 accedenth
955 1555 1019 1609 ad
1047 1554 1352 1609 etenobium
1392 1553 1450 1606 Β.
1485 1551 1774 1617 Vincentii,
1803 1552 1945 1620 quod
1974 1552 2042 1605 ab

469 1649 777 1716 episc0patu
820 1647 904 1698 vix
935 1645 1174 1714 quinque
1195 1645 1459 1713 lapidibus
1487 1642 1669 1706 distat,
1706 1642 2038 1710 requiescas.

2138 473 2330 526 formis
2354 475 2547 543 egebat
2573 483 2690 526 arte
2719 472 2974 525 tonsoris.
3008 470 3098 522 Ille
3124 469 3366 537 protinus
3397 480 3746 524 reverenter.-

2137 575 2448 632 assnrgens,
2497 562 2636 616 inter
2681 571 2874 615 caetera
2919 558 3168 612 ofﬁciosa:
3213 558 3565 613 humanitatis
3607 559 3709 613 im-

2137 651 2327 720 pendia
2365 651 2528 718 ccepit
2569 649 2716 703 illum
2756 648 3051 717 forcipibus
3086 647 3402 710 attendere;
3441 648 3538 702 sed
3581 648 3714 702 dum

2141 750 2324 796 tornat
2351 757 2413 796 ac
2441 741 2658 810 satagit,
2699 754 2828 794 ecce
2863 739 3063 806 reperit
3092 737 3226 792 duos
3257 738 3308 791 in
3335 737 3592 807 occipitio
3613 738 3716 793 sub

2138 831 2379 888 crinibus
2401 831 2585 886 oculos
2605 830 2900 884 latitantes.
2927 828 3156 896 Expavit
3181 829 3362 892 homo,
3387 837 3717 899 stupensque

2139 923 2492 985 contremuit,
2535 921 2745 989 etquid
2771 919 2933 974 vellet
2982 934 3105 974 esse
3137 919 3278 987 quod
3334 928 3581 974 cerneret
3616 935 3713 990 pa-

2141 1013 2296 1068 vidus
2339 1013 2646 1081 inquisivit;
2679 1011 2764 1066 cui
2801 1025 2925 1065 mox
2958 1008 3048 1063 ille
3091 1027 3104 1062 :
3151 1009 3282 1078 Ego,
3329 1009 3523 1078 inquit,
3559 1007 3718 1064 Iesus

2140 1119 2324 1166 vocor,
2354 1104 2444 1172 qui
2475 1104 2710 1172 undique
2738 1111 2932 1156 cuncta
2960 1099 3327 1168 contemplor;
3367 1108 3423 1153 et
3458 1100 3545 1153 isti
3576 1109 3703 1154 sunt

2139 1195 2303 1258 oculi,
2329 1195 2523 1262 quibus
2548 1194 2712 1247 etiam
2747 1206 2898 1246 suem
2931 1190 3062 1252 vidi,
3093 1204 3252 1258 quem
3279 1203 3449 1258 nuper
3475 1189 3527 1243 in
3552 1203 3717 1244 cavea

2142 1283 2488 1346 conclusisti;
2533 1295 2766 1350 moxque
2797 1278 3079 1349 disparuit.
3127 1277 3220 1331 Ille
3249 1278 3494 1347 protinus
3521 1277 3589 1330 ad
3623 1290 3722 1332 cor

2145 1375 2378 1438 rediens,
2427 1382 2482 1427 et
2519 1371 2759 1426 divinam
2795 1368 2940 1426 circa
2981 1385 3042 1424 se
3081 1369 3424 1423 clementiam
3459 1383 3723 1438 recogno-

2142 1465 2238 1525 vit,
2273 1473 2327 1519 et
2351 1464 2494 1532 quod
2524 1463 2704 1531 inique
2731 1469 3146 1531 praesumpserat
3203 1459 3568 1515 satisfactione
3586 1475 3722 1530 pur-

2145 1554 2311 1625 gavit.
2363 1552 2470 1607 Sed
2511 1552 2604 1621 qui
2653 1551 2749 1606 tibi
2797 1560 2906 1604 tam
2953 1549 3192 1603 unanimi
3241 1548 3496 1604 fraterna:
3532 1550 3725 1620 gratia;

2148 1645 2514 1698 familiaritate
2541 1641 2855 1712 conjungor,
2883 1642 3128 1705 obsecro,
3159 1655 3266 1695 non
3302 1646 3354 1695 te
3389 1640 3572 1710 pigeat
3620 1639 3722 1693 mi-

471 1737 714 1791 Secunda
747 1751 874 1789 vero
914 1733 1046 1787 feria
1078 1734 1342 1788 maturius
1371 1748 1622 1802 surgens,
1654 1748 1718 1786 ac
1749 1732 2042 1786 matutinas
2073 1733 2116 1789 Β
2146 1738 2350 1791 nimum
2387 1738 2514 1806 quid
2549 1736 2740 1790 audire
2777 1734 2920 1805 quod
2962 1733 3172 1803 loquor.
3213 1733 3272 1788 In
3309 1734 3412 1788 hoc
3447 1733 3592 1788 enim
3627 1747 3723 1788 co-

471 1829 655 1881 laudes
685 1827 926 1879 suaviter
958 1825 1249 1894 equitando
1279 1825 1610 1892 persolvens,
1658 1824 1724 1876 ad
1767 1839 1864 1878 nos
1905 1823 2042 1877 dilu-

479 1917 600 1970 culo
644 1915 880 1967 nondum
912 1913 1119 1982 plenius
1151 1913 1422 1965 dieseente
1461 1912 1764 1980 pertingas;
1806 1919 1860 1964 et
1901 1919 2045 1978 post-

469 2005 596 2062 hatc,
620 2004 805 2056 venire
838 2011 908 2062 te,
939 2015 1141 2068 quzesu,
1176 2016 1279 2051 non
1323 2001 1520 2066 pigeat.
1563 1998 1696 2050 Nam
1735 1999 1781 2052 si
1807 1997 2042 2059 veneris,

474 2093 545 2146 tui
577 2091 730 2144 labor
757 2089 966 2142 itineris
993 2088 1429 2155 compensatione
1452 2102 1690 2157 congrua
1722 2101 1827 2141 non
1860 2087 2043 2154 priva-

469 2183 637 2238 bitur.
678 2183 793 2236 lloe
841 2181 1087 2235 ultimum
1134 2195 1232 2249 ego
1277 2181 1519 2242 audiens,
1567 2179 1710 2232 illico
1753 2188 2048 2232 nauseatus

470 2275 748 2336 exhorrui,
783 2282 836 2328 et
871 2281 1124 2342 tanquam
1163 2273 1290 2326 mihi
1333 2287 1456 2340 spes
1485 2272 1707 2326 daretur
1737 2287 2044 2335 munermn,

471 2377 571 2432 pro
598 2362 839 2432 pecunia:
860 2371 1066 2431 qutestu
1093 2363 1171 2416 ire
1203 2378 1286 2414 me
1321 2361 1562 2414 funditus
1592 2361 1885 2428 abnegavi;
1917 2375 2048 2414 con-

471 2452 694 2507 scientia
720 2461 856 2505 teste
882 2466 984 2504 non
1009 2452 1264 2516 mentior,
1289 2451 1464 2518 ipsum
1487 2464 1702 2519 quoque
1725 2466 1831 2503 non
1857 2450 2050 2504 leviter

473 2539 807 2594 conviciatus
837 2555 982 2604 sum,
1026 2539 1171 2594 velut
1203 2540 1501 2593 inhonestae
1541 2538 1827 2609 legationis
1865 2548 2052 2593 aucto-

472 2646 610 2686 rem.
653 2631 857 2686 Rursus
901 2641 1078 2686 tamen
1121 2646 1207 2685 me
1251 2631 1303 2684 in
1354 2631 1670 2698 memetipso
1706 2630 2045 2700 recolligens,

477 2723 670 2776 timere
697 2722 858 2790 coepi,
892 2738 958 2774 ne
989 2722 1032 2774 si
1065 2722 1153 2774 hic
1180 2722 1342 2774 homo
1385 2735 1449 2772 cx
1488 2721 1589 2774 hac
1626 2720 1737 2772 vita
1771 2720 2048 2782 transiret,

476 2822 564 2861 tne
597 2808 937 2874 postmodum
982 2807 1310 2859 conscientia
1350 2806 1687 2882 negligentiae
1717 2807 2048 2876 redarguens

474 2895 764 2948 cruciaret.
815 2894 955 2960 Quid
1005 2895 1183 2948 verbis
1237 2895 1527 2947 immorer?
1580 2894 1816 2949 Tandem
1869 2897 2049 2966 parui,

476 2993 773 3050 uinctaque
801 2983 940 3035 sicut
979 2982 1066 3036 ille
1103 2983 1454 3035 mandaverat
1494 2997 1591 3050 per
1644 2983 1892 3037 ordinem
1941 3000 2053 3039 ser-

475 3088 627 3138 vans,
667 3089 790 3126 cum
836 3073 924 3125 vix
970 3073 1096 3126 dum
1138 3087 1332 3126 aurora
1369 3083 1769 3141 prorumperet,
1803 3074 2049 3128 ecclesiae
2078 3061 2122 3122 C

477 3160 655 3215 lumen
685 3161 974 3215 accedendi
1018 3161 1081 3232 [[.
1117 3161 1279 3216 limen
1323 3161 1573 3232 accessi].
1625 3162 1732 3217 Sed
1760 3178 1886 3217 ecce
1925 3180 2046 3218 cum

474 3269 665 3308 omnes
708 3253 835 3308 hinc
876 3252 1001 3308 inde
1051 3262 1472 3322 perstreperent,
1522 3254 1678 3308 fletus
1719 3265 1774 3308 et
1815 3253 2049 3322 cjulatus

475 3345 802 3410 emitterent,
847 3345 935 3398 vix
979 3345 1188 3400 duobus
1227 3347 1609 3400 assistentibus
1655 3349 1856 3414 pueris,
1908 3349 2081 3401 intra.

476 3435 778 3489 cubiculum
808 3435 1038 3490 cadaver
1065 3435 1302 3505 episcopi
1324 3435 1540 3504 jacebat
1561 3439 1826 3491 exanime.
1854 3437 1911 3492 In
1942 3454 2051 3507 quo

477 3525 734 3579 nimirum
793 3541 940 3590 casu,
1003 3541 1065 3580 ac
1121 3541 1332 3580 summo
1379 3529 1558 3582 studio
1607 3528 2045 3596 perpendendum

476 3625 678 3684 quanta
718 3617 977 3670 adversus
1004 3616 1246 3671 incautos
1276 3616 1434 3684 hujus
1473 3618 1597 3672 vita:
1622 3619 1910 3674 dilectores
1941 3619 2052 3672 cal-

475 3707 584 3759 lida
620 3707 1002 3760 machinatoris
1031 3707 1316 3760 insidietur
1343 3710 1564 3762 astutia.
1598 3710 1866 3764 A‘ccurate
1905 3710 2052 3764 scili-

479 3805 566 3850 cet
592 3805 648 3850 et
686 3804 875 3865 argute
911 3795 1041 3849 illud
1074 3797 1202 3850 mihi
1235 3798 1496 3866 temporis
1537 3807 1795 3867 punctum
1831 3814 1928 3868 per
1954 3813 2050 3853 ora

481 3885 810 3939 tnittentium
865 3886 1144 3940 constituit
1195 3897 1252 3940 ut
1303 3888 1566 3950 venirem,
1618 3889 1762 3956 quod
1811 3888 2051 3958 (ινξερουὶ

480 3990 629 4029 mors
671 3975 944 4043 inopinata
976 3979 1326 4044 praecederet,
1368 3987 1427 4031 ut
1454 3987 1507 4031 et
1541 3977 1683 4034 illius
1715 3993 1800 4032 me
1843 3993 2049 4046 praeve-

479 4066 622 4119 niret
653 4081 898 4130 occasus,
935 4075 986 4118 et
1026 4051 1174 4122 fneos
1215 4065 1568 4121 frustraretur
1593 4068 1876 4122 adventus.
1909 4069 2048 4135 Quid

475 4171 604 4226 ergo
631 4157 847 4225 prodest
869 4156 1011 4225 quod
1037 4159 1161 4211 dum
1185 4157 1251 4210 ad
1275 4159 1644 4212 conversionis
1670 4160 1900 4228 gratiam
1927 4175 2049 4227 pro-

479 4259 752 4308 vocamur,
786 4245 1032 4314 clypeum
1060 4247 1212 4299 nobis
1239 4247 1604 4307 excusationis
1637 4261 1854 4316 semper
1880 4261 2052 4315 oppo-

481 4333 678 4394 nimus,
702 4343 755 4387 et
781 4343 1032 4401 tanquam
1067 4335 1205 4389 Deus
1236 4335 1446 4388 interne
1485 4351 1591 4388 non
1623 4334 1825 4398 videat,
1853 4349 2042 4387 neces-

480 4422 701 4475 sitatum
733 4437 838 4474 non
866 4421 1169 4490 urgentium
1205 4422 1462 4476 fabricam
1490 4423 1875 4492 cou‘tpilatnus?
1912 4421 2047 4476 Nam

482 4530 604 4566 cum
635 4529 828 4582 parvas
853 4515 1122 4582 quaslibet
1153 4530 1239 4568 res
1281 4515 1436 4570 nobis
1464 4513 1660 4582 injuste
1699 4514 1941 4568 sublatas
1969 4516 2050 4567 di-

477 4603 666 4658 stricte
691 4601 978 4670 dijudicet;
1011 4605 1339 4658 credendum
1369 4613 1452 4658 est
1507 4605 1650 4672 quod
1682 4605 1953 4658 hominem
1978 4605 2050 4659 si-

479 4693 650 4748 bimet
703 4695 991 4760 subtrahi,
1045 4697 1336 4764 pretiosam
1391 4697 1597 4752 scilicet
1645 4697 2050 4764 substantiam,

481 4784 854 4852 aequanimiter
881 4784 1081 4841 ferret?
1890 4805 1892 4807 '

1097 4876 1326 4934 CAPUT
1370 4877 1432 4933 ν.

571 4974 767 5056 giariin
788 4978 1112 5045 providentia
1141 4994 1264 5046 erga
1297 4977 1742 5049 cleemosynarum
1767 4978 1960 5048 furem.

552 5065 736 5119 Dicam
761 5066 902 5133 quod
935 5067 1064 5120 mihi
1105 5065 1487 5135 Guarimpotus
1512 5083 1701 5133 senex,
1739 5069 1823 5123 vir
1861 5068 2052 5123 videli-

479 5161 567 5208 cet
592 5152 1024 5217 honestissimus,
1054 5155 1294 5222 apprime
1319 5153 1512 5208 litteris
1539 5157 1783 5210 eruditus
1819 5171 1884 5210 ac
1932 5172 2050 5211 me-

477 5243 652 5307 dicus,
679 5243 887 5298 retulit:
912 5243 1162 5309 Quidam,
1191 5243 1383 5311 inquit,
1412 5245 1645 5298 alienum
1668 5261 1816 5299 suem
1849 5244 2046 5299 furtive

478 5336 772 5404 subripuit,
797 5345 853 5390 et
874 5350 1050 5389 cavete
1076 5335 1440 5390 clandestinus
1469 5335 1702 5388 inclusit.
1733 5333 1827 5388 V'ir
1865 5345 2043 5388 tamen

481 5426 570 5480 ille
595 5427 813 5495 pietatis
848 5427 1100 5496 operibus
1137 5426 1377 5480 intentus
1414 5433 1776 5480 consueverat
1800 5439 1947 5490 esse,
1992 5433 2047 5477 et

482 5517 748 5584 pratcipue
784 5518 1171 5571 humanitatem
1198 5516 1498 5586 peregrinis
1533 5528 1586 5568 et
1623 5516 1925 5582 hospitibus
1963 5530 2048 5569 se-

485 5605 637 5659 dulus
663 5607 968 5663 exhibebat.
999 5608 1166 5678 698
1198 5608 1404 5664 Interea
1446 5608 1592 5661 adest
1633 5607 1782 5662 dives
1809 5605 1962 5663 Jcsus
1993 5609 2043 5662 in

2145 1827 2350 1897 piosior
2416 1825 2588 1896 gratia
2643 1839 2790 1895 pura:
2846 1839 2909 1879 ac
2955 1839 3060 1878 non
3117 1833 3381 1893 suspectae
3433 1821 3722 1876 cbaritatis

2145 1917 2472 1978 ostenditur,
2515 1916 2560 1968 si
2605 1915 2867 1984 quidquid
2901 1914 3049 1968 venit
3094 1913 3147 1967 in
3191 1923 3444 1979 mentem,
3477 1929 3582 1968 non
3615 1920 3722 1967 tam

2150 2007 2356 2060 urbane
2385 2021 2547 2075 quam
2570 2005 2889 2075 simpliciter
2917 2002 3207 2070 proferam.

2753 2092 2980 2148 CAPUT
3021 2092 3106 2144 Vl.

2151 2188 2439 2242 Pambonis
2478 2187 2703 2241 Romani
2734 2188 2932 2256 furtum
2984 2186 3126 2255 furto
3169 2185 3418 2240 divinitus
3459 2185 3721 2255 punitum.

2219 2282 2378 2335 Certe
2413 2281 2492 2333 vir
2520 2279 2761 2348 quidam,
2796 2277 3012 2331 nomine
3047 2275 3275 2341 Pambo,
3303 2275 3481 2330 clarus
3508 2276 3724 2344 quidem

2151 2385 2370 2440 genere,
2408 2369 2501 2422 sed
2547 2367 2723 2421 tenuis
2758 2365 3032 2429 facultate,
3064 2364 3249 2418 Roma:
3286 2365 3636 2427 constitutus,
3669 2364 3722 2417 in

2152 2472 2259 2511 uno
2295 2472 2503 2510 meeum
2542 2453 2864 2508 versabatur
2894 2453 3146 2522 hospitio,
3171 2467 3290 2506 cum
3321 2453 3604 2507 lleinrieus
3623 2453 3725 2520 pia:

2153 2547 2428 2602 memoriae
2469 2562 2584 2607 rex,
2634 2560 2889 2598 coronam
2938 2543 3174 2611 suscepit
3217 2542 3447 2610 imperii.
3493 2541 3549 2594 lu
3593 2541 3726 2610 ipsis

2152 2649 2333 2692 autem
2365 2636 2562 2706 vigiliis
2595 2635 2886 2688 Dominiem
2917 2632 3242 2697 Nativitatis,
3270 2619 3585 2700 propinqua:
3609 2629 3724 2697 jam

2152 2727 2295 2782 nocti
2329 2725 2734 2780 imminentibus
2775 2723 3029 2786 tenebris,
3057 2737 3164 2776 non
3195 2735 3394 2791 parvus
3433 2734 3724 2788 porcorum

2153 2835 2285 2891 grex
2327 2835 2423 2889 per
2455 2819 2667 2888 longam
2707 2818 3064 2871 nundinarum
3103 2814 3367 2884 porticum
3407 2813 3726 2866 ducebatur.

2154 2909 2305 2965 Tunc
2333 2909 2589 2980 prtefatus
2621 2908 2825 2962 Pambo
2871 2908 3011 2961 inter
3051 2921 3219 2976 opaca
3261 2903 3526 2958 venalium
3560 2918 3725 2955 unmn

2153 3016 2184 3056 e
2213 3001 2394 3072 porcis
2423 3001 2635 3054 irruens
2661 2999 2963 3068 arpaxavit,
2996 2997 3182 3051 fauces
3225 3011 3290 3050 ne
3320 2995 3602 3065 grunniret
3631 2993 3728 3046 ob-

2153 3093 2401 3156 strinxit;
2429 3093 2617 3161 sicque
2651 3090 3078 3162 gratulabundus
3111 3088 3176 3141 ad
3205 3088 3403 3153 socios,
3431 3095 3491 3140 ut
3522 3085 3575 3139 in
3607 3099 3728 3138 cra-

2153 3183 2354 3238 stinum
2401 3188 2707 3250 pararetur,
2752 3179 2996 3234 abduxit.
3040 3177 3384 3233 lllueescente
3428 3177 3610 3245 itaque
3642 3189 3729 3228 sa-

2153 3281 2436 3327 crosancta
2468 3271 2831 3334 solemnitate,
2865 3287 2963 3323 suo
2991 3269 3187 3323 fruitur
3212 3268 3434 3331 scelere,
3475 3277 3531 3321 et
3566 3267 3729 3321 satia-

2155 3369 2241 3417 tus
2285 3362 2521 3417 exsultat
2563 3363 2632 3416 de
2681 3361 2763 3416 sui
2810 3359 3051 3415 criminis
3101 3359 3439 3429 impunitate.
3499 3355 3730 3410 Putabat

2153 3453 2298 3505 enim
2334 3450 2580 3514 fortasse,
2614 3451 2756 3519 quod
2790 3449 2890 3504 hoc
2935 3465 3040 3503 non
3082 3449 3386 3502 attenderet
3419 3445 3589 3508 Deus;
3632 3447 3726 3501 scd

2155 3543 2520 3611 subsequente
2561 3540 2805 3610 proxima
2837 3548 3011 3603 nocte,
3048 3537 3234 3592 didicit
3263 3538 3387 3605 quia
3419 3551 3581 3606 super
3604 3551 3724 3589 eum

2154 3633 2332 3689 divina
2364 3632 2646 3686 retributio
2686 3629 2943 3700 vigilavit.
2986 3629 3117 3682 Nam
3161 3627 3287 3680 dum
3331 3642 3529 3696 equum
3569 3640 3723 3679 suum

2155 3724 2297 3778 male
2339 3723 2650 3777 custodiens
2693 3722 3045 3787 obdormiret,
3089 3718 3266 3773 subito
3309 3716 3396 3771 fur
3438 3717 3722 3777 habenam,

2154 3827 2314 3882 quam
2347 3801 2574 3866 ille'suis
2600 3811 2917 3864 innexuerat
2946 3809 3211 3870 manibus,
3237 3815 3416 3860 astute
3447 3803 3721 3866 subduxit,

2153 3916 2457 3971 equumque
2486 3917 2606 3955 eum
2643 3900 2796 3954 freno
2823 3900 3008 3962 sumit,
3042 3907 3096 3953 et
3138 3897 3323 3952 sellam
3372 3895 3721 3965 transposuit.

2157 3995 2432 4063 Evigilans
2477 3982 2657 4061 itaque
2687 3991 2865 4046 subtili
2898 4005 2954 4045 se
2991 3991 3160 4046 sensit
3189 3987 3472 4043 multatum
3497 3985 3721 4056 judicio,

2155 4086 2279 4154 quia
2325 4100 2389 4138 ex
2431 4085 2620 4137 eadem
2658 4097 2819 4136 manu
2848 4095 2953 4151 qua
2993 4096 3216 4152 porcum
3259 4085 3536 4148 rapuerat,
3566 4084 3726 4131 aucto

2153 4175 2340 4230 fenore
2379 4174 2648 4230 caballum
2688 4173 2788 4228 sibi
2819 4174 3131 4240 subreptum
3161 4186 3280 4226 esse
3315 4171 3585 4239 cognovit.
3618 4168 3730 4224 Sed

2152 4263 2400 4333 quamvis
2439 4263 2493 4316 in
2537 4263 2640 4316 hoc
2670 4262 2887 4316 homine
2920 4276 2952 4315 e
2993 4261 3220 4331 vestigio
3261 4260 3333 4315 sit
3369 4261 3502 4314 ultio
3540 4268 3729 4313 secuta

2080 4397 2126 4454 υ
2155 4364 2276 4423 post
2296 4353 2526 4422 culpam,
2557 4367 2662 4408 non
2685 4355 2879 4406 mirum
2912 4353 3053 4423 quod
3080 4368 3110 4406 a
3137 4351 3459 4422 quibusdam
3483 4350 3730 4419 reprobis

2153 4446 2440 4513 aliquando
2465 4459 2627 4512 pwna
2657 4443 2927 4507 differtur,
2956 4443 3176 4512 suisque
3204 4441 3498 4498 sceleribus
3525 4441 3732 4495 diutius

2144 4534 2523 4603 perfruuntur.
2559 4533 2710 4586 Sicut
2733 4532 2876 4586 enim
2908 4531 3188 4600 Scriptura
3219 4539 3450 4584 testatur
3480 4570 3494 4592 ,
3551 4547 3568 4579 ι
3620 4529 3729 4582 Du-

2153 4630 2283 4676 cunt
2307 4620 2360 4674 in
2397 4621 2554 4675 bonis
2585 4621 2700 4674 dies
2727 4637 2875 4685 suos,
2905 4630 2960 4675 et
2989 4622 3039 4674 in
3075 4629 3276 4691 puncto
3297 4621 3366 4675 ad
3393 4620 3603 4676 inferna
3627 4620 3726 4673 de-

2153 4710 2418 4766 scendunt
2442 4709 2563 4780 (Job
2593 4710 2729 4778 xxi).
2765 4729 2782 4760 ι

2753 4797 2980 4854 CAPUT
3020 4798 3127 4853 VII.

2226 4889 2460 4945 Clericus
2489 4890 2789 4943 luxuriosus
2819 4905 2937 4942 cum
2978 4889 3158 4958 pellice
3202 4888 3440 4942 incendio
3474 4887 3650 4958 periit.

2227 4979 2446 5033 Memini
2474 4979 2648 5048 plane,
2677 4976 2800 5046 quia
2824 4990 2944 5036 cum
2969 4979 3113 5047 apud
3139 4978 3436 5032 Parmense
3465 4977 3723 5048 oppidum

2152 5068 2456 5122 liberalium
2496 5069 2691 5122 artium
2721 5068 2915 5122 studiis
2939 5069 3212 5123 docendus
3242 5069 3568 5132 insisterem,
3593 5069 3721 5122 dum

2154 5159 2332 5214 adhuc
2362 5158 2608 5212 videlicet
2639 5157 2690 5210 iu
2725 5158 2840 5227 ipso
2870 5159 3250 5213 adolescentia:
3285 5158 3438 5222 flore,
3483 5167 3539 5213 et
3583 5175 3719 5212 nova

2153 5247 2406 5316 pubertas
2449 5246 2694 5300 indueret
2729 5245 2897 5316 699
2934 5246 3151 5311 faciem,
3183 5257 3237 5300 et
3277 5256 3442 5300 aestus
3482 5246 3720 5302 libidinis

2154 5337 2471 5391 accenderet
2494 5350 2733 5398 carnem,
2763 5336 2992 5390 clericus
3015 5336 3255 5405 quidam,
3285 5335 3606 5390 Zcuzolinns
3627 5353 3719 5390 no-

2155 5426 2317 5489 mine,
2341 5426 2584 5495 pellicem
2607 5442 2757 5483 suam
2777 5428 2931 5497 juxta
2957 5444 3132 5482 metum
3159 5428 3713 5496 habebathospitimn.

2155 5522 2214 5570 ut
2239 5515 2405 5575 aiunt,
2435 5526 2650 5584 aspectu
2679 5517 2935 5571 lubricam
2985 5528 3038 5570 et
3067 5519 3346 5571 inhonesto
3373 5519 3504 5571 satis
3526 5519 3714 5571 decore

2155 5616 2450 5660 venustam.
2500 5605 2594 5661 llic
2636 5609 2815 5676 itaque
2855 5609 3132 5673 nitidulus,
3169 5619 3220 5663 et
3260 5625 3468 5677 semper
3497 5619 3712 5662 ornatus
