4074 6190
378 358 486 416 673

995 355 1239 412 OPUSC.
1284 357 1435 410 XLII.
1476 387 1544 396 —
1587 357 1672 412 DE
1714 356 1846 412 NON
1885 356 2245 413 FALLENDA
2285 351 2439 411 Ft'DE
2478 357 2613 414 Ι)Εο
2648 352 3052 415 OBSTRICTA.

3513 357 3613 411 674

380 485 543 542 atque
568 469 890 543 conspicuus
926 469 1231 531 incedebat,
1274 469 1345 521 ita
1378 477 1436 522 ut
1473 477 1632 537 caput
1660 469 1774 536 ejus
1803 484 1943 520 nun-
1973 472 2020 526 Α
2049 463 2160 516 luto
2188 466 2556 519 conversionis
2595 475 2698 520 tua:
2732 466 2936 530 debito,
2981 466 3032 520 in
3084 465 3232 521 soliis
3258 463 3612 533 judicantium

379 578 543 636 quant
588 563 690 617 nisi
734 559 1035 632 gibellinica
1085 559 1241 630 pellis
1280 560 1583 628 obtegeret,
1636 559 1945 612 indumenta

379 654 682 716 carbasina,
707 662 876 721 atque
908 651 1147 704 niventia
1191 649 1366 720 siligio
1394 663 1493 718 per
1518 660 1689 703 artem
1731 648 1947 704 fullonis

380 742 644 804 inliceret,
678 740 894 796 calceus
934 746 1208 808 postremo
1241 737 1306 790 ad
1353 735 1572 805 aquilini
1615 735 1777 792 roStri
1827 751 1948 803 spe.

379 831 520 887 ciem
563 845 669 884 non
709 827 940 882 falleret.
973 826 1105 879 Erat
1155 825 1229 878 illi
1272 833 1535 894 prazterea
1565 839 1668 877 vox
1704 824 1946 893 gracilis,

381 919 565 974 suavis
588 933 654 973 ac
683 915 907 980 tinnula,
932 915 1067 968 adeo
1113 921 1174 968 ut
1205 913 1258 966 in
1279 911 1510 967 ecclesia
1541 911 1820 966 modulans
1848 927 1949 964 au-

383 1008 644 1063 dientium
675 1006 839 1061 corda
871 1003 1147 1066 mulceret,
1185 1011 1240 1057 et
1272 1001 1565 1057 astantium
1596 999 1650 1054 in
1681 1015 1740 1055 se
1777 999 1950 1068 plebis

380 1116 476 1155 ora
504 1106 866 1154 converteret.
892 1095 1156 1150 Aﬂluebat
1174 1100 1398 1160 uterque
1425 1090 1656 1155 deliciis,
1687 1090 1952 1145 rubebant

383 1203 478 1244 ora
508 1185 870 1250 ﬂammantia;
917 1182 1155 1252 quotidie
1195 1181 1476 1236 cachinnis
1523 1180 1750 1234 invicem
1791 1189 1952 1248 atque

384 1277 657 1341 ludibriis,
680 1275 957 1331 oculorum
978 1272 1195 1328 nutibus
1233 1279 1287 1326 et
1314 1270 1662 1326 scurrilitatis
1683 1269 1949 1324 illecebris

385 1367 594 1426 festivis
622 1364 1037 1437 applaudehant.

457 1458 554 1513 His
587 1473 716 1527 ergo
753 1455 906 1510 furiis
935 1470 999 1509 ac
1023 1453 1245 1524 perditis
1287 1452 1545 1515 moribus,
1577 1450 1702 1520 quia
1726 1462 1953 1517 corpore

386 1550 670 1619 contiguus
700 1545 942 1609 aderam,
990 1551 1170 1598 mente
1206 1543 1530 1612 longinquus
1559 1555 1678 1595 esse
1713 1554 1817 1593 non
1857 1552 1952 1607 po-

388 1651 578 1694 teram.
611 1636 750 1702 Quid
779 1633 992 1690 dicam?
1029 1633 1155 1702 quia
1183 1633 1309 1686 dum
1359 1633 1471 1685 lucc
1497 1644 1796 1692 cernerem,
1829 1627 1955 1681 titil-

386 1729 547 1784 lantis
595 1727 820 1782 luxuriae
869 1724 1145 1779 molestias
1193 1723 1407 1794 pertuli,
1450 1736 1574 1777 cum
1614 1722 1776 1775 etiam
1807 1729 1954 1790 post-

2048 554 2268 616 sedeas;
2305 553 2387 608 vel
2415 571 2521 609 non
2553 555 2750 620 soluto,
2781 565 2908 611 ante
2944 556 3178 612 tribunal
3202 556 3499 624 aequissimi
3530 555 3618 624 ju-

2049 645 2184 698 dicis
2231 645 2496 699 rationem
2561 646 2870 701 redditurus
2932 646 3158 701 assistas
3257 645 3435 720 (Rom.
3461 665 3547 706 xiv
3572 647 3616 717 ).

2049 733 2223 790 Unum
2251 737 2381 800 scio,
2409 736 2537 805 quia
2565 737 2609 791 si
2639 752 2668 790 a
2698 737 2884 792 mundi
2911 737 3243 791 vanitatibus
3285 738 3389 791 ulla
3424 753 3614 807 posses

2049 826 2258 879 ratione
2278 827 2544 890 converti,
2584 826 2742 882 ﬁeres
2776 827 2964 897 procul
2992 827 3154 882 dubio
3193 843 3256 882 os
3287 827 3402 892 Dei,
3436 844 3616 897 praeco

2048 911 2268 977 Christi,
2305 914 2437 967 tuba
2485 914 2720 969 crelestis
2759 915 2996 985 eloquii,
3046 916 3352 971 destructor
3394 916 3618 984 diaboli,

2048 1001 2256 1054 aedilicii
2308 1001 2559 1056 fundator
2609 1005 2835 1068 aeterni;
2903 1019 3051 1066 esses
3107 1017 3382 1074 postremo
3437 1006 3617 1060 lumen

2050 1089 2325 1154 Ecclesim,
2373 1107 2440 1147 ac
2487 1109 2673 1148 murus
2721 1093 3154 1163 inexpugnabilis
3210 1095 3417 1150 militiae
3460 1095 3614 1150 Chri-

2050 1178 2259 1234 stianm.

2374 1370 2899 1433 DISSERTATIO
2941 1374 3258 1434 ALTERA
3272 1419 3287 1447 ,

2247 1507 2328 1547 DE
2368 1507 2690 1552 SERVANDA
2729 1509 2875 1551 FIDE
2907 1509 3026 1552 ι)Εο
3070 1512 3411 1555 PRESTITA.

2049 1607 2440 1683 Anquucuruu.
2467 1640 2535 1650 —
2575 1609 2813 1683 Attonem
2847 1613 3123 1683 quemdam
3162 1615 3484 1681 professione
3518 1615 3614 1683 ,ξας

2121 1677 2510 1752 risconsultunt,
2555 1681 2642 1752 qui
2691 1697 2807 1732 cum
2857 1677 2960 1732 Deo
2995 1677 3317 1752 aediculam
3365 1677 3620 1752 reliquum

2122 1747 2242 1798 vitw
2268 1749 2320 1799 in
2355 1747 2668 1819 monasterio
2701 1760 2938 1801 acturum
2964 1751 3125 1802 verbis
3149 1753 3403 1819 conceptis
3425 1747 3626 1819 pollici-

386 1833 548 1890 quam
574 1818 640 1872 ad
667 1831 907 1883 eremum
936 1815 1080 1878 veni,
1111 1814 1350 1883 ejusdem
1398 1812 1646 1867 lenocinii
1689 1811 1950 1865 memoria
1983 1814 2027 1873 Β
2122 1824 2206 1890 tus
2250 1826 2400 1879 esset,
2445 1817 2599 1883 ﬁdem
2639 1818 2790 1890 impie
2832 1829 3078 1885 prwstarc
3107 1811 3624 1890 recusabatfperiu-

387 1923 474 1963 me
515 1906 710 1976 saepius
750 1904 1092 1974 colaphizare
1129 1918 1237 1958 non
1286 1903 1523 1968 destitit;
1554 1917 1718 1971 saepe,
1761 1900 1950 1963 fateor,

389 1999 518 2054 mihi
550 1997 812 2066 malignus
843 1996 1014 2048 hostis
1048 1995 1149 2048 hoc
1175 1994 1394 2048 schema
1426 1993 1721 2062 proposuit,
1750 2001 1806 2046 et
1835 1992 1955 2046 illos

385 2104 507 2145 esse
535 2087 719 2143 felices
745 2101 809 2140 ac
853 2084 1212 2148 beatissimos,
1253 2083 1344 2153 qui
1381 2092 1488 2136 tam
1522 2083 1758 2151 jucunde
1806 2083 1953 2136 vive-

386 2188 532 2244 rent,
580 2175 906 2248 persuadere
957 2173 1201 2228 tentavit.
1248 2172 1356 2226 Sed
1404 2170 1562 2239 hujus
1609 2170 1956 2225 beatitudinis

387 2269 599 2325 initium
630 2265 883 2330 diximus,
915 2272 1311 2333 consequenter
1336 2262 1500 2318 etiam
1538 2277 1646 2331 quo
1684 2262 1789 2315 ﬁne
1827 2276 1957 2316 con-

384 2357 646 2412 cluserint
687 2363 1009 2409 attexamus.
1062 2352 1198 2406 Nam
1244 2353 1370 2406 dum
1417 2366 1514 2420 per
1555 2351 1794 2420 quinque
1842 2350 1958 2404 fere

387 2462 650 2504 annorum
679 2445 844 2500 lustra
871 2444 922 2498 in
946 2444 1046 2498 hac
1074 2441 1351 2522 luxuriosa
1374 2441 1646 2508 voluptate
1672 2440 1954 2503 vixissent,

388 2547 513 2592 ante
549 2551 772 2600 annum,
817 2549 940 2589 cum
985 2511 1472 2602 commune‘ipsius
1507 2530 1657 2584 urbis
1702 2529 1958 2599 flagraret

345 2676 347 2679 .
387 2629 718 2692 incendium,
749 2627 802 2680 in
831 2642 934 2680 una
961 2628 1119 2680 domo
1145 2625 1367 2694 reperti,
1392 2633 1618 2692 uterque
1648 2621 1807 2676 simul
1832 2623 1957 2691 igne

388 2717 690 2788 consumpti
741 2727 888 2773 sunt.
943 2715 1033 2770 Sic
1081 2716 1160 2770 sic
1209 2714 1463 2767 nimirum
1516 2711 1729 2766 flamma
1782 2711 1956 2765 libidi-

392 2807 476 2862 nis
531 2807 708 2876 iguem
766 2805 962 2861 meruit
1012 2803 1440 2868 combustionis;
1489 2811 1543 2856 et
1597 2802 1727 2870 quid
1784 2799 1956 2854 dulcis

388 2896 500 2950 vita
535 2895 844 2961 contulerit,
875 2909 1118 2960 amarus,
1147 2893 1281 2964 proh
1315 2892 1495 2948 dolor!
1535 2891 1712 2947 exitus
1735 2891 1956 2946 demon-

388 2986 599 3040 stravit.

461 3076 566 3132 Sed
599 3086 658 3131 ut
685 3077 752 3132 ad
789 3091 912 3132 reos
944 3075 1180 3140 redeam,
1219 3074 1308 3143 qui
1343 3071 1751 3130 conversionem
1799 3086 1950 3126 suam

2124 1886 2362 1957 ﬁuntque
2403 1902 2555 1957 suum
2585 1887 3010 1957 cavillationibus
3057 1889 3368 1957 quibusdam
3405 1886 3480 1956 (ut
3523 1891 3624 1944 hu-

2113 1953 2349 2026 jusmodi
2374 1953 2540 2026 solent
2574 1956 2827 2026 homines)
2852 1966 2897 2008 et
2924 1953 3168 2025 captiosis
3200 1953 3624 2026 argumentorum

2123 2022 2320 2094 laqueis
2342 2022 2618 2090 defendere
2645 2025 2938 2094 nitebatur:
2963 2022 2995 2077 ά
3024 2035 3130 2078 tam
3159 2022 3360 2093 nefario
3393 2026 3629 2094 facinore

2122 2091 2400 2164 deterrere_
2424 2103 2644 2144 conatur
2685 2103 2732 2145 et
2771 2093 2937 2162 culpa:
2966 2091 3346 2162 magnitudine,
3385 2091 3432 2149 et
3475 2111 3626 2164 paena

2124 2169 2245 2214 ante
2281 2160 2459 2214 oculos
2494 2163 2781 2230 proposita.

2121 2247 2336 2302 Arrom
2366 2248 2638 2304 causidico
2687 2249 2897 2304 PETBUS
2922 2258 3177 2319 peccator
3201 2251 3498 2311 monachus
3536 2265 3629 2312 sa—

2054 2337 2220 2392 lutem
2253 2338 2306 2392 in
2334 2336 2578 2390 Domino.

2123 2428 2346 2484 Constat
2377 2440 2446 2491 te,
2488 2435 2570 2484 vir
2611 2429 2852 2494 illustris,
2881 2431 3081 2487 domini
3117 2431 3378 2488 Mainardi
3417 2432 3630 2490 abbatis

2057 2519 2305 2575 manibus
2335 2529 2526 2586 sponte
2555 2520 2926 2584 commissum,
2955 2530 3009 2576 et
3048 2535 3145 2588 pro
3173 2521 3380 2577 cmlesti
3407 2520 3628 2578 deside-

2055 2611 2139 2666 i‘io
2162 2611 2534 2666 monachicum
2561 2613 2838 2667 devovisse
2867 2614 3198 2682 propositum
3230 2630 3244 2668 :
3269 2628 3413 2670 nunc
3443 2622 3626 2669 autem

2062 2713 2240 2759 mente
2273 2712 2498 2768 mutata,
2530 2705 2669 2759 sicut
2691 2704 2903 2768 dicitur,
2947 2721 3053 2760 non
3098 2707 3257 2762 modo
3295 2716 3480 2761 votum
3510 2706 3624 2760 vio-

2056 2794 2169 2848 lare
2191 2793 2452 2862 disponis,
2478 2793 2572 2847 sed
2596 2801 2652 2846 ct
2677 2792 2730 2848 id
2763 2792 2880 2849 fieri
2910 2808 3070 2862 posse
3120 2809 3219 2864 per
3248 2793 3444 2850 multas
3469 2809 3630 2864 argu-

2059 2891 2364 2938 mentorum
2391 2881 2660 2938 versutias
2685 2881 2975 2940 cavillaris.
3005 2883 3138 2938 Hinc
3163 2891 3268 2949 est,
3305 2883 3446 2953 quod
3469 2898 3624 2939 cum-

2057 2973 2176 3028 dem
2220 2971 2469 3026 abbatem
2521 2972 2623 3026 hoc
2667 2972 2983 3040 conspuissc
3023 2971 3205 3043 jurgio
3254 2974 3630 3030 stomachatus

2057 3062 2316 3116 assereris
2349 3075 2363 3114 :
2394 3059 2654 3122 Ostende,
2684 3061 2952 3130 inquiens,
2985 3060 3112 3114 mihi
3141 3060 3460 3116 authenticae
3487 3060 3636 3117 Seria

390 3175 445 3221 et
474 3167 814 3235 pollicentur,
842 3175 896 3221 et
922 3164 1131 3228 fallunt,
1169 3165 1453 3234 presbyter
1481 3163 1695 3231 quidam
1736 3161 1953 3216 Maurus

2060 3160 2228 3220 ptime
2259 3151 2605 3214 sententiam,
2635 3165 2740 3218 qua
2773 3166 2881 3215 me,
2906 3149 2990 3204 vel
3014 3149 3210 3205 mundo
3233 3150 3392 3220 digne
3423 3151 3634 3206 calum-

389 3256 630 3320 nomiue,
655 3265 778 3310 ante
801 3270 970 3309 annos
993 3269 1193 3325 paucos
1219 3269 1277 3309 se
1300 3254 1427 3308 mihi
1451 3254 1643 3308 devote
1664 3252 1952 3316 commisit,

389 3359 582 3415 meque
611 3355 841 3407 certum,
870 3346 994 3414 quia
1021 3345 1320 3399 monachus
1341 3344 1392 3397 in
1416 3357 1598 3397 eremo
1630 3343 1802 3406 fleret,
1835 3342 1957 3396 red-

389 3433 554 3499 didit;
595 3434 756 3504 paulo
798 3445 918 3503 post
947 3442 1209 3488 mutilum
1243 3442 1324 3487 est
1365 3447 1458 3487 cor
1493 3432 1629 3501 ejus,
1671 3448 1736 3487 ac
1781 3431 1956 3487 ftedus

389 3515 532 3591 quod
577 3537 675 3592 pro
705 3539 788 3577 me
815 3539 940 3578 cum
988 3523 1098 3578 Deo
1142 3523 1439 3593 pepigerat,
1468 3523 1710 3577 violavit.
1754 3521 1861 3576 Sed
1897 3529 1956 3576 ut

388 3614 606 3668 cmcitas
635 3614 828 3669 mentis
867 3623 1174 3683 erumperet
1206 3615 1256 3668 in
1298 3613 1639 3682 superficiem
1668 3612 1873 3676 carnis,
1900 3621 1956 3666 et

389 3693 564 3773 caligo
595 3719 716 3772 quae
752 3703 954 3758 latebat
1004 3703 1208 3773 liquido
1233 3704 1543 3774 pingerctur
1572 3703 1625 3757 in
1663 3701 1860 3766 fronte,
1900 3700 1954 3756 in

386 3793 505 3863 ejus
529 3792 686 3847 oculo
713 3800 934 3862 repente
953 3792 1144 3847 vulnus
1158 3791 1423 3857 oboritur,
1446 3792 1588 3860 quod
1611 3806 1756 3856 cum,
1781 3791 1955 3846 donec

387 3883 610 3942 advixit,
642 3883 927 3937 inhonesta
961 3881 1305 3937 deformitate
1333 3880 1567 3948 fwdavit.
1603 3881 1952 3935 Postmodum

388 3986 520 4026 vero
541 3972 665 4026 dum
685 3971 946 4025 orationis
974 3970 1150 4025 studio
1171 3969 1396 4024 Romam
1420 3978 1688 4037 pergeret,
1713 3984 1954 4023 amnem-

387 4077 494 4133 que
545 4063 721 4116 tenuis
773 4062 1057 4116 admodum
1107 4060 1335 4131 gurgitis
1393 4061 1780 4124 transvadcret,
1831 4074 1951 4113 cum

386 4152 569 4208 ceteri
625 4166 812 4206 omnes
865 4151 1059 4206 vadum
1114 4149 1264 4204 illmsi
1315 4156 1746 4213 transmearent,
1806 4150 1952 4204 solus

385 4255 558 4311 equus
585 4243 726 4296 illius
753 4243 930 4297 subito
953 4242 1070 4296 sine
1097 4257 1308 4296 sessore
1337 4250 1582 4310 repertus
1615 4249 1716 4296 est.
1753 4241 1953 4310 Requi-

387 4340 570 4385 rentcs
613 4331 772 4400 igitur
815 4345 960 4394 eum,
1006 4331 1130 4386 dum
1175 4345 1272 4399 per
1312 4331 1522 4385 alveum
1569 4330 1802 4384 fluminis
1846 4333 1951 4385 huc

386 4419 621 4490 illucque
663 4419 988 4484 discurrunt,
1031 4419 1187 4480 undis
1232 4420 1374 4474 hunc
1412 4419 1664 4474 obrutum
1703 4420 1951 4475 exanime

386 4510 617 4563 cadaver
660 4509 954 4562 inveniunt.
1002 4508 1115 4563 Hoc
1161 4509 1340 4577 itaque
1389 4510 1545 4562 modo
1586 4510 1714 4562 dum
1763 4517 1948 4563 sancto
1980 4486 2028 4546 Ῑ)

386 4600 664 4670 proposito
731 4599 1030 4667 vagatiouis
1101 4613 1211 4652 suae
1280 4599 1601 4667 quisquilias
1671 4599 1946 4667 prtetulit,

387 4689 664 4758 utriusque
693 4689 891 4743 laboris
926 4688 1174 4741 meritum
1205 4689 1422 4742 delusus
1449 4689 1649 4742 amisit.

459 4779 658 4833 Verum
684 4794 784 4846 ego
812 4780 937 4833 dum
965 4779 1246 4832 dulcedine
1278 4787 1380 4831 tute
1407 4778 1693 4832 charitatis
1716 4778 1943 4844 illectus,

385 4883 688 4925 sermonem
717 4869 916 4922 diutius
947 4869 1221 4936 protraho,
1255 4884 1357 4923 non
1385 4867 1525 4922 clam
1562 4883 1645 4920 me
1670 4877 1775 4931 est,
1804 4871 1946 4937 quod

386 4959 602 5012 modum
653 4957 764 5025 jam
811 4957 1111 5026 compendii
1148 4958 1453 5026 epistolaris
1507 4958 1731 5013 excedo.
1783 4957 1952 5013 Porro

385 5060 566 5106 autem
604 5063 708 5103 non
746 5062 846 5117 ego
882 5059 932 5104 te
962 5049 1191 5118 peritum
1233 5049 1380 5104 rudis
1409 5049 1692 5113 admoneo,
1742 5065 1849 5103 non
1885 5050 1988 5132 de'

386 5137 684 5207 Scripturis
717 5137 961 5207 exempla
997 5151 1254 5205 propono,
1291 5138 1385 5191 sed
1425 5144 1678 5204 tanquam
1718 5139 1952 5194 rusticus

385 5241 478 5284 res
506 5236 713 5282 tantum
741 5226 1060 5281 domesticas
1088 5225 1274 5287 retuli;
1311 5235 1369 5282 ut
1398 5226 1727 5294 quotidianis
1751 5238 1950 5282 stoma-

382 5317 546 5372 chum
574 5315 822 5384 dapibus,
845 5316 1093 5378 hebetem
1127 5315 1320 5368 vilibus
1340 5316 1405 5368 ad
1429 5315 1690 5369 edendum
1715 5317 1946 5384 siliquis,

383 5407 469 5461 vel
511 5408 692 5462 herbis
722 5407 1015 5460 virentibus
1059 5404 1374 5460 excitarem.
1423 5404 1504 5458 Ad
1553 5415 1652 5460 tua:
1696 5406 1858 5474 igitur
1899 5416 1948 5461 te

388 5497 605 5552 remitto
647 5496 842 5550 ruentis
877 5495 1188 5558 armarium,
1222 5495 1309 5548 ubi
1347 5505 1493 5549 certe
1536 5496 1778 5563 plurimae
1821 5510 1951 5549 cou-

385 5587 588 5640 duntur
613 5586 818 5654 pagina:
862 5583 1282 5654 Scripturarum.
1328 5582 1440 5637 lllic
1481 5585 1760 5651 prudentia
1791 5585 1950 5654 700

389 5685 477 5728 tua
516 5674 743 5729 solerter
771 5674 1026 5744 inquirat,
1060 5674 1188 5744 quid
1228 5674 1422 5728 melius
1454 5675 1546 5743 sit,
1575 5689 1639 5726 an
1673 5683 1728 5726 ut
1765 5690 1951 5742 persn-

2056 3242 2222 3296 nicris
2247 3242 2599 3305 abstractum,
2629 3240 2710 3294 vel
2738 3240 3048 3295 monasticw
3074 3239 3274 3310 regula:
3291 3239 3416 3309 jure
3440 3238 3619 3296 fatea-

2057 3332 2132 3384 ris
2173 3330 2484 3385 obnoxium.
2526 3329 2595 3384 Ut
2625 3329 2788 3398 igitur
2816 3329 2950 3398 legis
2977 3330 3150 3398 perito
3191 3330 3310 3384 viro
3347 3330 3402 3384 in
3433 3331 3628 3400 primis

2055 3421 2121 3474 de
2135 3419 2333 3474 forensi
2353 3419 2475 3488 jure
2497 3419 2871 3487 respondeam,
2899 3417 3156 3472 Romanis
3178 3417 3386 3487 legibus
3405 3426 3623 3473 cautum

2054 3518 2158 3574 est,
2204 3518 2264 3563 ut
2299 3509 2440 3578 quod
2481 3507 2647 3562 semel
2676 3523 2706 3561 a
2735 3506 2897 3562 dante
2920 3507 3252 3573 conceditur,
3283 3505 3428 3561 nullo
3468 3507 3628 3564 modo

2054 3609 2355 3656 revocetur.

2564 3687 2790 3744 CAPUT
2832 3687 3115 3742 PRIMUM.

2196 3799 2348 3865 Quod
2379 3797 2470 3851 Dei
2493 3808 2608 3852 vota
2630 3815 2692 3850 ac
2717 3800 2975 3867 promissa
3004 3799 3198 3852 violare
3222 3798 3370 3868 nefas
3392 3801 3480 3853 sit.

2123 3887 2256 3942 Cum
2287 3902 2415 3956 ergo
2445 3886 2557 3940 haec
2589 3887 2726 3953 apud
2757 3887 3002 3940 homines
3026 3887 3283 3954 jubeatnr
3307 3886 3476 3941 forma
3503 3903 3622 3942 ser.

2051 3979 2192 4039 vari,
2224 3986 2429 4045 quanto
2460 3974 2630 4044 magis
2662 3975 2802 4042 apud
2848 3973 3013 4027 Deum
3053 3975 3211 4028 debet
3247 3975 3626 4030 inviolabiliter

2052 4065 2352 4120 custodiri!
2421 4065 2590 4118 Honuo
2636 4063 2816 4132 itaque
2870 4073 2974 4115 non
3005 4046 3234 4118 .amittit
3276 4065 3416 4132 quod
3461 4065 3628 4118 senth

2053 4155 2265 4224 accepit
2292 4173 2304 4208 :
2341 4156 2481 4208 Deus
2511 4162 2687 4207 autem
2720 4152 3078 4222 possessionis
3104 4166 3216 4206 suae
3251 4151 3374 4219 jure
3403 4151 3620 4206 frauda-

2051 4247 2232 4300 bitur?
2264 4245 2516 4300 Terrena:
2551 4246 2756 4298 militia:
2785 4246 2967 4306 duces,
2996 4259 3093 4298 eos
3120 4243 3221 4298 sibi
3255 4244 3344 4314 qui
3378 4245 3623 4298 militiam

2051 4334 2276 4406 professi
2322 4343 2467 4398 sunt,
2513 4335 2816 4398 vindicant;
2866 4349 2962 4388 nos
3011 4335 3062 4387 in
3101 4335 3264 4388 divini
3306 4336 3614 4403 procinctus

2054 4439 2202 4478 arma
2245 4424 2513 4493 juramus,
2560 4423 2930 4476 characterem
2971 4422 3126 4476 nobis
3157 4422 3361 4476 militiae
3391 4423 3628 4477 caelestis

2055 4514 2437 4582 imprimimus,
2467 4521 2521 4565 et
2545 4521 2732 4564 notam
2777 4513 2931 4564 nobis
2957 4511 3174 4567 inurere
3205 4514 3490 4584 transfugii
3517 4530 3628 4578 non

2054 4601 2343 4655 timemus?
2371 4599 2576 4653 Dedisti
2610 4599 2718 4653 Deo
2743 4614 2850 4652 non
2885 4615 3098 4664 aurum,
3133 4615 3235 4654 non
3268 4616 3489 4670 equum,
3519 4618 3629 4664 non

2053 4687 2286 4755 denique
2311 4687 2566 4751 alienum,
2597 4685 2738 4754 quod
2766 4694 2922 4739 extra
2949 4695 3020 4748 te,
3050 4687 3142 4740 sed
3176 4689 3542 4755 temetipsum,
3571 4698 3629 4747 ct

2053 4792 2197 4830 nunc
2219 4776 2537 4830 subtrahere
2561 4774 2787 4829 niteris?
2810 4774 2982 4839 Quam
3003 4789 3133 4842 ergo
3151 4791 3384 4828 mercem
3410 4778 3523 4829 vice
3548 4778 3626 4831 tui

2053 4865 2279 4922 Domino
2312 4864 2679 4932 pcrmutabis‘i
2711 4882 2728 4915 ι
2759 4863 2929 4928 Quam
2957 4865 3100 4916 enim
3139 4867 3619 4923 commutationem

2055 4956 2200 5014 dabit
2217 4957 2376 5010 homo
2397 4969 2493 5024 pro
2515 4954 2692 5010 anima
2715 4955 2845 5012 sua?
2867 4953 3080 5023 (Matth.
3107 4970 3194 5009 xu
3225 4957 3282 5024 )›
3310 4953 3628 5024 Quanquam

2054 5043 2264 5116 Moyses
2289 5043 2341 5098 in
2363 5042 2478 5112 lege
2497 5042 2800 5111 praecipiat:
2832 5061 2850 5096 t
2881 5041 3075 5107 Homo,
3102 5044 3293 5112 inquit,
3319 5043 3410 5112 qui
3443 5053 3626 5098 votmn

2056 5134 2249 5189 fecerit
2279 5144 2333 5188 et
2350 5133 2817 5203 spoponderitDeo
2833 5135 3068 5190 animam
3091 5150 3268 5198 suam,
3293 5132 3630 5187 submstima-

2057 5227 2201 5280 tione
2223 5225 2377 5292 701
2395 5223 2543 5277 dabit
2563 5225 2790 5293 pretium
2810 5223 3200 5293 (lavinxxvu).
3224 5244 3242 5275 ι
3273 5223 3371 5277 Ubi
3403 5221 3630 5276 solerter

2054 5315 2432 5368 attendendum
2485 5323 2566 5367 est
2596 5316 2734 5381 quod
2789 5315 2944 5384 paulo
2973 5317 3197 5368 inferius
3245 5312 3625 5368 subinfertur:

2062 5425 2078 5457 ι
2111 5405 2278 5460 Omne
2298 5404 2439 5473 quod
2471 5404 2694 5459 Domino
2722 5413 3087 5467 consecratur,
3121 5405 3231 5457 sive
3255 5405 3415 5458 homo
3441 5404 3626 5468 fuerit,

2055 5497 2167 5549 sive
2200 5495 2422 5558 animal,
2452 5495 2562 5548 sive
2591 5510 2737 5564 ager,
2791 5511 2893 5549 non
2923 5495 3098 5554 vcndi.
3136 5511 3230 5550 nec
3262 5496 3452 5552 redimi
3481 5507 3631 5564 pote.

2059 5586 2154 5648 rit;
2189 5584 2446 5653 quidquid
2488 5586 2629 5638 enim
2674 5585 2837 5638 semel
2867 5585 3028 5639 fuerit
3068 5595 3464 5651 consecratum,
3497 5604 3626 5642 san-

2056 5686 2199 5730 ctum
2233 5688 2538 5731 sanctorum
2569 5677 2668 5730 erit
2719 5677 2938 5730 Domino
2973 5677 3176 5746 (litat).
3213 5698 3228 5731 ι
3276 5681 3408 5735 Audi
3441 5685 3625 5745 etiarn,
