4074 6190
439 377 544 431 675

904 373 961 429 S.
990 373 1193 430 PETRI
1234 376 1515 432 DAMIANI
1555 375 1702 431 OPP.
1746 374 1979 430 TOMUS
2018 374 2143 430 SICL‘
2178 373 2353 429 PARS
2392 374 2473 428 III.
2508 405 2574 413 -—-
2605 375 2963 431 OPUSCULA
3002 375 3229 431 VARIA.

3589 385 3694 440 676

440 490 514 543 ﬁli
562 487 656 551 mi»,
689 500 863 556 quam-
901 488 1195 540 terribilem
1252 489 1304 542 in
1343 497 1394 542 te
1439 488 1760 542 sententiam
1793 489 1875 540 vir
1933 502 2017 540 sa-
2046 494 2091 547 Α
2124 494 2312 539 traneo
2344 488 2695 555 spopondisti,
2748 490 2841 542 sed
2892 491 3227 558 temetipsum
3259 492 3366 547 Deo
3395 497 3701 564 specialiter

437 578 592 645 piens
622 576 905 630 manifeste
958 578 1237 645 depromat
1276 591 1290 630 :
1328 597 1345 629 ‹
1376 577 1606 640 Ιιιῑιίυιη,
1633 579 1726 641 ait,
1758 577 2019 644 superbia:

439 666 695 729 hominis,
729 672 1036 732 apostatare
1065 679 1091 715 a
1122 665 1252 727 Deo,
1312 666 1566 733 quoniam
1590 666 1657 719 ab
1685 680 1749 719 eo
1773 666 1862 733 qui
1894 666 2021 718 fecit

439 757 589 809 illum
645 756 863 809 recessit
893 768 987 806 cor
1011 753 1157 821 ejus;
1183 756 1441 823 quoniam
1470 756 1676 808 initium
1699 756 1874 809 omnis
1897 770 2023 823 pec-

437 845 545 898 cati
602 852 685 897 est
749 844 997 910 superbia
1058 858 1071 894 :
1137 843 1225 911 qui
1286 844 1517 897 tenuerit
1574 842 1763 906 illam,
1841 842 2017 895 adim-

436 935 669 1003 plebitur
712 920 1011 987 maledictis
1043 973 1057 995 ,
1135 942 1189 986 et
1234 935 1510 987 subvertet
1563 949 1685 987 eum
1745 934 1796 986 in
1858 932 2019 986 ﬁnem

435 1024 630 1094 (Eccli.
665 1024 739 1084 χ).
785 1043 801 1073 ι

507 1116 671 1185 Ergo,
712 1114 882 1167 frater
913 1114 1004 1174 mi.
1047 1114 1199 1182 juxta
1228 1114 1513 1169 consilium
1542 1115 1782 1184 ejusdem
1810 1114 2021 1183 sapien~

436 1204 506 1258 tis
538 1222 549 1256 :
589 1223 607 1255 ί
644 1205 977 1259 Convertere
1004 1205 1071 1257 ad
1100 1205 1407 1271 Dominum,
1442 1214 1498 1259 et
1527 1206 1771 1275 relinque
1799 1215 2017 1274 peccata

433 1302 548 1357 tua,
580 1308 802 1363 precare
840 1303 963 1346 ante
1002 1293 1195 1347 faciem
1240 1294 1355 1358 Dei,
1384 1304 1440 1348 et
1483 1294 1665 1348 minue
1701 1293 2017 1348 offendicula

430 1382 644 1452 (Ibid.).
682 1402 700 1433 ι
758 1382 856 1436 Ubi
912 1392 1107 1451 praesto
1158 1381 1479 1452 subiungit:
1545 1402 1564 1433 ι
1609 1383 1904 1438 Revertere
1950 1385 2017 1437 ad

433 1471 823 1534 Dominum,et
867 1482 1114 1525 avertere
1150 1472 1217 1526 ab
1275 1472 1533 1540 injustitia
1588 1482 1714 1537 tua;
1763 1482 1818 1527 ct
1858 1473 2019 1529 nimis

430 1563 578 1618 edito
601 1565 1048 1627 exsecrationem,
1080 1574 1133 1619 et
1158 1580 1419 1635 cognosce
1444 1565 1683 1635 justitias
1716 1574 1770 1619 et
1812 1563 2015 1631 judicia

432 1652 548 1716 Dei,
570 1661 625 1705 et
642 1662 724 1706 sta
747 1653 799 1705 in
822 1662 968 1707 sorte
990 1653 1370 1723 propositionis
1399 1664 1453 1709 et
1478 1655 1740 1709 orationis
1769 1655 2015 1709 altissimi

431 1738 526 1793 Dei
556 1739 763 1810 (lbid.).
800 1760 817 1791 ι
849 1741 979 1795 Illud
1018 1742 1183 1795 etiam
1236 1743 1479 1812 ejusdem
1506 1744 1608 1798 viri
1641 1754 1692 1797 te
1744 1760 1849 1798 non
1880 1760 2015 1813 prae-

2122 575 2388 629 obtulisti!
2415 577 2638 646 Ctrpisti
2685 578 2903 647 quidem
2956 580 3121 633 divini
3150 583 3351 636 amoris
3384 584 3501 653 igne
3526 586 3701 645 ferve-

2122 679 2293 729 scere,
2323 680 2443 719 cum
2479 674 2527 721 te
2575 668 2861 721 decrevisti
2900 669 3106 723 militiae
3153 671 3387 726 cmlestis
3437 676 3699 747 obsequio

2120 754 2429 823 mancipare
2463 773 2474 809 :
2511 757 2702 811 ardere
2732 758 2934 813 scilicet
2955 776 3050 827 per
3079 761 3323 829 spiritum
3352 767 3585 834 coepisti,
3606 772 3699 825 sed

2121 856 2218 909 per
2244 843 2563 911 degenerem
2598 847 2779 901 carnis
2819 847 3088 914 ignaviam
3134 852 3369 918 tt-puisti.
3404 854 3557 925 Unde
3605 873 3699 926 per

2119 929 2494 999 Apocalypsim
2525 931 2748 987 Joannis
2775 936 3039 989 sententia
3069 937 3247 991 haecin
3284 950 3334 994 te
3362 943 3539 996 divina
3571 945 3700 999 diri-

2119 1019 2282 1086 gitur,
2314 1034 2433 1073 cum
2460 1029 2679 1091 torpens
2717 1024 2929 1079 animus
2960 1034 3082 1079 tuus
3120 1042 3150 1081 a
3187 1024 3393 1085 sanctor
3422 1036 3700 1103 proposito

2119 1120 2447 1165 revocatur:
2503 1132 2521 1163 ε
2555 1112 2770 1167 Utinam
2825 1114 3049 1187 frigidus
3102 1134 3250 1175 esses
3313 1124 3405 1176 aut
3456 1126 3697 1192 calidus;

2120 1198 2214 1252 sed
2237 1201 2360 1268 quia
2391 1202 2601 1270 tepidus
2630 1220 2711 1267 es,
2739 1213 2794 1260 et
2832 1222 2933 1262 nec
2978 1208 3222 1279 frigidus,
3256 1229 3429 1283 neque
3468 1216 3697 1282 calidus,

2121 1288 2372 1357 incipiam
2406 1301 2457 1346 te
2505 1308 2754 1349 evomere
2781 1311 2849 1351 ex
2876 1313 2973 1353 ore
3008 1315 3127 1353 meo
3152 1300 3334 1370 (Apoc.
3365 1306 3469 1375 ιιι).
3500 1325 3519 1359 ι
3555 1307 3699 1364 Sane

2121 1392 2477 1455 praeterquam
2503 1387 2654 1443 cibus
2682 1391 2970 1456 evomitur,
3000 1393 3132 1447 nulli
3164 1410 3391 1463 prorsus
3422 1401 3541 1453 usui
3562 1416 3697 1455 con-

2118 1488 2284 1542 gruus
2330 1475 2623 1543 judicatur.
2649 1479 2728 1535 Tu
2776 1496 2904 1536 vero
2948 1492 3003 1538 et
3038 1484 3090 1538 in
3119 1502 3315 1556 corpus
3343 1488 3546 1545 Christi
3579 1500 3698 1546 tan-

2118 1579 2282 1633 quam
2320 1580 2487 1620 suave
2516 1568 2825 1625 refectionis
2853 1573 3066 1641 epulum
3097 1576 3375 1645 trajecisti,
3415 1581 3539 1636 dum
3595 1585 3697 1637 ob-

2119 1655 2399 1709 servandis
2428 1655 2546 1725 ejus
2576 1659 2819 1715 excubiis
2853 1670 2902 1714 te
2932 1677 3029 1731 per
3047 1651 3700 1734 astipulationis'etcom-

2118 1742 2393 1798 missionis
2438 1744 2700 1812 judicium
2758 1751 3056 1817 tradidisti;
3112 1770 3255 1809 nunc
3306 1766 3504 1824 autem,
3561 1764 3696 1830 proh

434 1837 605 1883 tereat
628 1845 638 1878 :
660 1848 677 1879 ‹
715 1828 833 1883 Νοη
854 1830 1171 1900 jmpediaris
1192 1847 1349 1887 orare
1372 1848 1602 1902 semper,
1625 1844 1679 1888 et
1701 1850 1802 1889 non
1826 1850 2013 1889 verea-
2046 1835 2085 1893 Β
2116 1831 2296 1885 dolor!
2339 1836 2493 1901 quasi
2537 1835 2809 1892 fastiditus
2842 1847 3131 1909 evomeris,
3166 1846 3290 1899 dum
3322 1858 3500 1903 votum
3535 1866 3698 1920 spon-

429 1917 507 1972 ris
536 1932 707 1987 usque
759 1920 826 1974 ad
856 1931 1082 1974 mortem
1131 1921 1456 1990 justiticari;
1498 1929 1752 1994 quoniam
1803 1942 2011 1981 merces

431 2009 643 2065 Domini
667 2020 847 2066 manet
873 2012 925 2066 in
949 2022 1211 2067 aeternum
1242 2015 1433 2084 (Eccli.
1466 2018 1669 2087 χγιιι).›
1698 2018 1827 2071 Illud
1848 2019 2010 2072 etiam

428 2116 534 2156 non
559 2101 940 2157 obliviscaris:
987 2122 1006 2155 ι
1050 2103 1164 2159 Νοη
1220 2108 1401 2161 tardes
1447 2111 1690 2163 converti
1738 2112 1803 2163 ad
1833 2112 2014 2164 Domi-

426 2200 576 2253 num,
605 2197 660 2243 et
708 2205 775 2244 ne
817 2190 1033 2246 differas
1077 2193 1143 2247 de
1189 2194 1275 2247 die
1319 2195 1371 2248 in
1420 2197 1591 2261 diem;
1641 2198 1819 2252 subito
1866 2200 2009 2253 enim

424 2275 608 2328 veniet
642 2277 721 2329 ira
748 2277 911 2343 illius,
945 2290 998 2333 et
1044 2283 1097 2335 in
1153 2292 1393 2350 tempore
1441 2286 1689 2340 vindicta:
1739 2287 2013 2356 disperdet

430 2370 486 2416 te
514 2360 796 2434 (Eccli.v).
830 2386 848 2419 ι
903 2368 1252 2425 Ecclesiastes
1277 2373 1438 2425 etiam
1489 2373 1660 2429 dicit:
1696 2394 1713 2426 ι
1746 2376 2012 2432 Memento

427 2448 706 2506 Creatoris
743 2455 818 2507 tui
852 2455 904 2508 in
938 2457 1126 2512 diebus
1167 2460 1466 2526 juventutis
1515 2472 1619 2516 tuae
1646 2504 1661 2527 ,
1723 2476 2010 2534 antequam

424 2540 609 2625 veniat
657 2549 868 2611 tempus
915 2545 1219 2604 afflictionis
1282 2558 1384 2606 tuae
1412 2590 1426 2617 ,
1483 2561 1538 2606 et
1584 2556 2013 2625 appropinquent

426 2618 555 2683 ﬁni
575 2629 641 2684 de
664 2631 860 2699 quibus
880 2633 1028 2690 dicas
1055 2654 1068 2689 :
1091 2636 1204 2692 Non
1232 2639 1362 2693 mihi
1387 2640 1594 2711 placent
1617 2618 1813 2714 ζίἰεεῖε.
1841 2618 1960 2715 xu).
1988 2665 2006 2696 ι

1051 2727 1279 2783 CAPUT
1318 2733 1379 2784 ιι.
1946 2806 1971 2819 η

493 2812 648 2878 Quod
666 2816 755 2884 qui
775 2826 890 2869 vota
913 2832 1017 2871 non
1042 2820 1264 2889 perﬁcit,
1287 2821 1453 2874 Deum
1477 2824 1683 2876 videtur
1702 2826 1937 2880 irridere.

493 2900 743 2958 Obtulisti
778 2908 1118 2976 temetipsum
1155 2909 1287 2975 Deo,
1332 2922 1387 2965 et
1434 2912 1607 2967 factus
1654 2915 1835 2984 refuga
1886 2920 2013 2973 sub-

424 2991 680 3045 traxisti?
718 2993 889 3049 Deum
911 3011 1161 3063 puerum,
1192 3008 1245 3052 et
1286 3007 1335 3052 te
1363 3000 1495 3055 facis
1522 3017 1702 3055 ovum.
1728 3002 1859 3057 Nam
1884 3005 2009 3060 dum

424 3085 479 3131 te
507 3078 608 3132 sibi
637 3081 785 3148 prius
813 3084 1054 3138 oblatum
1078 3088 1311 3152 conaris,
1349 3090 1502 3157 quasi
1544 3090 1775 3145 ludendo
1801 3096 2006 3148 subdu-

2114 1921 2283 1976 sionis
2312 1922 2607 1992 refringere
2660 1942 2724 1980 ac
2756 1928 2957 1982 violare
2986 1933 3229 1999 conaris;
3262 1950 3369 1996 non
3411 1940 3697 1997 attendens

2115 2012 2256 2078 quod
2283 2012 2335 2065 in
2368 2012 2509 2068 libro
2538 2014 2756 2071 Numeri
2778 2034 2876 2087 per
2898 2019 3115 2089 Moysen
3146 2023 3404 2081 Dominus
3433 2028 3509 2082 ait
3534 2047 3550 2083 :
3586 2048 3610 2082 ι
3638 2031 3695 2088 Si

2114 2101 2235 2168 quis
2278 2101 2519 2156 virorum
2561 2114 2743 2159 votum
2781 2107 3010 2164 Domino
3038 2115 3266 2179 voverit,
3320 2128 3412 2172 aut
3460 2135 3521 2175 se
3569 2136 3699 2177 con-

2114 2188 2393 2243 strinxerit
2440 2188 2769 2259 juramento,
2825 2213 2931 2252 non
2988 2201 3149 2257 faciet
3212 2204 3422 2260 irritum
3470 2212 3695 2267 verbum

2114 2291 2300 2343 suum;
2349 2281 2444 2334 sed
2486 2296 2643 2338 omne
2682 2288 2825 2357 quod
2865 2292 3159 2358 promisit,
3219 2294 3463 2365 implebit
3502 2300 3694 2369 (Nam.

2113 2380 2217 2419 xxx
2266 2367 2308 2436 ).
2347 2388 2365 2420 ι
2400 2369 2467 2424 Et
2504 2372 2719 2440 quidem
2742 2376 2795 2430 in
2823 2390 3113 2449 conspectu
3141 2383 3417 2442 hominum
3449 2367 3697 2450 laicuses

2112 2471 2209 2525 per
2228 2460 2594 2527 paludamenti
2645 2481 2709 2521 ac
2737 2470 3011 2525 saecularis
3042 2474 3256 2531 habitus
3284 2480 3555 2547 speciem;
3602 2487 3697 2539 sed

2114 2547 2168 2601 in
2198 2549 2291 2604 Dei
2334 2553 2721 2623 omnipotentis
2769 2558 3046 2617 obtutibus
3099 2580 3129 2617 a
3163 2570 3427 2624 monacho
3452 2573 3699 2629 cecidisti

2112 2654 2209 2709 per
2236 2642 2488 2698 violatam
2519 2648 2659 2702 sacri
2694 2653 2953 2718 propositi
2982 2657 3347 2723 sponsionem.
3375 2659 3570 2715 Coram
3601 2664 3699 2717 ho-

2115 2732 2351 2785 minibus
2376 2745 2527 2791 stare
2553 2741 2910 2809 conspiceris,
2935 2746 3029 2799 sed
3070 2746 3124 2800 in
3167 2760 3455 2820 conspectu
3484 2752 3697 2809 Domini

2115 2822 2377 2877 cecidisti.
2409 2826 2541 2881 Nam
2568 2830 2709 2897 quod
2742 2832 2834 2885 tibi
2864 2832 3040 2889 fuerat
3076 2846 3203 2894 ante
3254 2844 3692 2899 commissioneln

2113 2910 2344 2979 licitum,
2375 2917 2441 2971 de
2490 2931 2693 2976 caetero
2747 2924 2841 2979 tibi
2893 2925 3059 3001 licere
3090 2945 3195 2985 non
3223 2932 3446 3001 poterit,
3482 2938 3608 2990 dum
3659 2952 3693 2991 a

2113 3002 2351 3060 melioris
2379 3010 2636 3077 propositi
2662 2997 3046 3071 deliberatione
3068 2997 3397 3077 succumbis.

2728 3104 2955 3162 CAPUT
2993 3108 3079 3163 III.

422 3182 571 3231 cere,
629 3169 827 3224 videris
868 3187 989 3226 eum
1032 3174 1167 3229 velle
1212 3176 1357 3235 velut
1417 3193 1640 3247 puerum
1690 3180 2002 3248 obgaunire.
2034 3170 2080 3230 (δ
2165 3186 2315 3243 Bona
2340 3206 2494 3259 opera
2523 3192 2681 3262 [idem
2708 3195 3059 3267 frangentium
3090 3202 3193 3257 Deo
3224 3206 3396 3260 minus
3420 3207 3643 3277 placent.

442 3256 658 3277 sun..-
868 3276 873 3277 γ
960 3262 999 3277 η
1264 3265 1276 3275 .
1346 3266 1444 3277 ..ν
1581 3267 1612 3277 ,κ
1805 3271 1815 3277 .

432 3276 450 3307 ι
486 3256 677 3312 Nolite-
699 3274 915 3326 errare;
959 3262 1102 3317 Deus
1129 3265 1538 3320 nonirridetur.
1574 3267 1703 3334 Qute
1731 3271 1874 3325 enim
1920 3287 2008 3328 sc-

426 3345 722 3401 minaverit
746 3348 925 3412 homo,
954 3351 1069 3404 haec
1091 3361 1255 3406 metet
1291 3350 1434 3422 (Gal.
1466 3356 1561 3425 vi).
1608 3376 1627 3407 ι
1664 3357 1881 3414 ῡοΙνιιίιίε
1909 3376 2007 3413 au-

392 3462 393 3465 η
420 3435 887 3499 ctorem,oﬂendis
908 3439 1186 3493 mendacio
1209 3441 1509 3496 veritatem.
1536 3444 1703 3501 Porro
1726 3462 1846 3500 eum
1871 3448 2011 3505 Deus

419 3526 492 3577 sit
518 3527 887 3592 proculdubio
905 3530 1138 3594 Veritas,
1169 3532 1314 3586 nullo
1344 3536 1514 3604 magis
1535 3535 1824 3592 offenditur
1878 3542 2009 3596 vitio

421 3628 579 3680 quam
604 3616 901 3669 mendacio.
932 3617 1069 3671 Audi
1102 3620 1283 3688 itaque
1320 3624 1451 3691 quid
1506 3626 1559 3679 in
1594 3626 2008 3685 Deutcronomio

421 3717 517 3769 per
571 3702 789 3772 Moysen
840 3705 1097 3762 Dominus
1139 3691 1283 3765 dicat
1316 3729 1330 3767 :
1368 3732 1387 3764 ε
1421 3713 1554 3769 Cum
1584 3727 1766 3771 votum
1798 3723 2008 3777 voveris

420 3792 649 3848 Domino
672 3794 782 3850 Deo
805 3805 916 3861 tuo,
942 3814 1045 3853 non
1078 3802 1313 3858 lardabis
1338 3807 1593 3872 reddere;
1618 3810 1744 3877 quia
1770 3813 2009 3880 requiret

422 3886 547 3940 illud
576 3887 834 3945 Dominus
861 3891 1002 3946 Deus
1031 3904 1184 3961 tuus;
1214 3906 1268 3951 et
1291 3899 1334 3951 si
1368 3908 1605 3955 moratus
1633 3901 1815 3965 fueris,
1844 3921 2003 3974 repu-

423 3979 624 4034 tabitur
646 3981 738 4036 tibi
765 3983 816 4036 in
839 3995 1119 4053 peccatum
1150 4006 1161 4040 :
1191 3990 1237 4042 si
1260 3990 1495 4045 nolueris
1519 3994 1773 4061 polliceri,
1802 3998 2005 4065 absque

420 4079 642 4137 peccato
668 4074 810 4137 eris;
836 4076 977 4144 quod
1007 4087 1186 4133 autem
1216 4082 1384 4136 semel
1410 4099 1690 4153 egressum
1723 4096 1810 4142 est
1835 4089 1900 4143 de
1930 4090 2007 4142 la-

420 4161 521 4215 biis
548 4164 674 4241 tuis,
701 4165 1041 4232 observabis,
1069 4179 1122 4224 et
1152 4171 1322 4227 facies
1379 4176 1522 4229 sicut
1568 4179 1862 4245 promisisti
1896 4181 2001 4233 Do-

419 4252 565 4307 mino
620 4256 726 4309 Deo
761 4266 870 4323 tuo,
920 4271 979 4313 et
1011 4264 1228 4330 propria
1260 4265 1556 4330 voluntate,
1587 4278 1642 4322 et
1677 4286 1773 4325 ore
1807 4280 1896 4325 tuo
1928 4273 2004 4325 I0-

416 4349 574 4394 cutus
614 4357 674 4395 es
703 4343 881 4411 (Deut.
935 4350 1113 4414 xxm).
1150 4369 1168 4400 ι
1198 4350 1308 4405 Imo
1334 4358 1604 4421 perpende
1651 4358 1894 4427 insuper,
1948 4370 2003 4415 et

340 4490 341 4493 η
416 4425 535 4480 haec
554 4444 716 4496 quam
743 4430 1090 4488 formidolosa
1114 4440 1381 4491 sententia
1402 4443 1492 4505 sit,
1517 4458 1676 4510 quam
1701 4425 1796 4514 per
1824 4447 2001 4502 Evan-

2184 3278 2289 3333 Sed
2316 3282 2441 3350 quia
2469 3285 2599 3338 mihi
2625 3285 2763 3342 forte
2792 3304 2896 3343 non
2922 3292 3121 3357 credis,
3155 3296 3400 3366 meisque
3426 3302 3695 3355 sermoni-

2111 3368 2213 3423 bus
2265 3369 2425 3425 ﬁdem
2471 3375 2729 3430 adhibere
2773 3382 3094 3446 contemnis,
3132 3370 3318 3441 beatus
3357 3388 3549 3443 saltem
3594 3390 3694 3444 tibi

2110 3457 2406 3528 Gregorius
2434 3477 2571 3531 papa
2598 3464 2843 3533 sufficiat,
2876 3470 2966 3537 qui
2997 3471 3101 3526 hoc
3136 3473 3186 3526 in
3214 3476 3371 3529 tertia
3398 3479 3696 3546 expositio-

2111 3549 2194 3603 nis
2217 3551 2437 3606 homilia
2472 3568 2636 3623 super
2663 3555 3025 3625 Ezechielem,
3055 3578 3152 3631 per
3189 3564 3304 3618 hzcc
3335 3567 3525 3622 eadem
3573 3582 3696 3636 quae

2108 3639 2481 3707 supponimus,
2514 3642 2674 3697 verba
2704 3644 2986 3701 declarat:
3036 3666 3053 3699 ι
3095 3649 3254 3715 Sunt,
3306 3653 3403 3717 ait,
3452 3655 3695 3709 nonnulli

2109 3727 2198 3796 qui
2236 3728 2372 3782 bona
2404 3731 2618 3798 quidem
2671 3750 2791 3802 quae
2838 3752 3105 3793 noverunt
3163 3754 3474 3810 operantur,
3533 3755 3695 3817 atque

2108 3817 2223 3872 bare
2269 3831 2574 3887 operantes,
2627 3825 2848 3881 meliora
2893 3830 3227 3899 deliberant;
3260 3836 3352 3889 sed
3395 3846 3694 3891 retractan-

2108 3919 2187 3966 tes
2213 3912 2454 3978 meliora,
2486 3930 2606 3985 qua:
2647 3917 3077 3977 deliberaverant
3132 3925 3437 3980 immutant.
3486 3929 3551 3982 Et
3577 3931 3695 3999 qui-

2106 4000 2227 4055 dem
2267 4001 2406 4057 bona
2437 4016 2603 4075 agunt
2628 4024 2747 4077 qua:
2791 4023 3108 4080 coeperunt;
3142 4017 3233 4069 sed
3283 4032 3312 4069 a
3356 4019 3691 4084 melioribus,

2107 4108 2227 4159 quae
2282 4094 2757 4165 deliberaverant,
2807 4107 3186 4160 succumbunt.
3246 4127 3263 4159 ι
3324 4109 3387 4161 Hi
3438 4111 3691 4165 nimirum

2106 4191 2231 4235 ante
2269 4184 2501 4239 humana
2549 4187 2753 4254 judicia
2790 4202 2937 4248 stare
2980 4196 3231 4250 videntur
3276 4198 3326 4251 in
3369 4212 3555 4267 opere,
3600 4203 3693 4255 sed

2105 4283 2231 4325 ante
2264 4276 2647 4343 omnipotentis
2681 4281 2773 4334 Dei
2814 4284 2997 4338 oculos
3052 4287 3361 4340 ceciderunt
3398 4288 3449 4341 in
3483 4289 3690 4344 delibe-

2107 4364 2334 4416 ratione.
2392 4365 2540 4420 Uude
2600 4369 2659 4420 fit
2711 4370 3051 4440 plerumque,
3091 4383 3149 4427 ut
3195 4385 3252 4429 et
3313 4375 3513 4430 bonum
3557 4393 3694 4447 opus

2106 4466 2291 4506 eorum
2335 4454 2511 4510 minus
2570 4458 2779 4525 placeat
2826 4461 2981 4527 Deo;
3038 4464 3163 4531 quia
3214 4481 3335 4519 cum
3395 4482 3493 4536 per
3542 4484 3691 4522 men-

1702 4511 1715 4514 _
2570 4511 2583 4525 ι
2675 4511 2713 4512 νί
2768 4511 2777 4513 ~
2827 4511 2928 4516 ίνν-
2966 4511 2980 4527 ν
3042 4511 3163 4531 -ι---
3216 4511 3335 4519 ν·---·
3395 4511 3482 4536 ιη’·
3542 4511 3663 4522 ·“·ν··

414 4515 617 4584 gelium
652 4520 913 4576 Dominus
968 4525 1199 4589 intonat,
1230 4528 1462 4583 dicens:
1498 4551 1518 4583 ι
1565 4533 1732 4589 Nemo
1786 4540 2003 4595 mittens
2032 4511 2081 4568 D
2108 4540 2181 4593 tis
2239 4542 2681 4600 deliberationem
2739 4549 2789 4602 in
2846 4550 3052 4605 meliori
3108 4555 3275 4622 gradu
3320 4556 3692 4613 inconstanter

417 4620 638 4660 manum
662 4622 814 4662 suam
847 4612 915 4665 ad
943 4622 1205 4679 aratrum,
1236 4625 1290 4670 et
1324 4621 1617 4688 respiciens
1648 4635 1813 4688 retro,
1846 4637 2005 4698 aptus

410 4705 504 4751 est
517 4712 682 4767 regno
703 4699 796 4754 Dei
820 4701 969 4773 (Luc.
1001 4706 1100 4773 ix).
1134 4726 1151 4757 ι
1181 4707 1547 4778 Spopondisti,
1580 4723 1633 4769 et
1663 4719 2001 4784 sponsionem

420 4788 624 4845 violare
646 4807 752 4846 non
779 4797 1011 4850 metuis?
1047 4796 1268 4863 Vovisti,
1299 4811 1356 4855 et
1378 4814 1559 4859 votum
1588 4808 1804 4863 solvere
1830 4812 2003 4881 negli-

411 4877 535 4948 (ςἰεῖ
563 4896 682 4934 cum
704 4882 987 4940 Psalmista
1014 4886 1161 4941 dicat
1186 4907 1199 4942 :
1233 4908 1251 4941 ι
1287 4892 1484 4948 Vovete
1514 4905 1570 4950 ct
1593 4898 1800 4953 reddite
1824 4877 1998 4969 (ιιὲαι.

411 4971 599 5041 LXXV).
636 4992 654 5024 ι
693 4974 948 5031 Salomon
1001 4981 1166 5034 etiam
1215 4982 1270 5036 in
1325 4984 1672 5044 Proverbiis:
1710 5010 1729 5042 ί
1767 4992 1865 5047 Fili
1902 4995 1994 5059 mi,

415 5059 612 5129 inquit,
659 5063 705 5117 si
741 5068 1094 5134 spoponderis
1118 5085 1215 5138 pro
1242 5074 1420 5128 amico
1443 5085 1556 5142 tuo,
1584 5068 1817 5135 defixisti
1858 5085 2000 5153 apud

412 5160 734 5206 extraneum
793 5170 1011 5211 manum
1072 5168 1267 5227 tuam;
1327 5163 1650 5235 illaqueatus
1707 5186 1768 5225 es
1820 5174 1998 5229 verbis

411 5236 528 5295 eris
552 5240 649 5307 tui,
681 5252 737 5296 et
759 5253 949 5313 captus
979 5249 1213 5317 propriis
1259 5257 1601 5311 sermonibus
1648 5258 1755 5314 tuis
1812 5258 1994 5323 (Prov.

414 5329 511 5398 vr).
547 5348 566 5381 ι

486 5419 645 5490 702
676 5423 733 5477 Si
774 5440 901 5495 ergo
930 5442 1148 5483 manum
1180 5446 1333 5487 suam
1386 5437 1526 5504 apud
1562 5449 1880 5493 extraneum
1912 5442 1999 5497 ille

415 5509 623 5581 defigit,
653 5524 708 5568 et
738 5519 1023 5575 reddendae
1057 5538 1157 5591 pro
1188 5540 1253 5579 eo
1308 5528 1503 5582 rationi
1544 5546 1662 5585 sese
1705 5533 1994 5588 obnoxium

412 5597 569 5663 facit,
600 5603 689 5669 qui
719 5621 816 5673 pro
850 5610 1024 5663 amico
1050 5614 1397 5681 Spoponderit
1418 5656 1433 5677 ,
1467 5629 1668 5685 quanto
1714 5624 1883 5692 magis
1938 5634 1994 5679 tu

411 5692 757 5751 ratiocinium
788 5700 895 5754 Deo
941 5702 1119 5769 debes,
1154 5706 1244 5773 qui
1276 5724 1379 5761 non
1412 5725 1508 5777 pro
1536 5711 1711 5765 alieno
1769 5716 1846 5766 vel
1900 5732 1991 5769 ex~

2107 4629 2347 4696 ponitur,
2405 4632 2508 4687 hoc
2576 4634 2752 4703 ipsum
2814 4640 3156 4710 cogitationis
3210 4644 3573 4702 inconstantia
3599 4663 3693 4704 ac-

2106 4728 2279 4773 cusat.

2180 4808 2283 4863 Sed
2311 4812 2438 4879 quia
2496 4814 2719 4881 perfecti
2760 4819 2967 4888 quique
3008 4838 3202 4892 magna
3233 4840 3293 4879 se
3343 4826 3687 4881 discretionis

2105 4898 2401 4954 subtilitate
2428 4905 2789 4972 conspiciunt,
2827 4924 2894 4962 ne
2925 4912 2991 4963 ad
3039 4911 3307 4967 deteriora
3342 4929 3580 4983 unquam
3604 4916 3685 4970 vel

2100 4990 2158 5042 in
2178 5002 2367 5057 opere,
2394 4992 2479 5045 vel
2507 4993 2559 5046 in
2592 4996 2918 5064 cogitatione
2956 5000 3307 5068 delabantur;
3340 5014 3396 5058 et
3424 5016 3681 5073 quantum

2104 5085 2343 5151 quotidie
2365 5087 2673 5155 proficiunt,
2702 5090 3033 5146 incessanter
3054 5105 3303 5164 pensant,
3330 5107 3476 5151 recte
3504 5099 3571 5153 de
3602 5099 3683 5152 his

2105 5171 2301 5226 dicitur
2326 5190 2338 5226 :
2366 5192 2387 5225 ‹
2425 5174 2539 5231 Non
2583 5180 3012 5259 revertebantur,
3042 5198 3171 5237 cum
3211 5185 3560 5251 incederent;
3587 5186 3680 5242 sed

2107 5268 2523 5337 unumquodque
2548 5279 2674 5324 ante
2704 5270 2893 5326 faciem
2916 5288 3068 5328 suam
3090 5277 3440 5343 gradiebatur
3465 5279 3680 5348 (Exerit.

2119 5353 2181 5421 ι).
2265 5373 2287 5409 ι
2392 5357 2471 5411 Τυ
2516 5370 2694 5415 autem
2725 5372 2795 5425 te,
2827 5365 2898 5417 mi
2933 5364 3122 5430 frater,
3154 5380 3378 5423 econtra
3412 5380 3684 5440 retrogra-

2107 5442 2231 5496 dum
2281 5446 2527 5512 exhibes,
2555 5450 2679 5503 dum
2710 5449 2868 5523 703
2895 5470 3005 5508 non
3030 5472 3158 5510 cum
3208 5459 3409 5513 sanctis
3438 5460 3685 5514 animali-

2105 5532 2204 5586 bus
2234 5544 2357 5589 ante
2395 5536 2585 5593 faciem
2634 5549 2777 5595 tuam
2821 5547 3083 5613 graderis,
3112 5550 3205 5603 sed
3240 5552 3528 5607 ridiculose
3560 5562 3681 5623 post

2097 5631 2307 5691 tergum
2340 5627 2518 5680 redire
2558 5631 2792 5685 conaris.
2825 5632 2933 5687 Nec
2964 5635 3092 5690 illud
3144 5639 3383 5694 advertis
3410 5644 3552 5710 quod
3587 5658 3680 5711 per

2100 5715 2289 5769 Isaiam
2317 5716 2572 5774 Dominus
2600 5721 2727 5777 dicit
2751 5742 2762 5776 :
2803 5744 2819 5775 ε
2860 5724 2951 5780 Va:
2980 5730 3123 5795 genti
3152 5733 3461 5802 peccatrici,
3488 5734 3679 5805 pepulo
