4074 6190
367 325 479 384 8'17

959 328 1201 389 OPUSC.
1244 329 1398 384 XLII.
1439 359 1508 372 --
1552 330 1638 384 DE
1678 328 1811 384 NON
1855 325 2210 380 FALLENDA
2253 325 2407 378 FIDE
2449 325 2584 384 Ι)Εο
2619 326 3027 385 OBSTRICTA.

3506 340 3609 396 678

376 446 528 518 gravi
583 445 898 516 iniquitate;
945 448 1136 500 semini
1170 463 1421 515 nequam,
1469 447 1590 501 filiis
1619 445 1892 500 sceleratis
1924 460 1936 494 :
1971 445 2016 502 Α
2048 440 2192 505 teris,
2222 441 2559 495 auctoritatis
2591 451 2640 495 te
2664 441 2775 495 lora
2807 444 3114 508 cohibeant,
3141 447 3424 518 pravisque
3449 467 3617 505 cona-

376 537 777 607 dereliquerunt
816 539 1652 606 Dominum,’blasphemaverunt
1696 546 1941 591 sanctum

375 628 557 690 Israel,
582 629 869 684 abalienati
904 639 1031 684 sunt
1063 640 1356 684 retrorsum
1390 630 1544 697 (Isai.
1579 630 1637 699 ι).
1670 648 1687 680 ι
1720 628 1796 681 De
1826 628 1944 698 qui-

375 720 474 776 bus
502 719 764 773 Jeremias
796 736 809 772 :
847 737 865 770 ι
899 719 1049 773 Facti
1102 729 1228 774 sunt
1256 727 1572 783 retrorsum,
1609 729 1662 774 et
1686 733 1789 772 ron
1818 727 1944 772 ante

373 812 509 882 (Jer.
542 811 661 883 vn).
695 830 713 863 ›

443 901 718 968 Perpende
741 914 888 968 ergo,
913 899 1038 967 quia
1069 899 1159 968 qui
1190 909 1482 954 retrorsmn
1513 898 1942 953 abalienanturin

371 989 579 1042 semine
614 1003 863 1057 nequam,
893 996 946 1040 et
979 988 1121 1040 inter
1141 987 1432 1042 sceleratos
1463 986 1600 1040 filios
1629 994 1900 1055 ponuntur
1925 1003 1940 1039 :

375 1078 494 1130 illos
551 1077 780 1140 scilicet,
832 1075 921 1145 qui
977 1091 1084 1130 non
1116 1091 1236 1129 cum
1267 1075 1642 1128 benedictione
1683 1073 1859 1143 dignis
1891 1073 1944 1127 in

373 1165 700 1220 luereditatis
718 1163 838 1231 jura
866 1164 1184 1225 succedunt,
1211 1162 1407 1231 quibus
1431 1162 1631 1216 dictum
1659 1170 1741 1215 est
1773 1176 1788 1214 :
1824 1181 1842 1212 ι
1885 1161 1944 1215 In

369 1255 473 1309 hoc
503 1255 674 1308 vocati
707 1255 859 1318 estis,
883 1261 942 1307 ut
988 1253 1414 1308 benedictionem
1447 1253 1758 1307 hzereditate
1780 1252 1948 1320 possi-

369 1344 615 1414 deatis(l
656 1343 798 1397 Petr.
825 1345 947 1415 In):
995 1362 1012 1394 ι
1067 1343 1157 1396 sed
1183 1357 1304 1396 cum
1333 1342 1412 1396 eis
1455 1342 1653 1410 potius,
1682 1343 1773 1410 qui
1820 1356 1945 1395 sen-

371 1436 589 1488 tentiam
639 1443 907 1504 perpetua:
961 1432 1352 1487 maledictionis
1407 1432 1707 1496 incurrunt,
1753 1433 1947 1499 quibus

370 1523 554 1592 utique
583 1524 817 1576 dicitur:
855 1541 872 1573 ι
903 1521 1169 1574 Maledicti
1211 1521 1299 1589 qui
1332 1520 1602 1575 declinant
1627 1537 1656 1574 a
1679 1520 1946 1576 mandatis

371 1614 476 1666 tuis
508 1611 678 1677 (Psal.
704 1610 913 1680 cxvm).
953 1629 972 1662 ι
1003 1610 1266 1678 Expedire
1312 1617 1364 1663 te
1393 1610 1624 1678 empisti,
1658 1609 1846 1674 frater,
1878 1609 1945 1664 de

368 1684 572 1773 laqueis
621 1701 780 1770 hujus
838 1701 1124 1771 perniciosi
1183 1714 1246 1754 ac
1283 1700 1584 1768 deceptoris
1633 1699 1842 1762 mundi,
1891 1709 1945 1753 et

2047 532 2187 586 tibus
2215 533 2557 587 concorditer
2598 541 2758 602 atque
2808 534 2928 587 ideo
2968 535 3207 589 valenter
3231 540 3520 595 obsistunt.
3557 544 3622 598 Et

2044 621 2168 674 dttm
2230 638 2327 690 per
2386 621 2664 676 anfractus
2719 622 2973 677 oberrare
3026 628 3328 694 contendis,
3372 631 3618 687 obicibus

2043 712 2278 780 undique
2307 713 2726 781 circumpositis.
2762 713 2963 768 invitus
2988 715 3054 767 ad
3100 717 3234 770 recti
3272 721 3505 778 tramitis
3548 722 3614 775 li.-

2045 816 2199 853 neam
2274 803 2580 856 revertaris.
2640 803 2872 856 Attende
2941 804 3102 872 igitur
3176 807 3302 873 quid
3372 813 3620 866 statuerit

2043 887 2478 944 Chalcedmiense
2531 891 2817 944 concilium
2857 892 2994 962 (Act.
3046 910 3133 959 xv,
3193 912 3310 949 can.
3351 897 3453 968 7):
3495 900 3618 969 (Qui

2043 981 2450 1045 monachorum,
2480 982 2668 1050 inquit,
2702 983 2861 1035 vitam
2890 984 3280 1055 expetiverunt,
3310 989 3619 1054 statuimus,

2044 1083 2216 1137 neque
2237 1070 2302 1122 ad
2339 1071 2605 1134 militiam,
2637 1087 2809 1140 neque
2835 1072 2902 1126 ad
2926 1073 3238 1142 dignitatem
3265 1075 3496 1144 aliquam
3522 1094 3618 1132 ve-

2044 1157 2162 1210 nire
2201 1159 2548 1212 mundanam.
2582 1159 2687 1214 Sed
2742 1160 2844 1214 hoc
2880 1169 3164 1224 tentantes,
3196 1145 3250 1216 et
3297 1181 3400 1218 non
3458 1181 3621 1236 agen-

2045 1254 2126 1300 tes
2178 1247 2565 1316 ptenitentiam,
2595 1251 2882 1318 quominus
2938 1249 3266 1306 redeant‘ad
3292 1253 3393 1307 hoc
3419 1295 3434 1318 ,
3475 1257 3620 1323 quod

2042 1348 2259 1408 propter
2290 1341 2574 1394 Donninum
2627 1341 2879 1410 primitus
2935 1339 3256 1411 elegerunt,
3304 1344 3619 1398 anathema-

2046 1429 2247 1496 tizari.)

2655 1519 2881 1577 CAPUT
2918 1521 3006 1575 ιν.

2044 1627 2395 1684 Conciliorum
2435 1625 2650 1685 decretis
2701 1631 2955 1699 religiosa:
2981 1633 3095 1685 vitm
3113 1634 3433 1701 propositum
3459 1635 3619 1689 relin-

2539 1712 2754 1768 quentes
2790 1702 3130 1754 damnantur.

288 1820 292 1823 -
370 1791 625 1847 festinare
653 1794 718 1847 ad
759 1791 1091 1847 dulcedinem
1140 1790 1232 1843 Dei
1263 1807 1278 1856 ;
1314 1806 1456 1844 nunc
1505 1791 1742 1859 disponis
1769 1807 1798 1845 a
1831 1792 1939 1846 Deo
1971 1776 2014 1834 Β
2111 1798 2246 1851 Audi
2275 1797 2620 1853 nihilominus
2644 1809 2694 1853 et
2720 1799 2914 1854 Leonis
2938 1815 3085 1868 papa:
3106 1799 3378 1854 decretum
3408 1800 3618 1870 (Leonis

371 1885 642 1949 recedere,
702 1893 756 1938 et
811 1881 998 1937 mundi
1059 1891 1111 1936 te
1157 1897 1343 1935 rursus
1381 1881 1586 1950 laqueis
1634 1883 1936 1951 implicare?

366 1972 567 2028 Contra
633 1974 777 2041 quod
836 1972 1030 2027 Petrus
1093 1971 1208 2025 ait:
1246 1988 1264 2022 ι
1317 1970 1374 2025 Si
1424 1972 1567 2026 enim
1615 1971 1937 2040 refugientes

367 2060 830 2130 coinquinationes
859 2059 1042 2112 mundi
1069 2059 1122 2112 in
1141 2059 1500 2127 cognitionem
1533 2059 1740 2112 Domini
1765 2061 1936 2113 nostri

367 2160 420 2205 et
451 2150 748 2206 Salvatoris
770 2148 897 2204 Jesu
920 2147 1140 2211 Christi,
1165 2147 1248 2200 his
1277 2161 1461 2200 rursus
1489 2147 1746 2216 implicati
1773 2162 1935 2214 supe-

366 2251 572 2306 rantur,
613 2240 749 2294 facta
776 2247 900 2293 sunt
919 2239 997 2292 eis
1018 2237 1313 2306 posteriora
1342 2237 1606 2290 deteriora
1661 2236 1931 2305 prioribus

367 2329 564 2400 (IlPet.
588 2335 671 2401 ιι).
705 2350 723 2383 ι
753 2330 938 2385 Melius
966 2329 1109 2385 enim
1161 2339 1280 2384 erat
1336 2328 1438 2382 illis
1471 2343 1575 2382 non
1604 2343 1938 2397 cognoscere

367 2421 506 2474 viam
555 2421 817 2490 justitiae,
847 2435 1006 2490 quam
1055 2421 1176 2488 past
1230 2419 1590 2489 agnitionem,
1643 2428 1937 2473 retrorsum

365 2508 605 2562 converti
644 2507 711 2561 ab
731 2523 796 2563 co
848 2508 990 2577 quod
1020 2508 1127 2562 illis
1153 2508 1406 2561 traditum
1451 2517 1530 2561 est
1555 2517 1739 2560 sancto
1785 2523 1939 2560 man-

367 2598 510 2650 dato.
537 2596 767 2666 Contigit
792 2598 935 2650 enim
958 2597 1038 2651 eis
1061 2596 1190 2651 illud
1213 2611 1337 2650 vere
1364 2596 1705 2664 proverbium
1743 2613 1756 2649 :
1787 2614 1805 2646 σ
1834 2597 1936 2650 (la-

368 2688 452 2742 nis
487 2703 736 2742 reversus
773 2689 841 2741 ad
867 2703 1023 2742 suum
1060 2687 1341 2752 vomitum,
1374 2700 1428 2742 et
1455 2703 1548 2742 sus
1583 2686 1690 2740 lota
1713 2686 1768 2741 in
1790 2687 1939 2742 volu-

367 2775 522 2832 tabro
547 2775 642 2830 luti
673 2775 852 2848 (Prov.
884 2775 1057 2846 χχιιι).
1097 2795 1116 2828 ι
1437 2797 1444 2800 ·

437 2887 606 2943 Porro
640 2889 778 2943 sicut
817 2904 912 2958 per
937 2890 1250 2959 prophetam
1297 2889 1531 2944 dicitur:
1571 2913 1588 2942 ι
1631 2892 1803 2956 Quam
1843 2889 1940 2944 du-

368 2994 485 3033 rum
543 2987 597 3034 et
622 2995 861 3033 amarum
891 2989 973 3034 est
1003 2979 1350 3049 dercliquisse
1380 2989 1432 3036 te
1462 2981 1739 3034 Dominum
1771 2982 1937 3036 Deum

369 3078 518 3123 tuum
550 3068 682 3139 (Jer.
712 3070 792 3140 ιι).
832 3086 851 3121 ι
881 3068 1186 3138 iterumque
1216 3070 1280 3125 de
1311 3079 1362 3125 te
1397 3071 1605 3140 tuisque
1629 3070 1891 3126 similibus
1921 3089 1935 3124 :

372 3179 391 3212 ι
423 3159 528 3224 Me,
549 3161 736 3229 inquit,
764 3161 1164 3230 dereliquerunt
1186 3159 1384 3215 fontem
1415 3175 1566 3228 aqua:
1593 3161 1742 3224 vivze,
1772 3169 1826 3214 et
1859 3160 1942 3215 fo-

371 3250 566 3304 derunt
589 3251 686 3304 sibi
718 3251 1002 3316 cisternas,
1031 3250 1290 3304 cisternas
1322 3251 1624 3319 dissipatas,
1657 3265 1774 3318 qua:
1807 3264 1939 3306 con-

368 3342 542 3396 tinere
580 3357 683 3395 non
708 3341 884 3395 valent
909 3358 1076 3410 aquas
1096 3341 1333 3412 (lbid.).i
1366 3341 1510 3408 Quos
1539 3351 1724 3396 contra
1745 3342 1939 3397 Paulus

367 3434 643 3497 admonet,
667 3433 891 3487 dicens:
931 3451 949 3484 ι
983 3431 1186 3497 Videte,
1231 3431 1446 3496 fratres,
1493 3447 1558 3485 ne
1597 3431 1733 3486 forte
1777 3432 1846 3486 sit
1886 3433 1937 3485 in

367 3502 560 3590 aliqno‘
577 3534 814 3576 vestrum
845 3536 938 3576 cor
972 3521 1170 3574 malum
1196 3521 1604 3584 incredulitatis,
1631 3521 1938 3576 discedendi

372 3627 399 3664 a
434 3612 542 3664 Deo
569 3610 690 3664 vivo
735 3620 790 3664 et
831 3625 958 3664 vero
991 3608 1176 3680 (Hebr.
1203 3609 1308 3679 ιιι).
1349 3628 1368 3660 ι
1413 3610 1456 3662 Α
1488 3609 1596 3663 Deo
1633 3609 1789 3677 plane
1835 3625 1938 3664 non

371 3701 637 3754 receditur
661 3701 915 3768 gradibus
945 3701 1160 3770 pedum,
1197 3700 1289 3754 sed
1339 3715 1625 3769 pravorum
1667 3709 1940 3769 perpetra-

372 3789 604 3844 tionibus
631 3805 872 3858 operum.
897 3789 963 3844 Et
989 3805 1110 3845 eum
1152 3803 1182 3842 a
1212 3788 1454 3844 celsioris
1482 3790 1739 3858 propositi
1770 3790 1940 3852 subli-

373 3881 557 3932 mitate
585 3880 878 3944 corruitur,
909 3889 1034 3933 tunc
1057 3893 1086 3932 a
1114 3879 1246 3943 Deo,
1274 3879 1363 3947 qui
1389 3885 1472 3932 est
1491 3889 1677 3933 vertex
1700 3889 1754 3934 et
1779 3883 1940 3936 cardo

369 3968 626 4023 bonorum
678 3967 1194 4034 omnium,-infelix
1249 3969 1425 4021 anima
1474 3977 1772 4037 separatur.
1825 3969 1941 4024 Non

369 4059 561 4113 sullicit
583 4060 699 4123 tibi,
724 4060 847 4128 quia
872 4058 1008 4112 sacri
1033 4057 1236 4112 ordinis
1252 4057 1592 4126 sponsionem
1616 4057 1810 4112 violata
1839 4059 1943 4113 fide

371 4149 906 4218 conarisinfringere,
929 4146 1027 4201 nisi
1057 4145 1360 4215 etejusdum
1384 4161 1650 4216 perversa:
1679 4145 1943 4200 defensio-

371 4237 454 4290 nis
491 4238 768 4291 audaciam
805 4237 958 4300 velis,
989 4244 1039 4290 et
1077 4236 1130 4290 in
1180 4235 1312 4289 alios
1367 4233 1572 4288 frivolis
1618 4235 1938 4304 quibusdam

371 4327 919 4396 argumentationibus
957 4341 1274 4396 propagare.
1312 4325 1650 4394 Dogmatizas
1682 4325 1849 4388 enim,
1883 4334 1941 4378 ut

371 4415 622 4480 arbitror,
665 4417 788 4485 quia
820 4416 945 4470 licet
983 4416 1246 4484 quispiam
1277 4415 1526 4468 manibus
1553 4428 1609 4468 se
1641 4415 1940 4468 committat
1970 4446 2016 4503 ο

371 4506 604 4568 abbatis,
648 4515 701 4559 et
733 4520 945 4559 sacrum
994 4505 1309 4572 polliceatur
1355 4505 1537 4558 subire
1582 4506 1935 4573 propositum,

374 4611 476 4648 non
510 4593 856 4662 prohibeatur
896 4592 1199 4662 huiusmodi
1248 4593 1552 4662 sponsionis
1589 4593 1789 4647 violare
1817 4608 1942 4660 pro-

375 4685 620 4737 missum.
665 4683 740 4736 Ex
769 4684 963 4751 quibus
991 4683 1230 4751 profecto
1283 4683 1670 4737 assertionibus
1724 4685 1942 4738 hmresis

371 4774 562 4835 oritur,
587 4773 687 4826 nisi
723 4783 947 4827 conatus
985 4775 1085 4828 iste
1110 4785 1231 4827 tuus
1257 4774 1576 4842 quantocius
1597 4775 1937 4841 rcprimatur.

376 4859 556 4928 Neque
585 4863 727 4914 enim
756 4877 879 4915 mox
929 4871 988 4915 ut
1041 4863 1162 4931 quis
1191 4863 1242 4916 in
1273 4863 1518 4916 haeresim
1563 4862 1774 4927 labitur,
1816 4862 1941 4929 jure

374 4951 618 5020 protinus
646 4952 884 5006 haeretici
911 4953 1166 5007 vocabulo
1191 4953 1505 5016 denotatur;
1535 4952 1630 5005 sed
1676 4951 1761 5005 ille
1809 4953 1943 5005 dun-

375 5047 525 5094 taxat
554 5041 840 5096 haereticus
868 5043 1058 5096 merito
1083 5043 1340 5097 dicendus
1363 5051 1446 5096 est
1473 5041 1566 5111 qui
1597 5049 1774 5094 tuetur
1793 5054 1942 5094 erro-

376 5144 507 5194 rem,
531 5133 622 5200 qui
656 5132 892 5186 defendit
918 5132 1292 5186 abominabilis
1338 5131 1576 5202 perfidia:
1595 5131 1934 5200 pravitatem.

377 5215 662 5282 Praaterea,
697 5235 797 5275 nec
823 5221 918 5275 abs
939 5236 996 5275 re
1033 5237 1152 5275 esse
1175 5221 1460 5284 credimus,
1485 5221 1528 5275 si
1557 5219 1638 5274 vel
1679 5233 1846 5287 pauca
1875 5219 1941 5275 de

375 5310 548 5362 sacris
574 5311 872 5363 canonihus
903 5309 1146 5377 exempla
1196 5323 1504 5378 ponamus;
1559 5316 1822 5376 quatenus
1871 5323 1940 5361 ex

379 5397 602 5454 diversis
631 5402 1039 5454 auctoritatibus
1069 5401 1342 5455 evidenter
1370 5409 1643 5468 appareat,
1675 5405 1940 5466 quatenus

378 5490 643 5544 aversioin
671 5491 832 5560 704
863 5500 962 5544 tua:
997 5490 1309 5544 reluctantis
1337 5487 1560 5556 jnstitia:
1615 5502 1800 5540 murus
1848 5487 1943 5540 ob-

377 5576 554 5642 sistat;
581 5581 1025 5632 utoherranlibus
1052 5579 1420 5632 inconstantiae
1442 5588 1542 5632 tme
1569 5576 1806 5644 vestigiis
1826 5574 1944 5629 nul-

378 5667 489 5726 lum
511 5678 690 5740 pateat
721 5684 938 5737 prorsus
958 5667 1258 5730 :mfu,;ium;
1285 5668 1374 5722 sed
1403 5679 1717 5736 quocunque
1748 5673 1798 5718 te
1825 5679 1943 5718 vcr-

2039 1904 2122 1956 pp.
2153 1889 2303 1955 epist.
2343 1887 2430 1950 90,
2461 1888 2528 1940 ad
2562 1886 2828 1940 Rusticum
2863 1886 3029 1940 Narb.
3059 1905 3140 1957 ep.
3179 1891 3318 1957 apud
3345 1889 3496 1942 Crat.
3517 1890 3610 1952 20,-

2040 1991 2094 2043 q.
2123 1975 2176 2037 ὅ,
2206 1975 2560 2043 Propositum)
2609 1993 2626 2023 ι
2676 1975 3055 2043 :Pr0positum
3097 1978 3342 2030 monachi
3399 1979 3616 2047 proprio

2039 2062 2263 2115 arbitrio
2291 2070 2383 2115 aut
2433 2062 2706 2117 voluntate
2726 2075 3055 2133 susceptum,
3083 2066 3256 2120 deseri
3305 2084 3408 2122 non
3439 2077 3618 2138 potest

2041 2155 2243 2219 absque
2268 2162 2502 2221 peccato.
2539 2173 2557 2204 ι

2109 2241 2259 2306 Quod
2289 2243 2433 2295 enim
2461 2243 2581 2310 quis
2608 2243 2752 2296 vovit
2799 2243 2908 2298 Deo
2963 2244 3120 2298 debet
3166 2245 3406 2301 reddere.
3467 2247 3618 2302 Unde

2040 2328 2127 2396 qui
2169 2329 2350 2381 relicta
2406 2329 2794 2397 singularitatis
2841 2331 3192 2399 professione.
3241 2333 3307 2386 ad
3367 2335 3610 2388 militiam

2043 2419 2125 2473 vel
2178 2420 2243 2472 ad
2299 2420 2512 2488 nuptias
2547 2420 2828 2474 devolutus
2863 2429 2966 2486 est,
3018 2421 3244 2490 publica:
3281 2424 3615 2489 pmnitentia:

2040 2507 2404 2562 satisfactione
2436 2510 2743 2578 purgandus
2772 2519 2882 2574 est;
2917 2511 3042 2578 quia
3066 2521 3119 2564 et
3141 2511 3186 2564 si
3218 2512 3477 2567 innocens
3509 2515 3614 2567 mi-

2041 2599 2174 2663 litia,
2201 2609 2255 2653 et
2282 2601 2562 2654 honestum
2593 2615 2710 2654 esse
2733 2610 2906 2669 potest
2929 2602 3254 2672 conjugium,
3295 2603 3612 2658 electionem

2044 2697 2221 2742 tamen
2263 2689 2537 2741 meliorem
2575 2691 2876 2744 deseruisse
2939 2692 3299 2757 transgressio,
3337 2702 3438 2746 est.
3503 2691 3614 2747 Mo-

2042 2780 2198 2833 nachi
2231 2779 2384 2848 plane
2411 2780 2739 2848 propositum
2766 2781 2982 2849 preprio
3035 2789 3159 2834 tunc
3181 2781 3405 2836 arbitrio
3432 2798 3612 2837 susce-

2041 2869 2185 2937 pisti,
2234 2885 2355 2923 cum
2383 2871 2448 2922 ad
2497 2869 2869 2925 monachicum
2903 2879 2955 2925 te
2981 2869 3334 2926 transiturum
3368 2871 3613 2927 ordinem

2041 2959 2392 3027 spopondisti.
3085 3021 3094 3028 __

2111 3048 2246 3103 Hinc
2277 3059 2380 3112 est,
2411 3049 2550 3118 quod
2575 3051 2821 3120 egregius
2854 3049 2941 3104 ille
2966 3051 3050 3104 vir
3074 3067 3180 3106 non
3223 3053 3318 3120 ait,
3351 3056 3493 3123 quod
3534 3055 3616 3108 in-

1965 3112 2012 3175 c
2043 3137 2159 3191 duit
2214 3137 2335 3205 quis
2370 3112 2473 3191 non
2509 3112 2667 3192 debet
2695 3112 2928 3202 exuere;
2961 3139 3054 3193 sed
3101 3140 3278 3208 potius
3303 3112 3418 3207 vai-t,
3469 3145 3612 3212 quod

2042 3227 2192 3278 vovit
2245 3226 2354 3280 Deo
2443 3227 2600 3282 debet
2647 3227 2892 3281 reddere.
2948 3227 3019 3283 Ut
3064 3229 3339 3284 evidenter
3371 3231 3612 3294 edoceat,

2040 3315 2289 3384 quoniam
2315 3324 2370 3368 et
2393 3332 2607 3381 vovere,
2628 3327 2710 3370 est
2735 3317 3036 3385 suscipere;
3060 3327 3114 3372 et
3136 3328 3316 3372 votum
3339 3319 3608 3390 frangere,

2039 3406 2221 3474 procul
2251 3406 2410 3460 dubio
2459 3423 2671 3462 sacrum
2726 3408 3055 3475 propositum
3079 3409 3302 3464 violare.
3333 3411 3468 3465 llinc
3496 3423 3600 3476 est,

2039 3494 2180 3564 quod
2232 3498 2568 3564 postmodum
2625 3511 2728 3550 non
2774 3497 2922 3561 dicit,
2970 3512 3180 3552 sacrum
3221 3499 3460 3555 habitum
3523 3503 3616 3555 de-

2039 3584 2306 3649 seruisse;
2362 3587 2479 3651 sed,
2514 3587 2848 3653 electionem,
2904 3589 3097 3658 inquit,
3126 3590 3404 3645 meliorem
3461 3593 3610 3647 dese-

2040 3673 2236 3738 ruisse,
2265 3676 2622 3745 transgressio
2647 3685 2748 3730 est.
2775 3675 2909 3732 Hinc
2938 3687 3020 3733 est
3041 3679 3226 3749 etiam,
3256 3681 3398 3749 quod
3426 3682 3477 3734 in
3508 3682 3615 3735 To-

2041 3763 2219 3819 letano
2259 3764 2486 3818 concilio
2529 3765 2798 3834 reperitur
2845 3764 3025 3834 (Cone.
3061 3746 3172 3819 Ῠοι.
3216 3746 3288 3831 vi,
3319 3785 3439 3823 can.
3475 3769 3565 3841 48)
3597 3789 3610 3823 :

2041 3854 2382 3924 (Monachum
2405 3862 2580 3908 autem
2613 3864 2833 3923 paterna
2863 3857 3094 3932 devotio,
3129 3866 3221 3909 aut
3248 3860 3461 3927 propria
3486 3876 3614 3927 pro-

2041 3943 2205 3998 fessio
2233 3943 2377 4008 facit,
2409 3945 2664 4012 quidquid
2694 3945 2882 3998 horum
2919 3945 3100 4010 fuerit,
3130 3947 3414 4016 allegatum
3446 3949 3508 4019 [f.
3538 3951 3616 4001 al-

2044 4032 2286 4103 ligatum]
2319 4033 2541 4087 tenebit.
2569 4033 2798 4087 Proinde
2823 4034 2904 4088 his
2936 4036 2998 4088 ad
3024 4037 3279 4088 tnundum
3309 4039 3611 4092 revertendi

2044 4121 2370 4176 recludimus
2395 4122 2623 4187 aditum,
2652 4132 2706 4176 et
2733 4138 2923 4177 omnes
2951 4124 3016 4178 ad
3043 4122 3296 4177 saculum
3340 4125 3616 4179 interdici-

2045 4225 2161 4265 mus
2198 4209 2519 4280 regressus.)

2114 4297 2217 4352 Sed
2241 4296 2350 4365 jam
2383 4299 2556 4354 abhis
2578 4299 3030 4367 supersedendum
3057 4309 3162 4364 est,
3195 4315 3262 4354 ne
3311 4301 3435 4354 dmn
3485 4315 3608 4369 pro-

2042 4389 2361 4456 positionem
2411 4400 2649 4444 nostram
2691 4389 2930 4458 pluribus
2962 4390 3183 4444 nitimur
3213 4383 3612 4458 Stripturarum

2045 4481 2362 4534 testimoniis
2382 4481 2632 4549 allegare,
2659 4481 2939 4534 videamur
2967 4481 3018 4533 in
3048 4480 3321 4548 epistolari
3358 4495 3613 4550 compen-

2043 4571 2129 4623 dio
2158 4570 2378 4624 lacinias
2409 4581 2610 4624 texere.
2671 4570 2765 4624 llis
2810 4571 2971 4640 igitur
3013 4571 3272 4638 tantisper
3315 4571 3612 4626 instructus

2041 4660 2301 4730 exemplis
2335 4660 2615 4728 diligenter
2635 4660 2868 4719 attende,
2895 4674 3056 4727 quam
3088 4659 3370 4726 plectibilis
3399 4661 3469 4714 sit
3511 4675 3608 4713 ex-

2041 4761 2222 4800 cessus
2240 4747 2580 4814 sponsionem
2605 4747 2741 4799 sacri
2762 4747 2965 4799 ordinis
2984 4745 3205 4800 violare.
3228 4746 3611 4810 Quamobrem,

2041 4835 2380 4889 dilectissime
2403 4835 2497 4900 illi,
2515 4846 2770 4889 venenata
2789 4835 2923 4888 male
2937 4835 3319 4888 blandientium
3333 4842 3615 4890 contentae

2046 4924 2298 4987 consilia;
2332 4925 2649 4992 perniciosa,
2674 4925 2754 4977 vel
2777 4924 2953 4991 potius
2973 4924 3247 4979 mortifera
3271 4926 3612 4979 suadentium

2047 5010 2320 5065 ridendum
2348 5012 2694 5081 perhorresce
2740 5013 2972 5078 veniam,
3025 5021 3080 5067 et
3125 5030 3153 5068 a
3185 5015 3356 5068 sibilis
3401 5015 3612 5083 antiqui

2044 5102 2311 5172 serpentis
2336 5117 2494 5158 aures
2529 5103 2741 5157 obtura.
2772 5101 3019 5170 Sacrum,
3046 5105 3183 5159 sicut
3208 5105 3476 5174 pollicitus
3526 5120 3608 5167 es,

2045 5207 2151 5247 non
2181 5193 2360 5246 tardes
2381 5191 2527 5248 adire
2549 5197 2920 5263 propositum;
2967 5205 3025 5249 ut
3073 5212 3176 5249 non
3207 5212 3325 5249 cum
3374 5195 3459 5249 his
3521 5197 3615 5264 qui

2049 5281 2277 5350 apostati
2317 5291 2442 5335 sunt
2481 5283 2778 5348 subruaris,
2807 5286 2946 5351 quod
2970 5285 3129 5346 absit,
3159 5286 3209 5337 in
3242 5297 3452 5351 pwnam
3473 5322 3488 5346 ,
3517 5285 3612 5336 sed

2047 5384 2168 5424 cum
2199 5371 2282 5424 bis
2309 5373 2484 5440 potius
2527 5373 2618 5442 qui
2649 5373 2992 5442 apostolicam
3026 5385 3244 5426 tenuere
3291 5373 3614 5440 doctrinam,

2047 5460 2352 5529 porrigente
2375 5477 2590 5516 manum
2617 5462 2852 5528 Christo,
2875 5462 3195 5531 quandoque
3215 5462 3528 5532 proveharis
3547 5464 3616 5519 ad

2047 5551 2289 5626 gloriam.
