4048 6190
439 256 547 314 619

905 260 960 316 S.
1004 259 1203 316 PETRI
1249 261 1523 315 DAMIANI
1561 261 1709 316 Ol'P.
1756 261 1988 321 TOMUS
2023 265 2150 322 SEU
2195 265 2368 320 PARS
2408 264 2947 320 llI.-—0PUSCULA
2992 269 3213 328 \‘ARIA.

3582 265 3690 320 680

452 440 3668 471 Mm“

473 565 1668 707 ‘705'70601’USCULUM
1763 603 2893 727 QUADBAGESIMUM
2953 608 3573 712 TERTIUM.

786 805 896 865 DE
954 805 1223 868 LAUDE
1285 807 1881 871 FLAGELLOLUM
1958 808 2086 880 ET,
2142 809 2244 869 UT
2303 811 2813 886 LOQUUNTUR,
2874 809 3361 876 DlSClPLlNJE.

429 1082 824 1137 Ancumztv'ruu.
851 1112 920 1121 -—
954 1081 1321 1134 lutet-missam
1364 1101 1394 1133 a
1432 1084 1661 1133 emuntur
1692 1075 2314 1148 (.asinensisﬂmonachis
2353 1073 2578 1148 singulis
2613 1073 2956 1148 diebus,_qui
2993 1073 3302 1148 Sabbatum
3347 1079 3674 1148 prazcedunt,

500 1153 813 1206 verberibus
841 1152 890 1204 iu
923 1161 1213 1218 conspectu
1251 1151 1490 1204 omnium
1527 1163 1721 1216 corpus
1750 1146 2041 1201 alllictandi
2089 1143 2531 1199 consuetudinem
2585 1143 2941 1216 revocandam
2984 1161 3125 1212 esse,
3157 1143 3679 1205 multis'rationibus

511 1232 737 1275 conatur
761 1222 1066 1275 ostendere.

503 1356 715 1410 Sanctis
746 1354 1002 1406 fratribus
1053 1353 1104 1405 in
1132 1351 1312 1407 Casini
1357 1351 1553 1404 montis
1577 1350 1780 1404 caelesti
1813 1349 1998 1404 schola
2029 1353 2072 1409 Α
2103 1365 2199 1418 per
2221 1365 2316 1404 ora
2340 1349 2716 1418 quorumdam,
2758 1355 3011 1417 tanquam
3045 1362 3140 1417 per
3173 1363 3424 1403 vasorum
3451 1354 3678 1409 suorum

427 1443 769 1513 degentibus,
832 1442 1042 1496 Psrnus
1105 1450 1351 1509 peccator
1410 1440 1704 1492 monachus
1768 1439 1998 1491 servitu-

429 1543 556 1586 tem.

497 1619 814 1675 Observatio
862 1627 1025 1671 sevtre
1065 1617 1228 1674 feriat.
1283 1617 1640 1678 dilectissimi,
1687 1617 1770 1669 cui
1816 1624 1996 1670 vestra

426 1721 612 1767 sancta
638 1710 850 1764 devotio
872 1709 1159 1771 dedicavit,
1182 1709 1435 1778 etjejunii
1457 1707 1712 1761 salutaris
1743 1707 1994 1770 inediam,

428 1811 482 1856 et
511 1800 924 1869 apostolicorutn
949 1800 1228 1853 verberum
1270 1799 1625 1868 disciplinam,
1652 1807 1782 1866 quot
1821 1797 1992 1851 homi-

426 1906 552 1946 num
579 1890 944 1943 multitudines
969 1892 1034 1942 ad
1066 1889 1364 1956 exemplum
1397 1889 1586 1943 salutis
1611 1889 1916 1950 attraxerit,
1943 1899 1998 1943 et

425 1990 680 2046 tanquam
713 1978 918 2032 novella
950 1978 1143 2034 divina:
1171 1977 1522 2048 plantationis
1551 1977 1687 2031 oliva
1717 1978 1768 2031 in
1796 1979 1997 2032 exube-

424 2071 658 2125 rantium
700 2069 999 2139 germinum
1050 2069 1370 2139 propagines
1415 2068 1780 2136 pullulaverit,
1829 2076 1993 2121 testes

422 2170 551 2216 sunt
575 2175 680 2215 non
707 2161 863 2215 modo
896 2159 1218 2213 monasteria
1248 2167 1444 2222 vestra,
1469 2159 1570 2212 hoc
1595 2165 1697 2221 est,
1723 2172 1839 2225 qua:
1865 2171 1995 2209 suo-

424 2267 545 2304 rum
592 2251 826 2320 gaudent
854 2249 1053 2303 imitari
1091 2248 1312 2317 vestigia
1350 2248 1750 2317 magistrorum,
1794 2246 1887 2300 sed
1942 2256 1997 2299 et

422 2339 796 2394 multitudines
820 2337 1032 2392 urbium
1084 2348 1246 2406 atque
1302 2336 1568 2400 villarum,
1618 2352 1736 2403 quae
1763 2351 1821 2389 se
1851 2349 1996 2388 com-

422 2429 659 2485 muniter
709 2429 1016 2500 ingerentes
1059 2437 1220 2496 atque
1258 2427 1502 2482 laetantes
1544 2427 1772 2494 idipsum
1798 2425 1996 2494 plausi-

421 2516 603 2572 biliter
647 2518 914 2586 arripiunt
961 2516 1287 2572 institutum.
1318 2516 1463 2569 Adeo
1505 2523 1564 2568 ιιι
1610 2515 1848 2583 plerique
1886 2528 1996 2581 prie

422 2607 721 2664 devotionis
766 2607 976 2668 ardore.
1006 2615 1290 2676 concepto,
1335 2605 1435 2658 nisi
1481 2605 1800 2672 quantocius
1836 2602 1996 2671 hujus

2102 1456 2324 1511 organa,
2377 1441 2529 1496 vobis
2574 1440 2884 1509 concrepat,
2918 1440 3142 1495 dicens:
3190 1440 3403 1508 Jejunio
3455 1445 3675 1512 quidem

2101 1547 2206 1586 non
2257 1531 2468 1601 penitus
2507 1531 2914 1600 improbandum
2943 1539 3026 1585 est
3062 1545 3258 1600 corpus
3282 1541 3550 1600 atterere,
3581 1536 3677 1591 sed

2101 1632 2257 1692 turpe
2298 1623 2459 1676 nimis
2483 1631 2537 1676 et
2575 1621 2917 1676 inhonestum
2946 1630 3028 1674 est
3055 1629 3180 1674 ante
3225 1630 3301 1675 tot
3333 1621 3561 1677 fratrum
3593 1625 3678 1678 in-

2103 1714 2362 1769 tuentium
2394 1712 2576 1770 oculos
2604 1712 2844 1764 membra
2892 1711 3116 1764 nudare.
3154 1711 3223 1765 Et
3262 1712 3402 1766 unde
3440 1727 3544 1766 vox
3575 1715 3677 1768 ista

2101 1803 2360 1870 procedit,
2394 1801 2496 1856 nisi
2550 1801 2618 1854 ab
2674 1800 2764 1855 illo
2798 1800 2889 1869 qui
2942 1808 3193 1870 parentes
3240 1802 3456 1871 generis
3499 1797 3680 1859 nostri

2100 1891 2398 1945 nuditatem
2456 1890 2780 1944 erubescere
2834 1888 3137 1956 compulit?
3205 1886 3359 1958 (Gen.
3385 1889 3494 1958 ιιι.)
3539 1893 3681 1946 Ante

2098 1995 2282 2034 vocem
2358 1980 2555 2047 quippe
2618 1979 2882 2046 serpentis
2923 2017 2939 2044 ,
3006 1978 3084 2030 ait
3134 1976 3456 2046 Scriptura:
3544 1979 3677 2033 Erat

2098 2081 2326 2136 uterque
2375 2069 2568 2130 nudus,
2601 2067 2768 2119 Adam
2801 2066 3010 2120 scilicet
3065 2075 3121 2118 et
3149 2067 3284 2120 ux'or
3319 2067 3458 2135 ejus.
3491 2079 3546 2122 et
3573 2084 3678 2121 non

2099 2156 2508 2215 erubescebant.
2563 2155 2633 2209 At
2661 2164 2944 2223 postquam
2993 2155 3071 2209 eis
3130 2165 3390 2210 venenata
3451 2158 3676 2210 consilia

2099 2248 2273 2302 callidi
2304 2247 2556 2303 draconis
2607 2246 2885 2300 instiliavit
2936 2245 3154 2312 astutia,
3210 2247 3452 2315 protinus
3501 2248 3674 2316 scrip-

2100 2348 2211 2392 tum
2265 2345 2348 2392 est
2399 2354 2412 2389 :
2479 2353 2497 2387 ι
2551 2336 2791 2403 Cumque
2853 2336 3232 2404 cognovissent
3287 2350 3347 2390 se
3398 2350 3517 2390 esse
3579 2352 3675 2390 nu-

2099 2432 2217 2492 dos,
2262 2436 2592 2482 consuerunt
2635 2426 2762 2480 folia
2806 2426 2959 2490 ﬁcus,
2991 2435 3045 2479 et
3073 2427 3316 2480 fecerunt
3341 2427 3442 2481 sibi
3472 2427 3677 2494 perizo-

2100 2529 2243 2573 mata
2284 2516 2436 2589 (Gen.
2462 2517 2566 2582 ιιι).
2603 2536 2622 2568 ι
2663 2517 2940 2570 Audenter
2961 2517 3159 2581 dicant,
3197 2517 3531 2571 dilectissimi
3561 2515 3671 2570 fra-

2102 2616 2210 2680 tres
2248 2608 2372 2670 mei,
2404 2607 2529 2675 quia
2582 2606 2846 2675 quisquis,
2899 2615 2956 2660 ut
3006 2607 3367 2676 compatiatur
3431 2607 3674 2672 Christo,

421 2698 775 2756 observantia:
802 2698 1096 2766 suscipiant
1134 2694 1390 2766 regulam,
1443 2711 1547 2749 non
1585 2695 1754 2750 levem
1796 2710 1855 2748 se
1908 2709 1978 2748 re-
2021 2690 2066 2747 B
2094 2696 2286 2750 nudari
2307 2697 2550 2749 vestibus
2580 2696 2869 2759 erubescit,
2899 2695 2985 2748 hic
3013 2695 3200 2763 procul
3227 2696 3388 2749 dubio
3408 2696 3679 2764 serpentis

420 2796 613 2859 putent
638 2786 868 2857 propria:
913 2785 1102 2840 salutis
1138 2783 1379 2852 perferre
1403 2782 1704 2851 jacturam;
1762 2782 1988 2836 nullate-

422 2891 523 2930 nus
571 2875 922 2942 ambigentes,
978 2872 1101 2941 quia
1141 2872 1267 2924 dunt
1300 2871 1386 2925 die
1418 2871 1596 2924 crucis
1625 2885 1720 2939 per
1743 2885 1995 2939 corpora-

424 2960 529 3018 lem
553 2960 926 3016 alimentorum
948 2975 1007 3014 se
1032 2959 1414 3013 continentiam
1445 2967 1701 3022 mactant,
1724 2959 1959 3026 passioni

425 3051 799 3128 Redemptoris
850 3051 904 3104 in
955 3049 1179 3104 veritate
1236 3050 1666 3115 communicant;
1721 3062 1882 3118 atque
1924 3050 1993 3104 ad

427 3141 718 3197 Daminicae
769 3139 1184 3196 resurrectionis
1211 3139 1435 3210 gloriam
1468 3155 1526 3195 se
1566 3143 1846 3211 pervenire
1885 3158 1993 3198 non

420 3234 650 3291 inaniter
677 3232 896 3288 credunt
923 3248 937 3296 ;
971 3232 1117 3293 dum,
1147 3229 1366 3286 Christo
1419 3233 1469 3285 in
1497 3247 1658 3287 cruce
1706 3233 1990 3301 pendente,

421 3325 522 3397 ipsi
553 3319 764 3393 quoque
789 3338 898 3377 sua:
926 3323 1105 3377 carnis
1135 3321 1414 3377 illecebras
1443 3339 1538 3391 per
1563 3322 1837 3392 abnegatte
1861 3323 1994 3378 refc-

416 3414 613 3468 ctionis
658 3411 956 3482 patibulum
1011 3412 1352 3481 cruciligunt.
1405 3411 1540 3466 Ilinc
1586 3421 1669 3466 est
1719 3414 1861 3480 quod
1919 3413 1996 3466 ait

420 3501 707 3572 Apostolus
749 3519 762 3555 :
800 3521 818 3552 ι
873 3501 928 3554 Si
973 3501 1360 3570 compatimur,
1395 3509 1449 3554 et
1496 3503 1988 3571 conregnabimus;

420 3594 471 3648 si
500 3592 902 3654 commorimur,
934 3601 988 3643 et
1029 3590 1376 3644 convivemus
1434 3589 1518 3660 (II
1555 3590 1688 3643 Tim.
1721 3592 1802 3661 ιι).
1844 3610 1863 3644 ι
1928 3593 1995 3646 Et

328 3720 333 3725 -
418 3683 662 3755 iterum:
712 3699 730 3730 ι
767 3679 823 3734 Si
849 3679 1195 3749 complantati
1245 3680 1371 3733 facti
1419 3695 1605 3733 suuuts
1657 3681 1993 3736 similitudini

421 3775 619 3830 mortis
667 3771 816 3840 ejus,
865 3771 1102 3826 simulet
1131 3772 1539 3827 resurrectionis
1568 3774 1770 3827 erimus
1813 3774 1989 3843 (Rom.

415 3868 519 3937 an).
557 3887 576 3920 υ
606 3867 672 3921 Ει
694 3864 852 3935 paulo
880 3873 1034 3934 post:
1072 3881 1090 3914 ι
1130 3862 1186 3917 Si
1227 3872 1404 3918 autem
1432 3864 1628 3917 mortui
1657 3880 1841 3917 sumus
1870 3879 1992 3918 cmn

411 3960 656 4022 Christo,
692 3957 961 4012 credimus
1007 3955 1133 4026 quia
1173 3954 1339 4018 simul
1383 3957 1542 4009 etiam
1593 3956 1834 4009 vivemus
1870 3970 1990 4008 cum

413 4052 536 4118 ipso
565 4048 775 4117 (Μία).
821 4067 840 4101 ι

927 4137 1151 4193 CAPUT
1192 4135 1477 4191 PRIMUM.

829 4224 1087 4278 Da'monis
1127 4226 1321 4277 astutia
1365 4234 1580 4292 quanta.

485 4315 597 4370 Sed
621 4313 894 4370 sciendum
926 4322 1008 4367 est
1043 4313 1186 4381 quod
1215 4313 1432 4366 humani
1483 4311 1696 4381 generis
1720 4310 1989 4374 inimicus,

418 4405 550 4458 dum
583 4410 752 4458 totum
793 4402 1114 4456 sacriﬁcium
1146 4416 1250 4453 non
1283 4399 1424 4452 valet
1469 4401 1535 4453 de
1581 4400 1828 4453 manibus
1857 4397 1990 4452 offe—

418 4492 654 4546 rentium
690 4503 898 4558 rapere,
929 4503 1076 4542 more
1102 4487 1255 4557 quasi
1287 4489 1542 4557 harpyizc,
1571 4493 1777 4556 partem
1801 4487 1988 4540 saltem

415 4581 717 4651 quamlibet
776 4588 1001 4636 conatur
1046 4577 1279 4633 auferre.
1345 4578 1479 4631 Hinc
1528 4587 1631 4642 est,
1681 4577 1822 4647 quod
1868 4591 1987 4629 cum

414 4671 690 4726 Abraham
737 4669 846 4724 Deo
894 4666 1215 4725 sacriﬁcium
1277 4681 1344 4720 ex
1397 4665 1622 4719 diversis
1669 4664 1991 4718 animalibus

411 4761 724 4825 obtulisset,
775 4759 1034 4826 scriptum
1059 4767 1142 4810 est
1173 4771 1186 4810 :
1224 4776 1242 4807 ι
1279 4754 1542 4823 Quoniam
1598 4753 1990 4810 descenderunt

415 4853 664 4910 volucres
708 4866 868 4919 super
904 4850 1188 4912 cadavera,
1219 4857 1274 4902 et
1305 4847 1557 4916 abigcbat
1581 4860 1675 4901 eas
1712 4844 1988 4899 Abraham

371 4941 573 5014 λαως,
609 4941 718 5010 xv).
758 4961 776 4993 ›
823 4939 994 5008 Super
1051 4947 1285 4993 mactata
1334 4939 1530 5006 quippe
1575 4939 1838 4990 cadavera
1897 4935 1988 4990 de-

414 5031 684 5089 scendunt
733 5028 995 5092 volucres,
1043 5028 1167 5082 dum
1202 5029 1268 5082 ad
1297 5029 1607 5095 rapicndum
1661 5026 1987 5080 sacrificium

417 5121 738 5178 alllictortun
777 5135 1061 5188 corporum
1085 5128 1414 5183 nosit‘orum,
1447 5133 1615 5173 aereae
1639 5134 1696 5173 se
1739 5119 1987 5188 praecipi-

421 5221 537 5268 tant
567 5218 858 5280 potestates
888 5225 905 5272 ;
957 5218 1013 5261 ut
1051 5208 1133 5262 vel
1157 5217 1324 5262 totum
1352 5210 1416 5262 de
1443 5210 1688 5262 manibus
1719 5209 1986 5263 litantium

421 5303 650 5368 rapiant,
676 5301 758 5354 vel
780 5309 983 5367 partem
1015 5310 1332 5368 prmraptam
1360 5297 1427 5369 [Γ.
1461 5299 1812 5369 praereptam]
1854 5309 1987 5366 qua-

420 5391 469 5447 si
515 5391 580 5445 tle
625 5389 890 5444 manubiis
943 5387 1042 5442 sibi
1091 5387 1325 5442 victoria:
1378 5389 1714 5456 triumphalis
1772 5389 1987 5458 applau-

424 5481 569 5532 dant.

494 5573 626 5626 Hinc
649 5585 750 5638 est,
792 5575 931 5643 quod
963 5583 1149 5628 auctor
1181 5576 1411 5645 antiqme
1457 5577 1717 5644 superbia:
1766 5577 1984 5645 spiritus

2019 4020 2063 4080 (ἶ
2093 4040 2288 4110 quibus
2317 4041 2514 4095 dicitur

2093 2787 2260 2842 verba
2300 2787 2503 2841 audivit
2532 2802 2546 2851 ;
2571 2795 2622 2841 et
2643 2787 2767 2856 quia
2795 2786 2860 2840 de
2895 2801 2991 2840 sua
3018 2787 3263 2840 nuditate
3297 2785 3671 2865 confunditur,

2095 2879 2267 2932 instar
2310 2877 2468 2948 primi
2511 2878 2768 2946 parentis,
2797 2893 2826 2930 a
2861 2877 3078 2942 divinis,
3130 2887 3188 2930 ut
3221 2878 3293 2930 ita
3339 2877 3550 2947 loquar,
3581 2894 3668 2932 as-

2097 2967 2344 3036 pectibus
2374 2966 2675 3020 occultatur
2711 2985 2722 3018 :
2779 2983 2798 3017 ‹
2832 2964 3048 3029 Vocem,
3090 2966 3284 3034 inquit,
3318 2975 3460 3020 tuam
3489 2966 3669 3022 audivi

2097 3059 2150 3110 in
2177 3058 2447 3126 paradiso,
2491 3067 2544 3111 et
2592 3057 2742 3110 timui
2774 3073 2836 3111 co
2892 3057 3034 3126 quod
3073 3072 3246 3112 essem
3279 3058 3471 3122 nudus,
3499 3068 3553 3112 et
3579 3059 3673 3112 ab-

2095 3146 2279 3200 scondi
2311 3161 2394 3199 me
2426 3145 2635 3216 (ωειλ).
2669 3165 2686 3196 ι
2724 3145 2790 3198 Ει
2839 3160 3024 3199 revera
3057 3146 3172 3200 sine
3194 3145 3354 3200 dubio
3381 3146 3590 3200 celatur
3634 3163 3663 3201 a

2094 3233 2230 3288 {acie
2245 3234 2335 3289 Dei
2359 3236 2449 3303 qui
2474 3245 2688 3304 portare
2717 3235 3033 3305 dedignatur
3053 3235 3669 3304 itnpropcriumChristi,

2095 3338 2216 3376 cum
2259 3323 2546 3392 Apostolus
2575 3322 2719 3375 dicat
2751 3339 2763 3374 :
2806 3340 2824 3372 ι
2862 3323 3126 3376 Exeamus
3173 3323 3336 3392 igitur
3367 3331 3518 3377 extra
3571 3339 3664 3376 ca-

2093 3422 2203 3467 stra
2235 3413 2301 3466 ad
2351 3427 2497 3478 eum,
2544 3413 2926 3482 impropcrium
2976 3413 3092 3484 ejus
3151 3421 3425 3483 portantes
3481 3412 3648 3483 (Ilcbr

2094 3503 2239 3573 χιιι).
2279 3524 2298 3555 ι
2889 3571 2892 3574 _

2165 3590 2393 3646 Humilis
2427 3605 2555 3661 ergo
2580 3589 2748 3645 frater
2771 3600 2922 3645 extra
2945 3599 3124 3646 castra
3151 3607 3273 3646 cum
3310 3589 3476 3643 Paulo
3505 3590 3666 3645 simul

2097 3679 2389 3750 egreditur,
2427 3688 2480 3732 et
2525 3688 2742 3748 portare
2781 3678 3076 3733 Salvatoris
3126 3679 3511 3748 impropcrium
3562 3696 3667 3730 non

2093 3780 2343 3836 veretur;
2372 3771 2635 3842 superbus
2692 3779 2870 3824 autem
2924 3780 2974 3824 et
3021 3785 3278 3839 arrogans
3323 3769 3480 3838 707
3523 3769 3670 3836 quis-

2091 3878 2196 3933 que
2224 3863 2355 3930 petit
2383 3878 2502 3916 eum
2548 3863 2723 3932 primo
2766 3870 2985 3931 parente
3020 3858 3330 3920 latibulum,
3388 3867 3446 3910 ut
3485 3857 3666 3911 omnia

2093 3951 2365 4005 cernentis
2388 3951 2481 4006 Dei
2511 3951 2642 4005 vitet
2671 3959 2947 4019 aspectum
2974 3966 2989 4016 ;
3023 3949 3273 4003 nimirum
3314 3963 3381 4001 ex
3433 3947 3540 4000 illis
3584 3957 3670 4000 cst

2559 4059 2572 4096 :
2612 4061 2630 4091 ι
2667 4041 2934 4096 Discedite
2957 4057 2985 4094 a
3018 4057 3126 4106 me,
3155 4040 3388 4109 operarii
3414 4020 3671 4107 iniqirita-

2096 4133 2184 4195 tis,
2206 4132 2331 4201 quia
2379 4131 2561 4186 nescio
2612 4148 2708 4187 vos
2751 4131 2900 4203 (Luc.
2954 4132 3096 4202 xm).
3139 4151 3156 4182 ι
3209 4130 3422 4194 Nescio,
3470 4131 3668 4200 inquit,

2091 4222 2216 4292 quia
2245 4238 2337 4276 vos
2374 4222 2636 4290 fugientes
2665 4238 2694 4276 a
2741 4238 2826 4277 me
2850 4238 2953 4278 non
2984 4222 3114 4286 vidi,
3143 4222 3247 4276 hoc
3275 4230 3376 4278 est.
3412 4219 3668 4275 elationis

2090 4321 2283 4367 vestra:
2309 4311 2613 4382 superbiam
2643 4312 2949 4381 reprobavi.

2711 4400 2936 4455 CAPUT
2975 4400 3038 4454 11.

2404 4493 2506 4557 Qui
2535 4493 2779 4545 dicantur
2816 4491 2976 4545 celari
2998 4509 3029 4544 ιι
3063 4493 3199 4560 facie
3228 4492 3347 4549 Det.

2160 4583 2324 4637 Porro
2341 4598 2461 4636 cmn
2478 4584 2530 4636 in
2545 4582 2695 4635 initio
2709 4580 2957 4635 salutaris
2969 4581 3128 4650 hujus
3139 4580 3497 4636 observantim
3509 4597 3670 4636 unus-

2090 4672 2316 4740 quisque
2343 4682 2579 4724 vestrum
2619 4681 2670 4724 et
2697 4670 3033 4740 disciplinam
3075 4671 3249 4724 nudus
3290 4671 3583 4740 acciperet,
3610 4681 3664 4725 et

2090 4763 2344 4817 nuditatis
2387 4762 2733 4832 ignominiam
2783 4777 2887 4813 non
2936 4761 3190 4827 timeret;
3228 4761 3350 4830 quis
3386 4776 3482 4814 vos
3513 4770 3662 4829 post-

2089 4852 2304 4905 modum
2337 4851 2621 4906 fascinavit
2671 4861 2724 4905 et
2754 4849 2954 4904 Christi
2983 4852 3308 4919 passionem,
3338 4865 3455 4918 quze
3479 4849 3660 4903 mundi

2088 4945 2271 5008 decus,
2324 4954 2379 4997 ct
2409 4943 2554 4997 salus
2597 4951 2678 4995 est
2731 4943 3029 5006 hominum,
3079 4941 3401 4996 erubescere
3440 4940 3664 4996 docuit?

2087 5035 2238 5087 Absit
2263 5042 2439 5088 autem
2479 5041 2539 5085 ut
2560 5031 2728 5092 vobis,
2777 5030 3008 5084 dominis
3033 5029 3284 5083 videlicet
3319 5028 3472 5092 meis,
3528 5028 3658 5081 illud

2088 5127 2286 5182 inferre
2312 5121 2809 5195 praesumam,quod
2831 5121 3032 5178 Calatis
3059 5120 3341 5189 Apostolus
3363 5120 3439 5172 ait
3461 5137 3473 5172 :
3501 5138 3517 5169 ι
3543 5120 3659 5182 Sic,

2090 5217 2293 5286 inquit,
2334 5214 2482 5268 stulti
2515 5214 2646 5267 estis
2669 5253 2682 5276 ,
2712 5220 2768 5264 ut
2801 5226 2922 5264 cum
2954 5211 3141 5279 spiritu
3185 5209 3481 5276 cmperilis,
3520 5224 3662 5261 nunc

2088 5321 2249 5360 carne
2260 5301 2703 5357 consummemiui
2721 5297 2865 5369 (Cal.
2882 5300 2983 5368 ιιι).
3007 5318 3023 5349 ›
3044 5299 3172 5352 Illud
3191 5309 3366 5350 tamen
3405 5299 3661 5350 audacter

2094 5396 2288 5456 dicam,
2319 5393 2458 5461 quod
2489 5391 2784 5445 Corinthiis
2810 5388 3308 5458 cxprobrans,dic~it
3345 5405 3356 5439 :
3388 5404 3404 5434 ι
3441 5386 3576 5451 Quia
3603 5387 3661 5439 li-

2091 5485 2283 5540 bentcr
2303 5482 2536 5537 sulferlis
2565 5482 2896 5550 insipientes,
2935 5496 3054 5532 cum
3081 5479 3196 5531 sitis
3237 5478 3337 5546 ipsi
3369 5479 3658 5545 sapientes.

2093 5574 2378 5630 Sustinclis
2405 5573 2544 5626 enim
2571 5573 2614 5625 si
2646 5572 2765 5640 quis
2810 5586 2906 5624 vos
2943 5570 2995 5622 in
3023 5570 3333 5624 servitutem
3363 5568 3576 5636 redigit,
3617 5568 3658 5621 si
