4074 6190
319 419 412 478 est
487 399 494 404 ’

1178 409 1422 470 OPUSC.
1463 411 1639 466 XLIII.
1669 411 1850 464 —-DE
1900 408 2130 464 LAUDE
2167 400 2694 460 FLAGELLORUM.

3471 409 3578 459 (58".!

318 531 436 600 quis
478 531 720 590 devorat,
773 526 822 581 si
855 525 990 595 quis
1031 524 1248 594 accipit,
1279 528 1324 578 si
1353 529 1476 594 quis
1521 521 1814 584 extollitur,
1852 520 1898 574 si
1927 520 1974 580 Α
2003 515 2208 586 gladios
2269 515 2324 569 in
2374 515 2672 568 certamine
2725 514 3072 567 corruisseut.
3149 511 3244 566 llic
3305 527 3428 568 cum
3479 516 3580 568 ali.-

318 622 438 692 quis
487 620 544 674 in
593 610 788 674 faciem
823 631 918 672 vos
966 611 1134 672 caedit'
1159 614 1252 686 (II
1290 613 1414 670 Cor.
1454 613 1564 683 ιι).
1599 632 1618 664 ι
1653 612 1786 679 Quae
1811 611 1894 664 ni-

319 713 514 767 mirum
559 710 742 764 omnia
783 709 854 762 ad
905 707 1210 764 doctrinam
1245 719 1498 776 perversa
1535 702 1899 774 dogmatizau-

317 803 452 856 tium
498 801 772 870 pertinere
815 797 938 868 quis
981 797 1275 868 ambigat?
1311 797 1481 852 Porro
1525 805 1732 860 autem,
1758 795 1900 850 sicut

317 893 454 946 dixit
478 892 620 946 Deus
649 891 718 945 ad
735 891 905 944 Adam
931 907 944 943 :
981 905 1000 940 ι
1026 887 1157 954 Quis
1181 889 1326 944 enim
1349 887 1608 942 iudicavit
1633 887 1730 944 tibi
1754 885 1898 956 quod

318 984 492 1038 nudus
511 981 796 1048 esses,uisi
809 979 950 1050 quod
971 993 1038 1034 ex
1049 979 1200 1050 ligno
1225 978 1407 1047 dequo
1419 977 1512 1032 tibi
1527 991 1892 1046 praeceperam

319 1088 386 1128 ne
411 1071 724 1127 comederes
755 1069 1082 1126 comedisti?
1111 1087 1148 1126 ι,
1183 1065 1336 1137 (Gen.
1377 1066 1484 1136 ιιι.)
1508 1067 1584 1122 ita
1609 1066 1767 1124 vobis
1793 1079 1898 1120 non

319 1161 590 1216 immerito
651 1159 830 1216 valeat
891 1172 1014 1214 cum
1065 1156 1248 1226 jurgio
1294 1153 1600 1214 severitatis
1649 1153 1896 1208 intendi:

319 1253 450 1319 Quis
471 1252 536 1306 ad
557 1252 659 1306 hoc
681 1265 776 1305 vos
793 1249 1006 1304 induxit
1045 1257 1106 1304 ut
1123 1247 1304 1303 crucis
1325 1246 1524 1304 Christi
1545 1257 1904 1315 portarecon-

325 1344 600 1400 tumeliam
640 1341 932 1406 tieretis,
965 1339 1072 1396 nisi
1089 1340 1218 1410 quia
1237 1339 1401 1398 verba
1432 1337 1728 1407 cuiuspiam
1761 1334 1902 1392 male

321 1432 604 1488 suadentis
639 1431 909 1486 audistis?

391 1524 528 1580 Hine
565 1533 648 1580 est
701 1523 864 1580 etiam
901 1524 1068 1592 quod,
1119 1534 1150 1576 a
1203 1535 1290 1576 me
1341 1519 1570 1578 sollicite
1617 1517 1900 1588 perquisiti

319 1615 460 1683 quod
489 1621 606 1668 erat
643 1613 698 1668 in
757 1627 940 1674 causa,
1006 1611 1336 1680 simpliciter
1365 1611 1496 1664 mihi
1553 1608 1902 1678 respondistis

319 1707 443 1774 quia
475 1705 724 1760 videlicet
772 1704 874 1773 piae
929 1703 1204 1760 memoria:
1256 1701 1560 1769 Stephanus
1606 1700 1900 1756 cardinalis

321 1799 422 1852 hoc
451 1796 810 1866 insugillando
839 1794 1152 1858 derisit,ac,
1175 1793 1322 1847 velut
1345 1792 1616 1860 indignam
1632 1805 1744 1844 rem
1767 1805 1900 1846 con-

1997 604 2214 674 quando
2266 619 2371 658 non
2403 603 2642 674 graviter
2675 601 2948 658 sauciatus
2993 603 3044 656 in
3089 612 3306 672 pectore
3343 605 3568 658 cecidis-

1999 703 2109 760 set,
2159 694 2414 764 quoniam
2475 692 2662 764 procul
2709 701 2827 747 erat
2878 708 2908 748 a
2963 693 3221 764 propriis,
3281 693 3336 750 in
3393 693 3572 752 aliena

1999 797 2248 858 receptus
2296 789 2452 842 domo
2497 784 2793 840 decubuit:
2843 784 2933 840 ubi
2986 783 3168 840 tandiu
3197 783 3572 842 Vulnusculum

2002 876 2338 932 medicinalis
2389 875 2666 930 industria:
2710 874 2994 930 sedulitate
3025 876 3252 942 curavit,
3289 877 3458 934 donec
3488 893 3575 933 re-

1998 965 2228 1036 sumptis
2259 963 2646 1034 aliquautulum
2670 963 2894 1030 viribus,
2925 965 2976 1017 in
3001 964 3192 1018 melius
3223 965 3287 1019 de
3317 965 3572 1036 languore

2000 1056 2292 1110 convaluit.
2327 1056 2488 1110 Misso
2515 1065 2676 1126 atque
2702 1055 2768 1110 ab
2791 1069 2958 1110 uxore
2980 1071 3074 1110 sua
3098 1056 3361 1123 vehiculo,
3393 1067 3450 1111 ut
3489 1073 3578 1112 re-

2001 1143 2142 1198 diret
2163 1144 2230 1198 ad
2258 1144 2472 1214 propria
2497 1143 2888 1214 lzetus,quidam
2917 1155 3114 1214 prmsto
3147 1147 3380 1201 surrexit
3407 1164 3420 1212 ;
3447 1148 3562 1212 sed,

2001 1233 2222 1303 dignum
2273 1243 2494 1304 stupore
2543 1236 2860 1290 miraculum
2887 1235 2900 1289 Ξ
2932 1243 3098 1291 totum
3126 1252 3249 1292 cum
3276 1253 3422 1292 armo
3450 1239 3572 1292 bra-

2002 1323 2180 1376 chium
2208 1323 2261 1378 in
2291 1323 2486 1380 lectulo
2529 1323 2848 1394 dereliquit;
2893 1335 3075 1396 atque,
3121 1335 3181 1380 ut
3228 1343 3340 1382 rem
3387 1331 3574 1383 audias

2003 1411 2324 1481 inauditam,
2360 1416 2558 1470 nullam
2618 1426 2746 1472 tunc
2801 1418 3002 1486 doloris
3043 1417 3338 1474 molestiam
3384 1421 3572 1484 sensit,

2002 1505 2096 1558 sed
2127 1506 2205 1559 sic
2247 1522 2342 1560 sua
2389 1517 2640 1576 tanquam
2672 1509 2842 1562 aliena
2890 1510 3138 1576 miratus,
3168 1520 3221 1565 et
3247 1527 3312 1566 se.
3353 1521 3574 1582 repente

2003 1592 2232 1648 debilem
2259 1596 2474 1663 reperit,
2501 1605 2554 1650 et
2574 1597 2886 1652 convulsum
2916 1612 2943 1650 a
2969 1614 3028 1652 se
3057 1600 3332 1654 brachium
3361 1602 3573 1655 eminus

1998 1684 2184 1754 jacere
2211 1687 2508 1756 conspexit.
2538 1687 2692 1742 Justo
2717 1689 2969 1744 nimirum
3007 1691 3098 1745 Dei
3129 1691 3332 1760 judicio
3370 1691 3569 1748 factum

2000 1781 2162 1828 estut
2189 1785 2408 1845 repente
2457 1775 2733 1831 brachium
2769 1778 3019 1847 perderet
3069 1795 3174 1848 quo
3213 1781 3458 1836 videlicet
3483 1799 3569 1837 re-

318 1902 520 1956 spuens
555 1859 610 1940 ei
656 1883 990 1941 “secundo
1015 1883 1340 1953 despiciens,
1387 1859 1712 1938 “eruum-ius
1743 1881 1898 1938 ᾔει-ει
1927 1859 1972 1917 Β
2000 1865 2234 1934 pentina:
2267 1867 2453 1921 mortis
2483 1869 2725 1922 ministra
2757 1869 2857 1922 tela
2891 1871 3179 1926 cruedliter
3225 1871 3565 1936 fabricasset,

318 1980 536 2047 penitus
587 1967 886 2032 interdixit.
931 1975 1042 2030 Nec
1071 1975 1290 2036 mirum,
1338 1988 1458 2032 cum
1493 1971 1782 2042 Apostolus
1817 1971 1896 2026 di-

319 2077 406 2123 cat
445 2085 458 2120 :
495 2085 515 2118 ι
551 2065 782 2124 Verbum
813 2065 992 2120 crucis
1044 2064 1392 2133 pereuntibus
1417 2062 1633 2132 quidem
1665 2061 1892 2116 stultitia

317 2167 428 2222 est;
461 2157 546 2210 his
573 2164 750 2212 autem
787 2155 878 2224 qui
929 2153 1068 2210 salvi.
1102 2153 1258 2217 ﬁunt,
1299 2153 1350 2208 id
1385 2159 1469 2208 est
1511 2151 1688 2214 nobis,
1725 2151 1896 2204 virtus

323 2247 412 2300 Dei
441 2255 528 2302 est
554 2244 604 2314 (Ι
627 2243 747 2300 Cor.
777 2244 842 2315 ι).
869 2255 894 2296 Δι
929 2243 1194 2298 Domuum
1221 2239 1379 2310 plane
1405 2239 1740 2308 Stephanum
1771 2251 1892 2291 cum

319 2337 540 2394 credam
567 2349 660 2404 per
705 2333 906 2394 Christi
943 2333 1172 2404 gratiam
1201 2329 1471 2385 nonnullis
1519 2326 1763 2382 ﬂoruisse
1787 2327 1896 2380 vir-

322 2427 545 2490 tatibus,
576 2423 766 2480 morbo
789 2433 972 2480 tamen
995 2422 1247 2480 elationis
1271 2420 1572 2484 laborasse,
1599 2427 1758 2490 prout
1788 2417 1896 2472 fer-

323 2531 416 2570 vor
435 2516 734 2585 juventutis
768 2513 1086 2582 impelleret,
1119 2513 1397 2568 dicebatur
1433 2524 1448 2562 :
1478 2517 1554 2575 et,
1579 2507 1718 2562 forte
1745 2507 1896 2574 justo

321 2605 412 2658 Dei
461 2605 850 2673 omnipotentis
889 2604 1138 2673 exigente
1179 2602 1412 2670 judicio,
1463 2599 1664 2656 factum
1709 2607 1793 2652 est
1837 2606 1898 2652 ut

321 2705 538 2766 propter
566 2696 734 2764 hujus
757 2693 902 2750 verbi
955 2692 1222 2762 piaculum
1250 2692 1456 2746 obitum
1485 2689 1784 2744 incurreret
1812 2702 1898 2742 re-

323 2788 620 2855 pentinum.
669 2786 824 2842 Brevi
857 2781 1052 2854 quippe
1101 2783 1360 2853 temporis
1385 2781 1558 2850 spatio
1607 2789 1894 2849 postquam

321 2879 434 2932 haec
489 2877 646 2932 vobis
687 2877 850 2930 verba
907 2875 1116 2932 locutus
1167 2883 1271 2939 est,
1326 2873 1535 2942 accepit
1566 2871 1891 2925 antidotum.

326 2966 640 3026 Festivitate
683 2980 812 3020 vero
843 2965 902 3017 Β.
960 2963 1308 3018 Scholasticaa
1336 2959 1562 3030 virginis
1609 2958 1892 3022 invitante,

323 3059 472 3128 quasi
511 3068 730 3129 vegetus
763 3067 818 3112 et
861 3055 974 3125 jam
1005 3055 1292 3110 incolumis
1320 3053 1386 3106 ad
1415 3060 1740 3106 nocturnum
1777 3065 1894 3104 sur-

323 3149 462 3203 rexit
484 3148 714 3212 ollicium
743 3188 760 3214 ,
787 3147 1082 3214 eodemque
1110 3145 1196 3198 die
1222 3143 1368 3212 prior
1394 3143 1524 3209 ipse.
1549 3139 1742 3196 deinde
1773 3155 1893 3211 ger-

325 3255 517 3294 manus
568 3239 683 3308 ejus
721 3238 905 3305 junior
958 3244 1180 3306 repente
1211 3233 1478 3296 defuncti,
1509 3241 1672 3302 atque
1725 3231 1894 3286 altera

327 3333 410 3387 die
435 3332 644 3399 pariter
669 3340 792 3386 sunt
817 3330 1034 3398 sepulti.

393 3422 460 3476 Et
499 3421 648 3476 credi
703 3421 928 3476 forsitan
961 3420 1118 3489 digne
1167 3425 1345 3487 potest
1373 3417 1474 3470 hoc
1520 3415 1702 3470 divina
1732 3413 1900 3468 fuisse

325 3511 692 3566 moderatione
735 3509 1050 3578 dispositum
1106 3513 1170 3560 ut
1205 3505 1532 3562 venerabilis
1599 3504 1688 3558 ille
1733 3503 1900 3556 frater

326 3600 380 3655 in
403 3603 522 3670 ejus
551 3600 890 3670 potissimum
943 3597 1172 3667 virginis
1198 3597 1284 3650 die
1303 3593 1901 3663 judicium-improvisa:

327 3691 516 3744 mortis
547 3690 868 3752 incurreret,
892 3695 1080 3742 contra
1101 3683 1256 3753 cujus
1280 3683 1668 3738 monasterium
1699 3682 1900 3734 incauti

325 3780 594 3836 sermonis
619 3777 988 3848 arrogantiam
1012 3775 1350 3846 protulisset;
1376 3781 1641 3842 quatenus
1668 3772 1735 3828 ob
1763 3771 1901 3825 hanc

326 3870 536 3938 culpam
571 3869 804 3932 animam
851 3867 994 3920 illius
1027 3866 1176 3920 laesio
1215 3864 1358 3919 nulla
1398 3863 1754 3932 contingeret,
1803 3875 1910 3936 pro.

325 3976 429 4029 qua
461 3967 846 4016 momentanea:
881 3957 1072 4012 mortis
1103 3971 1319 4026 prunam
1361 3970 1488 4009 caro
1518 3954 1634 4024 ejus
1665 3961 1770 4006 tam
1809 3967 1900 4008 su-

327 4050 438 4104 bito
473 4050 636 4120 708
663 4063 922 4102 corruens
975 4046 1303 4116 pertulisset.
1349 4045 1500 4114 Saepe
1547 4036 1780 4112 namque
1825 4043 1902 4096 sic

327 4141 520 4195 divina:
545 4141 766 4212 justitia:
795 4139 1166 4195 misericordia
1212 4138 1588 4207 permiscetur,
1619 4144 1678 4190 ut
1723 4137 1775 4188 in
1801 4134 1908 4188 hac

327 4232 434 4283 vita
495 4239 744 4299 peccator
789 4231 1004 4300 dignam
1052 4231 1347 4300 perpetrati
1397 4228 1624 4284 sceleris
1676 4225 1903 4295 recipiat

327 4321 522 4384 vicem,
559 4329 824 4388 quatenus
849 4321 960 4376 illic
983 4330 1198 4375 natet-nte
1223 4319 1588 4376 damnationis
1618 4317 1789 4386 fugiat
1816 4315 1896 4368 ul-

331 4411 568 4473 tionem;
623 4418 680 4464 et
725 4411 812 4464 bic
848 4425 970 4464 eum
1010 4409 1228 4464 ﬁniendi
1259 4408 1504 4478 supplicii
1557 4421 1716 4477 paena
1769 4395 1898 4474 per-

328 4500 504 4560 cellat,
535 4507 592 4552 ut
617 4499 723 4554 illic
754 4499 1015 4556 ultionem
1067 4513 1186 4568 quae
1225 4513 1502 4568 nunquam
1538 4498 1725 4556 ﬁnitur
1769 4509 1898 4551 eva-

329 4589 440 4642 dat.
1034 4608 1036 4610 ·

937 4676 1161 4732 CAPUT
1209 4677 1294 4732 Ill.

331 4789 496 4843 Fabri
555 4791 770 4858 dignum
833 4788 1146 4858 supplicium
1207 4789 1384 4842 divino
1441 4787 1646 4855 judicio
1711 4795 1902 4840 consu-

852 4865 856 4868 ⁷
1019 4867 1206 4912 (suum.

402 4949 500 5004 llic
541 4948 698 5018 plane
727 4949 792 5002 ad
829 4946 1141 5002 memoriam
1187 4947 1326 5000 redit
1373 4944 1516 5014 quod
1568 4941 1696 4997 mihi
1733 4955 1902 5010 nuper

329 5037 525 5092 Petrus
551 5037 616 5092 de
643 5037 838 5104 Burge,
887 5035 972 5088 vir
1002 5034 1251 5088 videlicet
1290 5033 1643 5094 clarissimus,
1675 5029 1854 5084 retulit
1880 5045 1895 5083 :

331 5129 505 5184 Faber
522 5137 626 5192 est,
651 5129 852 5198 inquit,
881 5130 932 5181 in
961 5128 1180 5198 regione
1203 5142 1322 5195 qua:
1355 5125 1650 5178 Pilonicum
1683 5125 1898 5186 dicitur,

333 5222 468 5276 artis
496 5221 870 5276 malleatorum
922 5220 1160 5290 apprime
1205 5218 1432 5288 peritus,
1459 5225 1514 5272 et
1555 5216 1606 5270 in
1641 5213 1902 5270 fabrican-

334 5313 417 5367 dis
461 5312 696 5367 maxime
755 5312 958 5366 lanceis
1015 5319 1175 5380 atque
1229 5309 1440 5380 sagittis
1483 5309 1902 5378 circumquaque

333 5399 886 5469 notissimus:spretis
905 5400 1110 5456 scilicet
1129 5397 1472 5456 ferramentis
1493 5408 1548 5453 et
1585 5397 1899 5452 utensilibus

335 5503 454 5554 quae
482 5503 720 5558 congrua
757 5495 882 5544 sunt
909 5489 1321 5544 necessitatibus
1361 5487 1658 5552 hominum,
1693 5485 1778 5539 illa
1812 5487 1902 5539 de-

335 5579 636 5634 lectabatur
670 5594 862 5636 acuere
890 5595 1010 5648 quae
1055 5579 1336 5650 inﬁgendis
1356 5588 1482 5634 sunt
1512 5588 1635 5648 apta
1671 5577 1903 5631 vulneri-

333 5670 437 5724 bus
478 5681 534 5724 et
569 5672 803 5726 caedibus
830 5671 1178 5736 bellatorum;
1218 5673 1288 5726 ita
1318 5681 1376 5724 ut
1410 5688 1516 5726 non
1559 5673 1668 5740 jam
1707 5685 1902 5740 parvus

339 5773 524 5812 eorum
585 5774 838 5814 numerus
897 5767 1038 5814 esset
1101 5761 1190 5826 qui
1235 5775 1328 5827 per
1390 5761 1506 5830 ejus
1565 5760 1901 5816 inevasibiles

778 5851 1048 5907 Ριιτιιοι..
1087 5849 1326 5908 CXLV.

1928 4557 1978 4618 D

2001 1963 2057 2009 et
2086 1956 2174 2010 ubi
2203 1957 2396 2011 vulnus
2423 1973 2526 2012 non
2573 1957 2812 2028 pertulit,
2855 1959 2924 2014 ibi
2954 1975 3010 2014 se
3048 1962 3387 2016 vulneratum
3419 1964 3574 2017 inve-

1997 2045 2095 2108 nit,
2128 2045 2220 2116 qui
2254 2061 2393 2116 διξερε
2424 2047 2845 2118 quamplurimas
2885 2063 2980 2117 per
3031 2049 3212 2106 feralis
3258 2053 3389 2118 artis
3419 2053 3584 2124 ingc-_

2001 2139 2146 2193 nium
2175 2141 2464 2210 improviso
2487 2141 2705 2197 vulnere
2726 2143 3009 2198 sauciavit.

2607 2231 2833 2288 CAPUT
2873 2231 2962 2289 IV.

2357 2317 2623 2375 Terribilis
2642 2323 2837 2391 judirii
2872 2323 3226 2380 comminatio.

2071 2413 2140 2468 Ut
2162 2430 2288 2483 ergo
2321 2415 2383 2468 ad
2422 2415 2472 2466 id
2505 2415 2643 2482 quod
2687 2429 2934 2468 exorsum
2977 2425 3058 2469 est
3087 2432 3265 2470 sermo
3297 2429 3571 2480 recurrat,

1999 2507 2240 2580 quisquis
2270 2505 2601 2576 disciplinam
2631 2505 2900 2577 suscipere
2940 2521 3036 2576 pro
3065 2507 3308 2563 nuditate
3346 2509 3424 2562 sui
3455 2521 3575 2563 eor-

1998 2599 2144 2668 poris
2176 2599 2463 2662 erubescit,
2498 2599 2681 2666 procul
2721 2599 2880 2652 dubio
2915 2613 3036 2652 eum
3065 2598 3235 2654 Adam
3275 2599 3368 2654 Dei
3391 2601 3572 2655 deam;

1999 2691 2234 2746 bulantis
2285 2690 2337 2744 in
2385 2689 2636 2760 paradiso
2683 2690 2816 2760 fugit
2869 2701 3174 2761 aspectum,
3222 2701 3275 2746 et
3327 2693 3572 2748 cruciﬁxi

1999 2783 2307 2838 Christicon
2319 2783 2547 2838 vincitur
2559 2783 2732 2836 ridere
2755 2781 2817 2853 [Γ.
2835 2782 3082 2856 irridere]
3097 2784 3446 2854 supplicium;
3473 2803 3572 2843 nec

1997 2891 2118 2928 eum
2147 2875 2390 2943 sequitur
2431 2876 2546 2943 qui,
2574 2883 2632 2928 ut
2662 2861 2756 2928 nos
2785 2873 3035 2928 liberaret
3061 2891 3091 2929 a
3125 2875 3433 2942 maledicto,
3459 2877 3572 2946 ipse

1999 2963 2172 3018 factus
2202 2973 2286 3022 est
2312 2963 2808 3030 maledictum.(Gal.
2835 2963 2938 3034 Ill);
2965 2964 3058 3018 sed
3083 2963 3228 3034 illum
3253 2967 3427 3034 potius
3449 2963 3570 3020 imi;

1997 3065 2142 3110 tatur
2173 3057 2261 3126 qui
2284 3071 2472 3110 omnes
2502 3057 2564 3109 de
2611 3055 2825 3109 sublimi
2881 3055 3056 3118 videt,
3084 3065 3138 3110 et
3170 3057 3281 3126 ipse
3311 3057 3563 3128 princeps

1993 3157 2076 3205 est
2100 3163 2260 3230 super
2287 3163 2473 3203 omnes
2505 3146 2644 3201 ﬁlios
2669 3145 2932 3216 superbiae
2957 3145 3078 3212 (Job
3117 3149 3250 3218 xu).
3282 3149 3372 3204 llle
3408 3151 3572 3204 nimi.

2003 3256 2120 3296 rum
2148 3241 2368 3294 indutus
2403 3247 2486 3293 est
2514 3237 2702 3308 gloria,
2728 3237 2793 3290 dc
2816 3252 2923 3306 quo
2967 3252 3063 3300 per
3083 3237 3400 3306 prophetam
3436 3241 3570 3293 dici-

2000 3340 2132 3385 tur:
2197 3347 2218 3380 t
2265 3328 2452 3384 Omnis
2503 3325 2638 3395 lapis
2689 3325 2953 3394 pretiosus
3003 3326 3372 3380 indumentum
3423 3335 3569 3380 tuum

2001 3419 2218 3489 (Etet-Ii.
2259 3416 2465 3481 xxvllt);
2487 3435 2505 3467 ι
2537 3417 2630 3470 sed
2659 3425 2875 3486 prapter
2900 3415 3025 3470 elati
3062 3417 3288 3470 tumoris
3314 3431 3574 3486 arrogan-

2002 3499 2131 3562 tiam
2155 3508 2207 3561 in
2230 3505 2597 3561 confusionem
2635 3505 2840 3559 corruit.
2879 3505 3280 3576 sempiternam.
3307 3503 3410 3560 Iste
3443 3521 3572 3561 vero

2000 3609 2083 3655 est
2129 3598 2280 3668 cujus
2311 3607 2364 3652 et
2392 3606 2766 3666 persecutores
2802 3606 2854 3651 et
2901 3605 3196 3653 sectatores
3225 3614 3390 3652 unum
3437 3613 3567 3652 con-

2001 3688 2240 3744 corditer
2271 3689 2588 3758 prolitentur
2632 3687 3002 3756 opprobrium.
3047 3686 3125 3740 llli
3151 3688 3411 3758 siquidem
3443 3687 3574 3743 insi-

2001 3781 2214 3836 diantes
2251 3779 2476 3834 dicunt:
2534 3797 2552 3832 t
2587 3777 2756 3834 Marte
2799 3779 3103 3848 turpissima
3151 3781 3572 3835 condemnemus

2001 3885 2124 3926 eum
2181 3869 2353 3940 (Sep.
2401 3869 2506 3938 tt);
2565 3887 2584 3918 ι
2617 3869 2702 3922 isti
2735 3873 2863 3922 vero
2912 3869 3232 3938 pmnitentes
3286 3869 3568 3923 clamant:

2008 3980 2028 4011 ‹
2059 3959 2164 4014 Nos
2199 3959 2502 4028 putavimus
2528 3957 2689 4028 709
2727 3973 2848 4012 eum
2879 3960 3032 4027 quasi
3065 3959 3330 4027 leprosum
3363 3967 3416 4013 et
3449 3975 3572 4028 per-

2001 4067 2216 4107 cussum
2235 4067 2264 4104 a
2291 4051 2397 4104 Deo
2417 4059 2472 4105 et
2498 4051 2831 4103 humiliatum
2860 4049 2992 4120 (lea.
3021 4051 3159 4120 ιιιι).
3189 4067 3209 4100 ι
3239 4050 3441 4117 Quibus
3465 4051 3569 4104 uti-

2002 4157 2106 4210 que
2149 4141 2328 4195 verbis
2370 4155 2528 4208 supra
2551 4137 2660 4207 jam
2681 4139 2938 4207 propheta
2966 4139 3300 4208 prtemiserat
3331 4158 3344 4194 :
3380 4160 3397 4190 ι
3454 4139 3570 4195 Νοιι

2000 4239 2122 4284 erat
2149 4228 2199 4283 ei
2248 4243 2423 4298 neque
2478 4229 2685 4297 species
2735 4241 2910 4297 neque
2959 4229 3161 4282 decor:
3228 4237 3282 4284 et
3337 4229 3569 4284 vidimus

2001 4336 2147 4384 eum,
2190 4329 2376 4374 etnon
2417 4329 2534 4373 erat
2574 4327 2851 4386 aspectus;
2885 4327 2939 4373 et
2981 4319 3402 4374 desideravimus
3446 4333 3570 4373 eum

2000 4409 2332 4482 despectum,
2364 4418 2418 4464 et
2440 4409 2790 4464 novissimum
2815 4410 3072 4474 virorum,
3098 4411 3271 4464 virum
3303 4412 3568 4475 dolorum,

2002 4511 2056 4556 et
2106 4503 2364 4556 scientem
2393 4497 2782 4564 inﬁrmitatem,
2827 4510 2881 4554 et
2902 4501 3050 4570 quasi
3099 4501 3442 4556 absconditus
3493 4515 3576 4558 est

2002 4592 2180 4645 vultus
2229 4591 2344 4658 ejus
2385 4598 2438 4644 et
2499 4591 2824 4659 despectus;
2858 4592 2998 4646 unde
3057 4607 3158 4645 nec
3207 4593 3574 4661 reputavintus

2001 4697 2123 4735 eum
2154 4679 2364 4750 (Ibid.).
2387 4697 2406 4730 ι
3619 4729 3622 4738 ι

2071 4771 2167 4822 Dic
2194 4783 2345 4838 ergo,
2377 4768 2624 4837 quisquis
2667 4783 2727 4820 es
2762 4769 2852 4835 qui
2897 4767 3096 4822 Christi
3139 4783 3452 4838 passionem
3472 4787 3562 4824 su-
3619 4763 3622 4766 ⁴

2001 4857 2198 4926 perbus
2258 4837 2478 4920 irrides,
2527 4857 2643 4924 qui,
2687 4861 2808 4910 cum
2851 4869 2918 4911 eo
2969 4837 3168 4910 nudari
3207 4837 3568 4928 ﬂagell‘arique

2003 4947 2328 5016 despiciens,
2361 4945 2658 4999 nuditatem
2689 4945 2804 5012 eius
2832 4954 2886 5000 et
2931 4953 3120 5000 cuncta
3155 4947 3411 5018 supplicia
3445 4959 3558 5002 tam

2007 5049 2168 5105 quam
2197 5049 2364 5104 nugas
2392 5049 2455 5087 ac
2481 5033 2706 5086 umuias-
2731 5043 2786 5088 et
2813 5033 3056 5104 quaedam
3080 5038 3410 5091 sonmiorum
3435 5039 3571 5092 deli-

2005 5136 2247 5182 ramenta
2277 5127 2604 5189 subsannas;
2634 5127 2761 5196 quid
2793 5121 2958 5180 facies
2995 5141 3116 5180 cum
3161 5143 3314 5192 eum,
3337 5131 3426 5197 qui
3451 5125 3572 5197 rp...

2006 5223 2143 5277 bliee
2181 5223 2414 5276 nudatus
2449 5229 2530 5273 est
2559 5229 2612 5272 et
2641 5219 2694 5272 in
2719 5233 2878 5273 cruce
2914 5233 3232 5288 suspensus,
3265 5221 3465 5274 videris
3511 5223 3566 5274 in

2008 5311 2304 5381 majestatis
2327 5314 2452 5364 suae
2483 5313 2676 5364 decore
2716 5311 3084 5380 conspicuum,
3124 5311 3378 5378 angelicis
3405 5314 3570 5379 agmi-

2009 5401 2165 5452 nibus
2204 5399 2438 5466 undique
2483 5397 2842 5464 constipatum
2870 5439 2883 5461 ,
2914 5398 3344 5467 incomparabilis
3393 5401 3570 5471 splen-

2006 5490 2153 5544 doris
2193 5489 2555 5542 inimcnsitate
2604 5487 3016 5550 circumdatum,
3076 5495 3128 5540 et
3177 5501 3344 5557 super
3387 5491 3566 5544 omnia

2007 5580 2241 5632 visibilia
2270 5585 2326 5631 et
2370 5573 2660 5628 invisibilia
2685 5573 3025 5628 iuefl'abiliter
3049 5575 3375 5644 gloriosum?
3401 5579 3560 5645 Quid.

2005 5673 2243 5738 inquam,
2309 5668 2501 5730 facies,
2553 5681 2678 5720 cum
2735 5681 2892 5730 cum,
2939 5667 3092 5735 cujus
3147 5685 3288 5723 nunc
3338 5672 3578 5742 ignomior

2005 5763 2147 5815 niam
2171 5759 2424 5828 despicis,
2458 5757 2732 5825 aspexeris
2763 5758 2814 5808 in
2846 5757 3018 5828 igneo
3045 5761 3340 5816 tribunalis
3363 5761 3558 5817 excelsi

3135 5853 3214 5910 92
