4074 6190
418 362 524 421 683
895 365 958 425 S.
986 366 1191 425 PETRI
1227 366 1509 426 DAMIANI
1540 368 1689 430 OPP.
1724 370 1964 445 TOMUS
2001 376 2134 437 SEU
2172 379 2353 439 PARS
2384 382 2467 440 lll.
2493 416 2561 427 —
2583 385 2952 449 OPUSCULA
2981 386 3215 454 VARIA.
3344 386 3345 391 “
3578 405 3681 461 685

415 480 553 539 solio
597 482 1004 585 praesidentem,
1028 494 1083 541 et
1126 500 1517 585 omne-genus
1572 487 1866 546 humanum
1912 513 1994 548 ue-
2027 504 2214 562 Astus
2276 498 2555 569 discipulis
2612 505 2867 561 deliciose
2914 511 3224 566 Vtventibus
3282 514 3683 585 quodammodo

413 580 504 628 eto
530 573 804 643 aequitatis
829 574 1080 630 examine
1104 576 1419 631 terribiliter
1436 576 1806 647 iudicantem?
1845 580 1998 639 Tunc
2097 602 2198 657 per
2220 587 2414 645 Isaiam
2439 592 2702 651 Dominus
2733 596 2903 652 dicit.
2940 616 2962 650 ‹
2990 598 3058 653 Et
3096 616 3242 657 nunc
3267 573 3392 660 aitdi
3426 607 3565 676 haec,

410 663 494 720 sol
522 664 920 729 obscurabitur,
945 665 1070 720 luna
1103 667 1341 722 tenebris
1371 666 1693 737 involvetur,
1728 670 1898 726 stellte
1929 672 1998 728 de
2096 677 2258 734 licata
2296 690 2353 736 et
2401 682 2656 740 habitans
2697 688 3050 755 confidenter,
3080 706 3200 761 quae
3228 693 3366 751 dicis
3413 696 3466 751 in
3516 663 3681 756 corde

414 754 551 810 caelo
585 754 814 821 cadent,
846 754 1198 811 fundamenta
1236 758 1501 813 montium
1553 763 1992 829 contremiscent,

413 846 537 902 caeli
584 847 830 903 tristibus
879 849 1046 903 radiis
1096 850 1484 916 coruscabunt,
1542 859 1689 907 terra
1735 854 1897 909 simul
1940 861 1995 911 et

412 955 506 995 aer
554 938 787 995 ﬂammis
840 940 893 994 in
945 940 1160 996 excelsa
1220 940 1527 999 furentibus
1572 944 1991 1013 cremabantur,

411 1039 464 1084 et
515 1029 782 1085 elementa
833 1030 1040 1099 pariter
1094 1032 1275 1087 omnia
1321 1031 1720 1089 confundentur
1765 1035 1989 1103 (Matth.

410 1122 588 1192 xxiv);
619 1130 673 1174 et
715 1130 768 1175 tu
800 1131 1020 1187 ornate,
1054 1131 1110 1176 tu
1149 1122 1384 1178 molliter
1411 1131 1467 1179 et
1507 1124 1762 1181 decenter
1788 1126 1989 1191 indute,

408 1224 547 1268 tntra
579 1215 675 1268 ista
708 1214 834 1284 quid
861 1214 1062 1270 facies?
1087 1214 1427 1282 Quafrontc,
1465 1231 1570 1286 qua
1611 1220 1986 1288 praesumptio-

407 1306 489 1360 nis
541 1306 767 1360 audacia
826 1306 971 1361 illius
1023 1306 1249 1378 gloriam
1306 1307 1635 1377 participare
1699 1310 1987 1377 sperabis,

405 1397 559 1466 cujus
628 1406 848 1466 portare
909 1398 1297 1455 contumeliam
1376 1408 1433 1454 et
1480 1399 1833 1471 ignominiam
1891 1401 1988 1457 de-

404 1488 629 1558 spcxisti
647 1490 670 1543 ἲ

1020 1579 1251 1637 CAPUT
1292 1582 1356 1638 V.

402 1692 556 1759 Quod
580 1693 775 1749 Christi
795 1696 1013 1750 vulnera
1041 1706 1163 1750 sunt
1186 1713 1436 1751 sensuum
1469 1707 1767 1754 nostrorum
1813 1700 1985 1755 medi-

1065 1776 1328 1823 camenta.
1675 1782 1683 1792 '

2096 776 2189 826 tuo
2218 786 2235 827 :
2289 772 2402 844 Ego
2428 789 2567 833 sum.
2599 784 2653 831 et
2678 792 2785 834 non
2828 786 2912 835 est
2941 790 3140 851 prteter
3162 798 3251 839 me
3289 788 3546 858 amplius,
3572 808 3679 846 non

2093 861 2292 919 sedebo
2340 864 2524 931 vidua,
2552 874 2743 924 etnon
2794 870 2989 927 videbo
3041 873 3412 944 sterilitatem;
3459 882 3681 937 venient

2095 951 2192 1005 tibi
2222 952 2338 1008 haec
2375 955 2484 1011 duo
2521 958 2702 1014 subito
2730 959 2784 1015 in
2807 976 2914 1017 una
2959 962 3077 1031 die,
3109 966 3372 1025 sterilitas
3405 978 3462 1026 et
3498 973 3676 1027 vidui-

2093 1049 2178 1095 tas
2197 1042 2346 1114 (Isa.
2375 1047 2574 1118 van).
2608 1068 2627 1100 ι
2674 1050 2841 1106 David
2866 1052 3056 1123 plane,
3093 1065 3151 1110 ut
3181 1059 3354 1114 nudus
3379 1060 3670 1125 incederet,

2092 1143 2313 1188 sanctus
2358 1135 2451 1203 qui
2503 1137 2556 1191 in
2619 1154 2684 1195 eo
2733 1150 2855 1196 erat
2898 1142 3132 1213 Spiritus
3184 1146 3425 1216 impulit;
3477 1148 3674 1206 Michol

2091 1235 2222 1277 vero
2247 1232 2505 1292 paternus
2532 1226 2619 1283 ille
2638 1244 2942 1299 possessor,
2988 1240 3049 1287 ut
3078 1248 3201 1288 eum
3251 1236 3548 1293 insolenter
3586 1256 3675 1294 ar-

2091 1322 2299 1383 gueret,
2330 1314 2601 1373 incitavit.
2634 1320 2711 1375 De
2742 1336 2852 1392 quo
2891 1323 3145 1380 videlicet
3185 1341 3502 1396 possessore
3534 1331 3675 1385 dicio

2095 1413 2217 1461 tur:
2248 1425 2267 1459 t
2301 1408 2437 1475 Quia
2464 1410 2674 1467 insiluit
2713 1415 2936 1483 spiritus
2978 1417 3191 1474 Domini
3234 1421 3406 1478 malus
3446 1424 3497 1477 in
3540 1423 3672 1478 Saul

2092 1495 2146 1568 (I
2180 1496 2306 1571 Reg.
2386 1501 2468 1571 ι).
2520 1522 2540 1555 ι
2586 1503 2819 1576 Ideoque
2848 1507 2966 1566 sine
3013 1509 3121 1565 ulla
3166 1512 3500 1570 dubitatione
3548 1532 3669 1572 cre-

2090 1586 2325 1643 dendum
2382 1600 2467 1645 est
2513 1594 2637 1662 quia
2689 1596 2903 1653 divinus
2947 1615 3071 1653 eum
3125 1600 3360 1671 Spiritus
3414 1616 3673 1674 provocat

2090 1677 2183 1747 qui
2210 1680 2279 1733 ad
2315 1680 2577 1737 honorem
2622 1686 2801 1741 crucis
2829 1686 3032 1744 Christi
3086 1706 3146 1746 se
3175 1693 3451 1749 humiliter
3480 1698 3669 1763 nudat,

2089 1773 2144 1820 et
2170 1765 2259 1821 ille
2292 1770 2511 1840 superbi
2535 1770 2665 1826 Saul
2709 1774 2901 1844 spiritu
2932 1776 2986 1830 in
3032 1782 3401 1848 arrogantiam
3440 1786 3670 1840 tumoris

469 1857 603 1925 Quis
664 1867 715 1913 te
772 1858 1059 1913 delicatum
1115 1869 1281 1928 atque
1342 1859 1598 1914 tenellam
1671 1862 1984 1932 aggregabit
2014 1860 2061 1920 B
2090 1857 2377 1924 attollitur,
2431 1861 2523 1930 qui
2564 1876 2644 1927 se,
2684 1872 2744 1918 ut
2790 1866 3052 1922 crucifixo
3093 1868 3310 1926 Christo
3360 1875 3668 1945 participet,

397 1949 625 2022 collegio
656 1959 978 2022 martyrum,
1011 1952 1065 2006 in
1096 1967 1327 2023 quorum
1350 1952 1669 2023 corporibus
1714 1955 1980 2009 Videbun-

397 2051 489 2097 tur
518 2044 568 2097 in
599 2043 767 2114 gloria
817 2043 1085 2099 universae
1139 2059 1247 2099 non
1280 2045 1441 2101 modo
1470 2045 1746 2116 virgarum
1781 2046 2004 2113 vibices,

394 2133 494 2187 sed
524 2143 577 2186 et
606 2132 1085 2188 innumerabilium
1130 2133 1417 2190 vulnerum
1468 2135 1789 2191 cicatrices?
1826 2136 1983 2192 Chri-

394 2231 513 2276 stus
539 2224 718 2278 crucis
742 2240 849 2279 non
876 2224 1095 2283 erubuit
1125 2225 1548 2296 turpitudinem;
1581 2236 1637 2284 et
1683 2238 1738 2283 tu
1785 2230 1982 2299 putida:

394 2316 576 2369 carnis
596 2322 706 2371 tua)
728 2316 1003 2373 vermibus
1024 2318 1349 2374 devorandae
1395 2319 1743 2375 confundcris
1769 2322 1978 2375 nudita-

397 2415 468 2460 te.
518 2403 616 2461 llle
636 2407 898 2474 nudatur,
944 2411 1191 2477 cteditur,
1222 2411 1459 2465 nectitur
1502 2412 1754 2477 vinculis,
1786 2414 1983 2466 obliui-

391 2504 482 2549 tur
504 2496 702 2566 sputis,
725 2497 1168 2567 quinquepartito
1199 2499 1423 2555 vulnere
1453 2501 1595 2557 illius
1634 2518 1763 2557 caro
1800 2503 1981 2573 perfo-

392 2586 560 2651 ditur,
588 2596 765 2642 utnos
797 2603 823 2641 a
856 2589 1137 2656 vitiorum,
1177 2605 1297 2660 quae
1336 2592 1391 2647 in
1440 2608 1541 2647 nos
1588 2608 1688 2663 per
1739 2595 1980 2665 quinque

391 2692 589 2733 sensus
647 2679 1063 2750 ingrediuntur,
1108 2682 1410 2750 lrruptione
1456 2699 1741 2749 curemur;
1806 2696 1860 2739 et
1922 2696 1975 2739 tu

397 2769 655 2833 lascivus,
690 2777 745 2822 tu
780 2779 1000 2832 unctus,
1046 2778 1101 2823 tu
1128 2771 1434 2841 petulculus
1464 2787 1528 2827 ac
1578 2773 1836 2839 tenellus,
1870 2790 1976 2829 non

386 2862 471 2915 vis
499 2862 814 2916 thesaurum
841 2862 1022 2916 carnis
1049 2870 1156 2917 tua:
1181 2862 1491 2917 hominibus
1512 2864 1709 2934 detegi,
1740 2880 1807 2919 ne
1834 2881 1978 2920 mor-

388 2952 516 3007 talis
559 2950 643 3007 vel
706 2961 944 3020 terrena,
976 2954 1121 3022 quod
1151 2954 1342 3009 absitl
1394 2956 1488 3009 sed
1532 2970 1785 3025 magnum
1847 2957 1977 3026 quid

385 3045 582 3099 debeat
609 3044 895 3101 aestimari?
922 3046 1122 3101 Paulus
1151 3046 1427 3116 apostolus
1473 3055 1555 3101 ter
1580 3046 1748 3116 virgis
1783 3049 1835 3102 in
1880 3064 1977 3116 pu-

389 3135 533 3191 blico
559 3136 808 3201 cazditur,
850 3151 950 3192 nec
980 3144 1227 3207 veretur;
1273 3136 1562 3207 quinquies
1598 3137 1974 3207 quadragenas

2083 1962 2289 2006 exuere
2318 1951 2662 2021 dedignatur.
2707 1955 2839 2022 Qua:
2864 1958 3107 2027 profecto
3138 1965 3388 2032 superbia
3418 1968 3500 2021 sic
3543 1984 3667 2023 eum

2083 2038 2154 2093 ab
2180 2039 2297 2109 ipso
2340 2040 2666 2101 humilitatis
2715 2056 2938 2103 auctore
2976 2050 3178 2117 divisit,
3224 2062 3285 2108 ut
3334 2069 3404 2112 ne
3452 2055 3668 2112 Samuel

2082 2129 2301 2199 quidem
2330 2131 2434 2186 sibi
2464 2130 2678 2189 ve'niam
2702 2136 2995 2207 impetrare
3020 2143 3274 2210 potuerit.

2158 2220 2448 2293 Egregium
2508 2227 2897 2297 prophetarum
2951 2230 3143 2286 Isaiam
3202 2234 3416 2305 publice
3473 2253 3664 2294 coram

2080 2313 2227 2367 omni
2265 2314 2460 2384 pepulo
2500 2320 2707 2372 nudum
2744 2320 2993 2378 incedere
3015 2322 3276 2403 Dominus
3331 2328 3583 2398 imperat,
3613 2343 3668 2385 et

2087 2407 2409 2471 monachus,
2438 2408 2555 2476 qui,
2594 2418 2652 2463 ut
2674 2410 2748 2464 ita
2774 2410 2994 2481 loquar,
3026 2415 3188 2470 unius
3236 2419 3455 2474 stateris
3494 2421 3667 2492 impar

2080 2503 2181 2556 est,
2223 2496 2414 2550 nudari
2442 2513 2625 2552 coram
2649 2502 2839 2570 paucis
2860 2502 3123 2560 fratribus
3144 2509 3415 2563 erubescit
3444 2528 3456 2564 :
3497 2530 3515 2562 ‹
3565 2512 3667 2565 Va-

2080 2584 2166 2651 de,
2193 2585 2407 2654 inquit,
2436 2589 2584 2644 solve
2609 2604 2829 2646 saccum
2856 2593 2923 2647 de
2969 2593 3167 2651 lumbis
3192 2598 3314 2659 tuis,
3348 2607 3402 2652 et
3444 2601 3707 2660 calces».

2079 2685 2261 2737 menta
2284 2676 2413 2732 tolle
2445 2679 2511 2733 de
2536 2679 2767 2749 pedibus
2813 2683 2948 2749 tuis;
2987 2703 3007 2737 ι
3040 2700 3274 2756 moxque
3316 2687 3661 2755 subjunctum

2080 2775 2209 2821 est:
2248 2784 2267 2819 t
2301 2767 2371 2824 Et
2400 2768 2529 2824 fecit
2572 2771 2671 2836 sic,
2711 2772 2916 2828 vadens
2973 2777 3151 2831 nudus
3198 2786 3254 2832 et
3305 2762 3663 2837 discalceatus

2078 2853 2213 2925 (Iw.
2247 2868 2362 2928 xx).
2406 2877 2425 2911 ι
2488 2858 2555 2913 Εῑ
2599 2863 2895 2917 notandum
2943 2866 3067 2933 quia
3114 2882 3219 2922 non
3270 2856 3661 2925 mollc‘earha-

2077 2946 2279 3013 sinum,
2310 2965 2417 3004 non
2457 2952 2784 3008 stamincum
2816 2954 3135 3023 delicatum;
3186 2959 3299 3024 sed,
3361 2960 3459 3027 ait,
3513 2962 3661 3016 solve

2076 3053 2296 3098 saccum
2326 3042 2391 3096 de
2422 3041 2617 3098 lumbis
2639 3046 2763 3099 tuis.
2795 3044 2865 3101 Ut
2885 3060 2952 3101 ex
2975 3049 3141 3103 vestis
3168 3050 3390 3105 mollitie
3436 3052 3660 3122 colligas

2076 3145 2239 3200 quam
2262 3130 2511 3198 delicate,
2567 3148 2731 3203 quam
2767 3136 3005 3192 molliter
3048 3140 3691 3213 vixerintquoscunque"

370 3210 494 3283 'una
534 3229 716 3283 minus
766 3229 817 3283 ίη
844 3229 1051 3299 ίηάεοίο
1098 3228 1315 3299 accipit,
1351 3237 1406 3284 ει
1434 3228 1679 3293 mnu";
1713 3238 1972 3298 ρι-εειει-υυ
2002 3210 2046 3272 C
2075 3222 2241 3277 etiam
2274 3223 2374 3278 sub
2417 3222 2535 3293 lege
2585 3225 2758 3280 veteri
2805 3225 3041 3296 Spiritus
3092 3230 3338 3285 veritatis
3394 3210 3658 3299 itttplcvit.

383 3320 622 3388 gaudere
672 3333 732 3375 se
770 3316 907 3374 dicit
966 3320 1020 3375 in
1067 3318 1268 3390 frigore
1302 3326 1358 3374 et
1396 3319 1642 3374 nuditate
1689 3317 1787 3392 (11
1848 3317 1970 3374 Cor.

380 3410 476 3481 xl).
519 3410 714 3467 Petrus
768 3427 894 3467 cum
943 3411 1273 3482 coapostolis
1322 3412 1574 3468 omnibus
1637 3411 1968 3481 ﬂagellatur,

384 3502 638 3557 atteritur
674 3502 727 3556 in
784 3503 1016 3557 concilio
1045 3501 1480 3569 Pharismorum;
1525 3512 1580 3558 et
1625 3518 1815 3558 omnes
1861 3504 1974 3575 glo-

385 3591 603 3644 riantur
622 3599 785 3661 atque
815 3591 1131 3661 tripudiant,
1155 3592 1281 3661 quia
1310 3592 1562 3663 dignatus
1592 3602 1675 3647 est
1697 3609 1790 3649 eos
1814 3594 1972 3650 Jesus

380 3693 479 3748 pro
515 3694 615 3734 suo
650 3681 869 3736 nomine
919 3681 1276 3738 contumelias
1321 3683 1431 3753 pati
1480 3682 1625 3756 (Act.
1659 3684 1745 3756 v).
1803 3686 1969 3740 David

380 3771 618 3842 propriis
648 3772 983 3828 indumentis
1012 3784 1234 3840 exutus,
1274 3783 1329 3831 et
1352 3776 1538 3845 Ephod
1572 3776 1716 3832 lineo
1743 3779 1969 3847 praecin-

342 3852 527 3928 ‘ctus,
558 3873 697 3929 ante
739 3880 925 3920 arcam
973 3865 1186 3921 Domini
1237 3867 1368 3923 totis
1416 3868 1623 3924 viribus
1670 3869 1862 3935 saltat;
1914 3878 1970 3925 et

376 3970 486 4011 non
532 3971 687 4012 suam
744 3958 837 4013 sed
868 3959 962 4013 Dei
1012 3958 1241 4031 gloriam
1293 3976 1567 4031 qumrens,
1615 3971 1779 4032 atque
1814 3977 1844 4017 a
1882 3978 1967 4017 re-

375 4048 511 4120 galis
540 4050 681 4119 genii
720 4051 986 4121 gravitate
1035 4051 1334 4118 declinans,
1365 4053 1419 4107 in
1455 4053 1549 4108 Dei
1575 4054 1964 4123 omnipotentis

375 4142 585 4197 honore
610 4141 927 4210 conjubilat.
958 4142 1057 4197 Cui
1083 4142 1279 4198 Michol
1310 4161 1323 4197 :
1367 4143 1595 4211 «\Quam
1642 4146 1805 4214 710
1854 4144 1965 4216 glo-

375 4229 576 4295 riosus,
607 4230 799 4298 inquit,
832 4229 989 4284 hodie
1015 4229 1116 4284 fuit
1164 4247 1258 4285 rex
1314 4230 1513 4297 Israel,
1563 4233 1961 4302 discooperiens

373 4336 434 4375 se
456 4329 584 4375 ante
606 4320 833 4375 ancillas
875 4335 1158 4375 servorum
1187 4336 1407 4375 suorum
1439 4323 1451 4375 !
1501 4332 1556 4377 et
1590 4324 1826 4379 nudatus
1856 4334 1957 4391 est,

372 4410 531 4480 quasi
560 4411 605 4465 si
656 4410 891 4465 nudetur
936 4425 1075 4465 unus
1132 4411 1198 4465 de
1233 4413 1438 4467 scurris
1497 4411 1579 4483 (Il
1634 4412 1763 4483 Reg.
1798 4413 1892 4483 vi).
1935 4432 1956 4467 ι

373 4499 606 4571 Superbi
631 4499 841 4555 scilicet
866 4499 1010 4570 regis
1037 4500 1145 4554 lilia
1182 4501 1541 4557 humilitatem
1591 4502 1692 4557 viri
1740 4512 1958 4571 portare

2075 3310 2252 3382 Reges
2294 3312 2461 3383 igitur
2487 3328 2552 3368 ac
2592 3315 2901 3384 prophetae,
2928 3318 3037 3371 imo
3066 3315 3337 3386 Salvator,
3370 3323 3577 3390 pariter
3602 3332 3658 3377 et

2074 3402 2678 3474 apostolinequaquam
2703 3407 2859 3461 veriti
2889 3417 3018 3462 sunt
3050 3410 3263 3476 nudari,
3293 3426 3414 3465 cum
3447 3413 3501 3466 id
3521 3415 3655 3468 ordo

2071 3492 2467 3575 persecutionis
2490 3494 2744 3563 expetiit;
2778 3503 2835 3549 et
2876 3504 2954 3561 tu,
2980 3498 3135 3566 quasi
3171 3500 3476 3554 dominicus
3516 3503 3654 3555 deli-

2072 3591 2249 3648 catus,
2279 3583 2439 3639 times
2461 3585 2636 3640 nudus
2672 3587 2863 3656 aspici,
2895 3603 2963 3642 ne
2993 3596 3045 3644 te
3071 3592 3350 3661 contingat
3375 3592 3547 3647 oculis
3571 3596 3655 3646 vi-

2070 3672 2312 3729 dentium
2340 3672 2637 3729 fascinari!
2673 3676 2739 3730 Et
2777 3692 2960 3733 revera
3009 3678 3209 3735 fratres
3241 3684 3316 3735 tui
3354 3681 3479 3751 pulli
3524 3692 3651 3737 sunt

2068 3781 2357 3822 corvorum
2386 3768 2477 3837 qui
2511 3768 2720 3825 Domini
2753 3769 2835 3825 sui
2875 3780 3092 3840 portare
3118 3772 3421 3843 gloriantur
3447 3788 3649 3845 oppro-

2066 3859 2279 3925 brium;
2316 3869 2394 3926 tu,
2424 3861 2575 3927 sicut
2609 3862 2828 3927 dicitur,
2857 3864 2997 3919 filius
3019 3864 3231 3935 gallina:
3256 3865 3413 3930 albae,
3446 3868 3647 3936 gaudes

2066 3960 2292 4007 ornatus
2330 3967 2394 4007 ac
2428 3952 2687 4008 nitidulus
2723 3968 3005 4024 apparere.
3044 3954 3150 4010 Sed
3188 3957 3314 4010 dum
3360 3972 3643 4011 corvorum

2065 4043 2370 4099 contemnis
2426 4045 2790 4114 superbiendo
2839 4045 3198 4115 nigredinem,
3254 4047 3440 4117 leprte,
3480 4063 3641 4118 quam

2064 4133 2149 4189 lex
2173 4133 2396 4189 antioua
2422 4126 2731 4199 denuntiat,
2756 4135 2991 4189 incurris
3012 4134 3271 4191 alborem.

2578 4225 2736 4295 711
2779 4224 3005 4280 CAPUT
3046 4225 3129 4281 Vl.

2390 4313 2638 4381 Corporis
2670 4316 2835 4368 nostri
2862 4315 3033 4369 vilitas
3062 4332 3124 4370 ac
3158 4317 3312 4386 fetor.

2130 4404 2265 4477 Age,
2303 4405 2492 4469 frater,
2530 4404 2659 4476 quid
2708 4414 2792 4460 est
2842 4422 2970 4461 caro
3020 4408 3145 4472 ista,
3175 4424 3337 4477 quam
3392 4410 3643 4467 videlicet

2064 4500 2173 4547 tam
2213 4494 2456 4564 diligenti
2505 4509 2637 4549 cura
2693 4495 2934 4551 vestibus
2992 4499 3256 4568 contegis,
3287 4508 3340 4553 et
3381 4508 3637 4570 tanquam

372 4565 482 4647 ηοξ]
505 4591 700 4662 potuit,
726 4600 889 4661 atque
912 4565 1114 4649 ὠρίνετο
1142 4592 1423 4662 nummis,
1448 4611 1567 4664 qua:
1604 4596 1833 4651 Domino
1856 4596 1955 4650 mi-
1981 4565 2034 4624 Ῐ)
2060 4584 2265 4653 regiam
2305 4584 2545 4639 sobolem
2582 4585 2822 4640 molliter
2862 4588 3071 4642 nutri's?
3114 4588 3303 4644 Nonne
3333 4606 3510 4645 massa
3540 4609 3641 4662 pu-

372 4680 663 4749 nistrabat,
694 4682 919 4753 gloriam
945 4700 1051 4739 non
1082 4685 1355 4755 cognovit.

309 4829 321 4845 ἢ
440 4771 630 4829 Talem
682 4788 811 4846 ergo
868 4783 1148 4830 merentur
1196 4776 1400 4831 habere
1473 4777 1787 4848 magistram
1856 4779 1953 4851 qui

312 4852 319 4855 ⁴
370 4880 592 4922 carnem
635 4881 787 4922 suam
815 4882 999 4922 coram
1046 4868 1311 4923 fratribus
1349 4870 1636 4937 perhibent
1680 4886 1786 4925 non
1832 4886 1956 4928 esse

370 4958 704 5014 nudandam.
759 4957 826 5012 Et
850 4959 1109 5027 quoniam
1161 4959 1274 5023 isti,
1330 4970 1643 5015 arescentes
1684 4963 1739 5016 in
1770 4963 1953 5018 radice

370 5048 663 5118 superbiae,
689 5064 965 5116 nunquam
988 5048 1326 5117 spiritualem
1358 5051 1664 5119 germinant
1694 5050 1952 5118 fructum,

371 5140 458 5196 his
489 5142 683 5197 merito
722 5140 974 5212 congruit
1001 5141 1146 5209 quod
1181 5141 1245 5195 de
1294 5140 1382 5195 illa
1416 5157 1633 5212 quoque
1672 5141 1951 5213 Scriptura

371 5238 621 5295 testatur,
644 5230 831 5285 dicens
859 5248 874 5285 :
913 5247 930 5280 ι
960 5228 1128 5301 lgitur
1158 5229 1351 5285 Michol
1384 5231 1507 5285 filiae
1536 5231 1665 5285 Saul
1707 5247 1812 5286 non
1867 5241 1952 5289 est

370 5334 533 5379 natus
581 5323 725 5379 illius
774 5338 947 5393 usque
1003 5323 1057 5378 in
1106 5323 1248 5378 diem
1302 5323 1490 5378 mortis
1535 5322 1883 5396 sua:(lbid.).
1924 5344 1943 5377 ι

369 5414 505 5470 Nam
533 5423 588 5470 et
610 5415 698 5470 isti
735 5414 933 5469 merito
960 5413 1215 5469 deberent
1244 5429 1276 5468 a
1301 5413 1454 5469 vobis
1481 5428 1605 5468 cum
1632 5415 1949 5472 austeritate

370 5505 579 5576 repelli,
611 5506 754 5561 sicut
780 5506 927 5560 illam
956 5505 1125 5561 David
1150 5504 1263 5561 suis
1294 5504 1731 5573 responsionibus
1753 5504 1945 5578 fregit:

375 5616 395 5651 ι
439 5596 579 5657 Vivit
623 5596 902 5662 Dominus,
933 5598 1042 5662 ait,
1090 5597 1217 5666 quia
1246 5595 1427 5652 ludam
1458 5604 1583 5650 ante
1639 5597 1944 5663 Dominum,

366 5698 425 5745 et
454 5688 575 5746 vilis
610 5689 734 5744 fiam
762 5689 1051 5761 plusquam
1079 5687 1254 5743 factus
1276 5703 1417 5753 sum,
1451 5695 1503 5742 et
1531 5702 1623 5742 ero
1649 5687 1867 5743 humilis
1890 5689 1945 5742 in

366 5782 538 5840 oculis
568 5784 702 5840 meis
730 5782 943 5850 (lbid.).
991 5800 1010 5834 ι
1044 5780 1141 5836 Cui
1174 5780 1376 5836 scilicet
1406 5780 1598 5835 Michol
1639 5778 1795 5835 simul
1821 5794 1942 5835 cum

2057 4676 2317 4734 tredinis?
2354 4693 2537 4734 nonne
2565 4681 2792 4745 vermis,
2823 4682 2999 4751 pulvis
3031 4698 3094 4736 ac
3143 4684 3320 4738 cinis?
3348 4685 3458 4740 Nec
3512 4689 3639 4752 iste,

2054 4769 2148 4839 qui
2177 4783 2323 4823 nunc
2346 4777 2449 4833 est,
2475 4783 2508 4823 a
2533 4770 2776 4839 sapiente
2803 4771 2920 4825 viro
2962 4772 3261 4827 attenditur
3286 4814 3301 4839 ,
3331 4775 3424 4829 sed
3455 4777 3636 4845 potius

2055 4859 2277 4929 dignum
2340 4867 2423 4914 est
2470 4868 2529 4914 ut
2581 4861 2782 4927 sanies,
2837 4862 3007 4927 virus,
3067 4863 3226 4929 fetor,
3278 4875 3333 4919 et
3388 4866 3638 4920 obscena!

2056 4950 2425 5019 corruptionis
2460 4950 2696 5018 illuvies,
2747 4967 2868 5021 quae.
2920 4955 3262 5023 postmodum
3305 4954 3485 5011 futura
3531 4968 3631 5023 cst,

2056 5039 2443 5108 perpendatur.
2491 5040 2636 5107 Quas
2664 5055 2795 5110 ergo
2826 5042 3031 5111 gratias
3077 5042 3172 5098 tibi
3226 5040 3463 5097 referent
3516 5059 3637 5098 vcr-

2052 5140 2199 5192 mes,
2250 5127 2344 5196 qui
2385 5130 2627 5184 voraturi
2672 5140 2800 5185 sunt
2852 5145 3046 5185 carnes
3094 5147 3231 5200 quas
3292 5131 3527 5187 molliter
3572 5149 3636 5187 ac

2052 5219 2293 5274 suaviter
2336 5220 2625 5275 cnutristi?
2677 5222 2823 5292 Age,
2882 5222 3122 5290 inquam,
3168 5238 3266 5276 cur
3304 5237 3495 5292 passus
3551 5234 3633 5277 est

2050 5306 2337 5364 Christus?
2360 5310 2441 5364 An
2475 5318 2533 5363 ut
2557 5311 2806 5379 proprios
2834 5318 3017 5366 reatus
3058 5309 3320 5376 ablueret,
3364 5319 3427 5371 et.
3441 5326 3634 5366 exces-

2050 5413 2143 5453 sus
2171 5400 2251 5454 sui
2277 5399 2567 5455 commissa
2595 5400 2847 5455 deleret?
2884 5398 2991 5454 Sed
3018 5400 3141 5473 audi
3181 5399 3401 5455 Petrum
3442 5402 3510 5456 de
3541 5402 3632 5454 illo

2050 5491 2321 5548 dicentem
2364 5506 2379 5544 :
2425 5511 2444 5543 ι
2504 5491 2606 5558 Qui
2654 5498 2935 5561 peccatum
2984 5506 3092 5546 non
3126 5489 3276 5559 fecit,
3322 5506 3421 5547 nec
3476 5491 3631 5548 dolus

2048 5581 2301 5638 inventus
2342 5592 2428 5636 est
2462 5583 2517 5637 in
2562 5596 2657 5637 ore
2701 5580 2820 5651 ejus
2872 5581 2924 5654 (I
2996 5579 3143 5636 Petr.
3178 5582 3262 5652 tt).
3304 5602 3323 5633 ι
3369 5581 3449 5636 Ad
3499 5583 3629 5652 quid

2046 5696 2178 5751 ergo
2224 5694 2417 5750 passus
2465 5680 2584 5734 est?
2630 5680 2823 5734 Adhuc
2874 5679 3065 5734 Petrus
3119 5680 3235 5749 ipse
3287 5678 3624 5747 respondet:

2052 5790 2071 5826 ι
2107 5772 2379 5840 Christus,
2403 5773 2497 5840 ait,
2522 5787 2715 5842 passus
2736 5781 2819 5827 est
2839 5788 2938 5844 pro
2959 5772 3133 5836 nobis,
3152 5770 3303 5827 vobis
3317 5770 3623 5841 relinquens
