  <div class='ocr_page' id='page_1' title='image "/cluster/home/n/w/nwhite01/storage/ocr_20150623/145/hvd.32044048207542/350.png"; bbox 0 0 4074 6190; ppageno 0'>
   <div class='ocr_carea' id='block_1_1' title="bbox 421 466 525 522">
    <p class='ocr_par' dir='ltr' id='par_1_1' title="bbox 421 466 525 522">
     <span class='ocr_line' id='line_1_1' title="bbox 421 466 525 522; baseline 0 -2"><span class='ocrx_word' id='word_1_1' title='bbox 421 466 525 522; x_wconf 79' lang='lat'><strong>685</strong></span> 
     </span>
    </p>
   </div>
   <div class='ocr_carea' id='block_1_2' title="bbox 1257 452 2835 514">
    <p class='ocr_par' dir='ltr' id='par_1_2' title="bbox 1257 452 2835 514">
     <span class='ocr_line' id='line_1_2' title="bbox 1257 452 2835 514; baseline -0.004 -1"><span class='ocrx_word' id='word_1_2' title='bbox 1257 456 1497 514; x_wconf 80' lang='lat' dir='ltr'><strong>OPUSC.</strong></span> <span class='ocrx_word' id='word_1_3' title='bbox 1540 455 1724 510; x_wconf 78' lang='lat' dir='ltr'><strong>XLIV.</strong></span> <span class='ocrx_word' id='word_1_4' title='bbox 1760 483 1829 495; x_wconf 81' lang='lat'><strong>——</strong></span> <span class='ocrx_word' id='word_1_5' title='bbox 1868 452 1957 509; x_wconf 82' lang='lat' dir='ltr'><strong>DE</strong></span> <span class='ocrx_word' id='word_1_6' title='bbox 1994 453 2221 509; x_wconf 79' lang='lat' dir='ltr'><strong>DECEM</strong></span> <span class='ocrx_word' id='word_1_7' title='bbox 2260 452 2535 511; x_wconf 59' lang='lat' dir='ltr'><strong>EGYP&#39;I&#39;I</strong></span> <span class='ocrx_word' id='word_1_8' title='bbox 2573 452 2835 510; x_wconf 80' lang='lat' dir='ltr'><strong>PLAGIS.</strong></span> 
     </span>
    </p>
   </div>
   <div class='ocr_carea' id='block_1_3' title="bbox 3553 455 3657 511">
    <p class='ocr_par' dir='ltr' id='par_1_3' title="bbox 3553 455 3657 511">
     <span class='ocr_line' id='line_1_3' title="bbox 3553 455 3657 511; baseline -0.019 0"><span class='ocrx_word' id='word_1_9' title='bbox 3553 455 3657 511; x_wconf 72' lang='lat'><strong>686</strong></span> 
     </span>
    </p>
   </div>
   <div class='ocr_carea' id='block_1_4' title="bbox 419 564 3659 645">
    <p class='ocr_par' dir='ltr' id='par_1_4' title="bbox 419 564 3659 645">
     <span class='ocr_line' id='line_1_4' title="bbox 419 564 3659 645; baseline -0.007 -10"><span class='ocrx_word' id='word_1_10' title='bbox 419 574 725 645; x_wconf 80' lang='lat' dir='ltr'><strong>exemptum</strong></span> <span class='ocrx_word' id='word_1_11' title='bbox 753 582 809 629; x_wconf 92' lang='lat' dir='ltr'><strong>ut</strong></span> <span class='ocrx_word' id='word_1_12' title='bbox 834 570 1137 642; x_wconf 84' lang='lat' dir='ltr'><strong>sequamini</strong></span> <span class='ocrx_word' id='word_1_13' title='bbox 1158 571 1387 639; x_wconf 83' lang='lat' dir='ltr'><strong>vestigia</strong></span> <span class='ocrx_word' id='word_1_14' title='bbox 1411 583 1528 638; x_wconf 63' lang='lat' dir='ltr'><strong>ejus</strong></span> <span class='ocrx_word' id='word_1_15' title='bbox 1551 566 1598 635; x_wconf 91' lang='grc'><strong>(1</strong></span> <span class='ocrx_word' id='word_1_16' title='bbox 1668 565 1814 621; x_wconf 80' lang='lat' dir='ltr'><strong>Pelr.</strong></span> <span class='ocrx_word' id='word_1_17' title='bbox 1838 574 1920 637; x_wconf 85' lang='lat' dir='ltr'><strong>ll).</strong></span> <span class='ocrx_word' id='word_1_18' title='bbox 1960 584 1979 616; x_wconf 75' lang='grc' dir='ltr'>ι</span> <span class='ocrx_word' id='word_1_19' title='bbox 2011 574 2062 629; x_wconf 73' lang='grc' dir='ltr'><strong>Α</strong></span> <span class='ocrx_word' id='word_1_20' title='bbox 2089 569 2283 620; x_wconf 77' lang='lat' dir='ltr'><strong>lutura:</strong></span> <span class='ocrx_word' id='word_1_21' title='bbox 2310 580 2529 634; x_wconf 60' lang='lat' dir='ltr'><strong>praemia</strong></span> <span class='ocrx_word' id='word_1_22' title='bbox 2561 568 2930 620; x_wconf 77' lang='lat' dir='ltr'><strong>retrtbuttonts</strong></span> <span class='ocrx_word' id='word_1_23' title='bbox 2954 564 3382 633; x_wconf 86' lang='lat' dir='ltr'><strong>contemplatur,</strong></span> <span class='ocrx_word' id='word_1_24' title='bbox 3414 580 3511 620; x_wconf 86' lang='lat' dir='ltr'><strong>nec.</strong></span> <span class='ocrx_word' id='word_1_25' title='bbox 3535 581 3659 636; x_wconf 82' lang='lat' dir='ltr'><strong>per.</strong></span> 
     </span>
    </p>
   </div>
   <div class='ocr_carea' id='block_1_5' title="bbox 429 656 1995 733">
    <p class='ocr_par' dir='ltr' id='par_1_5' title="bbox 429 656 1995 733">
     <span class='ocr_line' id='line_1_5' title="bbox 429 656 1995 733; baseline -0.01 -11"><span class='ocrx_word' id='word_1_26' title='bbox 429 668 680 723; x_wconf 74' lang='lat' dir='ltr'><strong>Christus</strong></span> <span class='ocrx_word' id='word_1_27' title='bbox 709 678 836 733; x_wconf 89' lang='lat' dir='ltr'><strong>ergo</strong></span> <span class='ocrx_word' id='word_1_28' title='bbox 855 661 1032 731; x_wconf 89' lang='lat' dir='ltr'><strong>primo</strong></span> <span class='ocrx_word' id='word_1_29' title='bbox 1064 673 1253 729; x_wconf 86' lang='lat' dir='ltr'><strong>passus</strong></span> <span class='ocrx_word' id='word_1_30' title='bbox 1279 665 1384 722; x_wconf 79' lang='lat' dir='ltr'><strong>est,</strong></span> <span class='ocrx_word' id='word_1_31' title='bbox 1414 671 1574 725; x_wconf 83' lang='lat' dir='ltr'><strong>quem</strong></span> <span class='ocrx_word' id='word_1_32' title='bbox 1597 656 1840 725; x_wconf 92' lang='lat' dir='ltr'><strong>protinus</strong></span> <span class='ocrx_word' id='word_1_33' title='bbox 1867 668 1995 722; x_wconf 79' lang='lat' dir='ltr'><strong>apo-</strong></span> 
     </span>
    </p>
   </div>
   <div class='ocr_carea' id='block_1_6' title="bbox 422 743 1994 821">
    <p class='ocr_par' dir='ltr' id='par_1_6' title="bbox 422 743 1994 821">
     <span class='ocr_line' id='line_1_6' title="bbox 422 743 1994 821; baseline -0.011 -7"><span class='ocrx_word' id='word_1_34' title='bbox 422 758 543 815; x_wconf 90' lang='lat' dir='ltr'><strong>stoli</strong></span> <span class='ocrx_word' id='word_1_35' title='bbox 570 765 697 812; x_wconf 86' lang='lat' dir='ltr'><strong>sunt</strong></span> <span class='ocrx_word' id='word_1_36' title='bbox 726 753 933 817; x_wconf 88' lang='lat' dir='ltr'><strong>secuti,</strong></span> <span class='ocrx_word' id='word_1_37' title='bbox 964 765 1194 821; x_wconf 90' lang='lat' dir='ltr'><strong>quorum</strong></span> <span class='ocrx_word' id='word_1_38' title='bbox 1240 755 1297 803; x_wconf 91' lang='lat' dir='ltr'><strong>et</strong></span> <span class='ocrx_word' id='word_1_39' title='bbox 1336 762 1435 803; x_wconf 90' lang='lat' dir='ltr'><strong>nos</strong></span> <span class='ocrx_word' id='word_1_40' title='bbox 1481 745 1702 816; x_wconf 87' lang='lat' dir='ltr'><strong>vestigia</strong></span> <span class='ocrx_word' id='word_1_41' title='bbox 1751 743 1994 817; x_wconf 72' lang='lat' dir='ltr'><strong>praecipi-</strong></span> 
     </span>
    </p>
   </div>
   <div class='ocr_carea' id='block_1_7' title="bbox 423 833 1994 907">
    <p class='ocr_par' dir='ltr' id='par_1_7' title="bbox 423 833 1994 907">
     <span class='ocr_line' id='line_1_7' title="bbox 423 833 1994 907; baseline -0.011 -3"><span class='ocrx_word' id='word_1_42' title='bbox 423 863 545 904; x_wconf 88' lang='lat' dir='ltr'><strong>mur</strong></span> <span class='ocrx_word' id='word_1_43' title='bbox 576 844 799 907; x_wconf 85' lang='lat' dir='ltr'><strong>imitari,</strong></span> <span class='ocrx_word' id='word_1_44' title='bbox 827 842 967 897; x_wconf 90' lang='lat' dir='ltr'><strong>sicut</strong></span> <span class='ocrx_word' id='word_1_45' title='bbox 1014 854 1153 894; x_wconf 90' lang='lat' dir='ltr'><strong>unus</strong></span> <span class='ocrx_word' id='word_1_46' title='bbox 1187 851 1375 893; x_wconf 89' lang='lat' dir='ltr'><strong>eorum</strong></span> <span class='ocrx_word' id='word_1_47' title='bbox 1421 835 1552 891; x_wconf 93' lang='lat' dir='ltr'><strong>dicit</strong></span> <span class='ocrx_word' id='word_1_48' title='bbox 1582 852 1595 888; x_wconf 89' lang='lat'><strong>:</strong></span> <span class='ocrx_word' id='word_1_49' title='bbox 1632 853 1650 885; x_wconf 74' lang='grc' dir='ltr'>ι</span> <span class='ocrx_word' id='word_1_50' title='bbox 1687 833 1994 889; x_wconf 86' lang='lat' dir='ltr'><strong>lmitatores</strong></span> 
     </span>
    </p>
   </div>
   <div class='ocr_carea' id='block_1_8' title="bbox 421 924 1995 1001">
    <p class='ocr_par' dir='ltr' id='par_1_8' title="bbox 421 924 1995 1001">
     <span class='ocr_line' id='line_1_8' title="bbox 421 924 1995 1001; baseline -0.01 -7"><span class='ocrx_word' id='word_1_51' title='bbox 421 939 527 994; x_wconf 86' lang='lat' dir='ltr'><strong>mei</strong></span> <span class='ocrx_word' id='word_1_52' title='bbox 570 944 762 999; x_wconf 88' lang='lat' dir='ltr'><strong>estote,</strong></span> <span class='ocrx_word' id='word_1_53' title='bbox 789 933 933 988; x_wconf 92' lang='lat' dir='ltr'><strong>sicut</strong></span> <span class='ocrx_word' id='word_1_54' title='bbox 959 940 1013 986; x_wconf 90' lang='lat' dir='ltr'><strong>et</strong></span> <span class='ocrx_word' id='word_1_55' title='bbox 1046 946 1147 1001; x_wconf 88' lang='lat' dir='ltr'><strong>ego</strong></span> <span class='ocrx_word' id='word_1_56' title='bbox 1190 924 1390 986; x_wconf 89' lang='lat' dir='ltr'><strong>Christi</strong></span> <span class='ocrx_word' id='word_1_57' title='bbox 1435 927 1491 999; x_wconf 87' lang='grc' dir='ltr'><strong>(Ι</strong></span> <span class='ocrx_word' id='word_1_58' title='bbox 1536 924 1660 982; x_wconf 81' lang='lat' dir='ltr'><strong>Cor.</strong></span> <span class='ocrx_word' id='word_1_59' title='bbox 1696 925 1796 994; x_wconf 90' lang='lat' dir='ltr'><strong>xt).</strong></span> <span class='ocrx_word' id='word_1_60' title='bbox 1849 942 1868 976; x_wconf 73' lang='grc' dir='ltr'><strong>ι</strong></span> <span class='ocrx_word' id='word_1_61' title='bbox 1910 924 1995 979; x_wconf 82' lang='lat' dir='ltr'><strong>Ad</strong></span> 
     </span>
    </p>
   </div>
   <div class='ocr_carea' id='block_1_9' title="bbox 421 1012 1993 1098">
    <p class='ocr_par' dir='ltr' id='par_1_9' title="bbox 421 1012 1993 1098">
     <span class='ocr_line' id='line_1_9' title="bbox 421 1012 1993 1098; baseline -0.008 -17"><span class='ocrx_word' id='word_1_62' title='bbox 421 1026 551 1098; x_wconf 88' lang='lat' dir='ltr'><strong>quid</strong></span> <span class='ocrx_word' id='word_1_63' title='bbox 576 1039 707 1095; x_wconf 90' lang='lat' dir='ltr'><strong>ergo</strong></span> <span class='ocrx_word' id='word_1_64' title='bbox 729 1022 1009 1078; x_wconf 90' lang='lat' dir='ltr'><strong>Christum</strong></span> <span class='ocrx_word' id='word_1_65' title='bbox 1033 1019 1261 1090; x_wconf 81' lang='lat' dir='ltr'><strong>legimus</strong></span> <span class='ocrx_word' id='word_1_66' title='bbox 1289 1032 1529 1087; x_wconf 89' lang='lat' dir='ltr'><strong>passum,</strong></span> <span class='ocrx_word' id='word_1_67' title='bbox 1557 1015 1660 1072; x_wconf 89' lang='lat' dir='ltr'><strong>nisi</strong></span> <span class='ocrx_word' id='word_1_68' title='bbox 1699 1024 1760 1070; x_wconf 93' lang='lat' dir='ltr'><strong>ut</strong></span> <span class='ocrx_word' id='word_1_69' title='bbox 1795 1012 1915 1085; x_wconf 83' lang='lat' dir='ltr'><strong>ejus</strong></span> <span class='ocrx_word' id='word_1_70' title='bbox 1959 1028 1993 1070; x_wconf 88' lang='lat' dir='ltr'><strong>e</strong></span> 
     </span>
    </p>
   </div>
   <div class='ocr_carea' id='block_1_10' title="bbox 423 1105 1428 1182">
    <p class='ocr_par' dir='ltr' id='par_1_10' title="bbox 423 1105 1428 1182">
     <span class='ocr_line' id='line_1_10' title="bbox 423 1105 1428 1182; baseline -0.011 -13"><span class='ocrx_word' id='word_1_71' title='bbox 423 1113 649 1181; x_wconf 84' lang='lat' dir='ltr'><strong>vestigio</strong></span> <span class='ocrx_word' id='word_1_72' title='bbox 670 1122 1063 1182; x_wconf 81' lang='lat' dir='ltr'><strong>prosequamur</strong></span> <span class='ocrx_word' id='word_1_73' title='bbox 1084 1105 1428 1176; x_wconf 81' lang='lat' dir='ltr'><strong>exemplum?</strong></span> 
     </span>
    </p>
   </div>
   <div class='ocr_carea' id='block_1_11' title="bbox 492 1194 1993 1268">
    <p class='ocr_par' dir='ltr' id='par_1_11' title="bbox 492 1194 1993 1268">
     <span class='ocr_line' id='line_1_11' title="bbox 492 1194 1993 1268; baseline -0.008 -10"><span class='ocrx_word' id='word_1_74' title='bbox 492 1200 734 1259; x_wconf 82' lang='lat' dir='ltr'><strong>Obsecro</strong></span> <span class='ocrx_word' id='word_1_75' title='bbox 764 1199 948 1268; x_wconf 84' lang='lat' dir='ltr'><strong>itaque</strong></span> <span class='ocrx_word' id='word_1_76' title='bbox 973 1211 1092 1262; x_wconf 88' lang='lat' dir='ltr'><strong>vos,</strong></span> <span class='ocrx_word' id='word_1_77' title='bbox 1115 1194 1452 1251; x_wconf 84' lang='lat' dir='ltr'><strong>dilectissimi</strong></span> <span class='ocrx_word' id='word_1_78' title='bbox 1477 1232 1493 1259; x_wconf 89' lang='lat'><strong>,</strong></span> <span class='ocrx_word' id='word_1_79' title='bbox 1526 1207 1688 1248; x_wconf 81' lang='lat' dir='ltr'><strong>aures</strong></span> <span class='ocrx_word' id='word_1_80' title='bbox 1728 1201 1934 1248; x_wconf 88' lang='lat' dir='ltr'><strong>vestras</strong></span> <span class='ocrx_word' id='word_1_81' title='bbox 1959 1204 1993 1247; x_wconf 89' lang='lat' dir='ltr'><strong>a</strong></span> 
     </span>
    </p>
   </div>
   <div class='ocr_carea' id='block_1_12' title="bbox 423 1283 1990 1362">
    <p class='ocr_par' dir='ltr' id='par_1_12' title="bbox 423 1283 1990 1362">
     <span class='ocr_line' id='line_1_12' title="bbox 423 1283 1990 1362; baseline -0.007 -14"><span class='ocrx_word' id='word_1_82' title='bbox 423 1289 753 1362; x_wconf 86' lang='lat' dir='ltr'><strong>serpentinis</strong></span> <span class='ocrx_word' id='word_1_83' title='bbox 798 1301 1053 1358; x_wconf 87' lang='lat' dir='ltr'><strong>perversa</strong></span> <span class='ocrx_word' id='word_1_84' title='bbox 1101 1284 1437 1356; x_wconf 88' lang='lat' dir='ltr'><strong>loquentium</strong></span> <span class='ocrx_word' id='word_1_85' title='bbox 1484 1283 1660 1339; x_wconf 79' lang='lat' dir='ltr'><strong>sibilis</strong></span> <span class='ocrx_word' id='word_1_86' title='bbox 1708 1283 1945 1339; x_wconf 80' lang='lat' dir='ltr'><strong>claudite</strong></span> <span class='ocrx_word' id='word_1_87' title='bbox 1971 1322 1990 1349; x_wconf 91' lang='lat'><strong>,</strong></span> 
     </span>
    </p>
   </div>
   <div class='ocr_carea' id='block_1_13' title="bbox 420 1371 1992 1451">
    <p class='ocr_par' dir='ltr' id='par_1_13' title="bbox 420 1371 1992 1451">
     <span class='ocr_line' id='line_1_13' title="bbox 420 1371 1992 1451; baseline -0.006 -13"><span class='ocrx_word' id='word_1_88' title='bbox 420 1396 620 1451; x_wconf 86' lang='lat' dir='ltr'><strong>easque</strong></span> <span class='ocrx_word' id='word_1_89' title='bbox 646 1381 697 1435; x_wconf 90' lang='lat' dir='ltr'><strong>in</strong></span> <span class='ocrx_word' id='word_1_90' title='bbox 728 1377 1073 1448; x_wconf 85' lang='lat' dir='ltr'><strong>simplicitate</strong></span> <span class='ocrx_word' id='word_1_91' title='bbox 1116 1374 1369 1446; x_wconf 80' lang='lat' dir='ltr'><strong>pauperis</strong></span> <span class='ocrx_word' id='word_1_92' title='bbox 1418 1381 1477 1429; x_wconf 92' lang='lat' dir='ltr'><strong>et</strong></span> <span class='ocrx_word' id='word_1_93' title='bbox 1520 1372 1765 1429; x_wconf 81' lang='lat' dir='ltr'><strong>cruciﬁxi</strong></span> <span class='ocrx_word' id='word_1_94' title='bbox 1789 1371 1992 1428; x_wconf 86' lang='lat' dir='ltr'><strong>Christi</strong></span> 
     </span>
    </p>
   </div>
   <div class='ocr_carea' id='block_1_14' title="bbox 421 1460 1987 1540">
    <p class='ocr_par' dir='ltr' id='par_1_14' title="bbox 421 1460 1987 1540">
     <span class='ocr_line' id='line_1_14' title="bbox 421 1460 1987 1540; baseline -0.008 -14"><span class='ocrx_word' id='word_1_95' title='bbox 421 1470 546 1526; x_wconf 80' lang='lat' dir='ltr'><strong>Jesu</strong></span> <span class='ocrx_word' id='word_1_96' title='bbox 574 1468 814 1540; x_wconf 77' lang='lat' dir='ltr'><strong>virgines</strong></span> <span class='ocrx_word' id='word_1_97' title='bbox 833 1464 1132 1530; x_wconf 81' lang='lat' dir='ltr'><strong>custodite;</strong></span> <span class='ocrx_word' id='word_1_98' title='bbox 1164 1477 1388 1518; x_wconf 89' lang='lat' dir='ltr'><strong>aureum</strong></span> <span class='ocrx_word' id='word_1_99' title='bbox 1410 1460 1697 1532; x_wconf 79' lang='lat' dir='ltr'><strong>Babylonis</strong></span> <span class='ocrx_word' id='word_1_100' title='bbox 1715 1460 1987 1532; x_wconf 82' lang='lat' dir='ltr'><strong>poculum,</strong></span> 
     </span>
    </p>
   </div>
   <div class='ocr_carea' id='block_1_15' title="bbox 422 1551 1988 1626">
    <p class='ocr_par' dir='ltr' id='par_1_15' title="bbox 422 1551 1988 1626">
     <span class='ocr_line' id='line_1_15' title="bbox 422 1551 1988 1626; baseline -0.006 -11"><span class='ocrx_word' id='word_1_101' title='bbox 422 1569 478 1615; x_wconf 86' lang='lat' dir='ltr'><strong>et</strong></span> <span class='ocrx_word' id='word_1_102' title='bbox 500 1559 722 1615; x_wconf 89' lang='lat' dir='ltr'><strong>calicem</strong></span> <span class='ocrx_word' id='word_1_103' title='bbox 776 1557 872 1612; x_wconf 64' lang='lat' dir='ltr'><strong>ira:</strong></span> <span class='ocrx_word' id='word_1_104' title='bbox 921 1554 1040 1622; x_wconf 85' lang='lat' dir='ltr'><strong>Dei,</strong></span> <span class='ocrx_word' id='word_1_105' title='bbox 1083 1555 1176 1626; x_wconf 92' lang='lat' dir='ltr'><strong>qui</strong></span> <span class='ocrx_word' id='word_1_106' title='bbox 1223 1553 1377 1609; x_wconf 82' lang='lat' dir='ltr'><strong>vobis</strong></span> <span class='ocrx_word' id='word_1_107' title='bbox 1420 1551 1617 1607; x_wconf 86' lang='lat' dir='ltr'><strong>blande</strong></span> <span class='ocrx_word' id='word_1_108' title='bbox 1670 1552 1988 1622; x_wconf 74' lang='lat' dir='ltr'><strong>porrigitur,</strong></span> 
     </span>
    </p>
   </div>
   <div class='ocr_carea' id='block_1_16' title="bbox 424 1643 1992 1718">
    <p class='ocr_par' dir='ltr' id='par_1_16' title="bbox 424 1643 1992 1718">
     <span class='ocr_line' id='line_1_16' title="bbox 424 1643 1992 1718; baseline -0.006 -12"><span class='ocrx_word' id='word_1_109' title='bbox 424 1653 493 1705; x_wconf 86' lang='lat' dir='ltr'><strong>ab</strong></span> <span class='ocrx_word' id='word_1_110' title='bbox 528 1664 624 1705; x_wconf 89' lang='lat' dir='ltr'><strong>ore</strong></span> <span class='ocrx_word' id='word_1_111' title='bbox 666 1657 848 1704; x_wconf 88' lang='lat' dir='ltr'><strong>vestro</strong></span> <span class='ocrx_word' id='word_1_112' title='bbox 892 1647 1171 1718; x_wconf 86' lang='lat' dir='ltr'><strong>repellite;</strong></span> <span class='ocrx_word' id='word_1_113' title='bbox 1220 1644 1474 1716; x_wconf 77' lang='lat' dir='ltr'><strong>pestifera</strong></span> <span class='ocrx_word' id='word_1_114' title='bbox 1524 1643 1880 1713; x_wconf 88' lang='lat' dir='ltr'><strong>superborum</strong></span> <span class='ocrx_word' id='word_1_115' title='bbox 1936 1650 1992 1697; x_wconf 91' lang='lat' dir='ltr'><strong>et</strong></span> 
     </span>
    </p>
   </div>
   <div class='ocr_carea' id='block_1_17' title="bbox 423 1735 1993 1805">
    <p class='ocr_par' dir='ltr' id='par_1_17' title="bbox 423 1735 1993 1805">
     <span class='ocr_line' id='line_1_17' title="bbox 423 1735 1993 1805; baseline -0.005 -8"><span class='ocrx_word' id='word_1_116' title='bbox 423 1743 840 1798; x_wconf 86' lang='lat' dir='ltr'><strong>adulterantium</strong></span> <span class='ocrx_word' id='word_1_117' title='bbox 869 1740 1096 1795; x_wconf 83' lang='lat' dir='ltr'><strong>verbum</strong></span> <span class='ocrx_word' id='word_1_118' title='bbox 1146 1738 1241 1793; x_wconf 87' lang='lat' dir='ltr'><strong>Dei</strong></span> <span class='ocrx_word' id='word_1_119' title='bbox 1281 1751 1489 1793; x_wconf 89' lang='lat' dir='ltr'><strong>venena</strong></span> <span class='ocrx_word' id='word_1_120' title='bbox 1523 1737 1712 1791; x_wconf 88' lang='lat' dir='ltr'><strong>vitate.</strong></span> <span class='ocrx_word' id='word_1_121' title='bbox 1767 1736 1844 1790; x_wconf 90' lang='lat' dir='ltr'><strong>De</strong></span> <span class='ocrx_word' id='word_1_122' title='bbox 1873 1735 1993 1805; x_wconf 89' lang='lat' dir='ltr'><strong>qui-</strong></span> 
     </span>
    </p>
   </div>
   <div class='ocr_carea' id='block_1_18' title="bbox 423 1823 1993 1897">
    <p class='ocr_par' dir='ltr' id='par_1_18' title="bbox 423 1823 1993 1897">
     <span class='ocr_line' id='line_1_18' title="bbox 423 1823 1993 1897; baseline -0.005 -11"><span class='ocrx_word' id='word_1_123' title='bbox 423 1829 524 1886; x_wconf 88' lang='lat' dir='ltr'><strong>bus</strong></span> <span class='ocrx_word' id='word_1_124' title='bbox 556 1832 623 1885; x_wconf 91' lang='lat' dir='ltr'><strong>ad</strong></span> <span class='ocrx_word' id='word_1_125' title='bbox 662 1829 1002 1884; x_wconf 86' lang='lat' dir='ltr'><strong>Timotheum</strong></span> <span class='ocrx_word' id='word_1_126' title='bbox 1039 1825 1331 1897; x_wconf 79' lang='lat' dir='ltr'><strong>Apostolus</strong></span> <span class='ocrx_word' id='word_1_127' title='bbox 1364 1826 1497 1881; x_wconf 92' lang='lat' dir='ltr'><strong>dicit</strong></span> <span class='ocrx_word' id='word_1_128' title='bbox 1539 1843 1553 1879; x_wconf 89' lang='lat'><strong>:</strong></span> <span class='ocrx_word' id='word_1_129' title='bbox 1609 1843 1630 1878; x_wconf 80' lang='lat' dir='ltr'><strong>t</strong></span> <span class='ocrx_word' id='word_1_130' title='bbox 1674 1823 1907 1880; x_wconf 73' lang='lat' dir='ltr'><strong>Profana</strong></span> <span class='ocrx_word' id='word_1_131' title='bbox 1936 1832 1993 1879; x_wconf 92' lang='lat' dir='ltr'><strong>et</strong></span> 
     </span>
    </p>
   </div>
   <div class='ocr_carea' id='block_1_19' title="bbox 2094 654 3654 727">
    <p class='ocr_par' dir='ltr' id='par_1_19' title="bbox 2094 654 3654 727">
     <span class='ocr_line' id='line_1_19' title="bbox 2094 654 3654 727; baseline 0.001 -16"><span class='ocrx_word' id='word_1_132' title='bbox 2094 657 2363 712; x_wconf 72' lang='lat' dir='ltr'><strong>horrescit</strong></span> <span class='ocrx_word' id='word_1_133' title='bbox 2388 656 2667 726; x_wconf 80' lang='lat' dir='ltr'><strong>plagarum</strong></span> <span class='ocrx_word' id='word_1_134' title='bbox 2697 656 2797 710; x_wconf 90' lang='lat' dir='ltr'><strong>sub</strong></span> <span class='ocrx_word' id='word_1_135' title='bbox 2827 663 3104 709; x_wconf 91' lang='lat' dir='ltr'><strong>momento</strong></span> <span class='ocrx_word' id='word_1_136' title='bbox 3135 654 3403 710; x_wconf 85' lang='lat' dir='ltr'><strong>volantem</strong></span> <span class='ocrx_word' id='word_1_137' title='bbox 3445 660 3654 727; x_wconf 85' lang='lat' dir='ltr'><strong>asperi-</strong></span> 
     </span>
    </p>
   </div>
   <div class='ocr_carea' id='block_1_20' title="bbox 2092 745 3659 818">
    <p class='ocr_par' dir='ltr' id='par_1_20' title="bbox 2092 745 3659 818">
     <span class='ocr_line' id='line_1_20' title="bbox 2092 745 3659 818; baseline 0.001 -16"><span class='ocrx_word' id='word_1_138' title='bbox 2092 755 2259 803; x_wconf 83' lang='lat' dir='ltr'><strong>tatem</strong></span> <span class='ocrx_word' id='word_1_139' title='bbox 2282 747 2375 818; x_wconf 92' lang='lat' dir='ltr'><strong>qui</strong></span> <span class='ocrx_word' id='word_1_140' title='bbox 2419 748 2643 817; x_wconf 82' lang='lat' dir='ltr'><strong>provide</strong></span> <span class='ocrx_word' id='word_1_141' title='bbox 2685 745 2993 801; x_wconf 85' lang='lat' dir='ltr'><strong>considerat</strong></span> <span class='ocrx_word' id='word_1_142' title='bbox 3025 759 3145 799; x_wconf 89' lang='lat' dir='ltr'><strong>eam</strong></span> <span class='ocrx_word' id='word_1_143' title='bbox 3187 760 3309 814; x_wconf 64' lang='lat' dir='ltr'><strong>qua:</strong></span> <span class='ocrx_word' id='word_1_144' title='bbox 3357 746 3460 802; x_wconf 86' lang='lat' dir='ltr'><strong>sibi</strong></span> <span class='ocrx_word' id='word_1_145' title='bbox 3510 764 3659 803; x_wconf 85' lang='lat' dir='ltr'><strong>euut-</strong></span> 
     </span>
    </p>
   </div>
   <div class='ocr_carea' id='block_1_21' title="bbox 2090 834 3415 908">
    <p class='ocr_par' dir='ltr' id='par_1_21' title="bbox 2090 834 3415 908">
     <span class='ocr_line' id='line_1_21' title="bbox 2090 834 3415 908; baseline 0 -18"><span class='ocrx_word' id='word_1_146' title='bbox 2090 838 2364 908; x_wconf 88' lang='lat' dir='ltr'><strong>pensauda</strong></span> <span class='ocrx_word' id='word_1_147' title='bbox 2394 844 2478 891; x_wconf 90' lang='lat' dir='ltr'><strong>est</strong></span> <span class='ocrx_word' id='word_1_148' title='bbox 2504 835 2788 891; x_wconf 89' lang='lat' dir='ltr'><strong>suavitatis</strong></span> <span class='ocrx_word' id='word_1_149' title='bbox 2814 844 3031 889; x_wconf 68' lang='lat' dir='ltr'><strong>aeternae</strong></span> <span class='ocrx_word' id='word_1_150' title='bbox 3054 834 3415 890; x_wconf 88' lang='lat' dir='ltr'><strong>dulcedinem.</strong></span> 
     </span>
    </p>
   </div>
   <div class='ocr_carea' id='block_1_22' title="bbox 2161 925 3654 999">
    <p class='ocr_par' dir='ltr' id='par_1_22' title="bbox 2161 925 3654 999">
     <span class='ocr_line' id='line_1_22' title="bbox 2161 925 3654 999; baseline 0 -15"><span class='ocrx_word' id='word_1_151' title='bbox 2161 927 2207 984; x_wconf 91' lang='lat'><strong>0</strong></span> <span class='ocrx_word' id='word_1_152' title='bbox 2236 943 2396 998; x_wconf 85' lang='lat' dir='ltr'><strong>quam</strong></span> <span class='ocrx_word' id='word_1_153' title='bbox 2413 925 2741 994; x_wconf 85' lang='lat' dir='ltr'><strong>jucundum!</strong></span> <span class='ocrx_word' id='word_1_154' title='bbox 2772 942 2806 980; x_wconf 96' lang='lat' dir='ltr'><strong>o</strong></span> <span class='ocrx_word' id='word_1_155' title='bbox 2828 941 2989 999; x_wconf 88' lang='lat' dir='ltr'><strong>quam</strong></span> <span class='ocrx_word' id='word_1_156' title='bbox 3016 925 3229 997; x_wconf 91' lang='lat' dir='ltr'><strong>insigne</strong></span> <span class='ocrx_word' id='word_1_157' title='bbox 3253 928 3654 996; x_wconf 82' lang='lat' dir='ltr'><strong>spectaculum!</strong></span> 
     </span>
    </p>
   </div>
   <div class='ocr_carea' id='block_1_23' title="bbox 2089 1018 3658 1091">
    <p class='ocr_par' dir='ltr' id='par_1_23' title="bbox 2089 1018 3658 1091">
     <span class='ocr_line' id='line_1_23' title="bbox 2089 1018 3658 1091; baseline 0 -15"><span class='ocrx_word' id='word_1_158' title='bbox 2089 1036 2212 1077; x_wconf 91' lang='lat' dir='ltr'><strong>cum</strong></span> <span class='ocrx_word' id='word_1_159' title='bbox 2243 1036 2509 1091; x_wconf 90' lang='lat' dir='ltr'><strong>supernus</strong></span> <span class='ocrx_word' id='word_1_160' title='bbox 2534 1018 2707 1075; x_wconf 71' lang='lat' dir='ltr'><strong>iudex</strong></span> <span class='ocrx_word' id='word_1_161' title='bbox 2754 1019 2820 1075; x_wconf 92' lang='lat' dir='ltr'><strong>de</strong></span> <span class='ocrx_word' id='word_1_162' title='bbox 2846 1018 2987 1074; x_wconf 68' lang='lat' dir='ltr'><strong>ctelo</strong></span> <span class='ocrx_word' id='word_1_163' title='bbox 3030 1027 3364 1091; x_wconf 88' lang='lat' dir='ltr'><strong>prospectat,</strong></span> <span class='ocrx_word' id='word_1_164' title='bbox 3406 1029 3462 1075; x_wconf 90' lang='lat' dir='ltr'><strong>et</strong></span> <span class='ocrx_word' id='word_1_165' title='bbox 3498 1020 3658 1077; x_wconf 90' lang='lat' dir='ltr'><strong>homo</strong></span> 
     </span>
    </p>
   </div>
   <div class='ocr_carea' id='block_1_24' title="bbox 2089 1109 3654 1183">
    <p class='ocr_par' dir='ltr' id='par_1_24' title="bbox 2089 1109 3654 1183">
     <span class='ocr_line' id='line_1_24' title="bbox 2089 1109 3654 1183; baseline -0.001 -16"><span class='ocrx_word' id='word_1_166' title='bbox 2089 1112 2434 1183; x_wconf 85' lang='lat' dir='ltr'><strong>semetipsum</strong></span> <span class='ocrx_word' id='word_1_167' title='bbox 2466 1110 2519 1166; x_wconf 85' lang='lat' dir='ltr'><strong>in</strong></span> <span class='ocrx_word' id='word_1_168' title='bbox 2550 1110 2898 1167; x_wconf 73' lang='lat' dir='ltr'><strong>inferioribus</strong></span> <span class='ocrx_word' id='word_1_169' title='bbox 2922 1123 3022 1181; x_wconf 89' lang='lat' dir='ltr'><strong>pro</strong></span> <span class='ocrx_word' id='word_1_170' title='bbox 3050 1110 3165 1165; x_wconf 87' lang='lat' dir='ltr'><strong>suis</strong></span> <span class='ocrx_word' id='word_1_171' title='bbox 3194 1109 3406 1166; x_wconf 86' lang='lat' dir='ltr'><strong>delictis</strong></span> <span class='ocrx_word' id='word_1_172' title='bbox 3443 1112 3654 1165; x_wconf 82' lang='lat' dir='ltr'><strong>mittat!</strong></span> 
     </span>
    </p>
   </div>
   <div class='ocr_carea' id='block_1_25' title="bbox 2089 1200 3658 1273">
    <p class='ocr_par' dir='ltr' id='par_1_25' title="bbox 2089 1200 3658 1273">
     <span class='ocr_line' id='line_1_25' title="bbox 2089 1200 3658 1273; baseline -0.001 -15"><span class='ocrx_word' id='word_1_173' title='bbox 2089 1201 2192 1259; x_wconf 86' lang='lat' dir='ltr'><strong>Ubi</strong></span> <span class='ocrx_word' id='word_1_174' title='bbox 2218 1217 2341 1256; x_wconf 81' lang='lat' dir='ltr'><strong>reus</strong></span> <span class='ocrx_word' id='word_1_175' title='bbox 2368 1202 2502 1272; x_wconf 90' lang='lat' dir='ltr'><strong>ipse,</strong></span> <span class='ocrx_word' id='word_1_176' title='bbox 2518 1201 2571 1256; x_wconf 92' lang='lat' dir='ltr'><strong>in</strong></span> <span class='ocrx_word' id='word_1_177' title='bbox 2598 1202 2831 1271; x_wconf 72' lang='lat' dir='ltr'><strong>pectoris</strong></span> <span class='ocrx_word' id='word_1_178' title='bbox 2852 1202 2935 1256; x_wconf 82' lang='lat' dir='ltr'><strong>sui</strong></span> <span class='ocrx_word' id='word_1_179' title='bbox 2960 1200 3320 1258; x_wconf 85' lang='lat' dir='ltr'><strong>tribunalibus</strong></span> <span class='ocrx_word' id='word_1_180' title='bbox 3342 1202 3658 1273; x_wconf 56' lang='lat' dir='ltr'><strong>pra‘sidens,</strong></span> 
     </span>
    </p>
   </div>
   <div class='ocr_carea' id='block_1_26' title="bbox 2089 1289 3660 1361">
    <p class='ocr_par' dir='ltr' id='par_1_26' title="bbox 2089 1289 3660 1361">
     <span class='ocr_line' id='line_1_26' title="bbox 2089 1289 3660 1361; baseline -0.001 -15"><span class='ocrx_word' id='word_1_181' title='bbox 2089 1292 2358 1347; x_wconf 71' lang='lat' dir='ltr'><strong>trifarium</strong></span> <span class='ocrx_word' id='word_1_182' title='bbox 2407 1300 2552 1346; x_wconf 90' lang='lat' dir='ltr'><strong>tenet</strong></span> <span class='ocrx_word' id='word_1_183' title='bbox 2578 1289 2842 1357; x_wconf 77' lang='lat' dir='ltr'><strong>oliicium;</strong></span> <span class='ocrx_word' id='word_1_184' title='bbox 2875 1291 2932 1346; x_wconf 90' lang='lat' dir='ltr'><strong>in</strong></span> <span class='ocrx_word' id='word_1_185' title='bbox 2975 1290 3138 1346; x_wconf 85' lang='lat' dir='ltr'><strong>corde</strong></span> <span class='ocrx_word' id='word_1_186' title='bbox 3162 1305 3223 1346; x_wconf 88' lang='lat' dir='ltr'><strong>se</strong></span> <span class='ocrx_word' id='word_1_187' title='bbox 3271 1290 3543 1346; x_wconf 85' lang='lat' dir='ltr'><strong>constituit</strong></span> <span class='ocrx_word' id='word_1_188' title='bbox 3571 1291 3660 1361; x_wconf 84' lang='lat' dir='ltr'><strong>ju—</strong></span> 
     </span>
    </p>
   </div>
   <div class='ocr_carea' id='block_1_27' title="bbox 2088 1380 3661 1452">
    <p class='ocr_par' dir='ltr' id='par_1_27' title="bbox 2088 1380 3661 1452">
     <span class='ocr_line' id='line_1_27' title="bbox 2088 1380 3661 1452; baseline -0.001 -16"><span class='ocrx_word' id='word_1_189' title='bbox 2088 1381 2284 1445; x_wconf 88' lang='lat' dir='ltr'><strong>dicem,</strong></span> <span class='ocrx_word' id='word_1_190' title='bbox 2314 1396 2466 1435; x_wconf 87' lang='lat' dir='ltr'><strong>remn</strong></span> <span class='ocrx_word' id='word_1_191' title='bbox 2495 1381 2550 1435; x_wconf 91' lang='lat' dir='ltr'><strong>in</strong></span> <span class='ocrx_word' id='word_1_192' title='bbox 2576 1395 2824 1451; x_wconf 90' lang='lat' dir='ltr'><strong>corpore,</strong></span> <span class='ocrx_word' id='word_1_193' title='bbox 2858 1380 3107 1436; x_wconf 88' lang='lat' dir='ltr'><strong>manibus</strong></span> <span class='ocrx_word' id='word_1_194' title='bbox 3130 1395 3188 1436; x_wconf 90' lang='lat' dir='ltr'><strong>se</strong></span> <span class='ocrx_word' id='word_1_195' title='bbox 3213 1381 3412 1452; x_wconf 88' lang='lat' dir='ltr'><strong>gaudet</strong></span> <span class='ocrx_word' id='word_1_196' title='bbox 3435 1380 3661 1436; x_wconf 81' lang='lat' dir='ltr'><strong>exhibe-</strong></span> 
     </span>
    </p>
   </div>
   <div class='ocr_carea' id='block_1_28' title="bbox 2088 1470 3657 1540">
    <p class='ocr_par' dir='ltr' id='par_1_28' title="bbox 2088 1470 3657 1540">
     <span class='ocr_line' id='line_1_28' title="bbox 2088 1470 3657 1540; baseline -0.002 -13"><span class='ocrx_word' id='word_1_197' title='bbox 2088 1487 2149 1527; x_wconf 90' lang='lat' dir='ltr'><strong>re</strong></span> <span class='ocrx_word' id='word_1_198' title='bbox 2182 1482 2473 1538; x_wconf 90' lang='lat' dir='ltr'><strong>tortorem;</strong></span> <span class='ocrx_word' id='word_1_199' title='bbox 2519 1486 2585 1526; x_wconf 91' lang='lat' dir='ltr'><strong>ac</strong></span> <span class='ocrx_word' id='word_1_200' title='bbox 2612 1471 2658 1526; x_wconf 89' lang='lat' dir='ltr'><strong>si</strong></span> <span class='ocrx_word' id='word_1_201' title='bbox 2710 1471 2820 1526; x_wconf 92' lang='lat' dir='ltr'><strong>Deo</strong></span> <span class='ocrx_word' id='word_1_202' title='bbox 2868 1481 3093 1526; x_wconf 89' lang='lat' dir='ltr'><strong>sanctus</strong></span> <span class='ocrx_word' id='word_1_203' title='bbox 3143 1470 3414 1540; x_wconf 70' lang='lat' dir='ltr'><strong>paenitens</strong></span> <span class='ocrx_word' id='word_1_204' title='bbox 3465 1470 3657 1525; x_wconf 85' lang='lat' dir='ltr'><strong>dicat:</strong></span> 
     </span>
    </p>
   </div>
   <div class='ocr_carea' id='block_1_29' title="bbox 2087 1558 3660 1632">
    <p class='ocr_par' dir='ltr' id='par_1_29' title="bbox 2087 1558 3660 1632">
     <span class='ocr_line' id='line_1_29' title="bbox 2087 1558 3660 1632; baseline -0.005 -13"><span class='ocrx_word' id='word_1_205' title='bbox 2087 1562 2204 1619; x_wconf 79' lang='lat' dir='ltr'><strong>Non</strong></span> <span class='ocrx_word' id='word_1_206' title='bbox 2252 1577 2388 1632; x_wconf 91' lang='lat' dir='ltr'><strong>opus</strong></span> <span class='ocrx_word' id='word_1_207' title='bbox 2440 1570 2545 1625; x_wconf 89' lang='lat' dir='ltr'><strong>est,</strong></span> <span class='ocrx_word' id='word_1_208' title='bbox 2603 1559 2850 1624; x_wconf 87' lang='lat' dir='ltr'><strong>Domine,</strong></span> <span class='ocrx_word' id='word_1_209' title='bbox 2900 1570 2958 1613; x_wconf 91' lang='lat' dir='ltr'><strong>ut</strong></span> <span class='ocrx_word' id='word_1_210' title='bbox 2996 1558 3172 1613; x_wconf 80' lang='lat' dir='ltr'><strong>oﬂicio</strong></span> <span class='ocrx_word' id='word_1_211' title='bbox 3208 1566 3302 1613; x_wconf 90' lang='lat' dir='ltr'><strong>tuo</strong></span> <span class='ocrx_word' id='word_1_212' title='bbox 3335 1573 3422 1613; x_wconf 91' lang='lat' dir='ltr'><strong>me</strong></span> <span class='ocrx_word' id='word_1_213' title='bbox 3466 1559 3660 1628; x_wconf 86' lang='lat' dir='ltr'><strong>punire</strong></span> 
     </span>
    </p>
   </div>
   <div class='ocr_carea' id='block_1_30' title="bbox 2086 1645 3657 1725">
    <p class='ocr_par' dir='ltr' id='par_1_30' title="bbox 2086 1645 3657 1725">
     <span class='ocr_line' id='line_1_30' title="bbox 2086 1645 3657 1725; baseline -0.005 -16"><span class='ocrx_word' id='word_1_214' title='bbox 2086 1653 2402 1725; x_wconf 62' lang='lat' dir='ltr'><strong>praecipias;</strong></span> <span class='ocrx_word' id='word_1_215' title='bbox 2437 1665 2543 1705; x_wconf 91' lang='lat' dir='ltr'><strong>non</strong></span> <span class='ocrx_word' id='word_1_216' title='bbox 2579 1648 2795 1720; x_wconf 88' lang='lat' dir='ltr'><strong>expedit</strong></span> <span class='ocrx_word' id='word_1_217' title='bbox 2830 1657 2890 1703; x_wconf 91' lang='lat' dir='ltr'><strong>ut</strong></span> <span class='ocrx_word' id='word_1_218' title='bbox 2931 1649 3044 1718; x_wconf 91' lang='lat' dir='ltr'><strong>ipse</strong></span> <span class='ocrx_word' id='word_1_219' title='bbox 3090 1662 3179 1703; x_wconf 90' lang='lat' dir='ltr'><strong>me</strong></span> <span class='ocrx_word' id='word_1_220' title='bbox 3215 1645 3345 1715; x_wconf 83' lang='lat' dir='ltr'><strong>justi</strong></span> <span class='ocrx_word' id='word_1_221' title='bbox 3390 1647 3657 1701; x_wconf 81' lang='lat' dir='ltr'><strong>examinis</strong></span> 
     </span>
    </p>
   </div>
   <div class='ocr_carea' id='block_1_31' title="bbox 2086 1738 3658 1811">
    <p class='ocr_par' dir='ltr' id='par_1_31' title="bbox 2086 1738 3658 1811">
     <span class='ocr_line' id='line_1_31' title="bbox 2086 1738 3658 1811; baseline -0.004 -12"><span class='ocrx_word' id='word_1_222' title='bbox 2086 1744 2296 1799; x_wconf 88' lang='lat' dir='ltr'><strong>ultione</strong></span> <span class='ocrx_word' id='word_1_223' title='bbox 2336 1740 2633 1811; x_wconf 87' lang='lat' dir='ltr'><strong>percellas;</strong></span> <span class='ocrx_word' id='word_1_224' title='bbox 2676 1740 2789 1810; x_wconf 91' lang='lat' dir='ltr'><strong>ipse</strong></span> <span class='ocrx_word' id='word_1_225' title='bbox 2815 1739 2947 1795; x_wconf 89' lang='lat' dir='ltr'><strong>mihi</strong></span> <span class='ocrx_word' id='word_1_226' title='bbox 2976 1753 3169 1794; x_wconf 86' lang='lat' dir='ltr'><strong>manus</strong></span> <span class='ocrx_word' id='word_1_227' title='bbox 3193 1738 3398 1807; x_wconf 83' lang='lat' dir='ltr'><strong>injicio,</strong></span> <span class='ocrx_word' id='word_1_228' title='bbox 3424 1739 3539 1809; x_wconf 87' lang='lat' dir='ltr'><strong>ipse</strong></span> <span class='ocrx_word' id='word_1_229' title='bbox 3589 1740 3658 1793; x_wconf 88' lang='lat' dir='ltr'><strong>dc</strong></span> 
     </span>
    </p>
   </div>
   <div class='ocr_carea' id='block_1_32' title="bbox 2073 1830 3654 1901">
    <p class='ocr_par' dir='ltr' id='par_1_32' title="bbox 2073 1830 3654 1901">
     <span class='ocr_line' id='line_1_32' title="bbox 2073 1830 3654 1901; baseline -0.004 -11"><span class='ocrx_word' id='word_1_230' title='bbox 2073 1849 2181 1890; x_wconf 89' lang='lat' dir='ltr'><strong>.me</strong></span> <span class='ocrx_word' id='word_1_231' title='bbox 2205 1832 2501 1889; x_wconf 85' lang='lat' dir='ltr'><strong>vindictam</strong></span> <span class='ocrx_word' id='word_1_232' title='bbox 2526 1831 2701 1901; x_wconf 90' lang='lat' dir='ltr'><strong>capio,</strong></span> <span class='ocrx_word' id='word_1_233' title='bbox 2730 1830 3013 1898; x_wconf 89' lang='lat' dir='ltr'><strong>vicemque</strong></span> <span class='ocrx_word' id='word_1_234' title='bbox 3041 1830 3176 1884; x_wconf 89' lang='lat' dir='ltr'><strong>meis</strong></span> <span class='ocrx_word' id='word_1_235' title='bbox 3200 1830 3437 1899; x_wconf 84' lang='lat' dir='ltr'><strong>peccatis</strong></span> <span class='ocrx_word' id='word_1_236' title='bbox 3470 1830 3654 1884; x_wconf 87' lang='lat' dir='ltr'><strong>reddo.</strong></span> 
     </span>
    </p>
   </div>
   <div class='ocr_carea' id='block_1_33' title="bbox 425 1914 3660 1994">
    <p class='ocr_par' dir='ltr' id='par_1_33' title="bbox 425 1914 3660 1994">
     <span class='ocr_line' id='line_1_33' title="bbox 425 1914 3660 1994; baseline -0.001 -20"><span class='ocrx_word' id='word_1_237' title='bbox 425 1920 738 1990; x_wconf 88' lang='lat' dir='ltr'><strong>vaniloquia</strong></span> <span class='ocrx_word' id='word_1_238' title='bbox 777 1919 993 1975; x_wconf 87' lang='lat' dir='ltr'><strong>devita:</strong></span> <span class='ocrx_word' id='word_1_239' title='bbox 1026 1916 1254 1973; x_wconf 91' lang='lat' dir='ltr'><strong>multum</strong></span> <span class='ocrx_word' id='word_1_240' title='bbox 1292 1916 1439 1973; x_wconf 91' lang='lat' dir='ltr'><strong>enim</strong></span> <span class='ocrx_word' id='word_1_241' title='bbox 1476 1916 1769 1987; x_wconf 79' lang='lat' dir='ltr'><strong>proﬁciunt</strong></span> <span class='ocrx_word' id='word_1_242' title='bbox 1795 1916 1861 1971; x_wconf 88' lang='lat' dir='ltr'><strong>ad</strong></span> <span class='ocrx_word' id='word_1_243' title='bbox 1889 1916 1993 1971; x_wconf 92' lang='lat' dir='ltr'><strong>im-</strong></span> <span class='ocrx_word' id='word_1_244' title='bbox 2021 1914 2069 1975; x_wconf 84' lang='grc' dir='ltr'><strong>Β</strong></span> <span class='ocrx_word' id='word_1_245' title='bbox 2093 1924 2160 1982; x_wconf 74' lang='lat' dir='ltr'><strong>Et</strong></span> <span class='ocrx_word' id='word_1_246' title='bbox 2193 1925 2296 1980; x_wconf 76' lang='lat' dir='ltr'><strong>hoc</strong></span> <span class='ocrx_word' id='word_1_247' title='bbox 2329 1932 2416 1979; x_wconf 78' lang='lat' dir='ltr'><strong>est</strong></span> <span class='ocrx_word' id='word_1_248' title='bbox 2448 1921 2692 1994; x_wconf 78' lang='lat' dir='ltr'><strong>profecto</strong></span> <span class='ocrx_word' id='word_1_249' title='bbox 2733 1919 2877 1990; x_wconf 91' lang='lat' dir='ltr'><strong>quod</strong></span> <span class='ocrx_word' id='word_1_250' title='bbox 2921 1919 3113 1975; x_wconf 80' lang='lat' dir='ltr'><strong>Petrus</strong></span> <span class='ocrx_word' id='word_1_251' title='bbox 3153 1917 3427 1989; x_wconf 83' lang='lat' dir='ltr'><strong>apostolus</strong></span> <span class='ocrx_word' id='word_1_252' title='bbox 3471 1919 3660 1973; x_wconf 81' lang='lat' dir='ltr'><strong>admo-</strong></span> 
     </span>
    </p>
   </div>
   <div class='ocr_carea' id='block_1_34' title="bbox 423 2004 1988 2081">
    <p class='ocr_par' dir='ltr' id='par_1_34' title="bbox 423 2004 1988 2081">
     <span class='ocr_line' id='line_1_34' title="bbox 423 2004 1988 2081; baseline -0.002 -18"><span class='ocrx_word' id='word_1_253' title='bbox 423 2010 708 2081; x_wconf 90' lang='lat' dir='ltr'><strong>pietatem;</strong></span> <span class='ocrx_word' id='word_1_254' title='bbox 765 2017 823 2064; x_wconf 92' lang='lat' dir='ltr'><strong>et</strong></span> <span class='ocrx_word' id='word_1_255' title='bbox 866 2022 1048 2064; x_wconf 83' lang='lat' dir='ltr'><strong>sermo</strong></span> <span class='ocrx_word' id='word_1_256' title='bbox 1091 2022 1279 2063; x_wconf 88' lang='lat' dir='ltr'><strong>eorum</strong></span> <span class='ocrx_word' id='word_1_257' title='bbox 1325 2016 1387 2062; x_wconf 92' lang='lat' dir='ltr'><strong>ut</strong></span> <span class='ocrx_word' id='word_1_258' title='bbox 1427 2021 1628 2062; x_wconf 86' lang='lat' dir='ltr'><strong>cancer</strong></span> <span class='ocrx_word' id='word_1_259' title='bbox 1675 2007 1844 2077; x_wconf 89' lang='lat' dir='ltr'><strong>serpit</strong></span> <span class='ocrx_word' id='word_1_260' title='bbox 1890 2004 1988 2076; x_wconf 85' lang='grc'><strong>(11</strong></span> 
     </span>
    </p>
   </div>
   <div class='ocr_carea' id='block_1_35' title="bbox 426 2095 1989 2170">
    <p class='ocr_par' dir='ltr' id='par_1_35' title="bbox 426 2095 1989 2170">
     <span class='ocr_line' id='line_1_35' title="bbox 426 2095 1989 2170; baseline -0.004 -16"><span class='ocrx_word' id='word_1_261' title='bbox 426 2099 560 2154; x_wconf 72' lang='lat' dir='ltr'><strong>Tim.</strong></span> <span class='ocrx_word' id='word_1_262' title='bbox 584 2099 669 2170; x_wconf 87' lang='grc' dir='ltr'><strong>ιι).</strong></span> <span class='ocrx_word' id='word_1_263' title='bbox 712 2116 732 2152; x_wconf 69' lang='grc' dir='ltr'><strong><em>ι</em></strong></span> <span class='ocrx_word' id='word_1_264' title='bbox 764 2098 844 2155; x_wconf 88' lang='lat' dir='ltr'><strong>Ne</strong></span> <span class='ocrx_word' id='word_1_265' title='bbox 862 2098 1017 2154; x_wconf 90' lang='lat' dir='ltr'><strong>vobis</strong></span> <span class='ocrx_word' id='word_1_266' title='bbox 1050 2105 1107 2154; x_wconf 90' lang='lat' dir='ltr'><strong>et</strong></span> <span class='ocrx_word' id='word_1_267' title='bbox 1143 2097 1308 2162; x_wconf 89' lang='lat' dir='ltr'><strong>mihi,</strong></span> <span class='ocrx_word' id='word_1_268' title='bbox 1353 2096 1496 2168; x_wconf 93' lang='lat' dir='ltr'><strong>quod</strong></span> <span class='ocrx_word' id='word_1_269' title='bbox 1541 2096 1680 2151; x_wconf 90' lang='lat' dir='ltr'><strong>absit</strong></span> <span class='ocrx_word' id='word_1_270' title='bbox 1711 2097 1725 2151; x_wconf 93' lang='lat'><strong>!</strong></span> <span class='ocrx_word' id='word_1_271' title='bbox 1777 2095 1989 2166; x_wconf 87' lang='lat' dir='ltr'><strong>gemina</strong></span> 
     </span>
    </p>
   </div>
   <div class='ocr_carea' id='block_1_36' title="bbox 424 2182 1995 2257">
    <p class='ocr_par' dir='ltr' id='par_1_36' title="bbox 424 2182 1995 2257">
     <span class='ocr_line' id='line_1_36' title="bbox 424 2182 1995 2257; baseline -0.004 -15"><span class='ocrx_word' id='word_1_272' title='bbox 424 2186 659 2243; x_wconf 74' lang='lat' dir='ltr'><strong>formido</strong></span> <span class='ocrx_word' id='word_1_273' title='bbox 702 2187 1017 2257; x_wconf 86' lang='lat' dir='ltr'><strong>contingat,</strong></span> <span class='ocrx_word' id='word_1_274' title='bbox 1045 2200 1208 2256; x_wconf 89' lang='lat' dir='ltr'><strong>quam</strong></span> <span class='ocrx_word' id='word_1_275' title='bbox 1235 2184 1526 2255; x_wconf 78' lang='lat' dir='ltr'><strong>Apostolus</strong></span> <span class='ocrx_word' id='word_1_276' title='bbox 1566 2183 1795 2239; x_wconf 86' lang='lat' dir='ltr'><strong>diversis</strong></span> <span class='ocrx_word' id='word_1_277' title='bbox 1842 2182 1995 2253; x_wconf 91' lang='lat' dir='ltr'><strong>ponit</strong></span> 
     </span>
    </p>
   </div>
   <div class='ocr_carea' id='block_1_37' title="bbox 427 2270 1994 2343">
    <p class='ocr_par' dir='ltr' id='par_1_37' title="bbox 427 2270 1994 2343">
     <span class='ocr_line' id='line_1_37' title="bbox 427 2270 1994 2343; baseline -0.004 -13"><span class='ocrx_word' id='word_1_278' title='bbox 427 2275 479 2330; x_wconf 92' lang='lat' dir='ltr'><strong>in</strong></span> <span class='ocrx_word' id='word_1_279' title='bbox 506 2275 680 2329; x_wconf 88' lang='lat' dir='ltr'><strong>locis:</strong></span> <span class='ocrx_word' id='word_1_280' title='bbox 715 2292 733 2325; x_wconf 76' lang='grc' dir='ltr'>ι</span> <span class='ocrx_word' id='word_1_281' title='bbox 766 2272 932 2329; x_wconf 77' lang='lat' dir='ltr'><strong>Vobis</strong></span> <span class='ocrx_word' id='word_1_282' title='bbox 972 2273 1191 2343; x_wconf 88' lang='lat' dir='ltr'><strong>quidem</strong></span> <span class='ocrx_word' id='word_1_283' title='bbox 1230 2272 1394 2328; x_wconf 90' lang='lat' dir='ltr'><strong>timeo</strong></span> <span class='ocrx_word' id='word_1_284' title='bbox 1440 2285 1532 2337; x_wconf 92' lang='lat' dir='ltr'><strong>ne,</strong></span> <span class='ocrx_word' id='word_1_285' title='bbox 1581 2270 1723 2325; x_wconf 91' lang='lat' dir='ltr'><strong>sicut</strong></span> <span class='ocrx_word' id='word_1_286' title='bbox 1766 2282 1994 2339; x_wconf 86' lang='lat' dir='ltr'><strong>serpens</strong></span> 
     </span>
    </p>
   </div>
   <div class='ocr_carea' id='block_1_38' title="bbox 426 2362 1994 2430">
    <p class='ocr_par' dir='ltr' id='par_1_38' title="bbox 426 2362 1994 2430">
     <span class='ocr_line' id='line_1_38' title="bbox 426 2362 1994 2430; baseline -0.004 -11"><span class='ocrx_word' id='word_1_287' title='bbox 426 2364 595 2419; x_wconf 83' lang='lat' dir='ltr'><strong>Evam</strong></span> <span class='ocrx_word' id='word_1_288' title='bbox 622 2363 837 2419; x_wconf 88' lang='lat' dir='ltr'><strong>seduxit</strong></span> <span class='ocrx_word' id='word_1_289' title='bbox 856 2362 1056 2417; x_wconf 86' lang='lat' dir='ltr'><strong>astutia</strong></span> <span class='ocrx_word' id='word_1_290' title='bbox 1080 2376 1203 2427; x_wconf 89' lang='lat' dir='ltr'><strong>sua,</strong></span> <span class='ocrx_word' id='word_1_291' title='bbox 1232 2362 1307 2415; x_wconf 89' lang='lat' dir='ltr'><strong>ita</strong></span> <span class='ocrx_word' id='word_1_292' title='bbox 1348 2367 1763 2430; x_wconf 87' lang='lat' dir='ltr'><strong>corrumpantur</strong></span> <span class='ocrx_word' id='word_1_293' title='bbox 1802 2371 1994 2413; x_wconf 86' lang='lat' dir='ltr'><strong>sensus</strong></span> 
     </span>
    </p>
   </div>
   <div class='ocr_carea' id='block_1_39' title="bbox 426 2446 1989 2521">
    <p class='ocr_par' dir='ltr' id='par_1_39' title="bbox 426 2446 1989 2521">
     <span class='ocr_line' id='line_1_39' title="bbox 426 2446 1989 2521; baseline -0.003 -15"><span class='ocrx_word' id='word_1_294' title='bbox 426 2454 626 2519; x_wconf 87' lang='lat' dir='ltr'><strong>vestri,</strong></span> <span class='ocrx_word' id='word_1_295' title='bbox 664 2462 720 2507; x_wconf 93' lang='lat' dir='ltr'><strong>et</strong></span> <span class='ocrx_word' id='word_1_296' title='bbox 746 2452 999 2509; x_wconf 83' lang='lat' dir='ltr'><strong>excidant</strong></span> <span class='ocrx_word' id='word_1_297' title='bbox 1024 2466 1056 2507; x_wconf 92' lang='lat' dir='ltr'><strong>a</strong></span> <span class='ocrx_word' id='word_1_298' title='bbox 1091 2450 1438 2521; x_wconf 81' lang='lat' dir='ltr'><strong>simplicitate</strong></span> <span class='ocrx_word' id='word_1_299' title='bbox 1472 2464 1593 2520; x_wconf 71' lang='lat' dir='ltr'><strong>qua:</strong></span> <span class='ocrx_word' id='word_1_300' title='bbox 1617 2458 1705 2504; x_wconf 90' lang='lat' dir='ltr'><strong>est</strong></span> <span class='ocrx_word' id='word_1_301' title='bbox 1736 2448 1789 2502; x_wconf 92' lang='lat' dir='ltr'><strong>in</strong></span> <span class='ocrx_word' id='word_1_302' title='bbox 1829 2446 1989 2502; x_wconf 85' lang='lat' dir='ltr'><strong>Chri-</strong></span> 
     </span>
    </p>
   </div>
   <div class='ocr_carea' id='block_1_40' title="bbox 426 2535 1996 2607">
    <p class='ocr_par' dir='ltr' id='par_1_40' title="bbox 426 2535 1996 2607">
     <span class='ocr_line' id='line_1_40' title="bbox 426 2535 1996 2607; baseline -0.004 -11"><span class='ocrx_word' id='word_1_303' title='bbox 426 2551 512 2597; x_wconf 93' lang='lat' dir='ltr'><strong>sto</strong></span> <span class='ocrx_word' id='word_1_304' title='bbox 537 2544 665 2599; x_wconf 80' lang='lat' dir='ltr'><strong>Jesu</strong></span> <span class='ocrx_word' id='word_1_305' title='bbox 690 2559 705 2607; x_wconf 91' lang='lat'><strong>;</strong></span> <span class='ocrx_word' id='word_1_306' title='bbox 731 2541 862 2597; x_wconf 89' lang='lat' dir='ltr'><strong>mihi</strong></span> <span class='ocrx_word' id='word_1_307' title='bbox 900 2548 1083 2597; x_wconf 90' lang='lat' dir='ltr'><strong>autem</strong></span> <span class='ocrx_word' id='word_1_308' title='bbox 1122 2538 1253 2597; x_wconf 88' lang='lat' dir='ltr'><strong>illud</strong></span> <span class='ocrx_word' id='word_1_309' title='bbox 1278 2539 1444 2595; x_wconf 89' lang='lat' dir='ltr'><strong>timeo</strong></span> <span class='ocrx_word' id='word_1_310' title='bbox 1472 2553 1543 2595; x_wconf 89' lang='lat' dir='ltr'><strong>ne</strong></span> <span class='ocrx_word' id='word_1_311' title='bbox 1586 2538 1706 2594; x_wconf 89' lang='lat' dir='ltr'><strong>sine</strong></span> <span class='ocrx_word' id='word_1_312' title='bbox 1729 2550 1893 2594; x_wconf 87' lang='lat' dir='ltr'><strong>causa</strong></span> <span class='ocrx_word' id='word_1_313' title='bbox 1916 2535 1996 2590; x_wconf 88' lang='lat' dir='ltr'><strong>la-</strong></span> 
     </span>
    </p>
   </div>
   <div class='ocr_carea' id='block_1_41' title="bbox 423 2622 1997 2704">
    <p class='ocr_par' dir='ltr' id='par_1_41' title="bbox 423 2622 1997 2704">
     <span class='ocr_line' id='line_1_41' title="bbox 423 2622 1997 2704; baseline 0.006 -26"><span class='ocrx_word' id='word_1_314' title='bbox 423 2622 734 2682; x_wconf 87' lang='lat' dir='ltr'><strong>boraverim</strong></span> <span class='ocrx_word' id='word_1_315' title='bbox 762 2627 816 2683; x_wconf 92' lang='lat' dir='ltr'><strong>in</strong></span> <span class='ocrx_word' id='word_1_316' title='bbox 848 2628 1003 2685; x_wconf 88' lang='lat' dir='ltr'><strong>vobis</strong></span> <span class='ocrx_word' id='word_1_317' title='bbox 1027 2628 1181 2701; x_wconf 80' lang='lat' dir='ltr'><strong>(Gen.</strong></span> <span class='ocrx_word' id='word_1_318' title='bbox 1211 2645 1299 2698; x_wconf 86' lang='lat' dir='ltr'><strong>ut;</strong></span> <span class='ocrx_word' id='word_1_319' title='bbox 1328 2629 1392 2687; x_wconf 87' lang='lat' dir='ltr'><strong>Il</strong></span> <span class='ocrx_word' id='word_1_320' title='bbox 1416 2630 1542 2688; x_wconf 84' lang='lat' dir='ltr'><strong>Cor.</strong></span> <span class='ocrx_word' id='word_1_321' title='bbox 1566 2649 1651 2698; x_wconf 80' lang='lat' dir='ltr'><strong>xl;</strong></span> <span class='ocrx_word' id='word_1_322' title='bbox 1684 2633 1805 2690; x_wconf 81' lang='lat' dir='ltr'><strong>Gal.</strong></span> <span class='ocrx_word' id='word_1_323' title='bbox 1837 2632 1934 2704; x_wconf 88' lang='lat' dir='ltr'><strong>tv).</strong></span> <span class='ocrx_word' id='word_1_324' title='bbox 1976 2651 1997 2687; x_wconf 78' lang='grc' dir='ltr'><strong>ι</strong></span> 
     </span>
    </p>
   </div>
   <div class='ocr_carea' id='block_1_42' title="bbox 424 2713 2004 2796">
    <p class='ocr_par' dir='ltr' id='par_1_42' title="bbox 424 2713 2004 2796">
     <span class='ocr_line' id='line_1_42' title="bbox 424 2713 2004 2796; baseline 0.007 -25"><span class='ocrx_word' id='word_1_325' title='bbox 424 2713 629 2773; x_wconf 87' lang='lat' dir='ltr'><strong>Deillis</strong></span> <span class='ocrx_word' id='word_1_326' title='bbox 651 2717 816 2772; x_wconf 87' lang='lat' dir='ltr'><strong>etiam</strong></span> <span class='ocrx_word' id='word_1_327' title='bbox 841 2718 977 2775; x_wconf 84' lang='lat' dir='ltr'><strong>dicit</strong></span> <span class='ocrx_word' id='word_1_328' title='bbox 1002 2738 1017 2777; x_wconf 90' lang='lat'><strong>:</strong></span> <span class='ocrx_word' id='word_1_329' title='bbox 1039 2721 1201 2791; x_wconf 72' lang='grc'><strong>712</strong></span> <span class='ocrx_word' id='word_1_330' title='bbox 1234 2740 1252 2773; x_wconf 77' lang='lat' dir='ltr'><strong>r</strong></span> <span class='ocrx_word' id='word_1_331' title='bbox 1281 2720 1414 2777; x_wconf 84' lang='lat' dir='ltr'><strong>Nam</strong></span> <span class='ocrx_word' id='word_1_332' title='bbox 1445 2723 1714 2794; x_wconf 86' lang='lat' dir='ltr'><strong>ejusmodi</strong></span> <span class='ocrx_word' id='word_1_333' title='bbox 1760 2726 2004 2796; x_wconf 87' lang='lat' dir='ltr'><strong>pseudo-</strong></span> 
     </span>
    </p>
   </div>
   <div class='ocr_carea' id='block_1_43' title="bbox 419 2810 2004 2884">
    <p class='ocr_par' dir='ltr' id='par_1_43' title="bbox 419 2810 2004 2884">
     <span class='ocr_line' id='line_1_43' title="bbox 419 2810 2004 2884; baseline 0.009 -22"><span class='ocrx_word' id='word_1_334' title='bbox 419 2810 657 2877; x_wconf 84' lang='lat' dir='ltr'><strong>apostoli</strong></span> <span class='ocrx_word' id='word_1_335' title='bbox 710 2822 838 2868; x_wconf 88' lang='lat' dir='ltr'><strong>sunt</strong></span> <span class='ocrx_word' id='word_1_336' title='bbox 883 2816 1120 2874; x_wconf 84' lang='lat' dir='ltr'><strong>operarii</strong></span> <span class='ocrx_word' id='word_1_337' title='bbox 1151 2813 1367 2869; x_wconf 87' lang='lat' dir='ltr'><strong>subdoli</strong></span> <span class='ocrx_word' id='word_1_338' title='bbox 1396 2858 1411 2879; x_wconf 84' lang='lat'><strong><em>.</em></strong></span> <span class='ocrx_word' id='word_1_339' title='bbox 1450 2820 1909 2884; x_wconf 75' lang='lat' dir='ltr'><strong>transﬁgurantes</strong></span> <span class='ocrx_word' id='word_1_340' title='bbox 1941 2831 2004 2875; x_wconf 86' lang='lat' dir='ltr'><strong>se</strong></span> 
     </span>
    </p>
   </div>
   <div class='ocr_carea' id='block_1_44' title="bbox 429 2900 1998 2974">
    <p class='ocr_par' dir='ltr' id='par_1_44' title="bbox 429 2900 1998 2974">
     <span class='ocr_line' id='line_1_44' title="bbox 429 2900 1998 2974; baseline -0.001 -17"><span class='ocrx_word' id='word_1_341' title='bbox 429 2902 485 2959; x_wconf 89' lang='lat' dir='ltr'><strong>in</strong></span> <span class='ocrx_word' id='word_1_342' title='bbox 535 2902 809 2973; x_wconf 87' lang='lat' dir='ltr'><strong>apostolos</strong></span> <span class='ocrx_word' id='word_1_343' title='bbox 864 2902 1090 2969; x_wconf 85' lang='lat' dir='ltr'><strong>Christi,</strong></span> <span class='ocrx_word' id='word_1_344' title='bbox 1143 2918 1371 2974; x_wconf 85' lang='lat' dir='ltr'><strong>quorum</strong></span> <span class='ocrx_word' id='word_1_345' title='bbox 1401 2901 1527 2959; x_wconf 74' lang='lat' dir='ltr'><strong>finis</strong></span> <span class='ocrx_word' id='word_1_346' title='bbox 1554 2901 1659 2958; x_wconf 82' lang='lat' dir='ltr'><strong>erit</strong></span> <span class='ocrx_word' id='word_1_347' title='bbox 1699 2900 1998 2957; x_wconf 87' lang='lat' dir='ltr'><strong>secundum</strong></span> 
     </span>
    </p>
   </div>
   <div class='ocr_carea' id='block_1_45' title="bbox 427 2992 1996 3066">
    <p class='ocr_par' dir='ltr' id='par_1_45' title="bbox 427 2992 1996 3066">
     <span class='ocr_line' id='line_1_45' title="bbox 427 2992 1996 3066; baseline -0.003 -17"><span class='ocrx_word' id='word_1_348' title='bbox 427 3007 591 3064; x_wconf 88' lang='lat' dir='ltr'><strong>opera</strong></span> <span class='ocrx_word' id='word_1_349' title='bbox 643 3009 831 3050; x_wconf 90' lang='lat' dir='ltr'><strong>eorum</strong></span> <span class='ocrx_word' id='word_1_350' title='bbox 864 2993 953 3066; x_wconf 86' lang='grc' dir='ltr'><strong>(ΙΙ</strong></span> <span class='ocrx_word' id='word_1_351' title='bbox 981 2994 1103 3050; x_wconf 82' lang='lat' dir='ltr'><strong>Cor.</strong></span> <span class='ocrx_word' id='word_1_352' title='bbox 1139 2994 1240 3066; x_wconf 78' lang='grc' dir='ltr'><strong>ιι).</strong></span> <span class='ocrx_word' id='word_1_353' title='bbox 1276 3014 1295 3048; x_wconf 74' lang='grc' dir='ltr'><strong><em>ι</em></strong></span> <span class='ocrx_word' id='word_1_354' title='bbox 1327 2992 1443 3050; x_wconf 80' lang='lat' dir='ltr'><strong>Non</strong></span> <span class='ocrx_word' id='word_1_355' title='bbox 1472 3008 1602 3065; x_wconf 88' lang='lat' dir='ltr'><strong>ergo</strong></span> <span class='ocrx_word' id='word_1_356' title='bbox 1624 3007 1778 3049; x_wconf 87' lang='lat' dir='ltr'><strong>mens</strong></span> <span class='ocrx_word' id='word_1_357' title='bbox 1807 3000 1996 3048; x_wconf 89' lang='lat' dir='ltr'><strong>sancta</strong></span> 
     </span>
    </p>
   </div>
   <div class='ocr_carea' id='block_1_46' title="bbox 426 3081 1995 3155">
    <p class='ocr_par' dir='ltr' id='par_1_46' title="bbox 426 3081 1995 3155">
     <span class='ocr_line' id='line_1_46' title="bbox 426 3081 1995 3155; baseline -0.002 -17"><span class='ocrx_word' id='word_1_358' title='bbox 426 3084 751 3155; x_wconf 82' lang='lat' dir='ltr'><strong>participare</strong></span> <span class='ocrx_word' id='word_1_359' title='bbox 803 3098 1017 3139; x_wconf 89' lang='lat' dir='ltr'><strong>crucem</strong></span> <span class='ocrx_word' id='word_1_360' title='bbox 1063 3081 1268 3139; x_wconf 88' lang='lat' dir='ltr'><strong>Christi</strong></span> <span class='ocrx_word' id='word_1_361' title='bbox 1323 3083 1377 3137; x_wconf 92' lang='lat' dir='ltr'><strong>in</strong></span> <span class='ocrx_word' id='word_1_362' title='bbox 1409 3082 1727 3139; x_wconf 89' lang='lat' dir='ltr'><strong>verberibus</strong></span> <span class='ocrx_word' id='word_1_363' title='bbox 1764 3088 1995 3146; x_wconf 86' lang='lat' dir='ltr'><strong>metuat,</strong></span> 
     </span>
    </p>
   </div>
   <div class='ocr_carea' id='block_1_47' title="bbox 429 3172 1995 3243">
    <p class='ocr_par' dir='ltr' id='par_1_47' title="bbox 429 3172 1995 3243">
     <span class='ocr_line' id='line_1_47' title="bbox 429 3172 1995 3243; baseline -0.002 -14"><span class='ocrx_word' id='word_1_364' title='bbox 429 3191 536 3229; x_wconf 91' lang='lat' dir='ltr'><strong>non</strong></span> <span class='ocrx_word' id='word_1_365' title='bbox 582 3174 701 3243; x_wconf 87' lang='lat' dir='ltr'><strong>ejus</strong></span> <span class='ocrx_word' id='word_1_366' title='bbox 751 3173 1132 3231; x_wconf 88' lang='lat' dir='ltr'><strong>contumeliam</strong></span> <span class='ocrx_word' id='word_1_367' title='bbox 1174 3174 1230 3229; x_wconf 89' lang='lat' dir='ltr'><strong>in</strong></span> <span class='ocrx_word' id='word_1_368' title='bbox 1276 3174 1520 3228; x_wconf 88' lang='lat' dir='ltr'><strong>nuditate</strong></span> <span class='ocrx_word' id='word_1_369' title='bbox 1566 3172 1806 3242; x_wconf 88' lang='lat' dir='ltr'><strong>corporis</strong></span> <span class='ocrx_word' id='word_1_370' title='bbox 1864 3185 1995 3227; x_wconf 85' lang='lat' dir='ltr'><strong>eru-</strong></span> 
     </span>
    </p>
   </div>
   <div class='ocr_carea' id='block_1_48' title="bbox 2090 2008 3656 2083">
    <p class='ocr_par' dir='ltr' id='par_1_48' title="bbox 2090 2008 3656 2083">
     <span class='ocr_line' id='line_1_48' title="bbox 2090 2008 3656 2083; baseline -0.008 -10"><span class='ocrx_word' id='word_1_371' title='bbox 2090 2027 2203 2083; x_wconf 90' lang='lat' dir='ltr'><strong>net,</strong></span> <span class='ocrx_word' id='word_1_372' title='bbox 2236 2016 2423 2072; x_wconf 89' lang='lat' dir='ltr'><strong>dicens</strong></span> <span class='ocrx_word' id='word_1_373' title='bbox 2455 2031 2470 2068; x_wconf 89' lang='lat'><strong>:</strong></span> <span class='ocrx_word' id='word_1_374' title='bbox 2507 2031 2528 2067; x_wconf 84' lang='lat' dir='ltr'><strong>t</strong></span> <span class='ocrx_word' id='word_1_375' title='bbox 2564 2012 2737 2067; x_wconf 88' lang='lat' dir='ltr'><strong>Nemo</strong></span> <span class='ocrx_word' id='word_1_376' title='bbox 2770 2022 3005 2066; x_wconf 90' lang='lat' dir='ltr'><strong>vestrum</strong></span> <span class='ocrx_word' id='word_1_377' title='bbox 3038 2009 3274 2079; x_wconf 88' lang='lat' dir='ltr'><strong>patiatur</strong></span> <span class='ocrx_word' id='word_1_378' title='bbox 3297 2008 3451 2078; x_wconf 89' lang='lat' dir='ltr'><strong>quasi</strong></span> <span class='ocrx_word' id='word_1_379' title='bbox 3481 2008 3656 2063; x_wconf 87' lang='lat' dir='ltr'><strong>homi-</strong></span> 
     </span>
    </p>
   </div>
   <div class='ocr_carea' id='block_1_49' title="bbox 2090 2097 3659 2176">
    <p class='ocr_par' dir='ltr' id='par_1_49' title="bbox 2090 2097 3659 2176">
     <span class='ocr_line' id='line_1_49' title="bbox 2090 2097 3659 2176; baseline -0.009 -13"><span class='ocrx_word' id='word_1_380' title='bbox 2090 2108 2234 2172; x_wconf 84' lang='lat' dir='ltr'><strong>cida,</strong></span> <span class='ocrx_word' id='word_1_381' title='bbox 2261 2113 2354 2161; x_wconf 90' lang='lat' dir='ltr'><strong>aut</strong></span> <span class='ocrx_word' id='word_1_382' title='bbox 2374 2104 2482 2170; x_wconf 80' lang='lat' dir='ltr'><strong>fur,</strong></span> <span class='ocrx_word' id='word_1_383' title='bbox 2511 2101 2958 2176; x_wconf 84' lang='lat' dir='ltr'><strong>autmaledicus,</strong></span> <span class='ocrx_word' id='word_1_384' title='bbox 2991 2108 3085 2154; x_wconf 92' lang='lat' dir='ltr'><strong>aut</strong></span> <span class='ocrx_word' id='word_1_385' title='bbox 3123 2098 3420 2154; x_wconf 87' lang='lat' dir='ltr'><strong>alienorum</strong></span> <span class='ocrx_word' id='word_1_386' title='bbox 3450 2097 3659 2167; x_wconf 66' lang='lat' dir='ltr'><strong>appeti-</strong></span> 
     </span>
    </p>
   </div>
   <div class='ocr_carea' id='block_1_50' title="bbox 2091 2192 3658 2264">
    <p class='ocr_par' dir='ltr' id='par_1_50' title="bbox 2091 2192 3658 2264">
     <span class='ocr_line' id='line_1_50' title="bbox 2091 2192 3658 2264; baseline -0.005 -10"><span class='ocrx_word' id='word_1_387' title='bbox 2091 2208 2222 2264; x_wconf 89' lang='lat' dir='ltr'><strong>tor;</strong></span> <span class='ocrx_word' id='word_1_388' title='bbox 2296 2198 2343 2253; x_wconf 92' lang='lat' dir='ltr'><strong>si</strong></span> <span class='ocrx_word' id='word_1_389' title='bbox 2413 2206 2593 2252; x_wconf 89' lang='lat' dir='ltr'><strong>autem</strong></span> <span class='ocrx_word' id='word_1_390' title='bbox 2654 2206 2713 2251; x_wconf 93' lang='lat' dir='ltr'><strong>ut</strong></span> <span class='ocrx_word' id='word_1_391' title='bbox 2759 2195 3098 2251; x_wconf 89' lang='lat' dir='ltr'><strong>Christianus</strong></span> <span class='ocrx_word' id='word_1_392' title='bbox 3131 2234 3146 2259; x_wconf 95' lang='lat'><strong>,</strong></span> <span class='ocrx_word' id='word_1_393' title='bbox 3202 2208 3308 2247; x_wconf 90' lang='lat' dir='ltr'><strong>non</strong></span> <span class='ocrx_word' id='word_1_394' title='bbox 3369 2192 3658 2247; x_wconf 73' lang='lat' dir='ltr'><strong>erubescat</strong></span> 
     </span>
    </p>
   </div>
   <div class='ocr_carea' id='block_1_51' title="bbox 2092 2277 3663 2361">
    <p class='ocr_par' dir='ltr' id='par_1_51' title="bbox 2092 2277 3663 2361">
     <span class='ocr_line' id='line_1_51' title="bbox 2092 2277 3663 2361; baseline -0.01 -15"><span class='ocrx_word' id='word_1_395' title='bbox 2092 2290 2146 2361; x_wconf 90' lang='lat' dir='ltr'><strong>(I</strong></span> <span class='ocrx_word' id='word_1_396' title='bbox 2179 2288 2329 2345; x_wconf 85' lang='lat' dir='ltr'><strong>Petr.</strong></span> <span class='ocrx_word' id='word_1_397' title='bbox 2359 2287 2455 2357; x_wconf 84' lang='lat' dir='ltr'><strong>tv).</strong></span> <span class='ocrx_word' id='word_1_398' title='bbox 2504 2306 2523 2338; x_wconf 73' lang='grc' dir='ltr'><strong><em>ι</em></strong></span> <span class='ocrx_word' id='word_1_399' title='bbox 2558 2285 2848 2340; x_wconf 83' lang='lat' dir='ltr'><strong>Enimvero</strong></span> <span class='ocrx_word' id='word_1_400' title='bbox 2878 2283 2970 2338; x_wconf 93' lang='lat' dir='ltr'><strong>ubi</strong></span> <span class='ocrx_word' id='word_1_401' title='bbox 3012 2282 3117 2336; x_wconf 90' lang='lat' dir='ltr'><strong>hoc</strong></span> <span class='ocrx_word' id='word_1_402' title='bbox 3162 2281 3241 2346; x_wconf 84' lang='lat' dir='ltr'><strong>ﬁt,</strong></span> <span class='ocrx_word' id='word_1_403' title='bbox 3270 2278 3543 2334; x_wconf 68' lang='lat' dir='ltr'><strong>daemones</strong></span> <span class='ocrx_word' id='word_1_404' title='bbox 3584 2277 3663 2332; x_wconf 86' lang='lat' dir='ltr'><strong>l&#39;u-</strong></span> 
     </span>
    </p>
   </div>
   <div class='ocr_carea' id='block_1_52' title="bbox 2090 2366 3663 2454">
    <p class='ocr_par' dir='ltr' id='par_1_52' title="bbox 2090 2366 3663 2454">
     <span class='ocr_line' id='line_1_52' title="bbox 2090 2366 3663 2454; baseline -0.012 -17"><span class='ocrx_word' id='word_1_405' title='bbox 2090 2382 2276 2454; x_wconf 91' lang='lat' dir='ltr'><strong>giunt.</strong></span> <span class='ocrx_word' id='word_1_406' title='bbox 2326 2389 2383 2436; x_wconf 89' lang='lat' dir='ltr'><strong>et</strong></span> <span class='ocrx_word' id='word_1_407' title='bbox 2423 2376 2566 2449; x_wconf 93' lang='lat' dir='ltr'><strong>quod</strong></span> <span class='ocrx_word' id='word_1_408' title='bbox 2605 2376 2673 2429; x_wconf 87' lang='lat' dir='ltr'><strong>ad</strong></span> <span class='ocrx_word' id='word_1_409' title='bbox 2724 2372 2926 2428; x_wconf 83' lang='lat' dir='ltr'><strong>Christi</strong></span> <span class='ocrx_word' id='word_1_410' title='bbox 2975 2370 3199 2440; x_wconf 75' lang='lat' dir='ltr'><strong>gloriam</strong></span> <span class='ocrx_word' id='word_1_411' title='bbox 3251 2381 3548 2436; x_wconf 91' lang='lat' dir='ltr'><strong>eorumque</strong></span> <span class='ocrx_word' id='word_1_412' title='bbox 3602 2366 3663 2419; x_wconf 85' lang='lat' dir='ltr'><strong>lit</strong></span> 
     </span>
    </p>
   </div>
   <div class='ocr_carea' id='block_1_53' title="bbox 2092 2457 3660 2544">
    <p class='ocr_par' dir='ltr' id='par_1_53' title="bbox 2092 2457 3660 2544">
     <span class='ocr_line' id='line_1_53' title="bbox 2092 2457 3660 2544; baseline -0.014 -14"><span class='ocrx_word' id='word_1_413' title='bbox 2092 2472 2466 2544; x_wconf 73' lang='lat' dir='ltr'><strong>ignominiam,</strong></span> <span class='ocrx_word' id='word_1_414' title='bbox 2506 2480 2729 2522; x_wconf 88' lang='lat' dir='ltr'><strong>cernere</strong></span> <span class='ocrx_word' id='word_1_415' title='bbox 2763 2463 3208 2533; x_wconf 88' lang='lat' dir='ltr'><strong>perhorrescunt.</strong></span> <span class='ocrx_word' id='word_1_416' title='bbox 3257 2457 3395 2512; x_wconf 82' lang='lat' dir='ltr'><strong>Huic</strong></span> <span class='ocrx_word' id='word_1_417' title='bbox 3438 2462 3660 2511; x_wconf 87' lang='lat' dir='ltr'><strong>econtra</strong></span> 
     </span>
    </p>
   </div>
   <div class='ocr_carea' id='block_1_54' title="bbox 2093 2548 3664 2636">
    <p class='ocr_par' dir='ltr' id='par_1_54' title="bbox 2093 2548 3664 2636">
     <span class='ocr_line' id='line_1_54' title="bbox 2093 2548 3664 2636; baseline -0.015 -14"><span class='ocrx_word' id='word_1_418' title='bbox 2093 2562 2404 2636; x_wconf 81' lang='lat' dir='ltr'><strong>spectaculo</strong></span> <span class='ocrx_word' id='word_1_419' title='bbox 2435 2559 2697 2614; x_wconf 90' lang='lat' dir='ltr'><strong>assistunt</strong></span> <span class='ocrx_word' id='word_1_420' title='bbox 2728 2554 2921 2625; x_wconf 83' lang='lat' dir='ltr'><strong>angeli,</strong></span> <span class='ocrx_word' id='word_1_421' title='bbox 2954 2553 3044 2622; x_wconf 89' lang='lat' dir='ltr'><strong>qui</strong></span> <span class='ocrx_word' id='word_1_422' title='bbox 3093 2550 3326 2621; x_wconf 90' lang='lat' dir='ltr'><strong>gaudent</strong></span> <span class='ocrx_word' id='word_1_423' title='bbox 3368 2548 3434 2601; x_wconf 91' lang='lat' dir='ltr'><strong>de</strong></span> <span class='ocrx_word' id='word_1_424' title='bbox 3477 2560 3664 2615; x_wconf 83' lang='lat' dir='ltr'><strong>pecca-</strong></span> 
     </span>
    </p>
   </div>
   <div class='ocr_carea' id='block_1_55' title="bbox 2097 2636 3665 2719">
    <p class='ocr_par' dir='ltr' id='par_1_55' title="bbox 2097 2636 3665 2719">
     <span class='ocr_line' id='line_1_55' title="bbox 2097 2636 3665 2719; baseline -0.015 -8"><span class='ocrx_word' id='word_1_425' title='bbox 2097 2665 2211 2711; x_wconf 89' lang='lat' dir='ltr'><strong>tore</strong></span> <span class='ocrx_word' id='word_1_426' title='bbox 2238 2666 2498 2711; x_wconf 82' lang='lat' dir='ltr'><strong>converso</strong></span> <span class='ocrx_word' id='word_1_427' title='bbox 2518 2647 2667 2719; x_wconf 85' lang='lat' dir='ltr'><strong>(Luc.</strong></span> <span class='ocrx_word' id='word_1_428' title='bbox 2695 2646 2821 2715; x_wconf 90' lang='lat' dir='ltr'><strong>xv);</strong></span> <span class='ocrx_word' id='word_1_429' title='bbox 2847 2656 2902 2699; x_wconf 89' lang='lat' dir='ltr'><strong>et</strong></span> <span class='ocrx_word' id='word_1_430' title='bbox 2935 2644 3038 2698; x_wconf 91' lang='lat' dir='ltr'><strong>hoc</strong></span> <span class='ocrx_word' id='word_1_431' title='bbox 3073 2641 3185 2695; x_wconf 92' lang='lat' dir='ltr'><strong>Deo</strong></span> <span class='ocrx_word' id='word_1_432' title='bbox 3220 2636 3516 2709; x_wconf 90' lang='lat' dir='ltr'><strong>gaudentes</strong></span> <span class='ocrx_word' id='word_1_433' title='bbox 3566 2650 3665 2688; x_wconf 84' lang='lat' dir='ltr'><strong>an-</strong></span> 
     </span>
    </p>
   </div>
   <div class='ocr_carea' id='block_1_56' title="bbox 2095 2728 3664 2806">
    <p class='ocr_par' dir='ltr' id='par_1_56' title="bbox 2095 2728 3664 2806">
     <span class='ocr_line' id='line_1_56' title="bbox 2095 2728 3664 2806; baseline -0.016 -5"><span class='ocrx_word' id='word_1_434' title='bbox 2095 2744 2366 2803; x_wconf 84' lang='lat' dir='ltr'><strong>nuntiant,</strong></span> <span class='ocrx_word' id='word_1_435' title='bbox 2390 2755 2513 2796; x_wconf 90' lang='lat' dir='ltr'><strong>cum</strong></span> <span class='ocrx_word' id='word_1_436' title='bbox 2544 2738 2656 2806; x_wconf 88' lang='lat' dir='ltr'><strong>jam</strong></span> <span class='ocrx_word' id='word_1_437' title='bbox 2682 2732 2966 2791; x_wconf 88' lang='lat' dir='ltr'><strong>invisibilis</strong></span> <span class='ocrx_word' id='word_1_438' title='bbox 2986 2730 3158 2787; x_wconf 79' lang='lat' dir='ltr'><strong>Judex</strong></span> <span class='ocrx_word' id='word_1_439' title='bbox 3183 2728 3233 2783; x_wconf 88' lang='lat' dir='ltr'><strong>id</strong></span> <span class='ocrx_word' id='word_1_440' title='bbox 3274 2728 3447 2796; x_wconf 91' lang='lat' dir='ltr'><strong>ipsum</strong></span> <span class='ocrx_word' id='word_1_441' title='bbox 3478 2741 3574 2795; x_wconf 86' lang='lat' dir='ltr'><strong>per</strong></span> <span class='ocrx_word' id='word_1_442' title='bbox 3605 2740 3664 2778; x_wconf 90' lang='lat' dir='ltr'><strong>se</strong></span> 
     </span>
    </p>
   </div>
   <div class='ocr_carea' id='block_1_57' title="bbox 2095 2817 3665 2894">
    <p class='ocr_par' dir='ltr' id='par_1_57' title="bbox 2095 2817 3665 2894">
     <span class='ocr_line' id='line_1_57' title="bbox 2095 2817 3665 2894; baseline -0.015 0"><span class='ocrx_word' id='word_1_443' title='bbox 2095 2832 2492 2894; x_wconf 86' lang='lat' dir='ltr'><strong>delectabiliter</strong></span> <span class='ocrx_word' id='word_1_444' title='bbox 2517 2837 2729 2888; x_wconf 82' lang='lat' dir='ltr'><strong>cernat.</strong></span> <span class='ocrx_word' id='word_1_445' title='bbox 2780 2825 2907 2881; x_wconf 66' lang='lat' dir='ltr'><strong>Haac</strong></span> <span class='ocrx_word' id='word_1_446' title='bbox 2928 2832 3012 2879; x_wconf 89' lang='lat' dir='ltr'><strong>est</strong></span> <span class='ocrx_word' id='word_1_447' title='bbox 3045 2821 3220 2878; x_wconf 88' lang='lat' dir='ltr'><strong>hostia</strong></span> <span class='ocrx_word' id='word_1_448' title='bbox 3246 2834 3367 2889; x_wconf 82' lang='lat' dir='ltr'><strong>quae</strong></span> <span class='ocrx_word' id='word_1_449' title='bbox 3393 2817 3513 2872; x_wconf 86' lang='lat' dir='ltr'><strong>viva</strong></span> <span class='ocrx_word' id='word_1_450' title='bbox 3546 2830 3665 2871; x_wconf 89' lang='lat' dir='ltr'><strong>ma-</strong></span> 
     </span>
    </p>
   </div>
   <div class='ocr_carea' id='block_1_58' title="bbox 2095 2908 3669 2990">
    <p class='ocr_par' dir='ltr' id='par_1_58' title="bbox 2095 2908 3669 2990">
     <span class='ocr_line' id='line_1_58' title="bbox 2095 2908 3669 2990; baseline -0.016 -6"><span class='ocrx_word' id='word_1_451' title='bbox 2095 2935 2300 2990; x_wconf 87' lang='lat' dir='ltr'><strong>ctatur.</strong></span> <span class='ocrx_word' id='word_1_452' title='bbox 2324 2925 2392 2980; x_wconf 89' lang='lat' dir='ltr'><strong>ad</strong></span> <span class='ocrx_word' id='word_1_453' title='bbox 2417 2923 2586 2978; x_wconf 90' lang='lat' dir='ltr'><strong>Deum</strong></span> <span class='ocrx_word' id='word_1_454' title='bbox 2627 2934 2724 2989; x_wconf 83' lang='lat' dir='ltr'><strong>per</strong></span> <span class='ocrx_word' id='word_1_455' title='bbox 2772 2914 2992 2986; x_wconf 87' lang='lat' dir='ltr'><strong>angelos</strong></span> <span class='ocrx_word' id='word_1_456' title='bbox 3045 2912 3226 2968; x_wconf 87' lang='lat' dir='ltr'><strong>oblata</strong></span> <span class='ocrx_word' id='word_1_457' title='bbox 3281 2908 3555 2969; x_wconf 81' lang='lat' dir='ltr'><strong>defertur;</strong></span> <span class='ocrx_word' id='word_1_458' title='bbox 3611 2915 3669 2960; x_wconf 90' lang='lat' dir='ltr'><strong>et</strong></span> 
     </span>
    </p>
   </div>
   <div class='ocr_carea' id='block_1_59' title="bbox 2097 2998 3668 3080">
    <p class='ocr_par' dir='ltr' id='par_1_59' title="bbox 2097 2998 3668 3080">
     <span class='ocr_line' id='line_1_59' title="bbox 2097 2998 3668 3080; baseline -0.016 -6"><span class='ocrx_word' id='word_1_459' title='bbox 2097 3018 2179 3074; x_wconf 87' lang='lat' dir='ltr'><strong>sic</strong></span> <span class='ocrx_word' id='word_1_460' title='bbox 2215 3013 2439 3071; x_wconf 83' lang='lat' dir='ltr'><strong>humani</strong></span> <span class='ocrx_word' id='word_1_461' title='bbox 2507 3008 2755 3080; x_wconf 73' lang='lat' dir='ltr'><strong>corporis</strong></span> <span class='ocrx_word' id='word_1_462' title='bbox 2796 3006 3017 3061; x_wconf 84' lang='lat' dir='ltr'><strong>victima</strong></span> <span class='ocrx_word' id='word_1_463' title='bbox 3066 3003 3139 3057; x_wconf 93' lang='lat' dir='ltr'><strong>illi</strong></span> <span class='ocrx_word' id='word_1_464' title='bbox 3192 3000 3354 3055; x_wconf 90' lang='lat' dir='ltr'><strong>unico</strong></span> <span class='ocrx_word' id='word_1_465' title='bbox 3401 2998 3668 3053; x_wconf 79' lang='lat' dir='ltr'><strong>sacriﬁcio</strong></span> 
     </span>
    </p>
   </div>
   <div class='ocr_carea' id='block_1_60' title="bbox 2099 3088 3669 3179">
    <p class='ocr_par' dir='ltr' id='par_1_60' title="bbox 2099 3088 3669 3179">
     <span class='ocr_line' id='line_1_60' title="bbox 2099 3088 3669 3179; baseline -0.015 -17"><span class='ocrx_word' id='word_1_466' title='bbox 2099 3106 2247 3179; x_wconf 91' lang='lat' dir='ltr'><strong>quod</strong></span> <span class='ocrx_word' id='word_1_467' title='bbox 2275 3106 2328 3159; x_wconf 92' lang='lat' dir='ltr'><strong>in</strong></span> <span class='ocrx_word' id='word_1_468' title='bbox 2366 3118 2461 3158; x_wconf 88' lang='lat' dir='ltr'><strong>ara</strong></span> <span class='ocrx_word' id='word_1_469' title='bbox 2500 3100 2680 3156; x_wconf 79' lang='lat' dir='ltr'><strong>crucis</strong></span> <span class='ocrx_word' id='word_1_470' title='bbox 2725 3096 2965 3153; x_wconf 91' lang='lat' dir='ltr'><strong>oblatum</strong></span> <span class='ocrx_word' id='word_1_471' title='bbox 3013 3101 3117 3158; x_wconf 90' lang='lat' dir='ltr'><strong>est,</strong></span> <span class='ocrx_word' id='word_1_472' title='bbox 3174 3088 3516 3156; x_wconf 81' lang='lat' dir='ltr'><strong>invisibiliter</strong></span> <span class='ocrx_word' id='word_1_473' title='bbox 3546 3102 3669 3156; x_wconf 89' lang='lat' dir='ltr'><strong>per-</strong></span> 
     </span>
    </p>
   </div>
   <div class='ocr_carea' id='block_1_61' title="bbox 2100 3182 3667 3259">
    <p class='ocr_par' dir='ltr' id='par_1_61' title="bbox 2100 3182 3667 3259">
     <span class='ocr_line' id='line_1_61' title="bbox 2100 3182 3667 3259; baseline -0.015 -5"><span class='ocrx_word' id='word_1_474' title='bbox 2100 3199 2390 3259; x_wconf 88' lang='lat' dir='ltr'><strong>miscetur;</strong></span> <span class='ocrx_word' id='word_1_475' title='bbox 2423 3202 2480 3248; x_wconf 88' lang='lat' dir='ltr'><strong>et</strong></span> <span class='ocrx_word' id='word_1_476' title='bbox 2525 3193 2604 3247; x_wconf 90' lang='lat' dir='ltr'><strong>sic</strong></span> <span class='ocrx_word' id='word_1_477' title='bbox 2637 3190 2691 3244; x_wconf 92' lang='lat' dir='ltr'><strong>in</strong></span> <span class='ocrx_word' id='word_1_478' title='bbox 2746 3202 2853 3243; x_wconf 91' lang='lat' dir='ltr'><strong>uno</strong></span> <span class='ocrx_word' id='word_1_479' title='bbox 2884 3188 3137 3242; x_wconf 89' lang='lat' dir='ltr'><strong>thesauro</strong></span> <span class='ocrx_word' id='word_1_480' title='bbox 3184 3182 3510 3237; x_wconf 79' lang='lat' dir='ltr'><strong>sacriﬁcium</strong></span> <span class='ocrx_word' id='word_1_481' title='bbox 3558 3196 3667 3233; x_wconf 83' lang='lat' dir='ltr'><strong>om-</strong></span> 
     </span>
    </p>
   </div>
   <div class='ocr_carea' id='block_1_62' title="bbox 426 3246 3667 3347">
    <p class='ocr_par' dir='ltr' id='par_1_62' title="bbox 426 3246 3667 3347">
     <span class='ocr_line' id='line_1_62' title="bbox 426 3246 3667 3347; baseline -0.007 -3"><span class='ocrx_word' id='word_1_482' title='bbox 426 3268 651 3333; x_wconf 62' lang='grc' dir='ltr'><strong>δεδοδίι</strong></span> <span class='ocrx_word' id='word_1_483' title='bbox 707 3282 828 3321; x_wconf 73' lang='lat' dir='ltr'><strong>cum</strong></span> <span class='ocrx_word' id='word_1_484' title='bbox 858 3266 975 3337; x_wconf 63' lang='lat' dir='ltr'><strong>ipse</strong></span> <span class='ocrx_word' id='word_1_485' title='bbox 1028 3266 1224 3321; x_wconf 57' lang='lat' dir='ltr'><strong>diem:</strong></span> <span class='ocrx_word' id='word_1_486' title='bbox 1271 3283 1289 3317; x_wconf 81' lang='lat'>‘</span> <span class='ocrx_word' id='word_1_487' title='bbox 1321 3263 1424 3332; x_wconf 66' lang='lat' dir='ltr'><strong>Qui</strong></span> <span class='ocrx_word' id='word_1_488' title='bbox 1465 3278 1552 3318; x_wconf 66' lang='lat' dir='ltr'><strong>me</strong></span> <span class='ocrx_word' id='word_1_489' title='bbox 1609 3263 1888 3318; x_wconf 61' lang='lat' dir='ltr'><strong>erubuem</strong></span> <span class='ocrx_word' id='word_1_490' title='bbox 1942 3246 2069 3316; x_wconf 51' lang='lat' dir='ltr'><strong>ac</strong></span> <span class='ocrx_word' id='word_1_491' title='bbox 2098 3246 2559 3347; x_wconf 43' lang='lat' dir='ltr'><strong>nia-&quot;reconditur,</strong></span> <span class='ocrx_word' id='word_1_492' title='bbox 2619 3278 2869 3334; x_wconf 89' lang='lat' dir='ltr'><strong>videlicet</strong></span> <span class='ocrx_word' id='word_1_493' title='bbox 2926 3284 2982 3330; x_wconf 90' lang='lat' dir='ltr'><strong>et</strong></span> <span class='ocrx_word' id='word_1_494' title='bbox 3043 3273 3187 3342; x_wconf 90' lang='lat' dir='ltr'><strong>quod</strong></span> <span class='ocrx_word' id='word_1_495' title='bbox 3246 3267 3667 3337; x_wconf 86' lang='lat' dir='ltr'><strong>unumquodque</strong></span> 
     </span>
    </p>
   </div>
   <div class='ocr_carea' id='block_1_63' title="bbox 431 3352 1993 3424">
    <p class='ocr_par' dir='ltr' id='par_1_63' title="bbox 431 3352 1993 3424">
     <span class='ocr_line' id='line_1_63' title="bbox 431 3352 1993 3424; baseline -0.004 -12"><span class='ocrx_word' id='word_1_496' title='bbox 431 3373 580 3414; x_wconf 90' lang='lat' dir='ltr'><strong>meos</strong></span> <span class='ocrx_word' id='word_1_497' title='bbox 624 3372 940 3424; x_wconf 89' lang='lat' dir='ltr'><strong>sermones,</strong></span> <span class='ocrx_word' id='word_1_498' title='bbox 998 3358 1144 3412; x_wconf 88' lang='lat' dir='ltr'><strong>hunc</strong></span> <span class='ocrx_word' id='word_1_499' title='bbox 1186 3355 1355 3411; x_wconf 85' lang='lat' dir='ltr'><strong>Filius</strong></span> <span class='ocrx_word' id='word_1_500' title='bbox 1402 3352 1639 3409; x_wconf 88' lang='lat' dir='ltr'><strong>hominis</strong></span> <span class='ocrx_word' id='word_1_501' title='bbox 1690 3354 1993 3416; x_wconf 88' lang='lat' dir='ltr'><strong>erubescet,</strong></span> 
     </span>
    </p>
   </div>
   <div class='ocr_carea' id='block_1_64' title="bbox 432 3445 1998 3519">
    <p class='ocr_par' dir='ltr' id='par_1_64' title="bbox 432 3445 1998 3519">
     <span class='ocr_line' id='line_1_64' title="bbox 432 3445 1998 3519; baseline -0.006 -15"><span class='ocrx_word' id='word_1_502' title='bbox 432 3464 554 3504; x_wconf 91' lang='lat' dir='ltr'><strong>cum</strong></span> <span class='ocrx_word' id='word_1_503' title='bbox 585 3451 796 3504; x_wconf 89' lang='lat' dir='ltr'><strong>venerit</strong></span> <span class='ocrx_word' id='word_1_504' title='bbox 820 3450 876 3504; x_wconf 91' lang='lat' dir='ltr'><strong>in</strong></span> <span class='ocrx_word' id='word_1_505' title='bbox 902 3449 1183 3519; x_wconf 85' lang='lat' dir='ltr'><strong>majestate</strong></span> <span class='ocrx_word' id='word_1_506' title='bbox 1207 3463 1301 3505; x_wconf 91' lang='lat' dir='ltr'><strong>sua</strong></span> <span class='ocrx_word' id='word_1_507' title='bbox 1320 3486 1336 3511; x_wconf 92' lang='lat'><strong>,</strong></span> <span class='ocrx_word' id='word_1_508' title='bbox 1378 3455 1434 3502; x_wconf 92' lang='lat' dir='ltr'><strong>et</strong></span> <span class='ocrx_word' id='word_1_509' title='bbox 1470 3445 1671 3509; x_wconf 85' lang='lat' dir='ltr'><strong>Patris,</strong></span> <span class='ocrx_word' id='word_1_510' title='bbox 1698 3452 1755 3500; x_wconf 92' lang='lat' dir='ltr'><strong>et</strong></span> <span class='ocrx_word' id='word_1_511' title='bbox 1781 3455 1998 3499; x_wconf 89' lang='lat' dir='ltr'><strong>sancto-</strong></span> 
     </span>
    </p>
   </div>
   <div class='ocr_carea' id='block_1_65' title="bbox 433 3531 1997 3610">
    <p class='ocr_par' dir='ltr' id='par_1_65' title="bbox 433 3531 1997 3610">
     <span class='ocr_line' id='line_1_65' title="bbox 433 3531 1997 3610; baseline -0.004 -17"><span class='ocrx_word' id='word_1_512' title='bbox 433 3553 552 3593; x_wconf 90' lang='lat' dir='ltr'><strong>rum</strong></span> <span class='ocrx_word' id='word_1_513' title='bbox 581 3538 893 3610; x_wconf 86' lang='lat' dir='ltr'><strong>angelorum</strong></span> <span class='ocrx_word' id='word_1_514' title='bbox 918 3537 1071 3609; x_wconf 80' lang='lat' dir='ltr'><strong>(Luc.</strong></span> <span class='ocrx_word' id='word_1_515' title='bbox 1099 3537 1201 3609; x_wconf 71' lang='grc' dir='ltr'><strong>ιι).</strong></span> <span class='ocrx_word' id='word_1_516' title='bbox 1239 3555 1259 3590; x_wconf 73' lang='grc' dir='ltr'><strong><em>ι</em></strong></span> <span class='ocrx_word' id='word_1_517' title='bbox 1292 3536 1578 3606; x_wconf 82' lang='lat' dir='ltr'><strong>Nunquam</strong></span> <span class='ocrx_word' id='word_1_518' title='bbox 1617 3534 1775 3604; x_wconf 89' lang='lat' dir='ltr'><strong>plane</strong></span> <span class='ocrx_word' id='word_1_519' title='bbox 1818 3533 1884 3588; x_wconf 89' lang='lat' dir='ltr'><strong>de</strong></span> <span class='ocrx_word' id='word_1_520' title='bbox 1911 3531 1997 3587; x_wconf 90' lang='lat' dir='ltr'><strong>sui</strong></span> 
     </span>
    </p>
   </div>
   <div class='ocr_carea' id='block_1_66' title="bbox 433 3620 1998 3699">
    <p class='ocr_par' dir='ltr' id='par_1_66' title="bbox 433 3620 1998 3699">
     <span class='ocr_line' id='line_1_66' title="bbox 433 3620 1998 3699; baseline -0.006 -14"><span class='ocrx_word' id='word_1_521' title='bbox 433 3629 679 3699; x_wconf 84' lang='lat' dir='ltr'><strong>corporis</strong></span> <span class='ocrx_word' id='word_1_522' title='bbox 705 3630 948 3687; x_wconf 81' lang='lat' dir='ltr'><strong>nuditate</strong></span> <span class='ocrx_word' id='word_1_523' title='bbox 975 3626 1321 3686; x_wconf 80' lang='lat' dir='ltr'><strong>confunditur</strong></span> <span class='ocrx_word' id='word_1_524' title='bbox 1348 3626 1439 3697; x_wconf 87' lang='lat' dir='ltr'><strong>qui</strong></span> <span class='ocrx_word' id='word_1_525' title='bbox 1462 3624 1611 3681; x_wconf 87' lang='lat' dir='ltr'><strong>clara</strong></span> <span class='ocrx_word' id='word_1_526' title='bbox 1654 3621 1853 3679; x_wconf 87' lang='lat' dir='ltr'><strong>mentis</strong></span> <span class='ocrx_word' id='word_1_527' title='bbox 1880 3620 1998 3677; x_wconf 88' lang='lat' dir='ltr'><strong>acie</strong></span> 
     </span>
    </p>
   </div>
   <div class='ocr_carea' id='block_1_67' title="bbox 2097 3358 3663 3439">
    <p class='ocr_par' dir='ltr' id='par_1_67' title="bbox 2097 3358 3663 3439">
     <span class='ocr_line' id='line_1_67' title="bbox 2097 3358 3663 3439; baseline -0.013 -6"><span class='ocrx_word' id='word_1_528' title='bbox 2097 3376 2431 3437; x_wconf 89' lang='lat' dir='ltr'><strong>membrum,</strong></span> <span class='ocrx_word' id='word_1_529' title='bbox 2480 3379 2536 3427; x_wconf 91' lang='lat' dir='ltr'><strong>et</strong></span> <span class='ocrx_word' id='word_1_530' title='bbox 2587 3367 2730 3439; x_wconf 89' lang='lat' dir='ltr'><strong>quod</strong></span> <span class='ocrx_word' id='word_1_531' title='bbox 2787 3373 2952 3436; x_wconf 87' lang='lat' dir='ltr'><strong>caput</strong></span> <span class='ocrx_word' id='word_1_532' title='bbox 3008 3361 3248 3418; x_wconf 85' lang='lat' dir='ltr'><strong>omnium</strong></span> <span class='ocrx_word' id='word_1_533' title='bbox 3302 3358 3502 3415; x_wconf 90' lang='lat' dir='ltr'><strong>obtulit</strong></span> <span class='ocrx_word' id='word_1_534' title='bbox 3550 3358 3663 3413; x_wconf 86' lang='lat' dir='ltr'><strong>ele-</strong></span> 
     </span>
    </p>
   </div>
   <div class='ocr_carea' id='block_1_68' title="bbox 2098 3477 2331 3524">
    <p class='ocr_par' dir='ltr' id='par_1_68' title="bbox 2098 3477 2331 3524">
     <span class='ocr_line' id='line_1_68' title="bbox 2098 3477 2331 3524; baseline -0.021 0"><span class='ocrx_word' id='word_1_535' title='bbox 2098 3477 2331 3524; x_wconf 90' lang='lat' dir='ltr'><strong>ctorum.</strong></span> 
     </span>
    </p>
   </div>
   <div class='ocr_carea' id='block_1_69' title="bbox 2420 3541 3352 3607">
    <p class='ocr_par' dir='ltr' id='par_1_69' title="bbox 2420 3541 3352 3607">
     <span class='ocr_line' id='line_1_69' title="bbox 2420 3541 3352 3607; baseline -0.015 -1"><span class='ocrx_word' id='word_1_536' title='bbox 2420 3551 2503 3607; x_wconf 85' lang='lat' dir='ltr'><strong>Sit</strong></span> <span class='ocrx_word' id='word_1_537' title='bbox 2538 3564 2722 3604; x_wconf 75' lang='lat' dir='ltr'><strong>nomen</strong></span> <span class='ocrx_word' id='word_1_538' title='bbox 2762 3544 2969 3601; x_wconf 81' lang='lat' dir='ltr'><strong>Domini</strong></span> <span class='ocrx_word' id='word_1_539' title='bbox 3007 3541 3352 3598; x_wconf 80' lang='lat' dir='ltr'><strong>benedictum.</strong></span> 
     </span>
    </p>
   </div>
   <div class='ocr_carea' id='block_1_70' title="bbox 2179 3803 3639 3845">
    <p class='ocr_par' dir='ltr' id='par_1_70' title="bbox 2179 3803 3639 3845">
     <span class='ocr_line' id='line_1_70' title="bbox 2179 3803 3639 3845; baseline -0.007 -6"><span class='ocrx_word' id='word_1_540' title='bbox 2179 3803 3639 3845; x_wconf 49' lang='grc' dir='ltr'><em>Μ</em></span> 
     </span>
    </p>
   </div>
   <div class='ocr_carea' id='block_1_71' title="bbox 499 3954 3603 4100">
    <p class='ocr_par' dir='ltr' id='par_1_71' title="bbox 499 3954 3603 4100">
     <span class='ocr_line' id='line_1_71' title="bbox 499 3954 3603 4100; baseline -0.012 -11"><span class='ocrx_word' id='word_1_541' title='bbox 499 3963 1682 4091; x_wconf 69' lang='grc' dir='ltr'><strong>⁷ι³·⁷¹⁸,οΡυδ(;υιυΜ</strong></span> <span class='ocrx_word' id='word_1_542' title='bbox 1743 3963 2874 4100; x_wconf 81' lang='lat' dir='ltr'><strong>QUADBAGESIMUM</strong></span> <span class='ocrx_word' id='word_1_543' title='bbox 2932 3954 3603 4085; x_wconf 78' lang='lat' dir='ltr'><strong>QUARTUM.</strong></span> 
     </span>
    </p>
   </div>
   <div class='ocr_carea' id='block_1_72' title="bbox 1065 4163 3032 4249">
    <p class='ocr_par' dir='ltr' id='par_1_72' title="bbox 1065 4163 3032 4249">
     <span class='ocr_line' id='line_1_72' title="bbox 1065 4163 3032 4249; baseline -0.01 -4"><span class='ocrx_word' id='word_1_544' title='bbox 1065 4184 1172 4245; x_wconf 87' lang='lat' dir='ltr'><strong>DE</strong></span> <span class='ocrx_word' id='word_1_545' title='bbox 1208 4181 1480 4243; x_wconf 84' lang='lat' dir='ltr'><strong>DECEM</strong></span> <span class='ocrx_word' id='word_1_546' title='bbox 1521 4178 1841 4246; x_wconf 61' lang='lat' dir='ltr'><strong>IEGYPTI</strong></span> <span class='ocrx_word' id='word_1_547' title='bbox 1896 4175 2212 4249; x_wconf 81' lang='lat' dir='ltr'><strong>PLAGIS,</strong></span> <span class='ocrx_word' id='word_1_548' title='bbox 2267 4170 2536 4245; x_wconf 85' lang='lat' dir='ltr'><strong>ATQUE</strong></span> <span class='ocrx_word' id='word_1_549' title='bbox 2578 4163 3032 4231; x_wconf 81' lang='lat' dir='ltr'><strong>DECALOGO.</strong></span> 
     </span>
    </p>
   </div>
   <div class='ocr_carea' id='block_1_73' title="bbox 436 4480 2181 4563">
    <p class='ocr_par' dir='ltr' id='par_1_73' title="bbox 436 4480 2181 4563">
     <span class='ocr_line' id='line_1_73' title="bbox 436 4480 2181 4563; baseline -0.015 -4"><span class='ocrx_word' id='word_1_550' title='bbox 436 4504 830 4559; x_wconf 70' lang='lat' dir='ltr'><strong>Aacuusa&#39;ruu.</strong></span> <span class='ocrx_word' id='word_1_551' title='bbox 860 4526 931 4537; x_wconf 88' lang='lat'><strong>——</strong></span> <span class='ocrx_word' id='word_1_552' title='bbox 952 4492 1261 4550; x_wconf 83' lang='lat' dir='ltr'><strong>Perniciosa</strong></span> <span class='ocrx_word' id='word_1_553' title='bbox 1290 4490 1533 4563; x_wconf 64' lang='lat' dir='ltr'><strong>quaedam</strong></span> <span class='ocrx_word' id='word_1_554' title='bbox 1562 4496 1618 4563; x_wconf 79' lang='lat' dir='ltr'><strong>et</strong></span> <span class='ocrx_word' id='word_1_555' title='bbox 1648 4484 1921 4541; x_wconf 89' lang='lat' dir='ltr'><strong>teterrima</strong></span> <span class='ocrx_word' id='word_1_556' title='bbox 1950 4480 2102 4563; x_wconf 70' lang='lat' dir='ltr'><strong>vitia,</strong></span> <span class='ocrx_word' id='word_1_557' title='bbox 2146 4495 2181 4563; x_wconf 85' lang='lat' dir='ltr'><strong>q</strong></span> 
     </span>
    </p>
   </div>
   <div class='ocr_carea' id='block_1_74' title="bbox 2187 4468 3675 4543">
    <p class='ocr_par' dir='ltr' id='par_1_74' title="bbox 2187 4468 3675 4543">
     <span class='ocr_line' id='line_1_74' title="bbox 2187 4468 3675 4543; baseline -0.009 -9"><span class='ocrx_word' id='word_1_558' title='bbox 2187 4495 2267 4534; x_wconf 71' lang='lat' dir='ltr'><strong>uae</strong></span> <span class='ocrx_word' id='word_1_559' title='bbox 2305 4479 2373 4533; x_wconf 91' lang='lat' dir='ltr'><strong>ab</strong></span> <span class='ocrx_word' id='word_1_560' title='bbox 2399 4477 2688 4541; x_wconf 89' lang='lat' dir='ltr'><strong>omnibus,</strong></span> <span class='ocrx_word' id='word_1_561' title='bbox 2725 4483 2779 4529; x_wconf 88' lang='lat' dir='ltr'><strong>et</strong></span> <span class='ocrx_word' id='word_1_562' title='bbox 2804 4471 3075 4543; x_wconf 66' lang='lat' dir='ltr'><strong>prahcipue</strong></span> <span class='ocrx_word' id='word_1_563' title='bbox 3118 4469 3189 4525; x_wconf 85' lang='lat' dir='ltr'><strong>ab</strong></span> <span class='ocrx_word' id='word_1_564' title='bbox 3225 4469 3305 4543; x_wconf 76' lang='lat' dir='ltr'><strong>iis</strong></span> <span class='ocrx_word' id='word_1_565' title='bbox 3336 4468 3426 4538; x_wconf 87' lang='lat' dir='ltr'><strong>qui</strong></span> <span class='ocrx_word' id='word_1_566' title='bbox 3474 4468 3675 4543; x_wconf 81' lang='lat' dir='ltr'><strong>arctius</strong></span> 
     </span>
    </p>
   </div>
   <div class='ocr_carea' id='block_1_75' title="bbox 507 4538 3668 4632">
    <p class='ocr_par' dir='ltr' id='par_1_75' title="bbox 507 4538 3668 4632">
     <span class='ocr_line' id='line_1_75' title="bbox 507 4538 3668 4632; baseline -0.011 -6"><span class='ocrx_word' id='word_1_567' title='bbox 507 4538 1801 4632; x_wconf 49' lang='lat' dir='ltr'><strong>iiiié°ihiiiiitunn&#39;§££iﬁiéiﬁ.ﬁiﬁ&#39;ihasesse,</strong></span> <span class='ocrx_word' id='word_1_568' title='bbox 1822 4538 1931 4632; x_wconf 79' lang='lat' dir='ltr'><strong>per</strong></span> <span class='ocrx_word' id='word_1_569' title='bbox 1960 4538 2181 4632; x_wconf 59' lang='grc' dir='ltr'><strong>Αεὶωξιιιῖ</strong></span> <span class='ocrx_word' id='word_1_570' title='bbox 2212 4550 2395 4619; x_wconf 83' lang='lat' dir='ltr'><strong>plagas</strong></span> <span class='ocrx_word' id='word_1_571' title='bbox 2423 4546 2645 4632; x_wconf 60' lang='lat' dir='ltr'><strong>indicari</strong></span> <span class='ocrx_word' id='word_1_572' title='bbox 2672 4538 2688 4609; x_wconf 63' lang='grc' dir='ltr'>ξ</span> <span class='ocrx_word' id='word_1_573' title='bbox 2713 4538 2821 4632; x_wconf 52' lang='lat' dir='ltr'><strong>iis;</strong></span> <span class='ocrx_word' id='word_1_574' title='bbox 2860 4538 3116 4612; x_wconf 67' lang='lat' dir='ltr'><strong>tantjaam</strong></span> <span class='ocrx_word' id='word_1_575' title='bbox 3160 4539 3423 4604; x_wconf 84' lang='lat' dir='ltr'><strong>antidota,</strong></span> <span class='ocrx_word' id='word_1_576' title='bbox 3468 4553 3588 4607; x_wconf 76' lang='lat' dir='ltr'><strong>qua:</strong></span> <span class='ocrx_word' id='word_1_577' title='bbox 3615 4538 3668 4591; x_wconf 87' lang='lat' dir='ltr'><strong>itt</strong></span> 
     </span>
    </p>
   </div>
   <div class='ocr_carea' id='block_1_76' title="bbox 507 4617 2752 4710">
    <p class='ocr_par' dir='ltr' id='par_1_76' title="bbox 507 4617 2752 4710">
     <span class='ocr_line' id='line_1_76' title="bbox 507 4617 2752 4710; baseline -0.014 -12"><span class='ocrx_word' id='word_1_578' title='bbox 507 4617 1142 4710; x_wconf 46' lang='lat' dir='ltr'><strong>iié‘c&#39;aié&#39;ié&#39;axﬁihemdr</strong></span> <span class='ocrx_word' id='word_1_579' title='bbox 1168 4617 1435 4702; x_wconf 65' lang='lat' dir='ltr'><strong>praecepta</strong></span> <span class='ocrx_word' id='word_1_580' title='bbox 1471 4625 1680 4696; x_wconf 88' lang='lat' dir='ltr'><strong>singula</strong></span> <span class='ocrx_word' id='word_1_581' title='bbox 1702 4617 1929 4694; x_wconf 79' lang='lat' dir='ltr'><strong>singulis</strong></span> <span class='ocrx_word' id='word_1_582' title='bbox 1954 4636 2018 4675; x_wconf 90' lang='lat' dir='ltr'><strong>ex</strong></span> <span class='ocrx_word' id='word_1_583' title='bbox 2038 4617 2323 4675; x_wconf 68' lang='lat' dir='ltr'><strong>diametro</strong></span> <span class='ocrx_word' id='word_1_584' title='bbox 2347 4617 2543 4688; x_wconf 89' lang='lat' dir='ltr'><strong>opponi</strong></span> <span class='ocrx_word' id='word_1_585' title='bbox 2575 4617 2752 4670; x_wconf 89' lang='lat' dir='ltr'><strong>docet.</strong></span> 
     </span>
    </p>
   </div>
   <div class='ocr_carea' id='block_1_77' title="bbox 505 4757 3671 4857">
    <p class='ocr_par' dir='ltr' id='par_1_77' title="bbox 505 4757 3671 4857">
     <span class='ocr_line' id='line_1_77' title="bbox 505 4757 3671 4857; baseline -0.015 0"><span class='ocrx_word' id='word_1_586' title='bbox 505 4798 863 4857; x_wconf 74' lang='lat' dir='ltr'><strong>Dilecttssimo</strong></span> <span class='ocrx_word' id='word_1_587' title='bbox 889 4793 1043 4850; x_wconf 80' lang='lat' dir='ltr'><strong>fratri</strong></span> <span class='ocrx_word' id='word_1_588' title='bbox 1068 4758 1254 4847; x_wconf 58' lang='lat' dir='ltr'><strong>losum</strong></span> <span class='ocrx_word' id='word_1_589' title='bbox 1279 4787 1393 4856; x_wconf 79' lang='lat' dir='ltr'><strong>jam</strong></span> <span class='ocrx_word' id='word_1_590' title='bbox 1412 4802 1518 4841; x_wconf 92' lang='lat' dir='ltr'><strong>non</strong></span> <span class='ocrx_word' id='word_1_591' title='bbox 1543 4780 1829 4843; x_wconf 86' lang='lat' dir='ltr'><strong>Laudensi,</strong></span> <span class='ocrx_word' id='word_1_592' title='bbox 1857 4778 2002 4833; x_wconf 88' lang='lat' dir='ltr'><strong>ideo-</strong></span> <span class='ocrx_word' id='word_1_593' title='bbox 2028 4781 2079 4842; x_wconf 85' lang='lat' dir='ltr'><strong>D</strong></span> <span class='ocrx_word' id='word_1_594' title='bbox 2105 4776 2215 4831; x_wconf 90' lang='lat' dir='ltr'><strong>rica</strong></span> <span class='ocrx_word' id='word_1_595' title='bbox 2243 4773 2507 4832; x_wconf 88' lang='lat' dir='ltr'><strong>munitus.</strong></span> <span class='ocrx_word' id='word_1_596' title='bbox 2551 4780 2604 4826; x_wconf 91' lang='lat' dir='ltr'><strong>et</strong></span> <span class='ocrx_word' id='word_1_597' title='bbox 2645 4766 3037 4834; x_wconf 88' lang='lat' dir='ltr'><strong>insurgentium</strong></span> <span class='ocrx_word' id='word_1_598' title='bbox 3085 4761 3320 4817; x_wconf 88' lang='lat' dir='ltr'><strong>hostium</strong></span> <span class='ocrx_word' id='word_1_599' title='bbox 3363 4757 3543 4825; x_wconf 84' lang='lat' dir='ltr'><strong>jacula</strong></span> <span class='ocrx_word' id='word_1_600' title='bbox 3584 4774 3671 4811; x_wconf 60' lang='lat' dir='ltr'><strong>re-</strong></span> 
     </span>
    </p>
   </div>
   <div class='ocr_carea' id='block_1_78' title="bbox 435 4872 2001 4966">
    <p class='ocr_par' dir='ltr' id='par_1_78' title="bbox 435 4872 2001 4966">
     <span class='ocr_line' id='line_1_78' title="bbox 435 4872 2001 4966; baseline -0.019 -16"><span class='ocrx_word' id='word_1_601' title='bbox 435 4909 542 4966; x_wconf 91' lang='lat' dir='ltr'><strong>que</strong></span> <span class='ocrx_word' id='word_1_602' title='bbox 568 4889 822 4947; x_wconf 88' lang='lat' dir='ltr'><strong>laudabili</strong></span> <span class='ocrx_word' id='word_1_603' title='bbox 866 4887 1006 4951; x_wconf 87' lang='lat' dir='ltr'><strong>viro,</strong></span> <span class='ocrx_word' id='word_1_604' title='bbox 1059 4883 1275 4938; x_wconf 68' lang='lat' dir='ltr'><strong>Parcus</strong></span> <span class='ocrx_word' id='word_1_605' title='bbox 1303 4886 1554 4950; x_wconf 87' lang='lat' dir='ltr'><strong>peccator</strong></span> <span class='ocrx_word' id='word_1_606' title='bbox 1587 4872 1883 4931; x_wconf 88' lang='lat' dir='ltr'><strong>monachus</strong></span> <span class='ocrx_word' id='word_1_607' title='bbox 1908 4884 2001 4923; x_wconf 77' lang='lat' dir='ltr'><strong>oa-</strong></span> 
     </span>
    </p>
   </div>
   <div class='ocr_carea' id='block_1_79' title="bbox 436 4975 1236 5041">
    <p class='ocr_par' dir='ltr' id='par_1_79' title="bbox 436 4975 1236 5041">
     <span class='ocr_line' id='line_1_79' title="bbox 436 4975 1236 5041; baseline -0.019 0"><span class='ocrx_word' id='word_1_608' title='bbox 436 4995 605 5041; x_wconf 65' lang='lat' dir='ltr'><strong>ternm</strong></span> <span class='ocrx_word' id='word_1_609' title='bbox 638 4978 940 5037; x_wconf 89' lang='lat' dir='ltr'><strong>dilectionis</strong></span> <span class='ocrx_word' id='word_1_610' title='bbox 965 4975 1236 5030; x_wconf 68' lang='lat' dir='ltr'><strong>allectum.</strong></span> 
     </span>
    </p>
   </div>
   <div class='ocr_carea' id='block_1_80' title="bbox 507 5049 2006 5140">
    <p class='ocr_par' dir='ltr' id='par_1_80' title="bbox 507 5049 2006 5140">
     <span class='ocr_line' id='line_1_80' title="bbox 507 5049 2006 5140; baseline -0.016 -12"><span class='ocrx_word' id='word_1_611' title='bbox 507 5067 890 5140; x_wconf 89' lang='lat' dir='ltr'><strong>Contempsisti</strong></span> <span class='ocrx_word' id='word_1_612' title='bbox 922 5079 1113 5135; x_wconf 85' lang='lat' dir='ltr'><strong>nuper,</strong></span> <span class='ocrx_word' id='word_1_613' title='bbox 1149 5061 1248 5127; x_wconf 81' lang='lat' dir='ltr'><strong>ﬁli,</strong></span> <span class='ocrx_word' id='word_1_614' title='bbox 1290 5060 1650 5119; x_wconf 88' lang='lat' dir='ltr'><strong>Pharaonem,</strong></span> <span class='ocrx_word' id='word_1_615' title='bbox 1703 5061 1760 5109; x_wconf 95' lang='lat' dir='ltr'><strong>et</strong></span> <span class='ocrx_word' id='word_1_616' title='bbox 1786 5049 2006 5122; x_wconf 88' lang='lat' dir='ltr'><strong>superbi</strong></span> 
     </span>
    </p>
   </div>
   <div class='ocr_carea' id='block_1_81' title="bbox 439 5144 2005 5233">
    <p class='ocr_par' dir='ltr' id='par_1_81' title="bbox 439 5144 2005 5233">
     <span class='ocr_line' id='line_1_81' title="bbox 439 5144 2005 5233; baseline -0.014 -16"><span class='ocrx_word' id='word_1_617' title='bbox 439 5162 582 5233; x_wconf 83' lang='lat' dir='ltr'><strong>regis</strong></span> <span class='ocrx_word' id='word_1_618' title='bbox 632 5174 697 5215; x_wconf 91' lang='lat' dir='ltr'><strong>ac</strong></span> <span class='ocrx_word' id='word_1_619' title='bbox 739 5156 1093 5229; x_wconf 86' lang='lat' dir='ltr'><strong>opprimentis</strong></span> <span class='ocrx_word' id='word_1_620' title='bbox 1128 5150 1346 5223; x_wconf 61' lang='lat' dir='ltr'><strong>Egypti</strong></span> <span class='ocrx_word' id='word_1_621' title='bbox 1386 5147 1546 5205; x_wconf 90' lang='lat' dir='ltr'><strong>simul</strong></span> <span class='ocrx_word' id='word_1_622' title='bbox 1577 5144 1917 5201; x_wconf 89' lang='lat' dir='ltr'><strong>abominatus</strong></span> <span class='ocrx_word' id='word_1_623' title='bbox 1944 5156 2005 5197; x_wconf 89' lang='lat' dir='ltr'><strong>es</strong></span> 
     </span>
    </p>
   </div>
   <div class='ocr_carea' id='block_1_82' title="bbox 437 5232 2008 5313">
    <p class='ocr_par' dir='ltr' id='par_1_82' title="bbox 437 5232 2008 5313">
     <span class='ocr_line' id='line_1_82' title="bbox 437 5232 2008 5313; baseline -0.016 -5"><span class='ocrx_word' id='word_1_624' title='bbox 437 5232 753 5308; x_wconf 83' lang='lat' dir='ltr'><strong>servitutem</strong></span> <span class='ocrx_word' id='word_1_625' title='bbox 778 5264 793 5313; x_wconf 90' lang='lat'><strong>;</strong></span> <span class='ocrx_word' id='word_1_626' title='bbox 818 5258 1040 5302; x_wconf 89' lang='lat' dir='ltr'><strong>necesse</strong></span> <span class='ocrx_word' id='word_1_627' title='bbox 1065 5249 1150 5298; x_wconf 88' lang='lat' dir='ltr'><strong>est</strong></span> <span class='ocrx_word' id='word_1_628' title='bbox 1185 5256 1315 5311; x_wconf 91' lang='lat' dir='ltr'><strong>ergo</strong></span> <span class='ocrx_word' id='word_1_629' title='bbox 1345 5252 1488 5293; x_wconf 90' lang='lat' dir='ltr'><strong>nunc</strong></span> <span class='ocrx_word' id='word_1_630' title='bbox 1525 5244 1606 5301; x_wconf 94' lang='lat' dir='ltr'><strong>ut,</strong></span> <span class='ocrx_word' id='word_1_631' title='bbox 1633 5232 1885 5306; x_wconf 87' lang='lat' dir='ltr'><strong>gradiens</strong></span> <span class='ocrx_word' id='word_1_632' title='bbox 1909 5244 2008 5300; x_wconf 90' lang='lat' dir='ltr'><strong>per</strong></span> 
     </span>
    </p>
   </div>
   <div class='ocr_carea' id='block_1_83' title="bbox 438 5321 2008 5405">
    <p class='ocr_par' dir='ltr' id='par_1_83' title="bbox 438 5321 2008 5405">
     <span class='ocr_line' id='line_1_83' title="bbox 438 5321 2008 5405; baseline -0.016 -4"><span class='ocrx_word' id='word_1_633' title='bbox 438 5344 740 5405; x_wconf 85' lang='lat' dir='ltr'><strong>desertum,</strong></span> <span class='ocrx_word' id='word_1_634' title='bbox 788 5338 959 5395; x_wconf 89' lang='lat' dir='ltr'><strong>multa</strong></span> <span class='ocrx_word' id='word_1_635' title='bbox 996 5334 1351 5391; x_wconf 90' lang='lat' dir='ltr'><strong>tentationum</strong></span> <span class='ocrx_word' id='word_1_636' title='bbox 1379 5343 1579 5400; x_wconf 90' lang='lat' dir='ltr'><strong>genera</strong></span> <span class='ocrx_word' id='word_1_637' title='bbox 1613 5325 1848 5389; x_wconf 90' lang='lat' dir='ltr'><strong>subeas,</strong></span> <span class='ocrx_word' id='word_1_638' title='bbox 1887 5321 2008 5377; x_wconf 89' lang='lat' dir='ltr'><strong>sitis</strong></span> 
     </span>
    </p>
   </div>
   <div class='ocr_carea' id='block_1_84' title="bbox 438 5420 2007 5498">
    <p class='ocr_par' dir='ltr' id='par_1_84' title="bbox 438 5420 2007 5498">
     <span class='ocr_line' id='line_1_84' title="bbox 438 5420 2007 5498; baseline -0.015 -10"><span class='ocrx_word' id='word_1_639' title='bbox 438 5448 504 5488; x_wconf 90' lang='lat' dir='ltr'><strong>ac</strong></span> <span class='ocrx_word' id='word_1_640' title='bbox 533 5430 693 5486; x_wconf 77' lang='lat' dir='ltr'><strong>famis</strong></span> <span class='ocrx_word' id='word_1_641' title='bbox 718 5428 952 5498; x_wconf 84' lang='lat' dir='ltr'><strong>inepiam</strong></span> <span class='ocrx_word' id='word_1_642' title='bbox 983 5425 1244 5496; x_wconf 78' lang='lat' dir='ltr'><strong>perieras,</strong></span> <span class='ocrx_word' id='word_1_643' title='bbox 1276 5428 1333 5476; x_wconf 93' lang='lat' dir='ltr'><strong>et</strong></span> <span class='ocrx_word' id='word_1_644' title='bbox 1352 5420 1433 5475; x_wconf 88' lang='lat' dir='ltr'><strong>sic</strong></span> <span class='ocrx_word' id='word_1_645' title='bbox 1459 5434 1555 5488; x_wconf 89' lang='lat' dir='ltr'><strong>per</strong></span> <span class='ocrx_word' id='word_1_646' title='bbox 1584 5428 1886 5471; x_wconf 60' lang='lat' dir='ltr'><strong>aerumnosa</strong></span> <span class='ocrx_word' id='word_1_647' title='bbox 1914 5424 2007 5481; x_wconf 85' lang='lat' dir='ltr'><strong>pe-</strong></span> 
     </span>
    </p>
   </div>
   <div class='ocr_carea' id='block_1_85' title="bbox 438 5503 2005 5585">
    <p class='ocr_par' dir='ltr' id='par_1_85' title="bbox 438 5503 2005 5585">
     <span class='ocr_line' id='line_1_85' title="bbox 438 5503 2005 5585; baseline -0.015 -8"><span class='ocrx_word' id='word_1_648' title='bbox 438 5520 612 5577; x_wconf 86' lang='lat' dir='ltr'><strong>ricula</strong></span> <span class='ocrx_word' id='word_1_649' title='bbox 668 5519 1003 5585; x_wconf 69' lang='lat' dir='ltr'><strong>diversaeque</strong></span> <span class='ocrx_word' id='word_1_650' title='bbox 1046 5510 1371 5569; x_wconf 84' lang='lat' dir='ltr'><strong>calamitatis</strong></span> <span class='ocrx_word' id='word_1_651' title='bbox 1399 5507 1676 5579; x_wconf 89' lang='lat' dir='ltr'><strong>angustias</strong></span> <span class='ocrx_word' id='word_1_652' title='bbox 1703 5503 1771 5558; x_wconf 88' lang='lat' dir='ltr'><strong>ad</strong></span> <span class='ocrx_word' id='word_1_653' title='bbox 1808 5513 2005 5557; x_wconf 90' lang='lat' dir='ltr'><strong>terram</strong></span> 
     </span>
    </p>
   </div>
   <div class='ocr_carea' id='block_1_86' title="bbox 438 5594 2008 5681">
    <p class='ocr_par' dir='ltr' id='par_1_86' title="bbox 438 5594 2008 5681">
     <span class='ocr_line' id='line_1_86' title="bbox 438 5594 2008 5681; baseline -0.015 -14"><span class='ocrx_word' id='word_1_654' title='bbox 438 5607 874 5681; x_wconf 83' lang='lat' dir='ltr'><strong>repromissionis</strong></span> <span class='ocrx_word' id='word_1_655' title='bbox 906 5606 1157 5675; x_wconf 90' lang='lat' dir='ltr'><strong>attingas.</strong></span> <span class='ocrx_word' id='word_1_656' title='bbox 1190 5601 1415 5670; x_wconf 86' lang='lat' dir='ltr'><strong>Oportet</strong></span> <span class='ocrx_word' id='word_1_657' title='bbox 1438 5614 1568 5669; x_wconf 92' lang='lat' dir='ltr'><strong>ergo</strong></span> <span class='ocrx_word' id='word_1_658' title='bbox 1596 5605 1650 5651; x_wconf 90' lang='lat' dir='ltr'><strong>te</strong></span> <span class='ocrx_word' id='word_1_659' title='bbox 1678 5594 1745 5649; x_wconf 89' lang='lat' dir='ltr'><strong>ad</strong></span> <span class='ocrx_word' id='word_1_660' title='bbox 1770 5600 2008 5681; x_wconf 86' lang='lat' dir='ltr'><strong>montem</strong></span> 
     </span>
    </p>
   </div>
   <div class='ocr_carea' id='block_1_87' title="bbox 342 5680 2010 5767">
    <p class='ocr_par' dir='ltr' id='par_1_87' title="bbox 342 5680 2010 5767">
     <span class='ocr_line' id='line_1_87' title="bbox 342 5680 2010 5767; baseline -0.015 -11"><span class='ocrx_word' id='word_1_661' title='bbox 342 5680 591 5767; x_wconf 31' lang='lat' dir='ltr'><strong>“Sinai</strong></span> <span class='ocrx_word' id='word_1_662' title='bbox 613 5712 734 5753; x_wconf 91' lang='lat' dir='ltr'><strong>cum</strong></span> <span class='ocrx_word' id='word_1_663' title='bbox 763 5694 1027 5751; x_wconf 82' lang='lat' dir='ltr'><strong>Hebraico</strong></span> <span class='ocrx_word' id='word_1_664' title='bbox 1065 5689 1259 5762; x_wconf 91' lang='lat' dir='ltr'><strong>populo</strong></span> <span class='ocrx_word' id='word_1_665' title='bbox 1286 5688 1574 5747; x_wconf 77' lang='lat' dir='ltr'><strong>festinare.</strong></span> <span class='ocrx_word' id='word_1_666' title='bbox 1600 5693 1653 5739; x_wconf 90' lang='lat' dir='ltr'><strong>et</strong></span> <span class='ocrx_word' id='word_1_667' title='bbox 1684 5682 1796 5737; x_wconf 90' lang='lat' dir='ltr'><strong>illic</strong></span> <span class='ocrx_word' id='word_1_668' title='bbox 1816 5680 2010 5735; x_wconf 63' lang='lat' dir='ltr'><strong>divinae</strong></span> 
     </span>
    </p>
   </div>
   <div class='ocr_carea' id='block_1_88' title="bbox 342 5770 2011 5861">
    <p class='ocr_par' dir='ltr' id='par_1_88' title="bbox 342 5770 2011 5861">
     <span class='ocr_line' id='line_1_88' title="bbox 342 5770 2011 5861; baseline -0.016 -12"><span class='ocrx_word' id='word_1_669' title='bbox 342 5804 345 5805; x_wconf 71' lang='lat'><strong><em>&#39;</em></strong></span> <span class='ocrx_word' id='word_1_670' title='bbox 440 5789 576 5859; x_wconf 66' lang='lat' dir='ltr'><strong>lexis</strong></span> <span class='ocrx_word' id='word_1_671' title='bbox 597 5787 850 5845; x_wconf 85' lang='lat' dir='ltr'><strong>mandata</strong></span> <span class='ocrx_word' id='word_1_672' title='bbox 875 5783 1171 5861; x_wconf 68' lang='lat' dir='ltr'><strong>percipere,</strong></span> <span class='ocrx_word' id='word_1_673' title='bbox 1208 5788 1290 5845; x_wconf 88' lang='lat' dir='ltr'><strong>ut,</strong></span> <span class='ocrx_word' id='word_1_674' title='bbox 1316 5778 1400 5835; x_wconf 88' lang='lat' dir='ltr'><strong>his</strong></span> <span class='ocrx_word' id='word_1_675' title='bbox 1420 5786 1674 5846; x_wconf 82' lang='lat' dir='ltr'><strong>tanquam</strong></span> <span class='ocrx_word' id='word_1_676' title='bbox 1699 5771 1819 5828; x_wconf 89' lang='lat' dir='ltr'><strong>telis</strong></span> <span class='ocrx_word' id='word_1_677' title='bbox 1840 5785 1901 5826; x_wconf 89' lang='lat' dir='ltr'><strong>ac</strong></span> <span class='ocrx_word' id='word_1_678' title='bbox 1934 5770 2011 5823; x_wconf 82' lang='lat' dir='ltr'><strong>lo-</strong></span> 
     </span>
    </p>
   </div>
   <div class='ocr_carea' id='block_1_89' title="bbox 937 5910 1013 5948">
    <p class='ocr_par' dir='ltr' id='par_1_89' title="bbox 937 5910 1013 5948">
     <span class='ocr_line' id='line_1_89' title="bbox 937 5910 1013 5948; baseline -0.053 -11"><span class='ocrx_word' id='word_1_679' title='bbox 937 5910 1013 5948; x_wconf 38' lang='lat' dir='ltr'><strong>Vt,</strong></span> 
     </span>
    </p>
   </div>
   <div class='ocr_carea' id='block_1_90' title="bbox 2102 4850 3673 4935">
    <p class='ocr_par' dir='ltr' id='par_1_90' title="bbox 2102 4850 3673 4935">
     <span class='ocr_line' id='line_1_90' title="bbox 2102 4850 3673 4935; baseline -0.013 -14"><span class='ocrx_word' id='word_1_680' title='bbox 2102 4880 2267 4935; x_wconf 90' lang='lat' dir='ltr'><strong>spuas</strong></span> <span class='ocrx_word' id='word_1_681' title='bbox 2298 4873 2353 4918; x_wconf 90' lang='lat' dir='ltr'><strong>et</strong></span> <span class='ocrx_word' id='word_1_682' title='bbox 2402 4860 2776 4931; x_wconf 89' lang='lat' dir='ltr'><strong>ingruentibus</strong></span> <span class='ocrx_word' id='word_1_683' title='bbox 2804 4854 3133 4926; x_wconf 89' lang='lat' dir='ltr'><strong>quibuslibet</strong></span> <span class='ocrx_word' id='word_1_684' title='bbox 3160 4850 3549 4906; x_wconf 87' lang='lat' dir='ltr'><strong>adversitatum</strong></span> <span class='ocrx_word' id='word_1_685' title='bbox 3582 4853 3673 4902; x_wconf 74' lang='lat' dir='ltr'><strong>ca-</strong></span> 
     </span>
    </p>
   </div>
   <div class='ocr_carea' id='block_1_91' title="bbox 2104 4938 3675 5010">
    <p class='ocr_par' dir='ltr' id='par_1_91' title="bbox 2104 4938 3675 5010">
     <span class='ocr_line' id='line_1_91' title="bbox 2104 4938 3675 5010; baseline -0.013 -1"><span class='ocrx_word' id='word_1_686' title='bbox 2104 4954 2253 5010; x_wconf 88' lang='lat' dir='ltr'><strong>sibus</strong></span> <span class='ocrx_word' id='word_1_687' title='bbox 2284 4967 2388 5006; x_wconf 89' lang='lat' dir='ltr'><strong>non</strong></span> <span class='ocrx_word' id='word_1_688' title='bbox 2431 4946 2771 5005; x_wconf 87' lang='lat' dir='ltr'><strong>succumbas.</strong></span> <span class='ocrx_word' id='word_1_689' title='bbox 2815 4945 2922 5000; x_wconf 88' lang='lat' dir='ltr'><strong>Sed</strong></span> <span class='ocrx_word' id='word_1_690' title='bbox 2950 4944 3066 4998; x_wconf 61' lang='lat' dir='ltr'><strong>haec</strong></span> <span class='ocrx_word' id='word_1_691' title='bbox 3099 4943 3184 4997; x_wconf 84' lang='lat' dir='ltr'><strong>lex</strong></span> <span class='ocrx_word' id='word_1_692' title='bbox 3215 4942 3337 4997; x_wconf 90' lang='lat' dir='ltr'><strong>data</strong></span> <span class='ocrx_word' id='word_1_693' title='bbox 3363 4948 3448 4995; x_wconf 86' lang='lat' dir='ltr'><strong>est</strong></span> <span class='ocrx_word' id='word_1_694' title='bbox 3480 4938 3675 5008; x_wconf 90' lang='lat' dir='ltr'><strong>popqu</strong></span> 
     </span>
    </p>
   </div>
   <div class='ocr_carea' id='block_1_92' title="bbox 2104 5030 3676 5114">
    <p class='ocr_par' dir='ltr' id='par_1_92' title="bbox 2104 5030 3676 5114">
     <span class='ocr_line' id='line_1_92' title="bbox 2104 5030 3676 5114; baseline -0.023 3"><span class='ocrx_word' id='word_1_695' title='bbox 2104 5041 2547 5114; x_wconf 75' lang='lat' dir='ltr'><strong>quinquagesimo</strong></span> <span class='ocrx_word' id='word_1_696' title='bbox 2579 5038 2666 5094; x_wconf 84' lang='lat' dir='ltr'><strong>die</strong></span> <span class='ocrx_word' id='word_1_697' title='bbox 2706 5045 2992 5108; x_wconf 78' lang='lat' dir='ltr'><strong>postquam</strong></span> <span class='ocrx_word' id='word_1_698' title='bbox 3017 5034 3218 5104; x_wconf 89' lang='lat' dir='ltr'><strong>egressi</strong></span> <span class='ocrx_word' id='word_1_699' title='bbox 3267 5042 3392 5089; x_wconf 92' lang='lat' dir='ltr'><strong>sunt</strong></span> <span class='ocrx_word' id='word_1_700' title='bbox 3415 5047 3480 5087; x_wconf 91' lang='lat' dir='ltr'><strong>ex</strong></span> <span class='ocrx_word' id='word_1_701' title='bbox 3503 5030 3676 5100; x_wconf 64' lang='grc' dir='ltr'><strong>Αἰκι-</strong></span> 
     </span>
    </p>
   </div>
   <div class='ocr_carea' id='block_1_93' title="bbox 2106 5122 3679 5203">
    <p class='ocr_par' dir='ltr' id='par_1_93' title="bbox 2106 5122 3679 5203">
     <span class='ocr_line' id='line_1_93' title="bbox 2106 5122 3679 5203; baseline -0.009 -15"><span class='ocrx_word' id='word_1_702' title='bbox 2106 5142 2219 5203; x_wconf 91' lang='lat' dir='ltr'><strong>pto.</strong></span> <span class='ocrx_word' id='word_1_703' title='bbox 2273 5130 2761 5201; x_wconf 84' lang='lat' dir='ltr'><strong>Quinquagesimus</strong></span> <span class='ocrx_word' id='word_1_704' title='bbox 2806 5136 2986 5183; x_wconf 90' lang='lat' dir='ltr'><strong>autem</strong></span> <span class='ocrx_word' id='word_1_705' title='bbox 3039 5140 3297 5181; x_wconf 89' lang='lat' dir='ltr'><strong>numerus</strong></span> <span class='ocrx_word' id='word_1_706' title='bbox 3347 5122 3679 5194; x_wconf 62' lang='lat' dir='ltr'><strong>poenitentia.-</strong></span> 
     </span>
    </p>
   </div>
   <div class='ocr_carea' id='block_1_94' title="bbox 2109 5215 3674 5289">
    <p class='ocr_par' dir='ltr' id='par_1_94' title="bbox 2109 5215 3674 5289">
     <span class='ocr_line' id='line_1_94' title="bbox 2109 5215 3674 5289; baseline -0.009 -11"><span class='ocrx_word' id='word_1_707' title='bbox 2109 5222 2408 5287; x_wconf 87' lang='lat' dir='ltr'><strong>dedicatur,</strong></span> <span class='ocrx_word' id='word_1_708' title='bbox 2435 5222 2572 5276; x_wconf 91' lang='lat' dir='ltr'><strong>sicut</strong></span> <span class='ocrx_word' id='word_1_709' title='bbox 2596 5234 2695 5289; x_wconf 89' lang='lat' dir='ltr'><strong>per</strong></span> <span class='ocrx_word' id='word_1_710' title='bbox 2731 5217 2899 5272; x_wconf 86' lang='lat' dir='ltr'><strong>multa</strong></span> <span class='ocrx_word' id='word_1_711' title='bbox 2919 5215 3319 5285; x_wconf 89' lang='lat' dir='ltr'><strong>Scripturarum</strong></span> <span class='ocrx_word' id='word_1_712' title='bbox 3360 5220 3674 5280; x_wconf 83' lang='lat' dir='ltr'><strong>argumenta</strong></span> 
     </span>
    </p>
   </div>
   <div class='ocr_carea' id='block_1_95' title="bbox 2113 5304 3672 5383">
    <p class='ocr_par' dir='ltr' id='par_1_95' title="bbox 2113 5304 3672 5383">
     <span class='ocr_line' id='line_1_95' title="bbox 2113 5304 3672 5383; baseline -0.008 -15"><span class='ocrx_word' id='word_1_713' title='bbox 2113 5313 2406 5383; x_wconf 89' lang='lat' dir='ltr'><strong>colligitur.</strong></span> <span class='ocrx_word' id='word_1_714' title='bbox 2452 5311 2603 5379; x_wconf 86' lang='lat' dir='ltr'><strong>Quod</strong></span> <span class='ocrx_word' id='word_1_715' title='bbox 2658 5318 2715 5365; x_wconf 91' lang='lat' dir='ltr'><strong>et</strong></span> <span class='ocrx_word' id='word_1_716' title='bbox 2755 5306 3015 5363; x_wconf 65' lang='lat' dir='ltr'><strong>Jubilaaus</strong></span> <span class='ocrx_word' id='word_1_717' title='bbox 3068 5304 3336 5375; x_wconf 76' lang='lat' dir='ltr'><strong>signiﬁcat</strong></span> <span class='ocrx_word' id='word_1_718' title='bbox 3375 5317 3570 5366; x_wconf 86' lang='lat' dir='ltr'><strong>annus,</strong></span> <span class='ocrx_word' id='word_1_719' title='bbox 3625 5308 3672 5355; x_wconf 88' lang='lat' dir='ltr'><strong>et</strong></span> 
     </span>
    </p>
   </div>
   <div class='ocr_carea' id='block_1_96' title="bbox 2107 5390 3684 5473">
    <p class='ocr_par' dir='ltr' id='par_1_96' title="bbox 2107 5390 3684 5473">
     <span class='ocr_line' id='line_1_96' title="bbox 2107 5390 3684 5473; baseline -0.009 -16"><span class='ocrx_word' id='word_1_720' title='bbox 2107 5401 2583 5473; x_wconf 88' lang='lat' dir='ltr'><strong>quinquagesimus</strong></span> <span class='ocrx_word' id='word_1_721' title='bbox 2636 5398 2724 5453; x_wconf 90' lang='lat' dir='ltr'><strong>ille</strong></span> <span class='ocrx_word' id='word_1_722' title='bbox 2774 5396 3034 5467; x_wconf 86' lang='lat' dir='ltr'><strong>psalmus,</strong></span> <span class='ocrx_word' id='word_1_723' title='bbox 3086 5408 3247 5464; x_wconf 89' lang='lat' dir='ltr'><strong>quem</strong></span> <span class='ocrx_word' id='word_1_724' title='bbox 3291 5391 3458 5446; x_wconf 88' lang='lat' dir='ltr'><strong>David</strong></span> <span class='ocrx_word' id='word_1_725' title='bbox 3505 5390 3684 5461; x_wconf 65' lang='lat' dir='ltr'><strong>paeni-</strong></span> 
     </span>
    </p>
   </div>
   <div class='ocr_carea' id='block_1_97' title="bbox 2110 5483 3680 5563">
    <p class='ocr_par' dir='ltr' id='par_1_97' title="bbox 2110 5483 3680 5563">
     <span class='ocr_line' id='line_1_97' title="bbox 2110 5483 3680 5563; baseline -0.008 -13"><span class='ocrx_word' id='word_1_726' title='bbox 2110 5495 2272 5550; x_wconf 91' lang='lat' dir='ltr'><strong>tendo</strong></span> <span class='ocrx_word' id='word_1_727' title='bbox 2296 5492 2604 5563; x_wconf 89' lang='lat' dir='ltr'><strong>descripsit.</strong></span> <span class='ocrx_word' id='word_1_728' title='bbox 2639 5490 2705 5544; x_wconf 87' lang='lat' dir='ltr'><strong>Et</strong></span> <span class='ocrx_word' id='word_1_729' title='bbox 2726 5490 2867 5544; x_wconf 92' lang='lat' dir='ltr'><strong>sicut</strong></span> <span class='ocrx_word' id='word_1_730' title='bbox 2892 5487 2967 5543; x_wconf 92' lang='lat' dir='ltr'><strong>illi</strong></span> <span class='ocrx_word' id='word_1_731' title='bbox 2990 5487 3045 5541; x_wconf 90' lang='lat' dir='ltr'><strong>in</strong></span> <span class='ocrx_word' id='word_1_732' title='bbox 3071 5484 3361 5555; x_wconf 81' lang='lat' dir='ltr'><strong>Evangelia</strong></span> <span class='ocrx_word' id='word_1_733' title='bbox 3382 5483 3680 5547; x_wconf 86' lang='lat' dir='ltr'><strong>debitores.</strong></span> 
     </span>
    </p>
   </div>
   <div class='ocr_carea' id='block_1_98' title="bbox 2110 5575 3683 5655">
    <p class='ocr_par' dir='ltr' id='par_1_98' title="bbox 2110 5575 3683 5655">
     <span class='ocr_line' id='line_1_98' title="bbox 2110 5575 3683 5655; baseline -0.007 -16"><span class='ocrx_word' id='word_1_734' title='bbox 2110 5599 2339 5655; x_wconf 86' lang='lat' dir='ltr'><strong>quorum</strong></span> <span class='ocrx_word' id='word_1_735' title='bbox 2388 5583 2527 5637; x_wconf 90' lang='lat' dir='ltr'><strong>alter</strong></span> <span class='ocrx_word' id='word_1_736' title='bbox 2570 5582 2915 5652; x_wconf 87' lang='lat' dir='ltr'><strong>quingentos,</strong></span> <span class='ocrx_word' id='word_1_737' title='bbox 2964 5577 3099 5632; x_wconf 76' lang='lat' dir='ltr'><strong>alter</strong></span> <span class='ocrx_word' id='word_1_738' title='bbox 3141 5576 3375 5633; x_wconf 86' lang='lat' dir='ltr'><strong>debebat</strong></span> <span class='ocrx_word' id='word_1_739' title='bbox 3418 5575 3683 5645; x_wconf 83' lang='lat' dir='ltr'><strong>quinqua-</strong></span> 
     </span>
    </p>
   </div>
   <div class='ocr_carea' id='block_1_99' title="bbox 2109 5666 3683 5742">
    <p class='ocr_par' dir='ltr' id='par_1_99' title="bbox 2109 5666 3683 5742">
     <span class='ocr_line' id='line_1_99' title="bbox 2109 5666 3683 5742; baseline -0.008 -14"><span class='ocrx_word' id='word_1_740' title='bbox 2109 5674 2254 5742; x_wconf 88' lang='lat' dir='ltr'><strong>ginta</strong></span> <span class='ocrx_word' id='word_1_741' title='bbox 2304 5672 2555 5727; x_wconf 88' lang='lat' dir='ltr'><strong>denarios</strong></span> <span class='ocrx_word' id='word_1_742' title='bbox 2584 5669 2734 5738; x_wconf 85' lang='lat' dir='ltr'><strong>(Luc.</strong></span> <span class='ocrx_word' id='word_1_743' title='bbox 2767 5669 2905 5735; x_wconf 89' lang='lat' dir='ltr'><strong>vn);</strong></span> <span class='ocrx_word' id='word_1_744' title='bbox 2962 5667 3035 5722; x_wconf 88' lang='lat' dir='ltr'><strong>ita</strong></span> <span class='ocrx_word' id='word_1_745' title='bbox 3084 5681 3297 5739; x_wconf 79' lang='lat' dir='ltr'><strong>quoque</strong></span> <span class='ocrx_word' id='word_1_746' title='bbox 3335 5666 3429 5736; x_wconf 78' lang='lat' dir='ltr'><strong>qui</strong></span> <span class='ocrx_word' id='word_1_747' title='bbox 3458 5666 3683 5720; x_wconf 86' lang='lat' dir='ltr'><strong>debebat</strong></span> 
     </span>
    </p>
   </div>
   <div class='ocr_carea' id='block_1_100' title="bbox 2111 5757 3682 5831">
    <p class='ocr_par' dir='ltr' id='par_1_100' title="bbox 2111 5757 3682 5831">
     <span class='ocr_line' id='line_1_100' title="bbox 2111 5757 3682 5831; baseline -0.008 -10"><span class='ocrx_word' id='word_1_748' title='bbox 2111 5772 2326 5824; x_wconf 82' lang='lat' dir='ltr'><strong>centum</strong></span> <span class='ocrx_word' id='word_1_749' title='bbox 2350 5763 2511 5818; x_wconf 86' lang='lat' dir='ltr'><strong>cados</strong></span> <span class='ocrx_word' id='word_1_750' title='bbox 2536 5762 2662 5826; x_wconf 88' lang='lat' dir='ltr'><strong>olei,</strong></span> <span class='ocrx_word' id='word_1_751' title='bbox 2694 5760 3082 5831; x_wconf 82' lang='lat' dir='ltr'><strong>quinquaginta</strong></span> <span class='ocrx_word' id='word_1_752' title='bbox 3109 5759 3347 5817; x_wconf 83' lang='lat' dir='ltr'><strong>scribere</strong></span> <span class='ocrx_word' id='word_1_753' title='bbox 3380 5757 3565 5826; x_wconf 66' lang='lat' dir='ltr'><strong>iussus</strong></span> <span class='ocrx_word' id='word_1_754' title='bbox 3600 5761 3682 5808; x_wconf 67' lang='grc' dir='ltr'><strong>ει·</strong></span> 
     </span>
    </p>
   </div>
  </div>
