4074 6190
333 509 437 565 687

799 506 856 562 S.
882 504 1086 561 PETRI
1124 501 1406 560 DAMIANI
1444 502 1596 562 OPP.
1630 500 1864 559 TOMUS
1903 499 2034 557 SEU
2074 499 2252 556 lARS
2290 499 2377 554 ΙΙΙ.
2405 529 2469 541 --
2512 499 2875 558 OPUSCULA
2912 502 3140 559 VAlllA.

3503 503 3607 560 688

335 625 489 698 (Luc.
523 621 658 693 xvr).
701 618 832 686 Quae
861 619 1114 674 videlicet
1153 620 1336 674 omnia
1367 618 1701 687 poenitentiae
1721 624 1916 670 odora-
1949 621 1993 676 Α
2023 613 2097 667 illi
2129 615 2218 682 qui
2245 619 2552 669 vulneratus
2578 629 2611 675 a
2645 615 2948 670 latronibus
2981 618 3178 682 luerat,
3209 616 3453 687 alligavit
3480 620 3600 674 vul-

337 721 516 775 menta
545 707 840 765 salubriter
865 707 1096 776 spirant,
1129 707 1176 761 si
1203 721 1311 762 non
1338 706 1521 760 desint
1561 719 1720 759 nares
1759 703 1919 758 intel-

332 802 587 876 ligentiae,
634 815 754 870 quas
784 799 1027 870 mysterii
1067 797 1422 870 fragrantiam
1465 797 1734 868 sagaciter
1756 803 1922 850 attra-

337 897 488 950 bant.
520 893 593 950 Ut
640 907 770 963 ergo
805 892 1002 960 dignus
1031 891 1106 945 sis
1135 891 1332 945 divinm
1369 891 1502 959 legis
1541 891 1716 944 edicta
1749 889 1920 944 susci-

334 999 486 1052 pere,
525 995 577 1038 te
599 996 698 1053 per
717 980 1091 1050 paenitentiam
1139 979 1372 1050 corrige,
1431 979 1692 1048 praeteriti
1740 987 1920 1032 reatus

337 1074 636 1145 nequitiam
665 1071 957 1136 confitere;
985 1079 1040 1125 et
1068 1071 1168 1138 sic,
1199 1070 1339 1126 intra
1367 1071 1700 1141 paenitentiae
1728 1084 1920 1124 nume-

337 1180 454 1217 rum
487 1175 736 1223 currens,
771 1176 836 1216 ex
877 1158 1218 1216 confessione
1267 1159 1475 1228 peccati
1519 1158 1807 1228 pervenies
1851 1158 1918 1212 ad

332 1262 576 1310 montem
612 1252 726 1307 Dei.
757 1250 948 1305 Etboc
972 1250 1252 1321 aptissime
1278 1250 1529 1319 congruit
1565 1249 1706 1319 quod
1765 1260 1922 1302 mons

337 1345 426 1398 ille
464 1343 616 1399 Sinai
673 1342 894 1406 dicitur,
953 1341 1098 1411 quod
1144 1340 1304 1394 rubus
1361 1341 1764 1408 interpretatur.
1821 1339 1922 1393 Per

337 1434 529 1489 rubum
563 1447 712 1497 sane,
763 1433 854 1502 qui
887 1432 1059 1501 spinis
1089 1432 1325 1499 undique
1369 1432 1622 1502 cingitur,
1673 1441 1922 1501 peccato-

336 1541 456 1580 rum
485 1533 817 1588 nostrorum,
868 1537 989 1592 qua:
1019 1521 1307 1576 Dominum
1349 1529 1614 1592 pungunt,
1653 1522 1921 1590 asperitas

336 1616 666 1684 designatur.
727 1613 882 1669 Unde
929 1627 1028 1683 per
1062 1609 1354 1668 Jeremiam
1403 1613 1644 1667 dicitur:
1683 1632 1700 1663 ι
1737 1611 1921 1684 Spinis

335 1716 683 1775 peccatorum
729 1716 950 1758 suorum
1006 1702 1365 1756 circumdedit
1414 1717 1500 1757 me
1550 1702 1779 1772 populus
1833 1704 1923 1758 hic

330 1797 554 1869 (Thren.
582 1795 687 1867 ιιι).
721 1815 740 1848 ›
790 1795 858 1849 Ει
884 1795 937 1848 in
961 1794 1284 1865 Apocalypsi
1332 1793 1566 1865 legitur:
1608 1813 1627 1846 ι
1661 1795 1798 1862 Quia
1841 1795 1921 1850 vi-

336 1889 484 1943 debit
516 1903 638 1942 eum
669 1887 849 1942 omnis
890 1886 1097 1950 oculus,
1136 1896 1191 1941 et
1219 1886 1310 1955 qui
1359 1901 1481 1941 eum
1533 1896 1915 1957 pupugeruut;

330 1988 393 2034 et
421 1978 677 2050 plangent
705 1993 765 2032 se
795 1992 959 2046 super
1007 1991 1064 2031 se
1090 1992 1282 2032 omnes
1312 1977 1486 2032 tribus
1521 1985 1680 2032 terra:
1730 1977 1914 2048 (Apoc.
1948 1962 1994 2021 Β

335 2067 398 2138 ι).
438 2086 457 2119 ι
491 2067 590 2122 Hic
613 2068 798 2135 itaque
825 2081 980 2120 mons
1001 2074 1244 2121 sanctam
1274 2066 1922 2136 praeﬁguratEcclesiam,

339 2158 394 2212 in
434 2169 537 2227 qua
582 2156 641 2210 lit
667 2165 724 2211 et
757 2154 1028 2211 confessio
1076 2155 1235 2210 simul
1285 2164 1342 2209 et
1393 2155 1640 2221 remissio
1667 2165 1924 2226 peccato-

339 2261 480 2298 rum.
510 2245 644 2299 Nam
675 2245 887 2314 Moyses
916 2245 968 2299 in
993 2244 1127 2299 rubo
1161 2243 1445 2298 Dominum
1471 2244 1625 2308 vidit,
1658 2245 1750 2313 qui
1774 2245 1924 2300 vide-

336 2336 466 2392 licet
487 2339 654 2393 rubus
680 2338 1010 2404 Ecclesiam,
1051 2339 1104 2392 in
1131 2353 1236 2408 qua
1268 2338 1527 2392 Dominus
1553 2338 1790 2402 videtur,
1825 2354 1923 2392 ex-

340 2430 554 2494 pressit.
589 2427 743 2484 Unde
777 2439 833 2482 et
860 2429 999 2484 idem
1030 2428 1241 2499 Moyses
1269 2443 1393 2482 eum
1423 2436 1666 2496 peteret,
1697 2427 1883 2482 dicens
1909 2444 1922 2480 :

345 2535 364 2567 ι
419 2517 478 2574 Si
523 2520 701 2573 inveni
737 2520 968 2589 gratiam
1015 2527 1139 2572 ante
1182 2527 1268 2582 te,
1299 2519 1524 2572 ostende
1573 2517 1705 2572 mihi
1738 2525 1928 2572 temet-

340 2609 512 2678 ipsum
551 2608 860 2673 manifeste,
889 2618 948 2662 ut
974 2609 1184 2664 videam
1225 2619 1274 2662 te
1302 2608 1502 2677 (Exod.
1526 2611 1746 2677 xxxiii).
1784 2626 1802 2660 ι
1827 2606 1926 2662 Cui

339 2712 656 2766 responsum
695 2707 779 2753 est
823 2707 882 2751 ut
913 2713 1076 2767 supra
1106 2709 1318 2767 petram
1346 2706 1540 2762 staret,
1587 2708 1642 2751 et
1663 2697 1789 2751 inde
1818 2697 1926 2752 Do-

340 2788 470 2842 mini
527 2789 829 2858 posteriora
873 2787 1238 2854 conspiceret.
1306 2787 1468 2841 Petra
1531 2787 1792 2840 nimirum
1834 2786 1925 2840 illa

341 2877 475 2932 fides
503 2887 605 2942 est,
657 2891 822 2945 super
862 2891 1026 2945 quam
1072 2875 1313 2930 Ecclesia
1351 2874 1622 2930 catholica
1653 2877 1925 2930 construi-

343 2976 454 3031 tur,
493 2965 637 3019 unde
667 2965 928 3019 Dominus
957 2965 1192 3018 videtur.

860 3053 1090 3109 CAPUT
1121 3051 1410 3108 PRIMUM.

457 3148 612 3215 Quod
637 3147 813 3202 divina
849 3145 934 3202 lex
957 3147 1023 3201 sit
1047 3146 1482 3201 medicamentum
1507 3145 1802 3216 plagarum,

409 3238 492 3293 Ab
531 3238 634 3293 hoc
661 3252 792 3308 ergo
817 3245 1000 3291 monte
1024 3235 1393 3306 necessarium
1414 3245 1500 3289 est
1526 3236 1923 3292 medicamenta

341 3329 647 3398 suscipere,
680 3341 803 3398 qum
844 3337 896 3381 te
929 3326 1147 3380 valeant
1175 3327 1242 3381 ab
1285 3342 1350 3382 eo
1393 3341 1555 3396 quem
1590 3327 1644 3381 in
1687 3326 1923 3398 Egypto
1950 3317 1998 3380 C‘

340 3427 694 3474 contraxeras
752 3416 1012 3487 languore
1065 3430 1282 3471 sanare.
1347 3415 1486 3482 Quid
1535 3418 1683 3472 enim
1753 3417 1926 3488 plaga:

341 3526 462 3581 qua:
497 3511 549 3564 in
576 3507 813 3579 {Egypto
856 3507 1016 3562 facta:
1062 3517 1207 3571 sunt,
1258 3509 1360 3563 nisi
1414 3509 1685 3564 vulnera?
1713 3521 1768 3563 et
1795 3511 1923 3580 quid

341 3601 428 3656 lex
455 3600 543 3655 illa
573 3598 830 3664 caalestis,
878 3598 982 3653 nisi
1007 3599 1323 3653 eorumdem
1369 3599 1779 3655 fuitvulnerum
1807 3617 1922 3656 me-

343 3691 566 3746 dicina?
607 3690 778 3745 Debet
804 3690 950 3744 enim
979 3704 1076 3760 per
1103 3690 1500 3746 confessionem
1534 3702 1785 3762 peccator
1808 3694 1924 3748 elu-

344 3783 487 3837 viem
519 3781 600 3836 sui
628 3788 812 3836 reatus
849 3794 1120 3844 evomere,
1163 3789 1219 3834 et
1255 3781 1335 3835 sic
1378 3783 1710 3851 paenitentia:
1759 3799 1925 3853 pocu-

351 3871 456 3925 lum
483 3871 550 3926 de
583 3869 803 3925 vasculo
834 3869 1034 3925 divinae
1060 3869 1194 3939 legis
1224 3870 1466 3926 haurire.
1498 3871 1596 3926 llic
1625 3873 1766 3926 enim
1814 3891 1930 3930 sor-

343 3963 503 4017 betur
521 3961 817 4028 autidotus,
852 3969 910 4015 ut
935 3960 1131 4015 animae
1159 3959 1466 4032 languentis
1487 3963 1751 4031 aegritudo
1773 3979 1931 4026 sane-

347 4062 456 4106 tur.
483 4051 654 4108 Porro
683 4060 864 4106 autem
904 4051 1099 4106 anima:
1118 4051 1429 4108 carnalibus
1454 4053 1725 4112 illecebris
1753 4055 1925 4114 disso-

347 4145 472 4198 lutae
533 4157 631 4213 per
687 4143 1024 4214 voluptatum
1085 4158 1306 4214 suarum
1383 4160 1605 4215 campos
1666 4155 1723 4201 et
1778 4157 1932 4216 prata

347 4236 679 4299 discurrunt,
707 4242 785 4298 et,
809 4244 1066 4302 tanquam
1089 4231 1320 4288 clfreues
1342 4235 1486 4303 equi,
1509 4252 1606 4306 per
1630 4235 1938 4291 lenocinan-

351 4331 422 4384 tis
443 4327 752 4398 petulantiae
790 4325 1160 4379 blandimenta
1191 4325 1498 4380 lasciviunt.
1567 4326 1936 4381 Cohortantur

351 4421 493 4476 enim
521 4435 581 4474 se
607 4419 848 4472 vicissim
867 4456 880 4480 ,
927 4418 1071 4472 sicut
1101 4416 1238 4471 liber
1266 4415 1560 4486 Sapientiae
1596 4428 1850 4484 testatur,
1883 4428 1938 4474 et

351 4513 580 4565 dicunt:
617 4527 634 4560 ι
670 4507 883 4572 Venite,
933 4517 988 4561 et
1019 4507 1265 4580 fruamur
1309 4508 1469 4564 bonis
1511 4526 1632 4578 quae
1674 4520 1824 4576 sunt,
1883 4522 1938 4566 et

349 4612 568 4657 utamur
616 4608 864 4655 creatura
915 4607 1170 4668 tanquam
1225 4599 1277 4653 in
1323 4598 1608 4669 iuventute
1653 4601 1932 4669 celeriter;

2021 717 2152 758 nera
2182 702 2327 772 ejus,
2358 703 2646 762 infundens
2672 704 2850 759 oleum
2883 714 2934 758 et
2965 705 3148 762 vinum
3173 705 3326 776 (Luc.
3361 709 3437 776 χ).
3469 709 3605 764 lline

2021 799 2106 847 est
2151 793 2296 862 quod
2316 808 2412 862 per
2435 793 2776 848 Ezechielem
2803 793 3109 863 pollicetur,
3141 796 3366 851 dicens:
3397 816 3415 849 ι
3450 797 3605 865 Quod

2023 883 2260 954 perierat
2309 885 2606 954 requiram,
2664 895 2720 940 et
2751 887 2894 954 quod
2930 884 3200 954 abiectum
3235 887 3412 942 fuerat
3442 890 3604 943 redu-

2023 989 2181 1039 cam,
2233 975 2454 1044 etquod
2485 974 2823 1030 confractum
2845 976 3024 1034 fuerat
3052 976 3319 1046 alligabo,
3363 987 3419 1032 et
3463 980 3607 1047 quod

2023 1066 2298 1122 infirmum
2345 1068 2525 1121 fuerat
2553 1067 2903 1124 consolidabo
2935 1067 3153 1138 (Eucti.
3173 1069 3407 1137 xxxiv)»
3431 1069 3609 1139 Plagae

2022 1157 2188 1228 igitur
2213 1156 2371 1212 factae
2417 1166 2538 1211 sunt
2577 1157 2633 1211 in
2665 1156 2924 1229 Egypto,
2950 1158 3078 1228 quia
3120 1159 3374 1214 humana:
3411 1161 3608 1214 animae

2022 1244 2244 1299 vulnera
2270 1245 2587 1313 iulliguntur
2633 1247 2689 1299 in
2736 1247 2960 1300 mundo.
3012 1246 3246 1305 Necesse
3284 1256 3372 1303 est
3397 1263 3526 1318 ergo
3548 1260 3607 1302 ut

2023 1337 2294 1393 vulnerati
2327 1340 2528 1408 quique
2559 1341 2626 1395 ad
2657 1350 2895 1395 montem
2930 1341 3111 1404 Sinai,
3152 1342 3257 1396 hoe
3286 1353 3370 1396 est
3409 1343 3475 1396 ad
3501 1343 3577 1398 Ec

2023 1428 2266 1493 clesiam,
2315 1432 2570 1495 veniant,
2622 1440 2681 1484 ut
2725 1447 2913 1486 eorum
2949 1431 3169 1486 vulnera
3216 1444 3605 1501 pra-replerunt

2022 1517 2328 1574 caelestium
2381 1534 2552 1574 nexus
2591 1521 2915 1592 astringant.
2949 1520 3082 1575 Nam
3117 1533 3249 1590 quot
3295 1522 3464 1593 plagae
3495 1523 3603 1580 fue-

2023 1621 2166 1677 rant,
2210 1619 2291 1666 tot
2337 1622 2604 1682 praecepta
2659 1621 2800 1666 sunt.
2837 1613 3095 1668 divinitus
3138 1616 3498 1684 promulgata,
3545 1631 3602 1673 ut

2022 1710 2153 1770 quot
2181 1709 2308 1755 sunt
2349 1701 2568 1756 vulnera
2605 1702 2788 1757 cordis
2830 1703 3042 1773 mgroti,
3079 1704 3305 1758 totidem
3347 1704 3453 1762 sint
3493 1721 3576 1758 tne

2022 1790 2328 1845 dieamenta
2388 1805 2509 1861 qua:
2539 1789 2645 1846 illis
2672 1791 2887 1846 valeant
2911 1791 3180 1847 adhiberi.

2650 1923 2878 1982 CAPUT
2918 1924 2984 1980 ll.

2355 2038 2433 2093 De
2461 2039 2653 2094 άίυεηιε
2681 2038 2809 2108 legis
2834 2007 3276 2109 promulgatione.

2098 2150 2204 2206 Sed
2233 2159 2524 2218 antequam
2556 2150 2632 2231 de,
2662 2149 2941 2219 plagarum
2981 2164 3048 2204 ac
3095 2149 3347 2218 legalium
3387 2149 3611 2204 manda-

2028 2251 2208 2297 torum
2235 2241 2492 2297 concordi
2525 2255 2752 2294 numero
2787 2240 3146 2309 disputemus,
3199 2239 3486 2294 dicendum
3529 2248 3612 2292 est

2026 2333 2173 2401 quia,
2195 2331 2336 2385 sicut
2379 2330 2824 2400 quinquagesimo
2855 2330 2972 2394 die,
3003 2338 3288 2399 postquam
3343 2328 3612 2397 paschalis

1997 2465 2000 2472 .
2028 2438 2197 2492 agnus
2227 2422 2440 2476 occisus
2467 2430 2552 2475 est
2599 2419 2797 2490 (Exod.
2834 2436 2926 2481 ιιιι,
2967 2434 3079 2483 xtx,
3149 2418 3241 2487 xx)
3270 2459 3284 2483 ,
3316 2417 3613 2473 llebraicus

2026 2513 2257 2584 populus
2308 2512 2505 2582 legitur
2539 2512 2814 2579 accepisse
2842 2510 3204 2580 Decalogum;
3237 2512 3309 2564 ita
3341 2509 3616 2565 nihilomi-

2029 2620 2129 2660 nus
2159 2620 2187 2658 a
2210 2605 2608 2660 resurrectione
2640 2603 2850 2658 Domini
2887 2601 3336 2674 quinquagesimo
3361 2603 3616 2658 similiter

2032 2697 2118 2750 die
2146 2693 2383 2765 Spiritus
2417 2704 2636 2750 sanctus
2667 2709 2830 2764 super
2857 2694 3130 2762 apostolos
3155 2693 3303 2749 visus
3331 2703 3411 2750 est
3440 2693 3496 2748 in
3523 2708 3615 2748 ιδ-

2030 2787 2222 2840 rietate
2257 2785 2562 2854 linguarum
2594 2785 2732 2854 (Act.
2762 2787 2846 2853 ιι).
2891 2784 3006 2839 lllie
3034 2785 3203 2854 digito
3245 2783 3338 2838 Dei
3370 2784 3455 2838 lex
3485 2798 3608 2853 per-

2028 2876 2244 2930 hibetur
2269 2875 2436 2930 fu-isse
2459 2875 2754 2946 descripta,
2786 2885 2840 2930 et
2868 2874 3107 2945 Spiritus
3136 2885 3380 2939 sanctus,
3413 2877 3502 2945 qui
3530 2876 3617 2931 die

2025 2965 2374 3021 Pentecostes
2419 2965 2699 3034 discipulis
2751 2966 2909 3019 datus
2957 2973 3062 3029 est,
3100 2965 3301 3036 digitus
3349 2964 3441 3020 Dei
3481 2966 3616 3020 dici-

2029 3064 2139 3120 tur,
2165 3055 2307 3109 sicut
2346 3055 2460 3124 ipse
2484 3054 2741 3109 Dominus
2759 3055 2835 3108 ait
2869 3067 2884 3108 :
2923 3073 2941 3105 ι
2979 3055 3035 3109 Si
3062 3054 3115 3109 in
3148 3055 3314 3125 digito
3339 3055 3433 3109 Dei
3457 3056 3616 3126 ejicio

2028 3145 2312 3209 daemonia,
2342 3143 2583 3213 profecto
2604 3143 2849 3214 pervenit
2877 3143 2929 3196 in
2956 3159 3050 3198 vos
3085 3159 3308 3214 regnum
3341 3144 3432 3199 Dei
3463 3143 3614 3214 (Luc.

2030 3240 2129 3310 χι).
2160 3259 2178 3292 ι
2230 3239 2392 3293 Audit
2425 3239 2534 3293 illic
2562 3239 2790 3308 populus
2819 3253 2980 3293 voces
3019 3247 3183 3308 atque
3208 3236 3441 3292 lonitura
3472 3237 3621 3291 clan-

2026 3347 2323 3402 goremque
2378 3332 2621 3386 buccinae
2661 3340 3132 3400 perstrepentem;
3177 3329 3371 3399 aspicit
3411 3330 3621 3391 lampa-

2026 3426 2121 3480 des
2161 3434 2216 3478 et
2261 3422 2466 3493 fulgura
2523 3432 2870 3492 montemque
2916 3421 3238 3475 fumantem.
3298 3419 3354 3473 ln
3394 3420 3620 3473 vocibus

2027 3529 2221 3585 nempe
2273 3525 2326 3568 ct
2373 3514 2628 3569 touitruis
2660 3529 2724 3567 ac
2763 3513 2903 3568 tuba:
2953 3513 3296 3584 clangoribus
3327 3511 3620 3565 vehemens

2027 3605 2232 3662 clamor
2286 3615 2371 3660 est
2427 3607 2882 3675 prmdicantium,
2936 3606 2986 3660 in
3041 3605 3380 3674 lampadibus
3437 3613 3619 3657 autem

2028 3704 2191 3764 atque
2222 3693 2523 3765 fulguribus
2553 3696 2775 3750 claritas
2797 3696 3200 3751 miraculorum.
3255 3694 3386 3761 Qua:
3410 3694 3620 3749 scilicet

2029 3786 2212 3840 omnia
2264 3786 2437 3839 sancti
2485 3785 2720 3854 Spiritus
2764 3794 2890 3839 sunt
2935 3787 3138 3840 virtute
3177 3785 3484 3853 completa;
3517 3799 3623 3853 quo

2031 3876 2318 3948 flagrantes
2343 3877 2570 3946 apostoli
2614 3878 2667 3933 in
2702 3879 3052 3933 varietatibus
3084 3878 3370 3933 intonuere
3416 3877 3623 3948 lingua-

2035 3985 2173 4034 rum,
2205 3978 2260 4034 et
2285 3969 2565 4036 radiarunt
2597 3969 2884 4038 splendore
2925 3970 3209 4023 virtutum.
3253 3969 3407 4036 Quod
3442 3978 3621 4024 autem

2036 4061 2300 4132 Dominus
2324 4060 2386 4118 in,
2429 4061 2554 4132 igne
2585 4060 2745 4116 simul
2775 4076 2839 4114 ae
2870 4059 3016 4121 fumo
3039 4061 3349 4125 descendit,
3397 4061 3623 4128 mystice

2037 4153 2195 4205 docet
2222 4152 2372 4220 quia,
2397 4150 2537 4205 sicut
2562 4150 2745 4204 ﬁdeles
2768 4150 2920 4203 radio
2944 4165 3055 4204 sua:
3081 4150 3408 4220 cognitionis
3429 4148 3626 4202 illumi-

2038 4250 2156 4304 nat,
2190 4240 2270 4294 sic
2308 4240 2604 4294 infidelium
2651 4239 2840 4294 oculos
2869 4240 3021 4307 quasi
3051 4253 3147 4307 per
3178 4239 3506 4310 fumigantes
3543 4248 3623 4292 te-

2039 4331 2238 4383 nebras
2261 4329 2466 4382 erroris
2503 4330 2775 4383 obscurat.
2811 4327 2947 4382 llinc
2977 4337 3061 4382 est
3103 4328 3244 4397 quod
3281 4327 3542 4383 Dominus
3569 4327 3622 4380 in

2038 4418 2334 4486 Evangelia
2365 4417 2537 4472 dicit:
2576 4438 2594 4469 ι
2630 4418 2740 4486 Ego
2767 4419 2819 4472 in
2867 4420 3013 4473 hunc
3050 4421 3307 4473 ntundum
3345 4419 3466 4472 veni
3497 4459 3512 4482 ,
3563 4428 3624 4471 ut

2041 4508 2132 4577 qui
2158 4523 2268 4563 non
2297 4507 2500 4576 vident,
2553 4509 2792 4574 videant,
2837 4519 2892 4564 ct
2922 4509 3016 4578 qui
3061 4509 3267 4575 vident,
3324 4509 3450 4566 cwci
3494 4509 3627 4564 fiant

2044 4596 2227 4668 (Joan.
2257 4597 2354 4670 ix).
2391 4617 2411 4650 ι
2464 4599 2533 4652 Ει
2566 4614 2662 4668 per
2693 4600 2885 4655 Isaiam
2910 4602 3153 4668 dicitur:
3194 4619 3212 4651 ι
3248 4600 3522 4657 Succensa
3545 4610 3629 4656 est

350 4697 477 4748 vino
525 4692 764 4762 pretioso
816 4701 872 4747 et
921 4691 1081 4762 715
1136 4693 1426 4762 unguentis
1465 4707 1562 4748 nos
1594 4693 1932 4764 impleamus,

2043 4687 2198 4756 quasi
2238 4687 2381 4758 ignis
2432 4688 2713 4758 impietas,
2754 4705 2972 4759 veprem
3021 4700 3072 4745 et
3117 4692 3327 4760 spinam
3372 4693 3625 4756 vorabit;

351 4795 404 4838 et
447 4799 552 4838 non
579 4791 868 4854 praetereat
904 4799 999 4838 uos
1030 4782 1130 4838 ﬂos
1164 4783 1460 4858 temporis;
1491 4799 1815 4842 coronemus
1839 4804 1940 4846 nos

356 4871 540 4936 ipsise;
574 4880 861 4938 antequam
918 4879 1289 4936 marcescant;
1342 4871 1546 4925 nullum
1606 4882 1821 4942 pratum
1867 4877 1941 4932 sit

358 4963 494 5028 quod
528 4975 634 5015 non
668 4970 1009 5030 pertranseat
1031 4960 1240 5017 luxuria
1270 4947 1477 5040 nostra,
1505 4980 1663 5020 nemo
1694 4977 1938 5024 nostrum

354 5056 426 5107 sit
495 5068 688 5108 exsors
739 5052 968 5112 luxuria:
1025 5063 1263 5118 nostrae;
1321 5054 1520 5128 ubique
1573 5056 1943 5126 relinquamus

357 5147 507 5216 signa
549 5145 751 5204 lis-litim
781 5143 934 5215 (δίῳ.
975 5143 1058 5214 ιι).
1093 5162 1112 5195 ι
1167 5144 1256 5199 Isti
1290 5145 1544 5202 nimirum
1598 5147 1940 5207 lascivientcs

355 5248 412 5296 et
455 5238 765 5293 binuieutes
806 5236 930 5306 equi
977 5245 1180 5305 quanto
1228 5236 1526 5307 pinguioris
1573 5239 1774 5295 arvina:
1819 5220 1945 5296 sunt

359 5330 552 5400 robore
602 5327 806 5398 validi,
859 5336 1009 5384 tanto
1064 5328 1394 5399 intrinsecus
1441 5329 1725 5405 deterioris
1767 5334 1942 5404 morbi

360 5431 661 5484 noscuntur
696 5419 1017 5490 aegritudine
1047 5418 1326 5484 dissoluti;
1362 5428 1566 5476 etcum
1600 5420 1707 5476 illis
1729 5421 1942 5478 frenum

363 5512 561 5566 divina:
591 5511 724 5582 legis
773 5511 1083 5578 adhibetur,
1120 5512 1249 5582 quid
1296 5512 1441 5566 aliud
1463 5527 1632 5582 quam
1685 5526 1855 5568 nexus
1881 5530 1946 5583 ac

365 5601 636 5657 vinculum
695 5602 1134 5670 putrescentibus
1189 5604 1446 5658 membris
1508 5605 1835 5676 apponitur;
1888 5615 1946 5659 ut

363 5693 509 5764 quod
548 5693 828 5756 dehiscere
868 5707 1094 5762 prorsus,
1133 5709 1198 5748 ac
1226 5693 1397 5761 fluere
1437 5704 1699 5764 eruperat,
1742 5712 1945 5766 praece-

367 5792 582 5854 ptorum
657 5782 957 5849 caelestium
1016 5785 1329 5840 retinaculis
1385 5787 1757 5857 astringatur?
1809 5787 1948 5844 Hinc

368 5884 451 5930 est
491 5876 634 5947 quod
671 5873 1013 5942 evangelicus
1066 5875 1156 5929 ille
1211 5876 1589 5932 Samaritanus
1622 5880 1945 5947 apprOpians

2044 4789 2100 4833 et
2128 4779 2489 4834 succendetur
2537 4781 2591 4833 in
2635 4779 2905 4835 densitate
2950 4781 3140 4845 saltus,
3193 4793 3248 4835 et
3277 4783 3632 4837 convolvetur

2044 4871 2295 4940 superbia
2332 4869 2463 4924 fumi
2519 4868 2654 4939 (lsa.
2684 4872 2782 4942 ιιι).
2823 4890 2840 4921 ι
2877 4871 2982 4926 Sed
3021 4871 3185 4943 716
3220 4873 3475 4942 quioniam
3525 4874 3633 4940 epi-

2045 4961 2233 5015 stolari
2275 4960 2592 5029 compendio
2626 4961 2742 5014 inec
2781 4972 3118 5016 sacramenta
3168 4951 3274 5016 non
3300 4971 3627 5032 congruunt,

2046 5066 2167 5120 qua:
2199 5049 2426 5120 prolixis
2451 5049 2616 5104 etiam
2655 5050 3021 5120 voluminibus
3070 5050 3330 5120 explicari
3378 5052 3463 5103 vix
3503 5065 3625 5119 pos-

2047 5152 2194 5207 sunt,
2222 5142 2506 5204 redeamus
2529 5143 2594 5196 ad
2619 5143 2804 5214 plagas
2824 5141 3041 5214 Egypti
3097 5153 3152 5197 et
3180 5143 3434 5196 mandata
3463 5141 3630 5211 legis;

2049 5252 2104 5319 et
2134 5241 2410 5295 videamus
2435 5241 2562 5296 hinc
2589 5251 2774 5307 nostra
2801 5242 3044 5308 vulnera,
3071 5242 3214 5296 illinc
3239 5243 3634 5296 medicamenta

2053 5332 2294 5390 cmlestia
2325 5332 2425 5387 sub
2450 5334 2637 5390 eodem
2673 5349 2900 5390 numero
2929 5333 3192 5400 contineri
3221 5350 3234 5398 ;
3269 5343 3327 5387 ut
3352 5341 3482 5402 quot
3509 5343 3642 5386 sunt

2053 5409 2248 5488 morbi,
2283 5422 2504 5477 totidem
2531 5433 2866 5493 apponantur
2888 5423 3144 5489 antidoti;
3181 5432 3468 5492 quatenus,
3509 5422 3635 5475 dum

2052 5532 2206 5572 suum
2233 5517 2427 5586 cuique
2451 5515 2656 5570 vulneri
2678 5515 2941 5587 malagma
2974 5516 3163 5570 salutis
3187 5513 3492 5584 apponitur,
3543 5527 3636 5564 ra-

2052 5606 2267 5680 tionalis
2288 5605 2466 5658 anima
2493 5619 2615 5659 mox
2645 5605 2709 5659 ad
2734 5587 2939 5662 statum.
2968 5603 3356 5661 incolumitatis
3395 5602 3636 5672 pristinas

2053 5713 2149 5768 per
2181 5697 2363 5751 omnia
2398 5695 2743 5751 reformetur.
2776 5684 2946 5763 Porro
2975 5705 3154 5752 autem
3187 5711 3306 5751 cum
3353 5711 3448 5764 per
3474 5693 3634 5747 lasci-

2054 5787 2152 5840 viae
2195 5785 2396 5839 fluxum
2432 5784 2721 5839 resolvitur
2760 5787 2937 5840 anima
2964 5826 2979 5850 ,
3028 5783 3221 5839 divinze
3257 5783 3391 5854 legis
3437 5781 3644 5850 indiget

2052 5879 2302 5949 ligatura.
2353 5877 2418 5930 Et
2455 5893 2576 5932 cum
2627 5869 3028 5934 tnandatorum'
3060 5877 3361 5933 cmlcstium
3409 5872 3643 5930 vinculis
