4074 6190
465 203 568 258 689

1295 201 1538 258 OPUSC.
1579 204 1757 258 XLIV.
1801 233 1868 242 —-
1895 202 1980 256 DE
2023 199 2252 254 DECEM
2298 199 2574 266 :EGYPTI
2614 201 2874 258 PLAGIS.

3621 201 3724 255 69:)

465 318 736 386 alligatur,
765 315 832 368 ad
863 313 1026 368 robur
1054 321 1252 381 optatm
1281 313 1469 368 salutis
1493 331 1589 384 per
1625 327 1836 383 oujecta
1865 325 2042 368 vutnc-
2073 317 2118 370 Α
2149 323 2362 366 nostros
2408 312 2664 365 infestare
2705 328 2808 365 non
2849 311 3124 376 desinunt,
3167 311 3407 366 volentes
3453 312 3726 381 quiesterc

465 407 616 462 ribus
647 404 890 462 fomenta
923 404 1222 459 reducitur.

1088 495 1318 550 CAPUT
1358 495 1444 550 Ill.

1011 587 1090 641 De
1117 589 1286 657 prima
1310 589 1488 659 plaga.

530 680 644 750 Age
671 679 852 750 igitur,
885 679 1059 749 prima
1087 679 1242 751 plaga
1270 689 1353 736 est
1403 682 1552 750 cum}
1579 695 1734 751 aqute
1761 688 2047 736 vertuntur

459 773 510 827 in
539 773 857 842 sanguinem
893 771 1092 842 (Exod.
1121 773 1240 840 vn).
1290 772 1462 828 Porro
1501 782 1679 828 autem
1717 771 1835 828 istae
1877 773 2048 844 plagze

459 879 564 917 non
593 863 726 916 ﬁunt
749 863 851 916 nisi
881 863 933 916 in
960 861 1216 934 IEgypto,
1269 863 1320 916 id
1347 871 1430 917 est
1455 863 1508 916 in
1539 863 1710 918 corde
1757 863 2045 918 tenebroso

457 967 512 1012 et
565 957 800 1024 caligine
845 955 1106 1010 caecitatis
1161 969 1439 1026 oppresso.
1485 955 1582 1010 Cui
1633 955 1842 1011 scilicet
1890 969 2044 1024 aqua:

457 1057 748 1102 vertuntur
773 1047 825 1101 in
858 1047 1198 1118 sanguinem,
1235 1063 1356 1102 cum
1381 1061 1524 1101 cmca
1569 1059 1738 1112 mens,
1783 1056 2042 1116 quantum

459 1140 522 1194 ad
579 1153 656 1200 se.
704 1139 984 1194 confundit
1021 1155 1084 1195 ac
1137 1140 1298 1194 violat
1353 1151 1516 1196 recta:
1559 1140 1682 1195 ﬁdei
1728 1141 2040 1210 puritatem.

461 1229 614 1284 Sicut
645 1230 788 1284 enim
821 1245 920 1300 per
965 1245 1159 1300 aquam
1189 1245 1376 1287 omnes
1425 1231 1491 1288 de
1538 1232 1834 1286 visceribus
1888 1235 2044 1286 terra:

459 1331 670 1393 segetes
699 1322 986 1392 prodeunt,
1039 1323 1117 1378 sic
1143 1338 1207 1378 ex
1235 1323 1340 1377 ﬁde
1369 1323 1670 1392 spiritualia
1695 1321 2046 1392 proferuntur

461 1412 712 1466 alimenta
742 1413 1021 1466 virtutum.
1061 1411 1216 1466 Tunc
1244 1413 1410 1482 igitur
1447 1427 1584 1480 aqua
1617 1413 1670 1466 in
1723 1411 2042 1481 sanguinem

461 1501 707 1560 vertitur,
753 1515 874 1555 cum
901 1502 1145 1554 ett-citate
1173 1501 1412 1570 perfidiae
1442 1509 1536 1554 cur
1562 1498 1819 1569 insipiens
1853 1501 2044 1554 obscu-

461 1601 632 1646 ratur.
665 1592 818 1646 Sicut
848 1593 914 1648 de
947 1595 1274 1662 quibusdam
1320 1593 1450 1646 dicit
1488 1593 1777 1662 Apostolus
1806 1607 1820 1645 :
1859 1611 1876 1643 ‹
1908 1592 2042 1655 Quia

2149 418 2254 457 non
2297 403 2636 474 permittunt.
2679 395 3038 470 Quamobrem
3073 403 3189 458 lucc
3231 403 3386 475 plaga
3429 405 3729 472 vagationis

2147 500 2202 546 et
2228 493 2613 562 inquietudinis
2637 493 2823 548 vitium
2853 492 3135 548 manifeste
3157 493 3418 564 designat.
3447 491 3565 559 Quo
3588 494 3726 547 vide-

2145 581 2271 638 licet
2293 581 2480 636 morbo
2507 583 2722 652 quidam
2749 583 3057 638 laborantes
3080 583 3344 638 inutiliter
3367 585 3472 639 huc
3502 584 3732 653 illucque

2141 672 2494 740 discurrunt,
2534 679 2611 738 et,
2655 671 2798 726 velut
2829 672 2984 726 malis
3016 673 3326 728 Vertumnis
3345 672 3592 738 obnoxii,
3635 687 3730 742 pet

2147 761 2545 832 impatientiam
2583 777 2686 818 non
2719 763 3024 831 quiescunt.
3061 762 3166 818 Sed
3201 763 3456 832 quoniam
3487 763 3734 833 ciniphes

2147 851 2267 908 istae
2303 851 2606 922 perexiguae
2640 861 2850 907 suntet
2893 853 3084 916 noxiae,
3119 861 3178 908 ut
3221 868 3328 908 non
3375 863 3482 908 tam
3525 855 3733 923 pondus

2147 943 2435 1000 videantur
2459 945 2660 1000 habere
2693 959 2851 1014 quam
2889 961 3134 1011 morsus,
3167 945 3258 1014 qui
3282 945 3414 1000 vitio
3431 946 3733 1016 vagationis

2147 1031 2473 1100 inserviunt,
2505 1035 2646 1103 quod
2675 1050 2770 1104 per
2801 1035 3047 1104 ciniphes
3078 1035 3414 1106 designatur,
3455 1035 3573 1091 leve
3617 1037 3734 1106 qui-

2127 1117 2268 1184 idem
2298 1127 2630 1182 arbitrantur
2657 1143 2778 1184 esse
2811 1137 3114 1198 peccatum,
3145 1129 3240 1184 sed
3281 1143 3390 1185 non
3417 1128 3520 1184 levi
3553 1137 3735 1183 reatus

2143 1215 2524 1285 perfodiuntur
2555 1216 2762 1274 aculeo.
2807 1217 2924 1274 Non
2971 1227 3226 1290 aggravat
3255 1219 3484 1289 pondus,
3517 1219 3611 1274 sed
3645 1234 3736 1289 pe-

2147 1315 2328 1361 netrat
2353 1323 2600 1374 morsus;
2636 1309 2762 1378 quia
2801 1317 3004 1382 quanto
3033 1307 3218 1364 vitium
3245 1310 3346 1365 hoc
3377 1309 3548 1364 levius
3570 1310 3735 1378 depu-

2149 1407 2291 1464 tant,
2333 1408 2481 1454 tauto
2525 1399 2698 1467 major
2737 1415 2957 1456 necesse
3004 1409 3086 1456 est
3124 1409 3186 1455 ut
3227 1402 3437 1470 peccati
3485 1400 3737 1455 stimulus

2149 1490 2342 1544 aninue
2373 1489 2677 1560 languentis
2709 1491 2966 1545 inferiora
3015 1491 3321 1560 transﬁgat.
3375 1490 3512 1546 Huic
3555 1492 3738 1560 itaque

2149 1578 2392 1650 languori
2436 1581 2578 1634 tertii
2627 1581 2878 1649 prtecepti
2921 1581 3104 1636 obviat
3138 1582 3402 1636 medicina
3430 1623 3444 1646 ,
3495 1598 3616 1638 cum
3653 1583 3736 1635 dt-

462 1699 583 1738 cum
634 1685 1014 1753 cognovissent
1057 1684 1364 1746 Domimun,
1421 1699 1525 1738 non
1563 1685 1703 1739 sicut
1755 1685 2038 1740 Dominum

2146 1673 2326 1726 citur:
2362 1691 2379 1722 ι
2414 1670 2682 1726 Memento
2703 1681 2760 1725 ut
2787 1673 2925 1727 diem
2960 1671 3180 1727 Sabbati
3207 1673 3513 1729 sanctiﬁces
3539 1672 3734 1743 (Exod.

462 1772 920 1842 gloriﬁcaverunt,
953 1783 1044 1826 aut
1069 1775 1274 1842 gratias
1293 1783 1556 1843 egerunt;
1589 1773 1680 1828 sed
1705 1788 2042 1832 evanuerunt

464 1863 514 1918 in
549 1865 968 1933 cogitationibus
1012 1865 1142 1930 suis,
1184 1873 1238 1918 et
1277 1867 1622 1920 obscuratum
1659 1876 1744 1920 est
1782 1867 2042 1937 insipiens

460 1968 556 2006 cor
600 1967 786 2007 eorum
836 1953 1010 2024 (Rom.
1049 1954 1107 2024 t).
1149 1973 1168 2005 ι
1218 1953 1313 2008 Cui
1347 1939 1532 2024 prima:
1563 1957 1760 2026 plagae,
1807 1959 1910 2013 hoc
1961 1967 2044 2012 est

460 2043 901 2112 pestilentissimo
936 2044 1163 2108 vulneri,
1215 2060 1338 2099 mox
1372 2046 1662 2100 adhibetur
1686 2046 1846 2114 primi
1881 2046 2046 2100 medi-

459 2135 580 2188 cina
607 2137 904 2204 praecepti:
942 2157 960 2188 ι
999 2130 1162 2202 Audi,
1186 2137 1375 2202 israei,
1429 2138 1689 2194 Dominus
1733 2139 1874 2194 Deus
1919 2148 2043 2192 tuus

459 2221 602 2276 Dens
631 2239 769 2277 unus
805 2234 890 2278 est
931 2224 1109 2292 (Deut.
1159 2227 1258 2292 vl).
1296 2247 1312 2277 ι
1363 2226 1473 2282 lioc
1522 2239 1604 2282 est
1635 2227 1780 2280 enim
1823 2227 2044 2282 medici-

459 2316 584 2369 nale
609 2315 882 2369 vinculum
927 2329 1035 2384 quo
1059 2316 1299 2383 perﬁdia:
1345 2319 1538 2371 vulnus
1566 2320 1758 2372 debeat
1810 2317 2041 2388 alligari,

459 2415 542 2470 ut,
569 2407 672 2460 hoc
701 2408 944 2466 audiens.
977 2409 1140 2460 unum
1174 2408 1683 2463 solummodoDeum
1718 2409 1881 2472 colas,
1914 2417 1966 2462 et
1989 2409 2041 2463 in

459 2497 641 2568 plures
677 2497 808 2550 deos
851 2500 1240 2553 mareescentis
1281 2500 1522 2568 perfidiat
1569 2499 1909 2568 putredinem
1939 2515 2042 2554 non

459 2585 724 2640 ell‘undas.
775 2587 859 2648 Et,
893 2587 1044 2652 justo
1089 2586 1446 2664 Dei‘jndicio,
1475 2588 1624 2655 juxta
1680 2588 1912 2642 litteram
1967 2585 2044 2641 fa-

457 2683 604 2731 ctum
647 2686 730 2731 est
775 2685 832 2730 ut
862 2677 1004 2732 illius
1056 2676 1204 2732 fluvii
1235 2678 1497 2746 sanguine
1529 2687 1848 2745 potarentur
1875 2676 2047 2750 Egy-

457 2768 554 2835 ptii
579 2767 632 2821 in
657 2782 766 2837 quo
797 2768 1050 2836 primitus
1081 2769 1232 2837 pueri
1271 2770 1608 2823 necabantur
1639 2767 1873 2824 ilebrzei.

1073 2857 1298 2914 CAPUT
1343 2858 1430 2912 IV.

971 2947 1050 3002 De
1077 2949 1304 3002 secunda
1329 2951 1505 3018 plaga.

2144 1775 2247 1825 xx;
2279 1761 2434 1815 Deut.
2473 1763 2557 1834 v).
2606 1782 2624 1814 ι
2653 1755 2997 1828 ’διιιιικιιιιηῃ
3043 1765 3094 1817 id
3132 1773 3214 1818 est
3243 1764 3478 1833 requies.
3525 1764 3624 1820 Ubi
3657 1777 3739 1820 est

2141 1851 2504 1907 sanctiﬁcatio
2539 1852 2782 1920 Sabbati,
2821 1854 2893 1908 ibi
2931 1854 3118 1923 procul
3161 1855 3326 1908 dubio
3366 1855 3588 1923 spiritus
3619 1855 3738 1910 Dei.

2147 1939 2299 1996 Unde
2327 1943 2589 2012 scriptum
2609 1951 2724 1998 est:
2755 1963 2773 1996 ι
2802 1942 2976 2014 Super
2997 1959 3156 2014 quem
3181 1945 3484 2014 requiescet
3513 1946 3737 2015 spiritus

2143 2047 2326 2098 meus,
2363 2036 2451 2090 nis
2505 2048 2670 2104 super
2701 2034 2957 2088 humilem
2997 2041 3052 2090 et
3085 2035 3362 2104 quietum,
3409 2045 3464 2090 et
3505 2046 3740 2092 tremen-

2146 2131 2254 2176 tem
2307 2133 2586 2180 sermones
2633 2125 2814 2179 meos?
2841 2143 2860 2178 ι
2896 2124 3032 2194 (Isa.
3061 2126 3234 2197 LXVI.)
3287 2125 3569 2182 Pensanda
3613 2138 3739 2182 sunt

2144 2214 2330 2278 verba,
2365 2216 2488 2282 quia
2525 2217 2570 2271 'si
2619 2215 2853 2286 Spiritus
2897 2225 3116 2272 sanctus
3161 2219 3459 2288 requiescit
3503 2228 3738 2274 tantum-

2145 2307 2304 2360 modo
2328 2322 2478 2376 supet
2511 2307 2776 2372 quietum,
2807 2322 2936 2378 ergo
2973 2307 3173 2363 deserit
3208 2309 3530 2378 inquietum.
3558 2311 3740 2364 Enim-

2145 2411 2296 2460 vero,
2326 2398 2456 2451 sicnt
2485 2399 2782 2451 secundum
2809 2407 3139 2467 praaceptum
3170 2397 3404 2452 refertur
3423 2400 3488 2452 ad
3519 2399 3735 2464 Filium,

2144 2489 2218 2543 ita
2257 2491 2360 2544 hoc
2403 2492 2616 2544 tertium
2647 2491 2882 2558 pertinet
2911 2493 2978 2544 ad
3022 2487 3284 2561 Spiritum
3331 2499 3600 2555 sanctum,
3641 2490 3740 2559 qui

2143 2581 2496 2635 nihilominus
2534 2582 2692 2638 tertia
2723 2588 2808 2636 est
2845 2583 2898 2636 in
2941 2591 3128 2637 sancta
3162 2581 3431 2636 Trinitate
3474 2596 3730 2651 persona.

2145 2671 2278 2725 Nam
2309 2680 2362 2726 et
2393 2671 2538 2726 illam
2567 2671 2782 2726 tertiam
2817 2671 3030 2742 plagam
3073 2671 3300 2742 Spiritui
3337 2681 3526 2727 sancto
3551 2672 3738 2727 inean-

2147 2769 2354 2816 tatores
2379 2763 2684 2828 ascribunt,
2711 2777 2834 2817 cum
2865 2771 2924 2816 et
2951 2761 3051 2832 ipsi
3077 2763 3322 2832 ciniphes
3349 2763 3592 2820 excitare
3630 2777 3737 2820 non

2145 2859 2395 2918 possunt,
2423 2852 2662 2906 dicentes
2691 2853 2758 2906 ad
2796 2851 3167 2906 Pharaonem:
3211 2870 3230 2902 ι
3263 2852 3473 2923 Digitns
3507 2852 3602 2908 Dei
3655 2862 3742 2908 est

2145 2939 2238 2994 hic
2271 2936 2746 3010 (Exod.vut),tAd
2785 2942 3067 2997 colendum
3101 2943 3203 2997 hoc
3229 2941 3551 3009 Sabbatum,
3579 2945 3740 3000 disci-

529 3037 774 3092 Secunda
799 3053 926 3094 vero
949 3039 1102 3108 plaga
1121 3009 1371 3092 ranarum
1393 3009 2038 3106 estabundantiawxod.
2072 3009 2114 3071 ε
2148 3009 2331 3100 pulum
2375 3047 2534 3087 suum
2583 3033 2917 3103 provocabat
2955 3033 3267 3103 Apostolus,
3317 3049 3440 3088 cum
3486 3035 3736 3090 dicebat:

453 3128 594 3196 vm).
628 3128 778 3182 Rana
808 3129 1101 3182 clamosum
1135 3137 1218 3182 est
1255 3129 1476 3192 animal,
1499 3137 1554 3184 et
1583 3130 1634 3182 in
1663 3129 1867 3184 limosis
1891 3131 2039 3185 voci-

459 3216 666 3270 feratur
707 3232 774 3270 ex
797 3232 948 3271 more
973 3217 1275 3286 paludibus.
1330 3219 1426 3272 Cui
1477 3219 1684 3273 similes
1723 3219 2043 3287 iudicantur

459 3303 698 3359 haeretici
753 3320 820 3361 ac
867 3307 1212 3376 philosophi,
1273 3309 1388 3376 qtti,
1419 3309 1563 3363 velut
1605 3323 1768 3378 super
1821 3309 2042 3378 paludes

459 3391 702 3459 limosas,
729 3396 832 3450 hoc
865 3405 950 3450 est
991 3397 1134 3451 inter
1165 3397 1350 3452 turbas
1381 3396 1632 3466 squalore
1669 3400 1906 3469 perfidiae
1927 3415 2043 3454 sor-

457 3483 632 3548 ditias,
679 3487 832 3540 vanis
865 3487 1126 3542 adversus
1161 3488 1438 3544 Christum
1475 3488 1846 3545 vociferantur
1899 3491 2044 3545 oblo-

459 3574 604 3642 quiis
628 3591 642 3636 ;
674 3573 748 3640 'et,
773 3577 898 3630 dum
929 3591 1026 3646 per
1053 3587 1374 3647 argumenta
1401 3578 1624 3634 fallacia:
1652 3593 1756 3634 non
1788 3579 2043 3634 desinunt

457 3664 781 3734 importunis
839 3669 1046 3736 garrire
1100 3669 1446 3733 clamoribus,
1505 3670 1670 3725 inane
1717 3670 1936 3739 quidem
1990 3673 2041 3724 iu

457 3754 680 3808 auribus
705 3756 944 3820 taedium,
987 3757 1080 3812 sed
1121 3759 1326 3812 nullum
1366 3761 1636 3814 mentibus
1677 3760 1886 3814 vivendi
1916 3758 2040 3815 atie-

458 3856 586 3900 runt
621 3847 824 3904 cibum.
864 3848 964 3904 Cui
1007 3851 1214 3918 morbo,
1258 3852 1348 3920 qui
1387 3851 1636 3906 videlicet
1677 3854 1730 3906 in
1765 3854 1944 3908 anima
1969 3851 2046 3908 le-

461 3939 681 3993 thaliter
719 3941 908 4005 saevit,
949 3942 1244 3996 secundum
1279 3952 1620 4014 ,przeceptum
1657 3951 1916 4014 tanquam
1945 3960 2042 4014 po—

459 4031 634 4086 culum
667 4033 858 4088 salutis
882 4035 1138 4089 occurrit.
1171 4035 1478 4098 Secundum
1509 4045 1690 4092 autem
1715 4047 2044 4106 praeceptum

459 4133 580 4196 est:
631 4144 648 4176 ι
678 4124 796 4180 Non
848 4137 1094 4182 assumes
1139 4141 1336 4182 nomen
1385 4127 1597 4182 Domini
1637 4128 1728 4182 Dei
1764 4129 1838 4182 tui
1870 4129 1921 4182 in
1949 4143 2043 4182 va—

459 4227 584 4267 nutn
617 4215 813 4283 (Exod.
849 4218 964 4287 xx).
1005 4237 1022 4271 ι
1053 4219 1110 4272 in
1131 4233 1330 4273 vanum
1361 4233 1594 4288 namque
1615 4219 1817 4274 Christi
1850 4205 2044 4275 nomen

457 4295 616 4374 717
649 4307 876 4360 assumit
922 4309 1010 4377 qui
1037 4321 1160 4362 eum
1190 4325 1296 4364 non
1319 4309 1657 4374 Creatorem,
1688 4313 1780 4366 sed
1811 4321 2046 4366 tantum-

459 4396 617 4448 modo
677 4405 984 4450 creaturam
1052 4397 1244 4453 credit.
1303 4399 1538 4454 Vanitati
1591 4402 1734 4456 enim
1787 4411 2041 4458 creatura

456 4483 699 4556 subjecta
729 4495 833 4540 est.
883 4481 948 4542 Et
977 4489 1096 4542 ideo
1138 4489 1272 4544 tales
1297 4489 1542 4546 homines
1581 4501 1702 4546 sunt
1732 4495 1916 4562 procul
1947 4497 2043 4548 du-

455 4573 544 4626 bio
569 4575 714 4640 vani,
759 4577 906 4644 quia,
945 4579 1229 4634 veritatem
1261 4579 1350 4635 Dei
1377 4587 1776 4638 eommutantcs
1808 4587 1858 4640 in
1893 4603 2046 4641 men-

455 4665 693 4732 dacium,
733 4667 890 4722 ﬁdem
921 4669 1176 4724 adhibent
1204 4663 1450 4726 vanitati.

1081 4761 1313 4816 CAPUT
1353 4763 1415 4817 V.

1021 4851 1095 4906 De
1117 4855 1268 4906 tertia
1297 4853 1470 4923 plaga.

523 4939 708 4995 Tertia
733 4957 863 4996 vero
889 4942 1042 5013 plaga
1073 4944 1319 5012 ciniphes
1357 4955 1485 5000 sunt
1519 4947 1716 5017 (Exod.
1747 4949 1890 5012 vin).
1932 4949 2044 5006 Hoc

455 5044 634 5086 autem
664 5034 862 5087 animal
895 5045 1003 5088 tam
1037 5037 1297 5090 minutum
1331 5047 1416 5092 est
1453 5055 1516 5092 ac
1557 5041 1940 5112 perexiguum,
1963 5049 2042 5107 ut,

456 5127 578 5178 dum
607 5139 666 5177 se
697 5139 792 5193 per
819 5139 998 5178 aerem
1030 5125 1210 5191 librat,
1237 5135 1292 5181 et
1319 5129 1422 5182 huc
1453 5128 1684 5198 illucque
1711 5130 2048 5201 vagabundis

448 5215 790 5270 anfractibus
811 5217 1140 5272 iustabilitcr
1167 5219 1335 5284 volat,
1363 5221 1538 5274 visum
1567 5235 1792 5276 eernere
1817 5223 2046 5278 volentis

451 5306 695 5376 effugiat.
728 5305 784 5360 in
815 5321 1044 5377 corpore
1074 5317 1254 5364 tamen
1297 5321 1479 5367 nostro
1504 5327 1626 5366 cum
1659 5313 1876 5378 sederit,
1906 5329 2046 5382 punv

451 5399 526 5467 git
555 5415 574 5456 τ,
618 5396 755 5450 adeo
789 5405 848 5450 ut
879 5411 1000 5451 cum
1029 5411 1124 5454 eas
1161 5413 1398 5469 nequeas
1433 5402 1614 5458 videre
1667 5403 1792 5458 dum
1817 5404 1998 5458 volant
2028 5445 2043 5470 ,

447 5487 802 5556 compellat-is
824 5489 1029 5544 sentire
1047 5505 1170 5544 cum
1197 5491 1516 5557 stimulant;
1545 5503 1617 5559 et,
1651 5494 1778 5549 dum
1811 5495 2046 5551 cireum-

449 5580 734 5644 voiantes,
787 5593 1016 5648 seseque
1059 5579 1420 5664 importunius
1465 5582 1808 5650 ingerentes,
1867 5585 2050 5641 vultus

2147 3141 2166 3174 ι
2209 3125 2440 3179 Attende
2481 3124 2698 3180 lettioni
2743 3135 2798 3180 et
2847 3125 3108 3180 doctrina:
3150 3125 3202 3196 (Ι
3249 3125 3386 3179 Tim.
3435 3126 3534 3197 tv).
3600 3143 3620 3180 ι
3675 3125 3743 3180 Et

2143 3211 2302 3268 alibi:
2339 3232 2358 3264 ί
2399 3213 2564 3271 Orate
2599 3217 2719 3271 sine
2757 3215 3158 3270 intermissione
3187 3214 3240 3286 (I
3275 3215 3454 3269 Thess.
3487 3217 3566 3283 v).
3602 3234 3621 3267 ι
3655 3215 3736 3269 Ad

2145 3301 2304 3371 hujus
2331 3302 2554 3358 Sabbati
2577 3305 2778 3360 cultum
2803 3305 3064 3360 Dominus
3087 3319 3186 3360 nos
3211 3315 3470 3374 provocat
3493 3293 3588 3376 per
3609 3305 3736 3361 Pro-

2143 3394 2383 3463 phetam,
2414 3410 2536 3449 cum
2562 3395 2722 3450 dicit:
2751 3415 2768 3445 ι
2795 3393 3013 3459 Vacate,
3045 3404 3099 3450 et
3121 3395 3320 3461 videte,
3351 3396 3609 3466 quoniam
3636 3411 3737 3468 ego

2146 3499 2262 3538 sum
2295 3485 2551 3538 Dominus
2581 3485 2760 3556 (Psal.
2793 3486 2947 3558 XLV).
2986 3507 3006 3539 ι
3043 3487 3120 3543 Ac
3139 3489 3184 3542 si
3217 3488 3360 3542 dicat
3389 3505 3400 3542 :
3440 3487 3734 3558 Spirituale

2145 3576 2430 3630 sabbatum
2457 3576 2639 3642 colite,
2690 3579 2989 3648 vagationis
3017 3580 3446 3649 inquietudinem
3477 3581 3734 3644 devitate,

2147 3679 2201 3722 ut
2226 3683 2323 3739 per
2354 3666 2587 3739 Spiritus
2607 3673 2778 3726 sancti
2806 3674 3036 3743 gratiam
3065 3673 3220 3741 ﬁxos,
3245 3693 3350 3730 non
3376 3692 3474 3730 vos
3493 3677 3738 3746 ciniphes

2146 3761 2466 3830 inquietent,
2491 3761 2588 3816 sed
2617 3763 2912 3831 spiritualis
2940 3766 3151 3820 sabbati
3178 3765 3387 3820 cultura
3415 3767 3738 3822 sanctiﬁcct.

2145 3849 2452 3904 Notandum
2505 3861 2770 3922 praeterea
2835 3853 3089 3924 quoniam
3148 3856 3249 3909 tria
3321 3857 3584 3910 duntaxat
3635 3856 3736 3910 ista

2145 3953 2412 4014 praecepta
2459 3945 2512 4000 in
2543 3957 2648 3999 una
2696 3947 2968 4016 descripta
3015 3955 3142 4002 sunt
3192 3947 3400 4014 tabula;
3454 3948 3560 4002 alia
3611 3963 3739 4003 vero

2147 4045 2354 4103 septem
2405 4037 2824 4092 continebantur
2865 4038 2918 4091 in
2956 4038 3147 4093 altera.
3195 4039 3299 4093 lsta
3351 4039 3620 4108 siquidem
3668 4041 3738 4092 ad

2147 4123 2468 4178 charitatem
2499 4125 2624 4192 Dei;
2655 4126 2744 4181 illa
2773 4141 2905 4181 vero
2935 4128 3000 4180 ad
3033 4141 3274 4182 amorem
3307 4128 3582 4198 pertinent
3615 4143 3738 4196 pro-

2149 4215 2304 4270 ximi.
2339 4216 2402 4269 Et
2425 4217 2628 4271 idcirco
2653 4231 2759 4272 non
2783 4216 3012 4287 amplius
3037 4231 3208 4287 quam
3227 4217 3347 4272 duae
3371 4225 3495 4272 sunt
3523 4217 3737 4281 tabulae,

2149 4309 2277 4378 quia
2315 4309 2544 4379 geminat
2578 4315 2704 4364 sunt
2749 4309 3033 4364 charitatis
3063 4309 3445 4380 impressiones
3467 4311 3633 4382 718
3661 4311 3742 4365 di-

2149 4401 2382 4455 stinctte.
2416 4397 2541 4454 Tria
2569 4399 2726 4470 plane
2761 4409 3031 4471 praecepta
3061 4399 3115 4454 in
3149 4415 3256 4456 una
3301 4401 3502 4466 tabula,
3535 4411 3740 4472 septem

2148 4505 2280 4546 vero
2306 4491 2572 4561 descripta
2603 4491 2769 4547 fuisse
2801 4493 2852 4546 in
2886 4492 3011 4556 alia,
3041 4505 3110 4546 ex
3138 4491 3240 4547 hoc
3271 4493 3506 4546 maxime
3533 4491 3740 4563 colligi-

2151 4591 2240 4637 tur
2269 4583 2411 4649 quod
2464 4585 2655 4638 beatus
2681 4583 2980 4652 Apostolus
3007 4583 3072 4637 ad
3105 4583 3368 4653 Ephesios
3403 4573 3508 4638 ait:
3544 4603 3562 4635 ι
3593 4571 3736 4646 Filii,

2119 4673 2364 4728 'obedite
2409 4673 2724 4743 parentibus
2767 4675 2963 4728 vestris
3015 4674 3066 4726 in
3125 4674 3391 4739 Domino,
3445 4675 3548 4730 hoc
3596 4675 3739 4730 enim

2145 4765 2351 4834 justum
2387 4773 2470 4818 est
2496 4763 2710 4834 (Ephes.
2738 4765 2838 4833 Vl).
2875 4783 2892 4814 υ
2929 4762 3146 4817 Honora
3173 4775 3378 4834 patretu
3411 4773 3464 4819 et
3489 4775 3738 4828 matrem,

2150 4855 2292 4924 quod
2323 4863 2404 4909 est
2427 4855 2738 4908 mandatum
2765 4855 2996 4924 primmn
3031 4857 3080 4908 in
3113 4857 3490 4927 promissione,
3521 4867 3577 4910 ut
3605 4859 3740 4911 bene

2149 4943 2222 4998 sit
2257 4943 2378 5010 tibi,
2421 4953 2474 4998 et
2521 4943 2596 5004 sis
2635 4943 2910 5014 longaivus
2949 4959 3111 5014 super
3157 4956 3375 5000 terram.
3409 4947 3520 5001 Cur
3559 4957 3737 5000 autem

2151 5034 2386 5105 primum
2423 5034 2526 5089 hoc
2562 5035 2874 5089 mandatum
2903 5035 3122 5102 dicitur,
3167 5037 3269 5090 nisi
3310 5033 3451 5107 quod
3499 5038 3550 5091 in
3593 5039 3740 5106 prin-

2153 5124 2294 5195 cipio
2329 5125 2576 5180 secunda:
2618 5125 2809 5181 tabula:
2842 5127 3070 5196 positum
3113 5129 3229 5182 est?
3267 5129 3416 5196 Quod
3467 5129 3630 5182 etiam
3685 5131 3735 5182 in

2153 5215 2514 5286 promissione
2554 5215 2770 5281 dicitur,
2819 5218 2945 5286 quia
2988 5219 3130 5287 quod
3181 5221 3234 5274 in
3289 5219 3410 5274 aliis
3457 5221 3738 5287 praeceptis

2155 5323 2261 5362 non
2317 5308 2630 5374 invenitur,
2681 5309 2785 5362 hoc
2833 5319 3159 5379 praeceptum
3213 5310 3567 5380 longrevitatis
3614 5327 3738 5379 pro-

2155 5397 2342 5452 missio
2390 5399 2652 5467 sequitur.
2706 5397 2989 5453 Przemisso
3045 5400 3298 5454 nimirum
3340 5401 3442 5454 hoc
3483 5401 3623 5470 quod
3655 5401 3738 5456 di-

2154 5493 2326 5547 citur:
2363 5489 2578 5547 Honora
2615 5499 2821 5560 patrem
2854 5500 2910 5544 et
2951 5499 3201 5554 matrem,
3245 5501 3303 5546 ut
3333 5493 3468 5548 bene
3497 5493 3568 5546 sit
3617 5495 3734 5558 tibi,

2155 5591 2206 5640 et
2235 5585 2309 5641 sis
2337 5581 2610 5652 longaevus
2641 5595 2802 5651 super
2831 5591 3052 5636 terram.
3087 5580 3198 5639 Hoc
3229 5597 3357 5652 ergo
3385 5593 3734 5652 prceccptum.
