4074 6190
326 211 420 264 691

790 213 848 268 S.
878 212 1077 269 PETRI
1117 216 1396 272 DAMIA‘NI
1434 216 1586 274 OPI’.
1625 217 1863 273 TOMUS
1903 216 2033 273 SEU
2079 216 2255 272 PARS
2287 215 2370 269 111.
2402 246 2460 254 -
2486 211 2842 270 01050011
2887 211 3114 267 VARIA.

3468 211 3570 266 1100

323 321 466 391 quod
499 333 750 391 quartum
780 334 862 378 est
889 326 942 379 in
974 327 1205 394 generali
1236 343 1460 384 numero
1491 330 1886 395 mandatorum,
1920 337 1963 392 Α
1993 329 2261 384 cbaritate
2303 337 2428 381 sunt
2457 327 2657 396 frigidi,
2689 335 2742 378 et
2771 326 2965 380 ardore
2995 323 3304 394 cupiditatis
3332 327 3573 380 accensi.

323 415 377 468 in
407 415 639 468 5001101111
672 415 851 469 tabula
881 418 1099 486 ponitur
1128 418 1380 485 primum.

933 504 1161 559 CAPUT
1210 505 1296 559 VI.

856 594 930 648 De
966 606 1152 663 quarta
1193 597 1369 665 plaga.

391 685 488 739 (Ili
524 684 792 740 contraria
822 694 913 770 est.
937 695 1128 754 quarta
1159 686 1346 758 plaga,
1382 690 1482 743 hoc
1508 698 1590 744 est
1615 706 1898 761 cynomya,

325 791 446 843 qua:
470 776 857 828 diciturmusca
883 776 1073 829 canina
1092 777 1289 844 (Exod.
1312 781 1450 848 vm).
1475 779 1765 835 Nibilenim
1795 792 1900 836 tam

332 865 587 916 caninum
645 876 729 918 est
767 880 928 932 quam
970 866 1219 937 ignorare
1261 878 1546 936 parentes,
1589 879 1643 924 et
1675 870 1779 923 illis
1809 871 1900 939 qui

323 968 420 1006 nos
453 964 774 1022 genuerunt,
807 957 1160 1011 reverentiam
1201 973 1306 1011 non
1337 957 1569 1012 deferre.
1600 960 1705 1014 Eos
1737 961 1900 1014 etiam

325 1054 579 1110 tanquam
605 1059 801 1098 111115010
827 1046 1280 1104 circumvolantes
1309 1049 1489 1103 canini
1525 1065 1700 1105 mores
1721 1051 1903 1121 exagi-

323 1141 455 1193 tant,
489 1133 602 1201 qui,
625 1134 750 1187 dum
778 1135 990 1190 deferre
1017 1137 1329 1205 parentibus
1359 1139 1625 1202 nesciunt,
1653 1155 1748 1208 per
1772 1140 1903 1194 levi-

321 1222 449 1276 tatis
491 1221 911 1278 inconstantiam
943 1241 972 1279 a
1017 1227 1247 1280 naturali
1297 1228 1562 1297 gravitate
1611 1229 1898 1294 recedunt;

318 1325 520 1379 eosque
551 1320 804 1380 tanquam
840 1315 1046 1368 00111010
1089 1332 1289 1370 musca:
1322 1317 1640 1383 dilacerant,
1678 1319 1805 1372 dum
1845 1333 1904 1374 se

323 1411 512 1454 00111111
543 1403 817 1471 genitores
843 1419 968 1459 suos
1005 1407 1156 1473 quasi
1190 1407 1463 1477 ringentes
1487 1418 1542 1461 01
1574 1408 1908 1463 oblatrantes

323 1505 418 1558 per
448 1491 837 1560 impatientiam
860 1503 1077 1548 vexant.
1097 1494 1166 1550 Ut
1194 1495 1308 1550 11100
1329 1510 1456 1566 ergo
1478 1495 1634 1568 plaga
1663 1506 1900 1561 curetur,

326 1581 484 1650 digna
512 1583 826 1652 parentibus
851 1587 1149 1640 reverentia
1179 1586 1469 1643 deferatur.

909 1674 1138 1730 CAPUT
1185 1675 1296 1732 VII.

859 1761 938 1817 De
966 1765 1148 1834 quinta
1176 1764 1350 1834 plaga.

392 1851 586 1917 Quinta
617 1851 770 1923 plaga
795 1869 940 1909 mors
961 1869 1216 1923 pecorum
1241 1865 1324 1909 est
1348 1854 1543 1926 (Exod.
1577 1856 1673 1929 ix).
1699 1857 1901 1913 Onmes

321 1945 464 1996 enim
504 1945 618 2012 qui,
651 1955 834 2014 spreto
863 1947 1130 2016 conjugali
1171 1957 1312 2012 toro,
1350 1949 1644 2004 alienarum
1688 1966 1747 2004 se
1781 1968 1900 2004 mu-

323 2033 514 2088 lierum
544 2034 870 2090 foeditatibus
895 2037 1158 2105 polluunt,
1189 2047 1244 2092 et
1269 2053 1366 2106 per
1394 2040 1640 2094 obscenae
1664 2041 1904 2096 libidinis

323 2126 524 2194 passim
558 2125 699 2180 fluxa
739 2128 1050 2190 resolvunt.
1091 2129 1218 2198 quid
1254 2129 1396 2183 aliud
1433 2146 1594 2200 quam
1630 2132 1788 2189 bruta
1817 2132 1902 2187 di-

322 2216 487 2268 cenda
516 2226 640 2269 sunt
665 2231 884 2285 pecora,
919 2226 1083 2287 atque
1117 2234 1146 2271 a
1192 2220 1400 2274 ratione
1427 2220 1720 2289 spiritualis
1748 2219 1904 2279 intel-

325 2305 557 2373 ligentia":
601 2306 813 2375 penitus
854 2306 1072 2362 aliena?
1111 2308 1262 2363 Facti
1307 2319 1432 2363 sunt
1473 2309 1639 2377 enim,
1688 2328 1706 2361 1
1764 2311 1904 2367 510111

322 2408 494 2462 equus
545 2402 600 2450 ct
643 2394 835 2457 mulus,
871 2397 1064 2464 quibus
1097 2413 1205 2452 non
1245 2406 1328 2453 est
1378 2399 1682 2454 intellectus
1729 2399 1900 2471 (Psal.

323 2488 501 2558 xxxi).
537 2507 554 2539 1
593 2487 657 2542 Et
686 2503 783 2559 per
808 2487 1099 2544 Jeremiam
1135 2491 1334 2546 dicitur
1361 2509 1373 2546 z
1414 2508 1432 2544 1
1465 2491 1666 2546 Satiavi
1698 2507 1818 2556 eos,
1849 2501 1904 2547 et

323 2580 579 2633 111111011οι1
611 2589 756 2645 51101,
783 2588 839 2634 et
865 2581 918 2634 in
947 2581 1106 2636 domo
1132 2583 1436 2638 meretricis
1460 2582 1901 2653 luxuriabantur;

321 2672 446 2741 equi
479 2681 748 2727 amatores
777 2673 829 2726 in
855 2671 1084 2728 feminas
1110 2674 1378 2730 emissarii
1403 2675 1531 2730 facti
1564 2686 1710 2742 sunt,
1734 2691 1903 2730 unus-

325 2763 554 2831 quisque
583 2763 649 2816 ad
681 2777 902 2817 uxorem
927 2764 1158 2833 proximi
1197 2767 1277 2818 sui
1307 2766 1586 2820 hinnicbat
1613 2766 1744 2834 (Jer.
1770 2768 1846 2838 v).
1879 2785 1896 2818 1

333 2854 459 2908 Haec
488 2869 618 2923 ergo
649 2869 840 2924 pecora
875 2869 1097 2910 necesse
1149 2865 1234 2910 est
1270 2866 1328 2910 ut
1371 2857 1613 2912 funditus
1638 2860 1902 2915 exstincta

325 2944 635 3012 depereant,
651 2945 754 2999 nisi
785 2944 977 2998 divinae
993 2944 1124 3015 legis
1143 2946 1475 3002 medicamen
1497 2959 1766 3002 accurrat.
1799 2948 1891 3002 Div

2009 417 2107 473 Ubi
2139 418 2302 470 etiam
2342 415 2548 482 fulgura
2592 424 2752 484 atque
2791 414 3026 467 tonitrua
3055 413 3213 467 mista
3242 413 3407 468 fuisse
3450 428 3574 466 cmn

2002 507 2261 579 grandine
2293 506 2660 575 perhibentur.
2708 503 2846 568 Quid
2891 513 3072 557 autem
3120 519 3218 572 per
3267 503 3474 571 fulgura
3523 510 3578 555 ct

2003 595 2263 654 tonitrua,
2295 593 2396 646 nisi
2430 607 2595 660 pavor
2625 592 2976 646 intolerabilis
3005 592 3351 662 designatur?
3376 592 3442 646 Et
3477 593 3577 645 hoc

2002 682 2210 736 furibus
2238 681 2506 736 familiare
2539 690 2645 746 est,
2684 693 2742 735 111
2779 681 2952 750 primo
2983 683 3126 750 capi,
3156 682 3350 736 deinde
3389 684 3572 752 puniri

2003 771 2332 826 tremefactis
2358 771 2656 825 visceribus
2688 780 2953 840 paveant,
3006 786 3105 825 nec
3137 780 3315 825 tamen
3344 787 3376 824 a
3408 773 3576 826 semel

1999 871 2274 931 concepta:
2300 861 2551 930 nequitiae
2580 860 2980 929 perpetratione
3008 862 3307 929 quiescant.
3342 862 3460 916 Ista:
3488 863 3575 916 ni-

2001 953 2196 1006 mirum
2226 959 2427 1021 1105105,
2457 951 2556 1004 1100
2583 959 2688 1013 051,
2716 950 2941 1019 grando,
2967 951 3122 1020 ignis,
3153 951 3388 1021 fulgura,
3414 952 3576 1006 simul

2001 1052 2166 1109 atque
2204 1041 2462 1105 tonitrua,
2511 1055 2696 1094 eorum
2725 1041 2888 1094 corda
2917 1042 3006 1109 qui
3052 1040 3189 1094 clam
3221 1043 3396 1096 aliena
3448 1044 3582 1097 diri-

1999 1133 2176 1202 piunt,
2210 1141 2460 1200 tanquam
2490 1131 2730 1199 qutedam
2761 1145 2905 1192 arva,
2934 1131 3247 1184 devastant:
3277 1140 3351 1197 et,
3397 1132 3440 1186 si
3472 1148 3578 1200 qua

2001 1232 2148 1286 sunt,
2176 1237 2367 1276 omnes
2394 1221 2546 1274 bona:
2573 1220 2864 1275 voluntatis
2897 1220 3094 1290 fruges,
3123 1233 3177 1275 et
3203 1223 3442 1292 germina
3471 1225 3580 1277 dis-

2005 1313 2201 1381 sipant.
2227 1312 2363 1366 Huic
2388 1311 2569 1380 itaque
2590 1311 2824 1379 pessimo
2842 1311 3047 1366 vulneri
3076 1313 3284 1382 septimi
3315 1316 3582 1368 succurrit

2003 1401 2267 1455 medicina
2311 1401 2570 1464 mandati,
2616 1416 2736 1454 cum
2778 1400 3013 1455 dicitur:
3071 1421 3088 1453 1
3147 1401 3262 1460 Non
3311 1402 3580 1460 furaberis

2004 1491 2198 1564 (Exod.
2229 1492 2342 1562 xx).
2383 1512 2398 1544 1
2429 1491 2498 1545 Ut
2522 1492 2624 1545 hoc
2653 1492 2879 1561 quisque
2909 1507 3262 1561 cognoscens,
3289 1495 3466 1548 cordis
3495 1494 3577 1547 sui

2004 1591 2214 1651 segetes
2236 1582 2337 1636 hac
2363 1581 2640 1651 multiplici
2670 1592 2819 1650 peste
2846 1597 2952 1636 non
2981 1585 3185 1652 perdat,
3203 1584 3295 1638 sed
3319 1585 3577 1638 bonorum

1927 1682 1973 1741 Β
2001 1690 2221 1740 operum
2253 1673 2493 1743 frugibus
2519 1673 2714 1727 animae
2745 1687 2854 1726 51110
2882 1673 3158 1728 cellarium
3191 1675 3426 1742 repleat,
3476 1676 3578 1728 im-

2000 1763 2153 1830 plens
2183 1761 2314 1818 illud
2353 1762 2746 1830 apostolicum:
2795 1780 2813 1811 1
2857 1761 2957 1828 Qui
2987 1762 3286 1825 furabatur.
3327 1761 3439 1832 jam
3474 1779 3579 1816 non

2001 1855 2250 1918 foretur;
2307 1854 2399 1909 sed
2433 1854 2639 1909 laboret
2669 1854 2918 1908 manibus
2955 1855 3091 1917 suis,
3124 1864 3182 1909 ut
3214 1856 3410 1909 habeat
3441 1856 3581 1910 unde

2004 1943 2207 1999 tribuat
2237 1944 2620 2000 necessitatem
2647 1943 2974 2012 patientibus
3003 1944 3218 2015 (Ephel.
3248 1948 3344 2016 tv).
3381 1965 3400 1999 1

2618 2034 2846 2091 CAPUT
2887 2035 2953 2090 Χ.

2530 2125 2606 2179 De
2653 2137 2831 2182 octava
2874 2126 3054 2196 plaga.

2071 2215 2270 2273 Octava
2306 2226 2487 2272 autem
2524 2218 2676 2290 plaga
2707 2218 2924 2274 locustae
2955 2229 3080 2273 sunt
3112 2219 3308 2291 (Exod.
3357 2221 3432 2291 x).
3477 2222 3582 2277 Per

2001 2308 2119 2362 11010
2155 2309 2430 2374 animalia,
2463 2324 2583 2378 qua:
2621 2318 2860 2379 segetum
2894 2311 3139 2378 germina
3189 2314 3473 2367 destruunt
3525 2323 3581 2368 et

2002 2396 2259 2466 pestifero
2300 2395 2481 2466 fruges
2518 2413 2613 2452 ore
2647 2399 2959 2462 corrodunt,
2991 2399 3080 2468 qui
3128 2410 3350 2469 possunt
3393 2402 3582 2458 melius

2002 2485 2270 2553 designari
2319 2503 2476 2555 quam
2510 2487 2542 2540 ii
2573 2487 2663 2556 qui
2693 2487 2948 2542 fratribus
2968 2490 3288 2555 detrahunt,
3311 2499 3364 2544 et
3385 2489 3578 2544 falsum

2002 2573 2109 2629 illis
2139 2575 2342 2630 crimen
2368 2588 2641 2645 opponunt
2672 2576 3018 2649 [imponunt].
3047 2578 3178 2633 Nam
3210 2581 3361 2648 quasi
3394 2580 3581 2635 aliena:

2002 2667 2198 2737 segetis
2229 2667 2468 2736 germina
2495 2669 2774 2735 devorant,
2799 2670 2923 2723 dum
2957 2669 3184 2724 fratrum
3215 2687 3434 2726 suorum
3472 2689 3578 2726 non

2002 2759 2161 2811 modo
2198 2759 2333 2812 bona
2370 2759 2730 2827 supprimunt,
2781 2776 2899 2829 qua:
2926 2762 3220 2829 prmdicare
3256 2765 3576 2827 debuerunt,

2003 2845 2098 2900 sed
2131 2846 2272 2899 ultro
2300 2847 2463 2900 etiam
2501 2858 2623 2902 nota
2663 2863 2756 2902 eos
2790 2849 2908 2904 falsi
2942 2859 3120 2905 reatus
3149 2851 3427 2906 infamant.
3475 2851 3580 2906 Ro-

2005 2941 2136 2995 dunt
2173 2940 2374 3010 itaque,
2425 2940 2549 3010 quia
2598 2957 2704 2996 non
2746 2941 2904 2997 modo
2930 2957 3114 2997 eorum
3157 2958 3280 2998 vera
3314 2943 3453 2998 bona
3484 2959 3580 3013 per

325 3033 468 3088 citur
495 3049 653 3103 ergo:
705 3052 725 3085 1
773 3033 888 3088 Non
919 3036 1280 3090 mtechaberis
1323 3037 1519 3108 (Exod.
1558 3038 1673 3109 xx).
1718 3057 1739 3092 1
1790 3039 1902 3095 Hoc
1928 3021 1972 3084 (ἶ
2004 3035 2352 3089 invidentiam
2391 3043 2701 3106 contegunt.
2751 3037 2846 3091 56d
2885 3037 2963 3092 θίε
3006 3037 3169 3092 (illam
3212 3036 3404 3110 Slisma
3444 3037 3582 3092 “0111‘-

326 3123 509 3191 itaque
547 3122 792 3190 quintum
822 3132 1146 3193 praeceptum
1198 3125 1401 3194 quinta:
1442 3127 1612 3197 plagae
1648 3137 1901 3197 tanquam

329 3215 667 3270 medicinalis
714 3230 883 3270 nexus
915 3217 1224 3285 opponitur,
1271 3226 1351 3280 ut,
1385 3216 1512 3272 dum
1536 3219 1754 3289 proprio
1787 3229 1904 3274 toro

326 3306 557 3374 quisque
602 3314 886 3362 contentus
926 3322 1046 3361 esse
1080 3307 1439 3377 compellitur,
1475 3324 1810 3379 nequaquam
1850 3310 1904 3364 in

330 3405 619 3450 extraneos
642 3398 820 3455 carnis
855 3397 1132 3468 amplexus
1169 3399 1580 3469 intemperantia
1609 3398 1907 3456 01111110οι01

327 3485 564 3542 libidinis
589 3488 930 3543 extendatur.

911 3578 1138 3634 CAPUT
1183 3579 1314 3636 VIII.

859 3669 934 3724 De
988 3679 1133 3722 sexta
1189 3670 1364 3740 plaga.

404 3757 566 3813 Sexta
607 3759 757 3829 plaga
809 3769 934 3813 sunt
982 3760 1234 3824 vulnera,
1289 3770 1344 3815 et
1387 3760 1578 3816 vesicze
1631 3769 1908 3830 turgentes

339 3859 503 3918 atque
548 3848 814 3904 ferventes
863 3849 1060 3918 (Exod.
1103 3850 1200 3918 Ix).
1247 3850 1301 3904 In
1343 3851 1654 3906 vulneribus
1703 3853 1909 3908 scilicet

335 3941 497 4010 719
527 3941 768 4008 arguitur
796 3941 978 3995 dolosa
1008 3941 1301 3995 odientium
1362 3956 1426 3995 ac
1467 3943 1749 4011 purulenta
1799 3959 1909 3997 ma-

333 4030 486 4097 litia;
519 4031 569 4086 in
611 4031 825 4096 vesicis,
861 4026 1075 4090 tumens
1105 4040 1160 4085 01
1186 4031 1364 4085 inflata
1391 4033 1638 4101 superbia
1667 4049 1681 4096 ;
1716 4033 1767 4086 in
1799 4033 1907 4086 fer-

336 4136 489 4187 vore,
543 4132 775 4178 a'stuans
822 4122 899 4177 ira
958 4129 1014 4176 et
1071 4121 1384 4182 inflammati
1435 4121 1632 4176 furoris
1677 4122 1904 4175 insania.

337 4210 474 4264 Sunt
502 4211 644 4263 enim
685 4211 876 4268 animae
906 4211 1149 4280 quzedam
1185 4210 1554 4275 homicidales,
1606 4210 1660 4265 in
1713 4211 1910 4279 quibus

332 4301 415 4353 11111
463 4308 638 4366 pestes
677 4300 927 4356 oriuntur
987 4307 1042 4352 et
1081 4299 1344 4352 acerrime
1379 4299 1635 4363 saeviunt;
1683 4314 1904 4369 easque,

2003 3125 2285 3194 pravitatis
2335 3125 2574 3178 inurunt.
2623 3126 2704 3178 An
2759 3125 2846 3180 1511
2899 3136 3154 3195 tanquam
3204 3126 3421 3182 locusta:
3475 3144 3580 3180 non

2007 3205 2454 3284 roduntﬁiuibus
2485 3230 2581 3285 per
2608 3214 2918 3283 Apostolum
2946 3217 3178 3270 dicitur:
3221 3235 3240 3267 1
3274 3217 3329 3271 Si
3367 3220 3580 3272 mordeo

2007 3305 2074 3360 tis
2097 3314 2148 3359 et
2177 3306 2461 3360 comeditis
2493 3307 2720 3362 invicem
2740 3348 2754 3370 ,
2788 3307 2985 3372 videte,
3017 3324 3084 3363 ne
3111 3309 3178 3362 ab
3201 3309 3428 3363 invicem
3453 3326 3581 3364 con-

2005 3395 2328 3449 sumamini?
2354 3413 2371 3446 1
2409 3395 2549 3465 (Gal.
2584 3394 2662 3465 v.)
2687 3397 2821 3451 IIuic
2854 3397 3035 3466 itaque
3064 3398 3231 3467 plagae
3270 3401 3580 3454 mandatum

1993 3484 2134 3541 illud
2158 3494 2528 3554 competenter
2553 3487 2860 3556 apponitur,
2890 3502 2997 3556 quo
3023 3487 3221 3541 dictum
3253 3498 3335 3541 est
3360 3506 3371 3540 :
3410 3507 3427 3538 1
3466 3488 3580 3541 Non

2008 3578 2197 3633 falsum
2229 3581 2596 3635 testimonium
2623 3581 2768 3634 dices
2798 3579 2992 3649 (Ea-od.
3029 3583 3144 3648 xx).
3182 3599 3198 3630 1
3237 3579 3305 3634 Ut
3335 3580 3582 3634 videlicet

2008 3672 2174 3727 falsus
2204 3673 2433 3742 quisque
2466 3673 2637 3738 testis,
2667 3673 2828 3742 720
2857 3671 2946 3740 qui
2996 3687 3101 3725 non
3132 3671 3236 3725 erit
3267 3670 3579 3739 impunitus,

2008 3765 2076 3818 ab
2106 3763 2291 3817 alienae
2316 3764 2440 3817 vita:
2468 3779 2648 3816 morsu
2679 3779 2738 3816 se
2768 3762 3045 3830 reprimat,
3078 3760 3368 3814 locustinos
3398 3759 3584 3813 dentes

2009 3853 2264 3922 abjiciat,
2318 3861 2373 3908 et
2422 3852 2649 3907 virentia
2707 3851 2903 3922 segetis
2951 3851 3138 3909 aliena)
3185 3850 3426 3921 germina
3473 3863 3578 3901 non

2009 3941 2256 3997 abrodat.

2045 4028 2051 4034 ’
2616 4028 2840 4082 CAPUT
2879 4027 2966 4083 XI.

2566 4099 2640 4154 De
2673 4095 2813 4156 110110
2838 4099 3023 4170 plaga.

2077 4203 2195 4258 Jam
2220 4215 2362 4256 nona
2390 4198 2544 4270 plaga
2568 4209 2653 4252 est
2676 4196 2918 4252 densitas
2936 4183 3580 4259 tenebrarum(Exod.x).

2005 4298 2180 4360 Nemo
2211 4295 2385 4364 magis
2433 4291 2487 4344 in
2529 4287 2822 4343 interiores
2875 4283 3135 4340 tenebras
3170 4280 3395 4344 labitur,
3421 4291 3584 4347 quam

333 4389 433 4441 nisi
484 4388 776 4442 humanum
824 4386 1136 4456 sanguinem
1189 4386 1432 4449 fundant,
1472 4387 1754 4456 quiescere
1802 4404 1906 4442 non
1935 4360 2056 4448 Dis
2087 4391 2174 4458 qui
2212 4386 2518 4456 coniugalis
2572 4382 2797 4437 tbalami
2827 4379 2995 4434 violat
3045 4376 3232 4435 fidem,
3267 4381 3320 4427 et
3353 4371 3585 4424 alienam

337 4474 672 4544 permittunt.
713 4474 846 4532 Iluic
877 4474 1055 4541 itaque
1086 4473 1283 4531 furenti
1313 4475 1500 4528 morbo
1529 4483 1584 4528 et
1610 4474 1914 4530 immaniter

333 4560 575 4620 s'evicnti
631 4569 839 4618 sextum
880 4570 1203 4631 [11100ορ1001
1234 4569 1485 4629 tanquam
1512 4562 1772 4620 medicina
1802 4577 1908 4617 001-

339 4654 759 4722 105115000111111,
777 4671 885 4725 quo
901 4654 1160 4713 0101111111
1184 4652 1740 4723 Νο110001005(Ε;1;οά.
1760 4653 1906 4722 11)..

337 4749 409 4804 Ut
437 4750 537 4804 hoc
570 4749 793 4820 quilibet
811 4748 1058 4814 audiens,
1085 4755 1325 4807 exortam
1355 4746 1508 4805 mala:
1537 4746 1828 4804 voluntatis
1855 4746 1908 4804 in

336 4838 625 4908 semetipso
651 4839 943 4909 perniciem
996 4837 1274 4907 reprimat,
1327 4851 1426 4893 nec
1453 4836 1789 4890 extrinsecus
1841 4835 1909 4888 ad

336 4930 640 4986 effundendi
696 4931 904 4988 cruoris
951 4929 1197 4988 effectum
1254 4938 1574 5002 conceptum
1631 4927 1911 4988 malitiosa

339 5019 683 5076 conscientia:
706 5021 855 5078 virus
887 5028 1150 5087 erumpat.

949 5108 1175 5164 CAPUT
1204 5109 1295 5163 IX.

866 5199 938 5256 De
971 5200 1187 5267 septima
1212 5199 1388 5268 plaga.

418 5290 546 5345 Post
586 5292 700 5347 haec
751 5291 903 5361 plaga
956 5289 1233 5358 grandinis
1267 5290 1523 5357 ponitur,
1576 5289 1662 5344 11111
1715 5289 1920 5347 scilicet

348 5383 550 5450 grando
573 5391 628 5435 01
651 5381 786 5450 ignis
811 5381 1016 5450 pariter
1055 5379 1364 5437 ferebantur
1390 5379 1586 5448 (Exod.
1621 5379 1718 5441 txl.
1747 5378 1918 5434 Porro

349 5481 529 5524 autem
565 5469 668 5525 duo
708 5472 820 5526 11100
851 5469 1116 5524 contraria
1148 5479 1294 5532 sunt,
1333 5469 1502 5536 frigus
1539 5469 1588 5520 in
1636 5469 1917 5537 grandine,

349 5563 495 5617 calor
523 5563 574 5615 in
605 5563 758 5630 igne;
790 5563 869 5616 sic
895 5563 983 5635 qui
1012 5561 1184 5622 aliena
1221 5560 1487 5625 furantur,
1520 5569 1575 5617 et
1612 5577 1640 5613 a
1679 5561 1917 5614 fraterna

2010 4483 2270 4540 invadere
2303 4479 2499 4550 quzerit
2530 4491 2781 4531 uxorem.
2835 4471 2940 4528 Sed
2977 4470 3077 4526 has
3129 4464 3403 4524 tenebras,
3451 4476 3590 4530 quas

2013 4574 2204 4640 utique
2238 4586 2334 4624 eor
2369 4567 2601 4623 luxuria:
2643 4565 2887 4619 deditum
2924 4561 3144 4622 tolerat,
3203 4556 3405 4611 divina:
3454 4553 3589 4620 legis

2010 4660 2271 4730 splendor
2301 4658 2558 4722 illustrat,
2594 4671 2719 4710 cum
2744 4652 2946 4708 dicitur
2975 4667 2988 4703 :
3029 4668 3046 4700 1
3086 4646 3203 4707 Non
3233 4642 3592 4711 concupisces

2011 4768 2238 4808 umrem
2275 4748 2508 4820 proximi
2549 4747 2627 4801 tul
2690 4744 2899 4817 (Exod.
2927 4740 3058 4812 xx).
3091 4758 3111 4792 1
3155 4736 3258 4794 Ubi
3291 4733 3590 4788 notandutn

2014 4853 2140 4922 quia
2201 4865 2309 4905 non
2347 4846 2500 4914 dicit,
2536 4859 2646 4899 non
2686 4843 2846 4898 tolles
2879 4839 2996 4894 sive
3045 4850 3152 4891 non
3197 4831 3410 4931 pollues
3430 4826 3594 4931 ,sed,

2013 4945 2158 5015 quod
2193 4943 2314 5014 plus
2335 4951 2435 5005 est,
2463 4956 2568 4994 non
2595 4933 2946 5004 concupisces
2979 4945 3201 4986 uxorem
3230 4924 3462 4997 proximi
3487 4924 3591 5026 tnui.

2016 5042 2280 5111 Superius
2319 5045 2467 5092 certe
2507 5035 2715 5088 dictum
2751 5039 2831 5085 est
2859 5070 2874 5094 ,
2917 5041 3030 5082 non
3069 5015 3596 5111 mtecbaberisibic

2014 5108 2237 5198 dicitur,
2263 5147 2371 5185 non
2400 5127 2756 5196 concupisces
2789 5135 3017 5178 uxorem
3047 5114 3281 5189 proximi
3314 5111 3420 5165 tui.
3457 5108 3597 5178 Ergo

2014 5230 2083 5285 de
2137 5243 2196 5282 re
2233 5240 2340 5281 una
2377 5225 2488 5278 duo
2523 5221 2784 5275 videntur
2817 5231 2943 5271 esse
2981 5212 3260 5269 mandata.
3301 5205 3419 5259 11110
3454 5204 3596 5257 enim

2016 5324 2266 5380 1001011101
2288 5320 2526 5374 alienum
2553 5327 2730 5370 torum
2752 5309 3006 5366 violantis
3028 5306 3294 5370 effectus;
3317 5299 3408 5355 hie
3430 5298 3598 5354 etiam

2019 5415 2224 5470 violare
2247 5411 2477 5467 volentis
2499 5406 2818 5478 prohibetur
2840 5401 3089 5455 affectus.
3127 5396 3242 5450 Illic
3289 5404 3524 5462 spurcus
3547 5394 3604 5440 ct

2021 5508 2245 5565 1111011115
2291 5504 2691 5559 condemnatur
2731 5493 2984 5549 adulterii
3016 5491 3235 5552 coitus;
3297 5485 3386 5538 bie
3436 5481 3601 5535 etiam

2025 5597 2344 5653 adul'erina:
2361 5588 2821 5662 concupiscentiae
2837 5581 3208 5654 compescitur
3223 5577 3402 5646 appeti
3415 5590 3422 5616 ί
3435 5589 3518 5627 us.
3539 5569 3606 5625 Et
