  <div class='ocr_page' id='page_1' title='image "/cluster/home/n/w/nwhite01/storage/ocr_20150623/145/hvd.32044048207542/354.png"; bbox 0 0 4074 6190; ppageno 0'>
   <div class='ocr_carea' id='block_1_1' title="bbox 384 235 484 291">
    <p class='ocr_par' dir='ltr' id='par_1_1' title="bbox 384 235 484 291">
     <span class='ocr_line' id='line_1_1' title="bbox 384 235 484 291; baseline -0.02 0"><span class='ocrx_word' id='word_1_1' title='bbox 384 235 484 291; x_wconf 73' lang='lat'><strong>693</strong></span> 
     </span>
    </p>
   </div>
   <div class='ocr_carea' id='block_1_2' title="bbox 1234 225 2777 287">
    <p class='ocr_par' dir='ltr' id='par_1_2' title="bbox 1234 225 2777 287">
     <span class='ocr_line' id='line_1_2' title="bbox 1234 225 2777 287; baseline 0.001 -2"><span class='ocrx_word' id='word_1_2' title='bbox 1234 228 1475 286; x_wconf 84' lang='lat' dir='ltr'><strong>OPUSC.</strong></span> <span class='ocrx_word' id='word_1_3' title='bbox 1520 228 1701 284; x_wconf 76' lang='lat' dir='ltr'><strong>XLIV.</strong></span> <span class='ocrx_word' id='word_1_4' title='bbox 1725 260 1794 270; x_wconf 98' lang='lat'>—</span> <span class='ocrx_word' id='word_1_5' title='bbox 1828 225 1913 283; x_wconf 75' lang='lat' dir='ltr'><strong>DE</strong></span> <span class='ocrx_word' id='word_1_6' title='bbox 1945 226 2172 283; x_wconf 77' lang='lat' dir='ltr'><strong>DECEM</strong></span> <span class='ocrx_word' id='word_1_7' title='bbox 2203 228 2777 287; x_wconf 63' lang='lat' dir='ltr'><strong>ZEGYPTl-PLAGIS.</strong></span> 
     </span>
    </p>
   </div>
   <div class='ocr_carea' id='block_1_3' title="bbox 3516 236 3619 290">
    <p class='ocr_par' dir='ltr' id='par_1_3' title="bbox 3516 236 3619 290">
     <span class='ocr_line' id='line_1_3' title="bbox 3516 236 3619 290; baseline 0 0"><span class='ocrx_word' id='word_1_8' title='bbox 3516 236 3619 290; x_wconf 65' lang='lat'><strong>69!</strong></span> 
     </span>
    </p>
   </div>
   <div class='ocr_carea' id='block_1_4' title="bbox 382 340 3621 417">
    <p class='ocr_par' dir='ltr' id='par_1_4' title="bbox 382 340 3621 417">
     <span class='ocr_line' id='line_1_4' title="bbox 382 340 3621 417; baseline 0.002 -20"><span class='ocrx_word' id='word_1_9' title='bbox 382 359 571 399; x_wconf 81' lang='lat' dir='ltr'><strong>revera</strong></span> <span class='ocrx_word' id='word_1_10' title='bbox 626 341 739 412; x_wconf 86' lang='lat' dir='ltr'><strong>ipsa</strong></span> <span class='ocrx_word' id='word_1_11' title='bbox 795 340 1229 411; x_wconf 74' lang='lat' dir='ltr'><strong>concupiscentia</strong></span> <span class='ocrx_word' id='word_1_12' title='bbox 1277 343 1509 396; x_wconf 85' lang='lat' dir='ltr'><strong>viotandt</strong></span> <span class='ocrx_word' id='word_1_13' title='bbox 1556 340 1714 395; x_wconf 90' lang='lat' dir='ltr'><strong>alieni</strong></span> <span class='ocrx_word' id='word_1_14' title='bbox 1766 340 1953 394; x_wconf 83' lang='lat' dir='ltr'><strong>matri-</strong></span> <span class='ocrx_word' id='word_1_15' title='bbox 1977 342 2031 402; x_wconf 73' lang='grc' dir='ltr'><strong>Α</strong></span> <span class='ocrx_word' id='word_1_16' title='bbox 2054 342 2258 407; x_wconf 88' lang='lat' dir='ltr'><strong>audiat,</strong></span> <span class='ocrx_word' id='word_1_17' title='bbox 2290 356 2358 396; x_wconf 92' lang='lat' dir='ltr'><strong>ne</strong></span> <span class='ocrx_word' id='word_1_18' title='bbox 2384 343 2801 412; x_wconf 78' lang='lat' dir='ltr'><strong>primogenitum</strong></span> <span class='ocrx_word' id='word_1_19' title='bbox 2828 341 3016 412; x_wconf 90' lang='lat' dir='ltr'><strong>perdat</strong></span> <span class='ocrx_word' id='word_1_20' title='bbox 3040 383 3055 407; x_wconf 93' lang='lat'><strong>,</strong></span> <span class='ocrx_word' id='word_1_21' title='bbox 3085 351 3144 399; x_wconf 93' lang='lat' dir='ltr'><strong>ut</strong></span> <span class='ocrx_word' id='word_1_22' title='bbox 3167 345 3237 399; x_wconf 88' lang='lat' dir='ltr'><strong>de</strong></span> <span class='ocrx_word' id='word_1_23' title='bbox 3265 345 3621 417; x_wconf 80' lang='lat' dir='ltr'><strong>primogenito</strong></span> 
     </span>
    </p>
   </div>
   <div class='ocr_carea' id='block_1_5' title="bbox 402 429 3625 506">
    <p class='ocr_par' dir='ltr' id='par_1_5' title="bbox 402 429 3625 506">
     <span class='ocr_line' id='line_1_5' title="bbox 402 429 3625 506; baseline 0.001 -18"><span class='ocrx_word' id='word_1_24' title='bbox 402 433 547 489; x_wconf 80' lang='lat' dir='ltr'><strong>uonii</strong></span> <span class='ocrx_word' id='word_1_25' title='bbox 572 432 893 488; x_wconf 88' lang='lat' dir='ltr'><strong>adulterium</strong></span> <span class='ocrx_word' id='word_1_26' title='bbox 929 441 1031 497; x_wconf 84' lang='lat' dir='ltr'><strong>est,</strong></span> <span class='ocrx_word' id='word_1_27' title='bbox 1065 431 1206 487; x_wconf 89' lang='lat' dir='ltr'><strong>sicut</strong></span> <span class='ocrx_word' id='word_1_28' title='bbox 1238 431 1496 486; x_wconf 88' lang='lat' dir='ltr'><strong>Dominus</strong></span> <span class='ocrx_word' id='word_1_29' title='bbox 1523 430 1635 486; x_wconf 89' lang='lat' dir='ltr'><strong>ait:</strong></span> <span class='ocrx_word' id='word_1_30' title='bbox 1683 449 1702 483; x_wconf 75' lang='grc' dir='ltr'>ι</span> <span class='ocrx_word' id='word_1_31' title='bbox 1743 429 1845 497; x_wconf 84' lang='lat' dir='ltr'><strong>Qui</strong></span> <span class='ocrx_word' id='word_1_32' title='bbox 1873 430 1954 485; x_wconf 89' lang='lat' dir='ltr'><strong>vi-</strong></span> <span class='ocrx_word' id='word_1_33' title='bbox 2053 448 2152 489; x_wconf 91' lang='lat' dir='ltr'><strong>suo</strong></span> <span class='ocrx_word' id='word_1_34' title='bbox 2180 432 2443 503; x_wconf 89' lang='lat' dir='ltr'><strong>gaudeat,</strong></span> <span class='ocrx_word' id='word_1_35' title='bbox 2483 442 2537 489; x_wconf 90' lang='lat' dir='ltr'><strong>et</strong></span> <span class='ocrx_word' id='word_1_36' title='bbox 2577 449 2917 505; x_wconf 80' lang='lat' dir='ltr'><strong>nequaquam</strong></span> <span class='ocrx_word' id='word_1_37' title='bbox 2950 436 3093 506; x_wconf 89' lang='lat' dir='ltr'><strong>quod</strong></span> <span class='ocrx_word' id='word_1_38' title='bbox 3119 435 3352 491; x_wconf 89' lang='lat' dir='ltr'><strong>alienum</strong></span> <span class='ocrx_word' id='word_1_39' title='bbox 3383 444 3467 492; x_wconf 85' lang='lat' dir='ltr'><strong>est</strong></span> <span class='ocrx_word' id='word_1_40' title='bbox 3494 453 3625 494; x_wconf 88' lang='lat' dir='ltr'><strong>con-</strong></span> 
     </span>
    </p>
   </div>
   <div class='ocr_carea' id='block_1_6' title="bbox 382 516 3265 597">
    <p class='ocr_par' dir='ltr' id='par_1_6' title="bbox 382 516 3265 597">
     <span class='ocr_line' id='line_1_6' title="bbox 382 516 3265 597; baseline 0 -16"><span class='ocrx_word' id='word_1_41' title='bbox 382 526 521 587; x_wconf 86' lang='lat' dir='ltr'><strong>derit</strong></span> <span class='ocrx_word' id='word_1_42' title='bbox 549 538 771 579; x_wconf 82' lang='lat' dir='ltr'><strong>uxorem</strong></span> <span class='ocrx_word' id='word_1_43' title='bbox 801 523 1024 579; x_wconf 82' lang='lat' dir='ltr'><strong>alterius</strong></span> <span class='ocrx_word' id='word_1_44' title='bbox 1054 524 1121 578; x_wconf 90' lang='lat' dir='ltr'><strong>ad</strong></span> <span class='ocrx_word' id='word_1_45' title='bbox 1149 522 1636 591; x_wconf 91' lang='lat' dir='ltr'><strong>concupiscendum</strong></span> <span class='ocrx_word' id='word_1_46' title='bbox 1663 537 1806 588; x_wconf 91' lang='lat' dir='ltr'><strong>eam,</strong></span> <span class='ocrx_word' id='word_1_47' title='bbox 1836 522 1952 593; x_wconf 87' lang='lat' dir='ltr'><strong>jam</strong></span> <span class='ocrx_word' id='word_1_48' title='bbox 2052 526 2312 597; x_wconf 88' lang='lat' dir='ltr'><strong>cupiscat.</strong></span> <span class='ocrx_word' id='word_1_49' title='bbox 3256 516 3265 528; x_wconf 86' lang='grc'><em>’</em></span> 
     </span>
    </p>
   </div>
   <div class='ocr_carea' id='block_1_7' title="bbox 384 611 1953 683">
    <p class='ocr_par' dir='ltr' id='par_1_7' title="bbox 384 611 1953 683">
     <span class='ocr_line' id='line_1_7' title="bbox 384 611 1953 683; baseline -0.006 -8"><span class='ocrx_word' id='word_1_50' title='bbox 384 617 687 675; x_wconf 71' lang='lat' dir='ltr'><strong>moechatus</strong></span> <span class='ocrx_word' id='word_1_51' title='bbox 715 623 797 669; x_wconf 88' lang='lat' dir='ltr'><strong>est</strong></span> <span class='ocrx_word' id='word_1_52' title='bbox 843 630 961 669; x_wconf 86' lang='lat' dir='ltr'><strong>eam</strong></span> <span class='ocrx_word' id='word_1_53' title='bbox 994 614 1047 668; x_wconf 91' lang='lat' dir='ltr'><strong>in</strong></span> <span class='ocrx_word' id='word_1_54' title='bbox 1086 615 1246 668; x_wconf 90' lang='lat' dir='ltr'><strong>corde</strong></span> <span class='ocrx_word' id='word_1_55' title='bbox 1287 629 1386 668; x_wconf 88' lang='lat' dir='ltr'><strong>suo</strong></span> <span class='ocrx_word' id='word_1_56' title='bbox 1425 613 1641 683; x_wconf 82' lang='lat' dir='ltr'><strong>(Matth.</strong></span> <span class='ocrx_word' id='word_1_57' title='bbox 1675 615 1752 682; x_wconf 89' lang='lat' dir='ltr'><strong>v).</strong></span> <span class='ocrx_word' id='word_1_58' title='bbox 1784 633 1803 666; x_wconf 70' lang='grc' dir='ltr'><strong>ι</strong></span> <span class='ocrx_word' id='word_1_59' title='bbox 1837 611 1953 667; x_wconf 83' lang='grc' dir='ltr'><strong>Νοιι</strong></span> 
     </span>
    </p>
   </div>
   <div class='ocr_carea' id='block_1_8' title="bbox 384 704 1955 777">
    <p class='ocr_par' dir='ltr' id='par_1_8' title="bbox 384 704 1955 777">
     <span class='ocr_line' id='line_1_8' title="bbox 384 704 1955 777; baseline -0.001 -18"><span class='ocrx_word' id='word_1_60' title='bbox 384 721 511 775; x_wconf 82' lang='lat' dir='ltr'><strong>ergo</strong></span> <span class='ocrx_word' id='word_1_61' title='bbox 537 705 804 777; x_wconf 84' lang='lat' dir='ltr'><strong>quispiam</strong></span> <span class='ocrx_word' id='word_1_62' title='bbox 834 705 1067 759; x_wconf 86' lang='lat' dir='ltr'><strong>alienam</strong></span> <span class='ocrx_word' id='word_1_63' title='bbox 1101 706 1440 775; x_wconf 86' lang='lat' dir='ltr'><strong>concupiscat</strong></span> <span class='ocrx_word' id='word_1_64' title='bbox 1473 719 1715 770; x_wconf 83' lang='lat' dir='ltr'><strong>uxorem,</strong></span> <span class='ocrx_word' id='word_1_65' title='bbox 1745 719 1814 761; x_wconf 88' lang='lat' dir='ltr'><strong>ne</strong></span> <span class='ocrx_word' id='word_1_66' title='bbox 1843 704 1955 774; x_wconf 84' lang='lat' dir='ltr'><strong>pal-</strong></span> 
     </span>
    </p>
   </div>
   <div class='ocr_carea' id='block_1_9' title="bbox 385 794 1952 867">
    <p class='ocr_par' dir='ltr' id='par_1_9' title="bbox 385 794 1952 867">
     <span class='ocr_line' id='line_1_9' title="bbox 385 794 1952 867; baseline 0 -16"><span class='ocrx_word' id='word_1_67' title='bbox 385 797 615 861; x_wconf 83' lang='lat' dir='ltr'><strong>pabilem</strong></span> <span class='ocrx_word' id='word_1_68' title='bbox 666 797 1007 851; x_wconf 72' lang='lat' dir='ltr'><strong>tenebrarum</strong></span> <span class='ocrx_word' id='word_1_69' title='bbox 1054 795 1290 867; x_wconf 79' lang='lat' dir='ltr'><strong>patiatur</strong></span> <span class='ocrx_word' id='word_1_70' title='bbox 1339 797 1393 851; x_wconf 90' lang='lat' dir='ltr'><strong>in</strong></span> <span class='ocrx_word' id='word_1_71' title='bbox 1438 797 1600 851; x_wconf 91' lang='lat' dir='ltr'><strong>corde</strong></span> <span class='ocrx_word' id='word_1_72' title='bbox 1647 794 1952 867; x_wconf 82' lang='lat' dir='ltr'><strong>caliginem.</strong></span> 
     </span>
    </p>
   </div>
   <div class='ocr_carea' id='block_1_10' title="bbox 386 885 1957 956">
    <p class='ocr_par' dir='ltr' id='par_1_10' title="bbox 386 885 1957 956">
     <span class='ocr_line' id='line_1_10' title="bbox 386 885 1957 956; baseline 0 -16"><span class='ocrx_word' id='word_1_73' title='bbox 386 892 555 954; x_wconf 79' lang='lat' dir='ltr'><strong>Quam</strong></span> <span class='ocrx_word' id='word_1_74' title='bbox 582 895 636 941; x_wconf 88' lang='lat' dir='ltr'><strong>et</strong></span> <span class='ocrx_word' id='word_1_75' title='bbox 666 887 710 942; x_wconf 94' lang='lat' dir='ltr'><strong>si</strong></span> <span class='ocrx_word' id='word_1_76' title='bbox 753 885 893 942; x_wconf 91' lang='lat' dir='ltr'><strong>forte</strong></span> <span class='ocrx_word' id='word_1_77' title='bbox 910 887 1020 956; x_wconf 88' lang='lat' dir='ltr'><strong>jam</strong></span> <span class='ocrx_word' id='word_1_78' title='bbox 1055 886 1276 956; x_wconf 88' lang='lat' dir='ltr'><strong>patitur,</strong></span> <span class='ocrx_word' id='word_1_79' title='bbox 1316 894 1716 941; x_wconf 88' lang='lat' dir='ltr'><strong>corruscantem</strong></span> <span class='ocrx_word' id='word_1_80' title='bbox 1747 886 1957 940; x_wconf 90' lang='lat' dir='ltr'><strong>radium</strong></span> 
     </span>
    </p>
   </div>
   <div class='ocr_carea' id='block_1_11' title="bbox 385 975 1959 1047">
    <p class='ocr_par' dir='ltr' id='par_1_11' title="bbox 385 975 1959 1047">
     <span class='ocr_line' id='line_1_11' title="bbox 385 975 1959 1047; baseline -0.001 -14"><span class='ocrx_word' id='word_1_81' title='bbox 385 976 623 1034; x_wconf 87' lang='lat' dir='ltr'><strong>mandati</strong></span> <span class='ocrx_word' id='word_1_82' title='bbox 646 976 832 1047; x_wconf 77' lang='lat' dir='ltr'><strong>legalis</strong></span> <span class='ocrx_word' id='word_1_83' title='bbox 857 976 1128 1043; x_wconf 87' lang='lat' dir='ltr'><strong>admittat,</strong></span> <span class='ocrx_word' id='word_1_84' title='bbox 1156 983 1210 1033; x_wconf 91' lang='lat' dir='ltr'><strong>et</strong></span> <span class='ocrx_word' id='word_1_85' title='bbox 1236 976 1314 1032; x_wconf 87' lang='lat' dir='ltr'><strong>sic</strong></span> <span class='ocrx_word' id='word_1_86' title='bbox 1345 976 1596 1032; x_wconf 85' lang='lat' dir='ltr'><strong>tenebras</strong></span> <span class='ocrx_word' id='word_1_87' title='bbox 1618 975 1959 1032; x_wconf 62' lang='lat' dir='ltr'><strong>conscientia:</strong></span> 
     </span>
    </p>
   </div>
   <div class='ocr_carea' id='block_1_12' title="bbox 2643 613 3045 672">
    <p class='ocr_par' dir='ltr' id='par_1_12' title="bbox 2643 613 3045 672">
     <span class='ocr_line' id='line_1_12' title="bbox 2643 613 3045 672; baseline 0.007 -3"><span class='ocrx_word' id='word_1_88' title='bbox 2643 613 2873 671; x_wconf 76' lang='lat' dir='ltr'><strong>CAPUT</strong></span> <span class='ocrx_word' id='word_1_89' title='bbox 2912 615 3045 672; x_wconf 81' lang='lat' dir='ltr'><strong>Xlll.</strong></span> 
     </span>
    </p>
   </div>
   <div class='ocr_carea' id='block_1_13' title="bbox 2089 700 3589 779">
    <p class='ocr_par' dir='ltr' id='par_1_13' title="bbox 2089 700 3589 779">
     <span class='ocr_line' id='line_1_13' title="bbox 2089 700 3589 779; baseline 0.007 -25"><span class='ocrx_word' id='word_1_90' title='bbox 2089 700 2398 756; x_wconf 81' lang='lat' dir='ltr'><strong>Divinarum</strong></span> <span class='ocrx_word' id='word_1_91' title='bbox 2431 715 2805 774; x_wconf 61' lang='lat' dir='ltr'><strong>praceptorum</strong></span> <span class='ocrx_word' id='word_1_92' title='bbox 2839 706 3185 761; x_wconf 80' lang='lat' dir='ltr'><strong>emolumenta</strong></span> <span class='ocrx_word' id='word_1_93' title='bbox 3226 717 3275 762; x_wconf 86' lang='lat' dir='ltr'><strong>et</strong></span> <span class='ocrx_word' id='word_1_94' title='bbox 3302 710 3589 779; x_wconf 62' lang='lat' dir='ltr'><strong>praeconia.</strong></span> 
     </span>
    </p>
   </div>
   <div class='ocr_carea' id='block_1_14' title="bbox 2126 791 3627 868">
    <p class='ocr_par' dir='ltr' id='par_1_14' title="bbox 2126 791 3627 868">
     <span class='ocr_line' id='line_1_14' title="bbox 2126 791 3627 868; baseline 0.007 -24"><span class='ocrx_word' id='word_1_95' title='bbox 2126 791 2251 845; x_wconf 76' lang='lat' dir='ltr'><strong>Hzec</strong></span> <span class='ocrx_word' id='word_1_96' title='bbox 2276 800 2423 858; x_wconf 90' lang='lat' dir='ltr'><strong>sunt,</strong></span> <span class='ocrx_word' id='word_1_97' title='bbox 2450 791 2523 847; x_wconf 88' lang='lat' dir='ltr'><strong>ﬁli</strong></span> <span class='ocrx_word' id='word_1_98' title='bbox 2547 793 2865 850; x_wconf 89' lang='lat' dir='ltr'><strong>charissime</strong></span> <span class='ocrx_word' id='word_1_99' title='bbox 2883 836 2898 860; x_wconf 86' lang='lat'><strong>,</strong></span> <span class='ocrx_word' id='word_1_100' title='bbox 2927 795 3119 851; x_wconf 78' lang='lat' dir='ltr'><strong>divina:</strong></span> <span class='ocrx_word' id='word_1_101' title='bbox 3151 796 3282 868; x_wconf 82' lang='lat' dir='ltr'><strong>legis</strong></span> <span class='ocrx_word' id='word_1_102' title='bbox 3306 798 3516 853; x_wconf 90' lang='lat' dir='ltr'><strong>edicta:</strong></span> <span class='ocrx_word' id='word_1_103' title='bbox 3559 799 3627 855; x_wconf 88' lang='lat' dir='ltr'><strong>ab</strong></span> 
     </span>
    </p>
   </div>
   <div class='ocr_carea' id='block_1_15' title="bbox 2057 879 3717 955">
    <p class='ocr_par' dir='ltr' id='par_1_15' title="bbox 2057 879 3717 955">
     <span class='ocr_line' id='line_1_15' title="bbox 2057 879 3717 955; baseline 0.004 -19"><span class='ocrx_word' id='word_1_104' title='bbox 2057 879 2142 936; x_wconf 91' lang='lat' dir='ltr'><strong>his</strong></span> <span class='ocrx_word' id='word_1_105' title='bbox 2169 881 2350 935; x_wconf 89' lang='lat' dir='ltr'><strong>omnia</strong></span> <span class='ocrx_word' id='word_1_106' title='bbox 2380 881 2671 953; x_wconf 73' lang='lat' dir='ltr'><strong>Scriptura:</strong></span> <span class='ocrx_word' id='word_1_107' title='bbox 2703 898 2871 939; x_wconf 80' lang='lat' dir='ltr'><strong>sacrae</strong></span> <span class='ocrx_word' id='word_1_108' title='bbox 2915 885 3181 955; x_wconf 92' lang='lat' dir='ltr'><strong>prodeunt</strong></span> <span class='ocrx_word' id='word_1_109' title='bbox 3223 886 3581 943; x_wconf 89' lang='lat' dir='ltr'><strong>instrumenta</strong></span> <span class='ocrx_word' id='word_1_110' title='bbox 3608 930 3623 954; x_wconf 92' lang='lat'><strong>,</strong></span> <span class='ocrx_word' id='word_1_111' title='bbox 3705 944 3717 953; x_wconf 67' lang='grc'><em>,</em></span> 
     </span>
    </p>
   </div>
   <div class='ocr_carea' id='block_1_16' title="bbox 2058 972 3626 1049">
    <p class='ocr_par' dir='ltr' id='par_1_16' title="bbox 2058 972 3626 1049">
     <span class='ocr_line' id='line_1_16' title="bbox 2058 972 3626 1049; baseline 0.004 -22"><span class='ocrx_word' id='word_1_112' title='bbox 2058 972 2145 1028; x_wconf 90' lang='lat' dir='ltr'><strong>his</strong></span> <span class='ocrx_word' id='word_1_113' title='bbox 2183 973 2431 1028; x_wconf 92' lang='lat' dir='ltr'><strong>omnibus</strong></span> <span class='ocrx_word' id='word_1_114' title='bbox 2471 984 2673 1029; x_wconf 80' lang='lat' dir='ltr'><strong>sanctae</strong></span> <span class='ocrx_word' id='word_1_115' title='bbox 2722 976 2999 1045; x_wconf 85' lang='lat' dir='ltr'><strong>religionis</strong></span> <span class='ocrx_word' id='word_1_116' title='bbox 3039 977 3287 1033; x_wconf 90' lang='lat' dir='ltr'><strong>innititur</strong></span> <span class='ocrx_word' id='word_1_117' title='bbox 3323 978 3626 1049; x_wconf 86' lang='lat' dir='ltr'><strong>disciplina.</strong></span> 
     </span>
    </p>
   </div>
   <div class='ocr_carea' id='block_1_17' title="bbox 386 1066 978 1137">
    <p class='ocr_par' dir='ltr' id='par_1_17' title="bbox 386 1066 978 1137">
     <span class='ocr_line' id='line_1_17' title="bbox 386 1066 978 1137; baseline -0.008 -11"><span class='ocrx_word' id='word_1_118' title='bbox 386 1066 719 1126; x_wconf 65' lang='lat' dir='ltr'><strong>mentientis</strong></span> <span class='ocrx_word' id='word_1_119' title='bbox 744 1067 978 1137; x_wconf 85' lang='lat' dir='ltr'><strong>abjiciat.</strong></span> 
     </span>
    </p>
   </div>
   <div class='ocr_carea' id='block_1_18' title="bbox 984 1154 1352 1211">
    <p class='ocr_par' dir='ltr' id='par_1_18' title="bbox 984 1154 1352 1211">
     <span class='ocr_line' id='line_1_18' title="bbox 984 1154 1352 1211; baseline -0.003 0"><span class='ocrx_word' id='word_1_120' title='bbox 984 1154 1211 1211; x_wconf 84' lang='lat' dir='ltr'><strong>CAPUT</strong></span> <span class='ocrx_word' id='word_1_121' title='bbox 1239 1154 1352 1210; x_wconf 79' lang='lat' dir='ltr'><strong>Xll.</strong></span> 
     </span>
    </p>
   </div>
   <div class='ocr_carea' id='block_1_19' title="bbox 918 1246 1429 1321">
    <p class='ocr_par' dir='ltr' id='par_1_19' title="bbox 918 1246 1429 1321">
     <span class='ocr_line' id='line_1_19' title="bbox 918 1246 1429 1321; baseline -0.008 -19"><span class='ocrx_word' id='word_1_122' title='bbox 918 1246 994 1321; x_wconf 76' lang='lat' dir='ltr'><strong>De</strong></span> <span class='ocrx_word' id='word_1_123' title='bbox 1019 1248 1218 1302; x_wconf 80' lang='lat' dir='ltr'><strong>decima</strong></span> <span class='ocrx_word' id='word_1_124' title='bbox 1253 1247 1429 1318; x_wconf 80' lang='lat' dir='ltr'><strong>plaga.</strong></span> 
     </span>
    </p>
   </div>
   <div class='ocr_carea' id='block_1_20' title="bbox 458 1334 1962 1407">
    <p class='ocr_par' dir='ltr' id='par_1_20' title="bbox 458 1334 1962 1407">
     <span class='ocr_line' id='line_1_20' title="bbox 458 1334 1962 1407; baseline 0.001 -17"><span class='ocrx_word' id='word_1_125' title='bbox 458 1335 736 1392; x_wconf 87' lang='lat' dir='ltr'><strong>Postremo</strong></span> <span class='ocrx_word' id='word_1_126' title='bbox 771 1336 975 1391; x_wconf 87' lang='lat' dir='ltr'><strong>decima</strong></span> <span class='ocrx_word' id='word_1_127' title='bbox 1008 1336 1163 1407; x_wconf 87' lang='lat' dir='ltr'><strong>plaga</strong></span> <span class='ocrx_word' id='word_1_128' title='bbox 1191 1344 1275 1391; x_wconf 90' lang='lat' dir='ltr'><strong>est</strong></span> <span class='ocrx_word' id='word_1_129' title='bbox 1303 1351 1450 1392; x_wconf 91' lang='lat' dir='ltr'><strong>mors</strong></span> <span class='ocrx_word' id='word_1_130' title='bbox 1480 1334 1962 1407; x_wconf 88' lang='lat' dir='ltr'><strong>primogenitorum</strong></span> 
     </span>
    </p>
   </div>
   <div class='ocr_carea' id='block_1_21' title="bbox 2060 1060 3631 1132">
    <p class='ocr_par' dir='ltr' id='par_1_21' title="bbox 2060 1060 3631 1132">
     <span class='ocr_line' id='line_1_21' title="bbox 2060 1060 3631 1132; baseline 0.004 -16"><span class='ocrx_word' id='word_1_131' title='bbox 2060 1060 2185 1117; x_wconf 65' lang='lat' dir='ltr'><strong>Haec</strong></span> <span class='ocrx_word' id='word_1_132' title='bbox 2215 1069 2361 1117; x_wconf 91' lang='lat' dir='ltr'><strong>certe</strong></span> <span class='ocrx_word' id='word_1_133' title='bbox 2387 1060 2664 1117; x_wconf 83' lang='lat' dir='ltr'><strong>fluentium</strong></span> <span class='ocrx_word' id='word_1_134' title='bbox 2690 1063 2970 1119; x_wconf 87' lang='lat' dir='ltr'><strong>vulnerum</strong></span> <span class='ocrx_word' id='word_1_135' title='bbox 2996 1065 3229 1132; x_wconf 90' lang='lat' dir='ltr'><strong>vincula,</strong></span> <span class='ocrx_word' id='word_1_136' title='bbox 3256 1067 3369 1122; x_wconf 67' lang='lat' dir='ltr'><strong>hate</strong></span> <span class='ocrx_word' id='word_1_137' title='bbox 3399 1068 3631 1123; x_wconf 83' lang='lat' dir='ltr'><strong>salubris</strong></span> 
     </span>
    </p>
   </div>
   <div class='ocr_carea' id='block_1_22' title="bbox 2059 1151 3631 1229">
    <p class='ocr_par' dir='ltr' id='par_1_22' title="bbox 2059 1151 3631 1229">
     <span class='ocr_line' id='line_1_22' title="bbox 2059 1151 3631 1229; baseline 0.005 -24"><span class='ocrx_word' id='word_1_138' title='bbox 2059 1160 2142 1206; x_wconf 90' lang='lat' dir='ltr'><strong>est</strong></span> <span class='ocrx_word' id='word_1_139' title='bbox 2186 1151 2489 1205; x_wconf 90' lang='lat' dir='ltr'><strong>animarum</strong></span> <span class='ocrx_word' id='word_1_140' title='bbox 2546 1152 2914 1223; x_wconf 84' lang='lat' dir='ltr'><strong>languentium</strong></span> <span class='ocrx_word' id='word_1_141' title='bbox 2969 1157 3255 1211; x_wconf 89' lang='lat' dir='ltr'><strong>medicina.</strong></span> <span class='ocrx_word' id='word_1_142' title='bbox 3309 1157 3419 1213; x_wconf 83' lang='lat' dir='ltr'><strong>Has</strong></span> <span class='ocrx_word' id='word_1_143' title='bbox 3474 1159 3631 1229; x_wconf 87' lang='lat' dir='ltr'><strong>plane</strong></span> 
     </span>
    </p>
   </div>
   <div class='ocr_carea' id='block_1_23' title="bbox 2060 1240 3632 1315">
    <p class='ocr_par' dir='ltr' id='par_1_23' title="bbox 2060 1240 3632 1315">
     <span class='ocr_line' id='line_1_23' title="bbox 2060 1240 3632 1315; baseline 0.005 -21"><span class='ocrx_word' id='word_1_144' title='bbox 2060 1255 2244 1295; x_wconf 88' lang='lat' dir='ltr'><strong>omnes</strong></span> <span class='ocrx_word' id='word_1_145' title='bbox 2274 1240 2476 1310; x_wconf 86' lang='lat' dir='ltr'><strong>plagas,</strong></span> <span class='ocrx_word' id='word_1_146' title='bbox 2504 1256 2639 1310; x_wconf 88' lang='lat' dir='ltr'><strong>quas</strong></span> <span class='ocrx_word' id='word_1_147' title='bbox 2671 1241 2723 1295; x_wconf 92' lang='lat' dir='ltr'><strong>in</strong></span> <span class='ocrx_word' id='word_1_148' title='bbox 2752 1242 2982 1315; x_wconf 70' lang='lat' dir='ltr'><strong>AEgypto</strong></span> <span class='ocrx_word' id='word_1_149' title='bbox 3005 1245 3344 1315; x_wconf 84' lang='lat' dir='ltr'><strong>pertulimus,</strong></span> <span class='ocrx_word' id='word_1_150' title='bbox 3370 1248 3478 1303; x_wconf 91' lang='lat' dir='ltr'><strong>imo</strong></span> <span class='ocrx_word' id='word_1_151' title='bbox 3499 1264 3632 1303; x_wconf 91' lang='lat' dir='ltr'><strong>cun-</strong></span> 
     </span>
    </p>
   </div>
   <div class='ocr_carea' id='block_1_24' title="bbox 2061 1333 3631 1410">
    <p class='ocr_par' dir='ltr' id='par_1_24' title="bbox 2061 1333 3631 1410">
     <span class='ocr_line' id='line_1_24' title="bbox 2061 1333 3631 1410; baseline 0.004 -22"><span class='ocrx_word' id='word_1_152' title='bbox 2061 1341 2178 1388; x_wconf 89' lang='lat' dir='ltr'><strong>ctos</strong></span> <span class='ocrx_word' id='word_1_153' title='bbox 2214 1333 2531 1388; x_wconf 90' lang='lat' dir='ltr'><strong>interiorum</strong></span> <span class='ocrx_word' id='word_1_154' title='bbox 2561 1334 2939 1404; x_wconf 80' lang='lat' dir='ltr'><strong>tegritudinum</strong></span> <span class='ocrx_word' id='word_1_155' title='bbox 2984 1338 3230 1405; x_wconf 86' lang='lat' dir='ltr'><strong>morbos,</strong></span> <span class='ocrx_word' id='word_1_156' title='bbox 3271 1354 3409 1410; x_wconf 82' lang='lat' dir='ltr'><strong>quos</strong></span> <span class='ocrx_word' id='word_1_157' title='bbox 3431 1338 3484 1394; x_wconf 92' lang='lat' dir='ltr'><strong>in</strong></span> <span class='ocrx_word' id='word_1_158' title='bbox 3513 1339 3631 1409; x_wconf 92' lang='lat' dir='ltr'><strong>pla-</strong></span> 
     </span>
    </p>
   </div>
   <div class='ocr_carea' id='block_1_25' title="bbox 396 1421 3636 1507">
    <p class='ocr_par' dir='ltr' id='par_1_25' title="bbox 396 1421 3636 1507">
     <span class='ocr_line' id='line_1_25' title="bbox 396 1421 3636 1507; baseline 0.005 -39"><span class='ocrx_word' id='word_1_159' title='bbox 396 1430 589 1500; x_wconf 64' lang='grc' dir='ltr'><strong>(εποά,</strong></span> <span class='ocrx_word' id='word_1_160' title='bbox 619 1431 721 1501; x_wconf 74' lang='grc' dir='ltr'><strong>χι),</strong></span> <span class='ocrx_word' id='word_1_161' title='bbox 758 1431 901 1486; x_wconf 68' lang='lat' dir='ltr'><strong>Duos</strong></span> <span class='ocrx_word' id='word_1_162' title='bbox 930 1429 1068 1485; x_wconf 68' lang='lat' dir='ltr'><strong>quos</strong></span> <span class='ocrx_word' id='word_1_163' title='bbox 1116 1430 1277 1485; x_wconf 60' lang='lat' dir='ltr'><strong>habe;</strong></span> <span class='ocrx_word' id='word_1_164' title='bbox 1320 1431 1505 1497; x_wconf 63' lang='lat' dir='ltr'><strong>homo,</strong></span> <span class='ocrx_word' id='word_1_165' title='bbox 1553 1429 1809 1483; x_wconf 72' lang='lat' dir='ltr'><strong>nimirum</strong></span> <span class='ocrx_word' id='word_1_166' title='bbox 1839 1442 1962 1483; x_wconf 81' lang='lat' dir='ltr'><strong>cum</strong></span> <span class='ocrx_word' id='word_1_167' title='bbox 2060 1422 2194 1477; x_wconf 89' lang='lat' dir='ltr'><strong>nitie</strong></span> <span class='ocrx_word' id='word_1_168' title='bbox 2217 1421 2489 1477; x_wconf 80' lang='lat' dir='ltr'><strong>saecularis</strong></span> <span class='ocrx_word' id='word_1_169' title='bbox 2512 1423 2637 1478; x_wconf 78' lang='lat' dir='ltr'><strong>vitae</strong></span> <span class='ocrx_word' id='word_1_170' title='bbox 2660 1424 3026 1496; x_wconf 90' lang='lat' dir='ltr'><strong>concepimus,</strong></span> <span class='ocrx_word' id='word_1_171' title='bbox 3054 1427 3192 1496; x_wconf 91' lang='lat' dir='ltr'><strong>apud</strong></span> <span class='ocrx_word' id='word_1_172' title='bbox 3215 1435 3454 1507; x_wconf 84' lang='lat' dir='ltr'><strong>montem</strong></span> <span class='ocrx_word' id='word_1_173' title='bbox 3482 1427 3636 1484; x_wconf 84' lang='lat' dir='ltr'><strong>Sinai</strong></span> 
     </span>
    </p>
   </div>
   <div class='ocr_carea' id='block_1_26' title="bbox 397 1511 3634 1591">
    <p class='ocr_par' dir='ltr' id='par_1_26' title="bbox 397 1511 3634 1591">
     <span class='ocr_line' id='line_1_26' title="bbox 397 1511 3634 1591; baseline 0.003 -26"><span class='ocrx_word' id='word_1_174' title='bbox 397 1521 520 1575; x_wconf 65' lang='lat' dir='ltr'><strong>facit</strong></span> <span class='ocrx_word' id='word_1_175' title='bbox 546 1535 683 1590; x_wconf 75' lang='lat' dir='ltr'><strong>opus</strong></span> <span class='ocrx_word' id='word_1_176' title='bbox 731 1521 873 1590; x_wconf 83' lang='lat' dir='ltr'><strong>quod</strong></span> <span class='ocrx_word' id='word_1_177' title='bbox 903 1521 969 1575; x_wconf 86' lang='lat' dir='ltr'><strong>ad</strong></span> <span class='ocrx_word' id='word_1_178' title='bbox 995 1521 1135 1575; x_wconf 78' lang='lat' dir='ltr'><strong>hanc</strong></span> <span class='ocrx_word' id='word_1_179' title='bbox 1161 1520 1390 1590; x_wconf 63' lang='lat' dir='ltr'><strong>pertinet</strong></span> <span class='ocrx_word' id='word_1_180' title='bbox 1410 1520 1596 1585; x_wconf 68' lang='lat' dir='ltr'><strong>vitam,</strong></span> <span class='ocrx_word' id='word_1_181' title='bbox 1626 1527 1680 1573; x_wconf 70' lang='lat' dir='ltr'><strong>et</strong></span> <span class='ocrx_word' id='word_1_182' title='bbox 1707 1534 1827 1573; x_wconf 86' lang='lat' dir='ltr'><strong>cum</strong></span> <span class='ocrx_word' id='word_1_183' title='bbox 1856 1518 1966 1589; x_wconf 67' lang='grc' dir='ltr'><strong>8ρὶ-</strong></span> <span class='ocrx_word' id='word_1_184' title='bbox 2062 1511 2260 1582; x_wconf 74' lang='lat' dir='ltr'><strong>(Exod.</strong></span> <span class='ocrx_word' id='word_1_185' title='bbox 2295 1512 2408 1584; x_wconf 74' lang='lat' dir='ltr'><strong>XIX)</strong></span> <span class='ocrx_word' id='word_1_186' title='bbox 2429 1552 2445 1578; x_wconf 84' lang='lat'><strong>,</strong></span> <span class='ocrx_word' id='word_1_187' title='bbox 2472 1513 2574 1568; x_wconf 87' lang='lat' dir='ltr'><strong>hoc</strong></span> <span class='ocrx_word' id='word_1_188' title='bbox 2603 1523 2711 1579; x_wconf 90' lang='lat' dir='ltr'><strong>est,</strong></span> <span class='ocrx_word' id='word_1_189' title='bbox 2746 1514 2799 1569; x_wconf 90' lang='lat' dir='ltr'><strong>in</strong></span> <span class='ocrx_word' id='word_1_190' title='bbox 2826 1515 3156 1573; x_wconf 90' lang='lat' dir='ltr'><strong>sublimitate</strong></span> <span class='ocrx_word' id='word_1_191' title='bbox 3183 1520 3321 1574; x_wconf 88' lang='lat' dir='ltr'><strong>sacri</strong></span> <span class='ocrx_word' id='word_1_192' title='bbox 3352 1521 3634 1591; x_wconf 73' lang='lat' dir='ltr'><strong>propositi,</strong></span> 
     </span>
    </p>
   </div>
   <div class='ocr_carea' id='block_1_27' title="bbox 397 1601 3638 1681">
    <p class='ocr_par' dir='ltr' id='par_1_27' title="bbox 397 1601 3638 1681">
     <span class='ocr_line' id='line_1_27' title="bbox 397 1601 3638 1681; baseline 0 -16"><span class='ocrx_word' id='word_1_193' title='bbox 397 1612 585 1665; x_wconf 87' lang='lat' dir='ltr'><strong>rituale</strong></span> <span class='ocrx_word' id='word_1_194' title='bbox 624 1612 751 1680; x_wconf 88' lang='lat' dir='ltr'><strong>quid</strong></span> <span class='ocrx_word' id='word_1_195' title='bbox 792 1620 1047 1681; x_wconf 84' lang='lat' dir='ltr'><strong>operatur</strong></span> <span class='ocrx_word' id='word_1_196' title='bbox 1104 1612 1247 1680; x_wconf 88' lang='lat' dir='ltr'><strong>quod</strong></span> <span class='ocrx_word' id='word_1_197' title='bbox 1291 1613 1356 1666; x_wconf 88' lang='lat' dir='ltr'><strong>ad</strong></span> <span class='ocrx_word' id='word_1_198' title='bbox 1384 1612 1548 1667; x_wconf 83' lang='lat' dir='ltr'><strong>vitam</strong></span> <span class='ocrx_word' id='word_1_199' title='bbox 1590 1611 1758 1666; x_wconf 81' lang='lat' dir='ltr'><strong>tendit</strong></span> <span class='ocrx_word' id='word_1_200' title='bbox 1808 1619 1967 1665; x_wconf 71' lang='grc' dir='ltr'><strong>εειειι.</strong></span> <span class='ocrx_word' id='word_1_201' title='bbox 1994 1679 2023 1681; x_wconf 92' lang='lat'>_</span> <span class='ocrx_word' id='word_1_202' title='bbox 2064 1615 2257 1657; x_wconf 86' lang='lat' dir='ltr'><strong>curare</strong></span> <span class='ocrx_word' id='word_1_203' title='bbox 2286 1601 2565 1657; x_wconf 87' lang='lat' dir='ltr'><strong>debemus.</strong></span> <span class='ocrx_word' id='word_1_204' title='bbox 2596 1602 2654 1657; x_wconf 89' lang='lat' dir='ltr'><strong>In</strong></span> <span class='ocrx_word' id='word_1_205' title='bbox 2685 1603 2769 1657; x_wconf 90' lang='lat' dir='ltr'><strong>his</strong></span> <span class='ocrx_word' id='word_1_206' title='bbox 2796 1602 2980 1674; x_wconf 88' lang='lat' dir='ltr'><strong>itaque</strong></span> <span class='ocrx_word' id='word_1_207' title='bbox 3004 1620 3217 1676; x_wconf 87' lang='lat' dir='ltr'><strong>semper</strong></span> <span class='ocrx_word' id='word_1_208' title='bbox 3242 1618 3382 1673; x_wconf 86' lang='lat' dir='ltr'><strong>esto,</strong></span> <span class='ocrx_word' id='word_1_209' title='bbox 3404 1610 3522 1666; x_wconf 64' lang='lat' dir='ltr'><strong>haec</strong></span> <span class='ocrx_word' id='word_1_210' title='bbox 3550 1626 3638 1666; x_wconf 91' lang='lat' dir='ltr'><strong>sc-</strong></span> 
     </span>
    </p>
   </div>
   <div class='ocr_carea' id='block_1_28' title="bbox 395 1679 1989 1772">
    <p class='ocr_par' dir='ltr' id='par_1_28' title="bbox 395 1679 1965 1772">
     <span class='ocr_line' id='line_1_28' title="bbox 395 1679 1965 1772; baseline 0.003 -21"><span class='ocrx_word' id='word_1_211' title='bbox 395 1716 537 1753; x_wconf 81' lang='lat' dir='ltr'><strong>aam.</strong></span> <span class='ocrx_word' id='word_1_212' title='bbox 589 1679 695 1754; x_wconf 85' lang='lat' dir='ltr'><strong>Sed</strong></span> <span class='ocrx_word' id='word_1_213' title='bbox 747 1679 1041 1769; x_wconf 79' lang='lat' dir='ltr'><strong>spiritualis</strong></span> <span class='ocrx_word' id='word_1_214' title='bbox 1086 1679 1310 1767; x_wconf 82' lang='lat' dir='ltr'><strong>fructus,</strong></span> <span class='ocrx_word' id='word_1_215' title='bbox 1364 1702 1518 1772; x_wconf 90' lang='lat' dir='ltr'><strong>quasi</strong></span> <span class='ocrx_word' id='word_1_216' title='bbox 1572 1701 1965 1772; x_wconf 86' lang='lat' dir='ltr'><strong>primogenitus</strong></span> 
     </span>
    </p>
   </div>
   <div class='ocr_carea' id='block_1_29' title="bbox 2070 1679 3638 1772">
    <p class='ocr_par' dir='ltr' id='par_1_29' title="bbox 2070 1688 3638 1770">
     <span class='ocr_line' id='line_1_29' title="bbox 2070 1688 3638 1770; baseline 0.007 -27"><span class='ocrx_word' id='word_1_217' title='bbox 2070 1688 2221 1744; x_wconf 89' lang='lat' dir='ltr'><strong>dulus</strong></span> <span class='ocrx_word' id='word_1_218' title='bbox 2266 1690 2529 1759; x_wconf 83' lang='lat' dir='ltr'><strong>meditare</strong></span> <span class='ocrx_word' id='word_1_219' title='bbox 2563 1708 2575 1744; x_wconf 89' lang='lat'><strong>:</strong></span> <span class='ocrx_word' id='word_1_220' title='bbox 2610 1699 2695 1756; x_wconf 89' lang='lat' dir='ltr'><strong>et,</strong></span> <span class='ocrx_word' id='word_1_221' title='bbox 2725 1700 2784 1746; x_wconf 92' lang='lat' dir='ltr'><strong>ut</strong></span> <span class='ocrx_word' id='word_1_222' title='bbox 2813 1692 2887 1747; x_wconf 90' lang='lat' dir='ltr'><strong>ita</strong></span> <span class='ocrx_word' id='word_1_223' title='bbox 2925 1693 3153 1763; x_wconf 89' lang='lat' dir='ltr'><strong>loquar,</strong></span> <span class='ocrx_word' id='word_1_224' title='bbox 3206 1697 3321 1753; x_wconf 70' lang='lat' dir='ltr'><strong>lucc</strong></span> <span class='ocrx_word' id='word_1_225' title='bbox 3368 1699 3638 1770; x_wconf 86' lang='lat' dir='ltr'><strong>pigmenta</strong></span> 
     </span>
    </p>
   </div>
   <div class='ocr_carea' id='block_1_30' title="bbox 396 1778 3637 1863">
    <p class='ocr_par' dir='ltr' id='par_1_30' title="bbox 396 1778 3637 1863">
     <span class='ocr_line' id='line_1_30' title="bbox 396 1778 3637 1863; baseline 0.006 -37"><span class='ocrx_word' id='word_1_226' title='bbox 396 1800 598 1854; x_wconf 56' lang='grc' dir='ltr'><strong>ηοειθτ,</strong></span> <span class='ocrx_word' id='word_1_227' title='bbox 651 1791 703 1845; x_wconf 74' lang='lat' dir='ltr'><strong>in</strong></span> <span class='ocrx_word' id='word_1_228' title='bbox 733 1792 934 1847; x_wconf 55' lang='lat' dir='ltr'><strong>nostris</strong></span> <span class='ocrx_word' id='word_1_229' title='bbox 960 1793 1211 1863; x_wconf 64' lang='lat' dir='ltr'><strong>operibus</strong></span> <span class='ocrx_word' id='word_1_230' title='bbox 1262 1793 1418 1849; x_wconf 52' lang='lat' dir='ltr'><strong>debet</strong></span> <span class='ocrx_word' id='word_1_231' title='bbox 1465 1794 1709 1849; x_wconf 59' lang='lat' dir='ltr'><strong>oblinere</strong></span> <span class='ocrx_word' id='word_1_232' title='bbox 1760 1792 1964 1863; x_wconf 58' lang='lat' dir='ltr'><strong>prima-</strong></span> <span class='ocrx_word' id='word_1_233' title='bbox 2062 1778 2146 1834; x_wconf 93' lang='lat' dir='ltr'><strong>vel</strong></span> <span class='ocrx_word' id='word_1_234' title='bbox 2175 1780 2382 1849; x_wconf 85' lang='lat' dir='ltr'><strong>species</strong></span> <span class='ocrx_word' id='word_1_235' title='bbox 2408 1780 2460 1835; x_wconf 93' lang='lat' dir='ltr'><strong>in</strong></span> <span class='ocrx_word' id='word_1_236' title='bbox 2485 1782 2779 1852; x_wconf 91' lang='lat' dir='ltr'><strong>ptisanario</strong></span> <span class='ocrx_word' id='word_1_237' title='bbox 2809 1784 3004 1840; x_wconf 89' lang='lat' dir='ltr'><strong>mentis</strong></span> <span class='ocrx_word' id='word_1_238' title='bbox 3029 1796 3132 1842; x_wconf 69' lang='lat' dir='ltr'><strong>tua:</strong></span> <span class='ocrx_word' id='word_1_239' title='bbox 3157 1786 3359 1859; x_wconf 90' lang='lat' dir='ltr'><strong>jugiter</strong></span> <span class='ocrx_word' id='word_1_240' title='bbox 3390 1800 3524 1846; x_wconf 91' lang='lat' dir='ltr'><strong>tere.</strong></span> <span class='ocrx_word' id='word_1_241' title='bbox 3557 1792 3637 1846; x_wconf 83' lang='lat' dir='ltr'><strong>Ex</strong></span> 
     </span>
    </p>
   </div>
   <div class='ocr_carea' id='block_1_31' title="bbox 396 1881 1965 1954">
    <p class='ocr_par' dir='ltr' id='par_1_31' title="bbox 396 1881 1965 1954">
     <span class='ocr_line' id='line_1_31' title="bbox 396 1881 1965 1954; baseline 0.001 -19"><span class='ocrx_word' id='word_1_242' title='bbox 396 1892 525 1936; x_wconf 91' lang='lat' dir='ltr'><strong>tum.</strong></span> <span class='ocrx_word' id='word_1_243' title='bbox 571 1881 721 1938; x_wconf 91' lang='lat' dir='ltr'><strong>Unde</strong></span> <span class='ocrx_word' id='word_1_244' title='bbox 759 1892 814 1938; x_wconf 91' lang='lat' dir='ltr'><strong>et</strong></span> <span class='ocrx_word' id='word_1_245' title='bbox 850 1883 1105 1939; x_wconf 89' lang='lat' dir='ltr'><strong>Dominus</strong></span> <span class='ocrx_word' id='word_1_246' title='bbox 1138 1903 1151 1938; x_wconf 91' lang='lat'><strong>:</strong></span> <span class='ocrx_word' id='word_1_247' title='bbox 1189 1903 1207 1935; x_wconf 76' lang='grc' dir='ltr'><strong><em>ι</em></strong></span> <span class='ocrx_word' id='word_1_248' title='bbox 1242 1884 1513 1951; x_wconf 85' lang='lat' dir='ltr'><strong>Primum,</strong></span> <span class='ocrx_word' id='word_1_249' title='bbox 1566 1884 1767 1954; x_wconf 84' lang='lat' dir='ltr'><strong>inquit,</strong></span> <span class='ocrx_word' id='word_1_250' title='bbox 1820 1897 1965 1953; x_wconf 66' lang='lat' dir='ltr'><strong>qua:-</strong></span> 
     </span>
    </p>
   </div>
   <div class='ocr_carea' id='block_1_32' title="bbox 395 1976 1963 2048">
    <p class='ocr_par' dir='ltr' id='par_1_32' title="bbox 395 1976 1963 2048">
     <span class='ocr_line' id='line_1_32' title="bbox 395 1976 1963 2048; baseline 0.001 -20"><span class='ocrx_word' id='word_1_251' title='bbox 395 1976 494 2029; x_wconf 89' lang='lat' dir='ltr'><strong>rite</strong></span> <span class='ocrx_word' id='word_1_252' title='bbox 541 1990 761 2046; x_wconf 87' lang='lat' dir='ltr'><strong>regnum</strong></span> <span class='ocrx_word' id='word_1_253' title='bbox 811 1976 939 2048; x_wconf 76' lang='lat' dir='ltr'><strong>Dei,</strong></span> <span class='ocrx_word' id='word_1_254' title='bbox 982 1985 1034 2032; x_wconf 88' lang='lat' dir='ltr'><strong>et</strong></span> <span class='ocrx_word' id='word_1_255' title='bbox 1094 1976 1205 2032; x_wconf 66' lang='lat' dir='ltr'><strong>haec</strong></span> <span class='ocrx_word' id='word_1_256' title='bbox 1258 1977 1436 2033; x_wconf 90' lang='lat' dir='ltr'><strong>omnia</strong></span> <span class='ocrx_word' id='word_1_257' title='bbox 1489 1976 1808 2044; x_wconf 89' lang='lat' dir='ltr'><strong>adjicientur</strong></span> <span class='ocrx_word' id='word_1_258' title='bbox 1866 1989 1963 2030; x_wconf 65' lang='lat' dir='ltr'><strong>voc</strong></span> 
     </span>
    </p>
   </div>
   <div class='ocr_carea' id='block_1_33' title="bbox 395 2064 1967 2138">
    <p class='ocr_par' dir='ltr' id='par_1_33' title="bbox 395 2064 1967 2138">
     <span class='ocr_line' id='line_1_33' title="bbox 395 2064 1967 2138; baseline 0.002 -19"><span class='ocrx_word' id='word_1_259' title='bbox 395 2065 477 2119; x_wconf 86' lang='lat' dir='ltr'><strong>bis</strong></span> <span class='ocrx_word' id='word_1_260' title='bbox 515 2065 739 2133; x_wconf 76' lang='lat' dir='ltr'><strong>(Matth.</strong></span> <span class='ocrx_word' id='word_1_261' title='bbox 781 2082 870 2133; x_wconf 80' lang='lat' dir='ltr'><strong>vi;</strong></span> <span class='ocrx_word' id='word_1_262' title='bbox 920 2066 1048 2121; x_wconf 87' lang='lat' dir='ltr'><strong>Luc.</strong></span> <span class='ocrx_word' id='word_1_263' title='bbox 1090 2067 1219 2138; x_wconf 83' lang='lat' dir='ltr'><strong>xu).</strong></span> <span class='ocrx_word' id='word_1_264' title='bbox 1268 2086 1286 2121; x_wconf 69' lang='grc' dir='ltr'><strong><em>ι</em></strong></span> <span class='ocrx_word' id='word_1_265' title='bbox 1324 2069 1405 2122; x_wconf 82' lang='lat' dir='ltr'><strong>Ac</strong></span> <span class='ocrx_word' id='word_1_266' title='bbox 1443 2067 1488 2121; x_wconf 89' lang='lat' dir='ltr'><strong>si</strong></span> <span class='ocrx_word' id='word_1_267' title='bbox 1525 2067 1668 2122; x_wconf 86' lang='lat' dir='ltr'><strong>dicat</strong></span> <span class='ocrx_word' id='word_1_268' title='bbox 1700 2083 1714 2120; x_wconf 89' lang='lat'><strong>:</strong></span> <span class='ocrx_word' id='word_1_269' title='bbox 1754 2064 1967 2135; x_wconf 85' lang='lat' dir='ltr'><strong>Gignile</strong></span> 
     </span>
    </p>
   </div>
   <div class='ocr_carea' id='block_1_34' title="bbox 394 2148 1969 2227">
    <p class='ocr_par' dir='ltr' id='par_1_34' title="bbox 394 2148 1969 2227">
     <span class='ocr_line' id='line_1_34' title="bbox 394 2148 1969 2227; baseline 0.001 -18"><span class='ocrx_word' id='word_1_270' title='bbox 394 2156 727 2224; x_wconf 88' lang='lat' dir='ltr'><strong>spiritualem</strong></span> <span class='ocrx_word' id='word_1_271' title='bbox 772 2157 1022 2221; x_wconf 90' lang='lat' dir='ltr'><strong>fructum,</strong></span> <span class='ocrx_word' id='word_1_272' title='bbox 1054 2159 1144 2227; x_wconf 93' lang='lat' dir='ltr'><strong>qui</strong></span> <span class='ocrx_word' id='word_1_273' title='bbox 1176 2165 1351 2213; x_wconf 79' lang='lat' dir='ltr'><strong>vester</strong></span> <span class='ocrx_word' id='word_1_274' title='bbox 1383 2157 1453 2213; x_wconf 90' lang='lat' dir='ltr'><strong>sit</strong></span> <span class='ocrx_word' id='word_1_275' title='bbox 1480 2148 1673 2227; x_wconf 79' lang='lat' dir='ltr'><strong>utique</strong></span> <span class='ocrx_word' id='word_1_276' title='bbox 1702 2156 1969 2226; x_wconf 83' lang='lat' dir='ltr'><strong>primoge-</strong></span> 
     </span>
    </p>
   </div>
   <div class='ocr_carea' id='block_1_35' title="bbox 396 2247 1965 2319">
    <p class='ocr_par' dir='ltr' id='par_1_35' title="bbox 396 2247 1965 2319">
     <span class='ocr_line' id='line_1_35' title="bbox 396 2247 1965 2319; baseline 0 -19"><span class='ocrx_word' id='word_1_277' title='bbox 396 2248 580 2312; x_wconf 87' lang='lat' dir='ltr'><strong>nilus;</strong></span> <span class='ocrx_word' id='word_1_278' title='bbox 616 2249 706 2317; x_wconf 90' lang='lat' dir='ltr'><strong>qui</strong></span> <span class='ocrx_word' id='word_1_279' title='bbox 747 2263 873 2303; x_wconf 87' lang='lat' dir='ltr'><strong>vero</strong></span> <span class='ocrx_word' id='word_1_280' title='bbox 902 2250 967 2303; x_wconf 92' lang='lat' dir='ltr'><strong>ad</strong></span> <span class='ocrx_word' id='word_1_281' title='bbox 1017 2247 1172 2317; x_wconf 85' lang='lat' dir='ltr'><strong>hujus</strong></span> <span class='ocrx_word' id='word_1_282' title='bbox 1205 2250 1329 2305; x_wconf 64' lang='lat' dir='ltr'><strong>vitae</strong></span> <span class='ocrx_word' id='word_1_283' title='bbox 1375 2249 1608 2319; x_wconf 89' lang='lat' dir='ltr'><strong>pertinet</strong></span> <span class='ocrx_word' id='word_1_284' title='bbox 1640 2249 1965 2313; x_wconf 88' lang='lat' dir='ltr'><strong>necessaria,</strong></span> 
     </span>
    </p>
   </div>
   <div class='ocr_carea' id='block_1_36' title="bbox 396 2337 1967 2408">
    <p class='ocr_par' dir='ltr' id='par_1_36' title="bbox 396 2337 1967 2408">
     <span class='ocr_line' id='line_1_36' title="bbox 396 2337 1967 2408; baseline 0 -17"><span class='ocrx_word' id='word_1_285' title='bbox 396 2337 465 2391; x_wconf 89' lang='lat' dir='ltr'><strong>sit</strong></span> <span class='ocrx_word' id='word_1_286' title='bbox 502 2337 555 2390; x_wconf 93' lang='lat' dir='ltr'><strong>in</strong></span> <span class='ocrx_word' id='word_1_287' title='bbox 588 2338 899 2393; x_wconf 74' lang='lat' dir='ltr'><strong>luereditate</strong></span> <span class='ocrx_word' id='word_1_288' title='bbox 938 2340 1224 2393; x_wconf 86' lang='lat' dir='ltr'><strong>secundus.</strong></span> <span class='ocrx_word' id='word_1_289' title='bbox 1261 2338 1397 2394; x_wconf 83' lang='lat' dir='ltr'><strong>Huic</strong></span> <span class='ocrx_word' id='word_1_290' title='bbox 1423 2338 1567 2393; x_wconf 89' lang='lat' dir='ltr'><strong>enim</strong></span> <span class='ocrx_word' id='word_1_291' title='bbox 1611 2337 1967 2408; x_wconf 90' lang='lat' dir='ltr'><strong>primogenito</strong></span> 
     </span>
    </p>
   </div>
   <div class='ocr_carea' id='block_1_37' title="bbox 397 2424 1965 2498">
    <p class='ocr_par' dir='ltr' id='par_1_37' title="bbox 397 2424 1965 2498">
     <span class='ocr_line' id='line_1_37' title="bbox 397 2424 1965 2498; baseline -0.001 -19"><span class='ocrx_word' id='word_1_292' title='bbox 397 2440 516 2479; x_wconf 90' lang='lat' dir='ltr'><strong>cum</strong></span> <span class='ocrx_word' id='word_1_293' title='bbox 547 2424 712 2480; x_wconf 82' lang='lat' dir='ltr'><strong>Jacob</strong></span> <span class='ocrx_word' id='word_1_294' title='bbox 744 2428 967 2480; x_wconf 87' lang='lat' dir='ltr'><strong>debetur</strong></span> <span class='ocrx_word' id='word_1_295' title='bbox 992 2427 1291 2482; x_wconf 90' lang='lat' dir='ltr'><strong>benedictio</strong></span> <span class='ocrx_word' id='word_1_296' title='bbox 1320 2424 1471 2498; x_wconf 83' lang='lat' dir='ltr'><strong>(Gen.</strong></span> <span class='ocrx_word' id='word_1_297' title='bbox 1502 2426 1688 2495; x_wconf 82' lang='lat' dir='ltr'><strong>xxvn).</strong></span> <span class='ocrx_word' id='word_1_298' title='bbox 1731 2427 1795 2480; x_wconf 91' lang='lat' dir='ltr'><strong>de</strong></span> <span class='ocrx_word' id='word_1_299' title='bbox 1826 2426 1965 2479; x_wconf 82' lang='lat' dir='ltr'><strong>Esau</strong></span> 
     </span>
    </p>
   </div>
   <div class='ocr_carea' id='block_1_38' title="bbox 396 2514 1965 2586">
    <p class='ocr_par' dir='ltr' id='par_1_38' title="bbox 396 2514 1965 2586">
     <span class='ocr_line' id='line_1_38' title="bbox 396 2514 1965 2586; baseline 0.003 -20"><span class='ocrx_word' id='word_1_300' title='bbox 396 2530 525 2568; x_wconf 88' lang='lat' dir='ltr'><strong>vero</strong></span> <span class='ocrx_word' id='word_1_301' title='bbox 561 2514 784 2584; x_wconf 87' lang='lat' dir='ltr'><strong>ejusque</strong></span> <span class='ocrx_word' id='word_1_302' title='bbox 819 2517 1083 2571; x_wconf 87' lang='lat' dir='ltr'><strong>similibus</strong></span> <span class='ocrx_word' id='word_1_303' title='bbox 1114 2515 1388 2586; x_wconf 85' lang='lat' dir='ltr'><strong>Scriptura</strong></span> <span class='ocrx_word' id='word_1_304' title='bbox 1419 2516 1579 2571; x_wconf 89' lang='lat' dir='ltr'><strong>dicit:</strong></span> <span class='ocrx_word' id='word_1_305' title='bbox 1614 2534 1631 2567; x_wconf 73' lang='grc' dir='ltr'><strong>ε</strong></span> <span class='ocrx_word' id='word_1_306' title='bbox 1654 2516 1965 2580; x_wconf 70' lang='lat' dir='ltr'><strong>Hzereditas,</strong></span> 
     </span>
    </p>
   </div>
   <div class='ocr_carea' id='block_1_39' title="bbox 397 2604 1969 2675">
    <p class='ocr_par' dir='ltr' id='par_1_39' title="bbox 397 2604 1969 2675">
     <span class='ocr_line' id='line_1_39' title="bbox 397 2604 1969 2675; baseline 0.002 -19"><span class='ocrx_word' id='word_1_307' title='bbox 397 2604 463 2657; x_wconf 90' lang='lat' dir='ltr'><strong>ad</strong></span> <span class='ocrx_word' id='word_1_308' title='bbox 493 2620 653 2673; x_wconf 90' lang='lat' dir='ltr'><strong>quam</strong></span> <span class='ocrx_word' id='word_1_309' title='bbox 683 2608 736 2659; x_wconf 90' lang='lat' dir='ltr'><strong>in</strong></span> <span class='ocrx_word' id='word_1_310' title='bbox 766 2607 1030 2675; x_wconf 80' lang='lat' dir='ltr'><strong>principio</strong></span> <span class='ocrx_word' id='word_1_311' title='bbox 1059 2605 1360 2670; x_wconf 90' lang='lat' dir='ltr'><strong>festinatur,</strong></span> <span class='ocrx_word' id='word_1_312' title='bbox 1393 2608 1443 2661; x_wconf 91' lang='lat' dir='ltr'><strong>in</strong></span> <span class='ocrx_word' id='word_1_313' title='bbox 1484 2606 1777 2661; x_wconf 85' lang='lat' dir='ltr'><strong>novissimo</strong></span> <span class='ocrx_word' id='word_1_314' title='bbox 1808 2608 1969 2661; x_wconf 78' lang='lat' dir='ltr'><strong>benc-</strong></span> 
     </span>
    </p>
   </div>
   <div class='ocr_carea' id='block_1_40' title="bbox 399 2693 1969 2767">
    <p class='ocr_par' dir='ltr' id='par_1_40' title="bbox 399 2693 1969 2767">
     <span class='ocr_line' id='line_1_40' title="bbox 399 2693 1969 2767; baseline 0.005 -23"><span class='ocrx_word' id='word_1_315' title='bbox 399 2693 634 2748; x_wconf 89' lang='lat' dir='ltr'><strong>dictione</strong></span> <span class='ocrx_word' id='word_1_316' title='bbox 662 2695 867 2750; x_wconf 88' lang='lat' dir='ltr'><strong>carebit</strong></span> <span class='ocrx_word' id='word_1_317' title='bbox 896 2696 1077 2765; x_wconf 85' lang='lat' dir='ltr'><strong>(Prov.</strong></span> <span class='ocrx_word' id='word_1_318' title='bbox 1120 2697 1236 2767; x_wconf 81' lang='lat' dir='ltr'><strong>xx).</strong></span> <span class='ocrx_word' id='word_1_319' title='bbox 1276 2715 1295 2748; x_wconf 74' lang='grc' dir='ltr'><strong><em>ι</em></strong></span> <span class='ocrx_word' id='word_1_320' title='bbox 1326 2696 1401 2751; x_wconf 89' lang='lat' dir='ltr'><strong>De</strong></span> <span class='ocrx_word' id='word_1_321' title='bbox 1436 2697 1521 2752; x_wconf 90' lang='lat' dir='ltr'><strong>bis</strong></span> <span class='ocrx_word' id='word_1_322' title='bbox 1543 2696 1751 2752; x_wconf 91' lang='lat' dir='ltr'><strong>duobus</strong></span> <span class='ocrx_word' id='word_1_323' title='bbox 1784 2697 1969 2752; x_wconf 90' lang='lat' dir='ltr'><strong>liberis</strong></span> 
     </span>
    </p>
   </div>
   <div class='ocr_carea' id='block_1_41' title="bbox 399 2782 1969 2855">
    <p class='ocr_par' dir='ltr' id='par_1_41' title="bbox 399 2782 1969 2855">
     <span class='ocr_line' id='line_1_41' title="bbox 399 2782 1969 2855; baseline 0.004 -21"><span class='ocrx_word' id='word_1_324' title='bbox 399 2782 452 2835; x_wconf 81' lang='lat' dir='ltr'><strong>in</strong></span> <span class='ocrx_word' id='word_1_325' title='bbox 486 2784 898 2839; x_wconf 87' lang='lat' dir='ltr'><strong>Deuteronomio</strong></span> <span class='ocrx_word' id='word_1_326' title='bbox 932 2800 1027 2854; x_wconf 86' lang='lat' dir='ltr'><strong>per</strong></span> <span class='ocrx_word' id='word_1_327' title='bbox 1056 2784 1277 2855; x_wconf 87' lang='lat' dir='ltr'><strong>ﬁguram</strong></span> <span class='ocrx_word' id='word_1_328' title='bbox 1306 2786 1539 2840; x_wconf 90' lang='lat' dir='ltr'><strong>dicitur:</strong></span> <span class='ocrx_word' id='word_1_329' title='bbox 1574 2805 1593 2837; x_wconf 71' lang='grc' dir='ltr'><strong><em>ι</em></strong></span> <span class='ocrx_word' id='word_1_330' title='bbox 1639 2785 1694 2840; x_wconf 90' lang='lat' dir='ltr'><strong>Si</strong></span> <span class='ocrx_word' id='word_1_331' title='bbox 1723 2786 1969 2841; x_wconf 86' lang='lat' dir='ltr'><strong>habuerit</strong></span> 
     </span>
    </p>
   </div>
   <div class='ocr_carea' id='block_1_42' title="bbox 402 2871 1969 2942">
    <p class='ocr_par' dir='ltr' id='par_1_42' title="bbox 402 2871 1969 2942">
     <span class='ocr_line' id='line_1_42' title="bbox 402 2871 1969 2942; baseline 0.005 -18"><span class='ocrx_word' id='word_1_332' title='bbox 402 2871 562 2925; x_wconf 88' lang='lat' dir='ltr'><strong>homo</strong></span> <span class='ocrx_word' id='word_1_333' title='bbox 592 2889 786 2928; x_wconf 74' lang='lat' dir='ltr'><strong>uxores</strong></span> <span class='ocrx_word' id='word_1_334' title='bbox 815 2875 967 2936; x_wconf 89' lang='lat' dir='ltr'><strong>duas,</strong></span> <span class='ocrx_word' id='word_1_335' title='bbox 997 2891 1158 2930; x_wconf 88' lang='lat' dir='ltr'><strong>unam</strong></span> <span class='ocrx_word' id='word_1_336' title='bbox 1188 2876 1458 2942; x_wconf 87' lang='lat' dir='ltr'><strong>dilectam,</strong></span> <span class='ocrx_word' id='word_1_337' title='bbox 1484 2886 1538 2932; x_wconf 91' lang='lat' dir='ltr'><strong>et</strong></span> <span class='ocrx_word' id='word_1_338' title='bbox 1565 2876 1789 2932; x_wconf 88' lang='lat' dir='ltr'><strong>alteram</strong></span> <span class='ocrx_word' id='word_1_339' title='bbox 1819 2877 1969 2932; x_wconf 89' lang='lat' dir='ltr'><strong>odio-</strong></span> 
     </span>
    </p>
   </div>
   <div class='ocr_carea' id='block_1_43' title="bbox 400 2967 1968 3036">
    <p class='ocr_par' dir='ltr' id='par_1_43' title="bbox 400 2967 1968 3036">
     <span class='ocr_line' id='line_1_43' title="bbox 400 2967 1968 3036; baseline 0.005 -18"><span class='ocrx_word' id='word_1_340' title='bbox 400 2979 547 3029; x_wconf 87' lang='lat' dir='ltr'><strong>sam,</strong></span> <span class='ocrx_word' id='word_1_341' title='bbox 592 2967 940 3036; x_wconf 85' lang='lat' dir='ltr'><strong>genueritque</strong></span> <span class='ocrx_word' id='word_1_342' title='bbox 988 2982 1055 3023; x_wconf 83' lang='lat' dir='ltr'><strong>ex</strong></span> <span class='ocrx_word' id='word_1_343' title='bbox 1106 2968 1185 3023; x_wconf 91' lang='lat' dir='ltr'><strong>eis</strong></span> <span class='ocrx_word' id='word_1_344' title='bbox 1229 2968 1464 3034; x_wconf 89' lang='lat' dir='ltr'><strong>liberos,</strong></span> <span class='ocrx_word' id='word_1_345' title='bbox 1507 2978 1564 3023; x_wconf 91' lang='lat' dir='ltr'><strong>et</strong></span> <span class='ocrx_word' id='word_1_346' title='bbox 1610 2970 1771 3026; x_wconf 86' lang='lat' dir='ltr'><strong>fuerit</strong></span> <span class='ocrx_word' id='word_1_347' title='bbox 1827 2970 1968 3026; x_wconf 89' lang='lat' dir='ltr'><strong>ﬁlius</strong></span> 
     </span>
    </p>
   </div>
   <div class='ocr_carea' id='block_1_44' title="bbox 399 3056 1970 3130">
    <p class='ocr_par' dir='ltr' id='par_1_44' title="bbox 399 3056 1970 3130">
     <span class='ocr_line' id='line_1_44' title="bbox 399 3056 1970 3130; baseline 0.004 -20"><span class='ocrx_word' id='word_1_348' title='bbox 399 3056 598 3111; x_wconf 59' lang='lat' dir='ltr'><strong>odiosae</strong></span> <span class='ocrx_word' id='word_1_349' title='bbox 634 3058 1039 3129; x_wconf 87' lang='lat' dir='ltr'><strong>primogenitus,</strong></span> <span class='ocrx_word' id='word_1_350' title='bbox 1068 3059 1403 3130; x_wconf 91' lang='lat' dir='ltr'><strong>volueritque</strong></span> <span class='ocrx_word' id='word_1_351' title='bbox 1444 3062 1797 3117; x_wconf 86' lang='lat' dir='ltr'><strong>substantiam</strong></span> <span class='ocrx_word' id='word_1_352' title='bbox 1830 3063 1970 3120; x_wconf 90' lang='lat' dir='ltr'><strong>inter</strong></span> 
     </span>
    </p>
   </div>
   <div class='ocr_carea' id='block_1_45' title="bbox 402 3145 1971 3221">
    <p class='ocr_par' dir='ltr' id='par_1_45' title="bbox 402 3145 1971 3221">
     <span class='ocr_line' id='line_1_45' title="bbox 402 3145 1971 3221; baseline 0.006 -24"><span class='ocrx_word' id='word_1_353' title='bbox 402 3145 539 3201; x_wconf 89' lang='lat' dir='ltr'><strong>ﬁlios</strong></span> <span class='ocrx_word' id='word_1_354' title='bbox 584 3162 712 3201; x_wconf 91' lang='lat' dir='ltr'><strong>suos</strong></span> <span class='ocrx_word' id='word_1_355' title='bbox 763 3148 1023 3213; x_wconf 89' lang='lat' dir='ltr'><strong>dividere,</strong></span> <span class='ocrx_word' id='word_1_356' title='bbox 1060 3166 1167 3206; x_wconf 93' lang='lat' dir='ltr'><strong>non</strong></span> <span class='ocrx_word' id='word_1_357' title='bbox 1210 3151 1408 3221; x_wconf 91' lang='lat' dir='ltr'><strong>poterit</strong></span> <span class='ocrx_word' id='word_1_358' title='bbox 1448 3151 1613 3206; x_wconf 88' lang='lat' dir='ltr'><strong>ﬁlium</strong></span> <span class='ocrx_word' id='word_1_359' title='bbox 1652 3152 1855 3208; x_wconf 66' lang='lat' dir='ltr'><strong>dilectae</strong></span> <span class='ocrx_word' id='word_1_360' title='bbox 1893 3153 1971 3207; x_wconf 84' lang='lat' dir='ltr'><strong>fa-</strong></span> 
     </span>
    </p>
   </div>
   <div class='ocr_carea' id='block_1_46' title="bbox 400 3235 1973 3309">
    <p class='ocr_par' dir='ltr' id='par_1_46' title="bbox 400 3235 1973 3309">
     <span class='ocr_line' id='line_1_46' title="bbox 400 3235 1973 3309; baseline 0.006 -21"><span class='ocrx_word' id='word_1_361' title='bbox 400 3249 523 3289; x_wconf 89' lang='lat' dir='ltr'><strong>cere</strong></span> <span class='ocrx_word' id='word_1_362' title='bbox 570 3235 1013 3307; x_wconf 89' lang='lat' dir='ltr'><strong>primogenitum,</strong></span> <span class='ocrx_word' id='word_1_363' title='bbox 1058 3247 1113 3294; x_wconf 91' lang='lat' dir='ltr'><strong>et</strong></span> <span class='ocrx_word' id='word_1_364' title='bbox 1147 3238 1403 3309; x_wconf 71' lang='lat' dir='ltr'><strong>praeferre</strong></span> <span class='ocrx_word' id='word_1_365' title='bbox 1440 3240 1549 3295; x_wconf 91' lang='lat' dir='ltr'><strong>ﬁiio</strong></span> <span class='ocrx_word' id='word_1_366' title='bbox 1590 3240 1833 3296; x_wconf 72' lang='lat' dir='ltr'><strong>odiosm:</strong></span> <span class='ocrx_word' id='word_1_367' title='bbox 1876 3242 1973 3297; x_wconf 90' lang='lat' dir='ltr'><strong>sed</strong></span> 
     </span>
    </p>
   </div>
   <div class='ocr_carea' id='block_1_47' title="bbox 403 3323 1972 3401">
    <p class='ocr_par' dir='ltr' id='par_1_47' title="bbox 403 3323 1972 3401">
     <span class='ocr_line' id='line_1_47' title="bbox 403 3323 1972 3401; baseline 0.007 -24"><span class='ocrx_word' id='word_1_368' title='bbox 403 3323 567 3378; x_wconf 89' lang='lat' dir='ltr'><strong>ﬁlium</strong></span> <span class='ocrx_word' id='word_1_369' title='bbox 614 3326 815 3381; x_wconf 86' lang='lat' dir='ltr'><strong>odiosae</strong></span> <span class='ocrx_word' id='word_1_370' title='bbox 849 3336 1102 3397; x_wconf 87' lang='lat' dir='ltr'><strong>agnoscet</strong></span> <span class='ocrx_word' id='word_1_371' title='bbox 1145 3329 1581 3400; x_wconf 89' lang='lat' dir='ltr'><strong>primogenitum,</strong></span> <span class='ocrx_word' id='word_1_372' title='bbox 1617 3331 1870 3401; x_wconf 87' lang='lat' dir='ltr'><strong>dabitque</strong></span> <span class='ocrx_word' id='word_1_373' title='bbox 1920 3333 1972 3388; x_wconf 92' lang='lat' dir='ltr'><strong>ei</strong></span> 
     </span>
    </p>
   </div>
   <div class='ocr_carea' id='block_1_48' title="bbox 402 3416 1974 3493">
    <p class='ocr_par' dir='ltr' id='par_1_48' title="bbox 402 3416 1974 3493">
     <span class='ocr_line' id='line_1_48' title="bbox 402 3416 1974 3493; baseline 0.006 -24"><span class='ocrx_word' id='word_1_374' title='bbox 402 3416 470 3470; x_wconf 79' lang='lat' dir='ltr'><strong>tle</strong></span> <span class='ocrx_word' id='word_1_375' title='bbox 516 3417 600 3472; x_wconf 87' lang='lat' dir='ltr'><strong>bis</strong></span> <span class='ocrx_word' id='word_1_376' title='bbox 650 3434 771 3487; x_wconf 67' lang='lat' dir='ltr'><strong>quae</strong></span> <span class='ocrx_word' id='word_1_377' title='bbox 829 3419 1079 3477; x_wconf 80' lang='lat' dir='ltr'><strong>habuerit</strong></span> <span class='ocrx_word' id='word_1_378' title='bbox 1142 3430 1335 3477; x_wconf 90' lang='lat' dir='ltr'><strong>cuncta</strong></span> <span class='ocrx_word' id='word_1_379' title='bbox 1396 3421 1668 3493; x_wconf 88' lang='lat' dir='ltr'><strong>duplicia;</strong></span> <span class='ocrx_word' id='word_1_380' title='bbox 1732 3422 1835 3477; x_wconf 87' lang='lat' dir='ltr'><strong>iste</strong></span> <span class='ocrx_word' id='word_1_381' title='bbox 1889 3430 1974 3478; x_wconf 87' lang='lat' dir='ltr'><strong>est</strong></span> 
     </span>
    </p>
   </div>
   <div class='ocr_carea' id='block_1_49' title="bbox 403 3507 1973 3583">
    <p class='ocr_par' dir='ltr' id='par_1_49' title="bbox 403 3507 1973 3583">
     <span class='ocr_line' id='line_1_49' title="bbox 403 3507 1973 3583; baseline 0.005 -23"><span class='ocrx_word' id='word_1_382' title='bbox 403 3507 545 3560; x_wconf 91' lang='lat' dir='ltr'><strong>enim</strong></span> <span class='ocrx_word' id='word_1_383' title='bbox 591 3508 912 3578; x_wconf 91' lang='lat' dir='ltr'><strong>principium</strong></span> <span class='ocrx_word' id='word_1_384' title='bbox 965 3509 1257 3565; x_wconf 90' lang='lat' dir='ltr'><strong>liberorum</strong></span> <span class='ocrx_word' id='word_1_385' title='bbox 1303 3511 1459 3583; x_wconf 82' lang='lat' dir='ltr'><strong>ejus,</strong></span> <span class='ocrx_word' id='word_1_386' title='bbox 1503 3520 1559 3566; x_wconf 89' lang='lat' dir='ltr'><strong>et</strong></span> <span class='ocrx_word' id='word_1_387' title='bbox 1602 3512 1729 3568; x_wconf 91' lang='lat' dir='ltr'><strong>huic</strong></span> <span class='ocrx_word' id='word_1_388' title='bbox 1771 3512 1973 3568; x_wconf 90' lang='lat' dir='ltr'><strong>deben-</strong></span> 
     </span>
    </p>
   </div>
   <div class='ocr_carea' id='block_1_50' title="bbox 406 3596 1974 3671">
    <p class='ocr_par' dir='ltr' id='par_1_50' title="bbox 406 3596 1974 3671">
     <span class='ocr_line' id='line_1_50' title="bbox 406 3596 1974 3671; baseline 0.006 -24"><span class='ocrx_word' id='word_1_389' title='bbox 406 3603 494 3648; x_wconf 90' lang='lat' dir='ltr'><strong>tur</strong></span> <span class='ocrx_word' id='word_1_390' title='bbox 528 3596 881 3666; x_wconf 87' lang='lat' dir='ltr'><strong>primogenita</strong></span> <span class='ocrx_word' id='word_1_391' title='bbox 918 3598 1092 3668; x_wconf 87' lang='lat' dir='ltr'><strong>(Deut.</strong></span> <span class='ocrx_word' id='word_1_392' title='bbox 1135 3600 1269 3671; x_wconf 66' lang='grc' dir='ltr'>ιιι).</span> <span class='ocrx_word' id='word_1_393' title='bbox 1319 3620 1338 3654; x_wconf 86' lang='grc'>›</span> <span class='ocrx_word' id='word_1_394' title='bbox 1378 3602 1452 3656; x_wconf 90' lang='lat' dir='ltr'><strong>De</strong></span> <span class='ocrx_word' id='word_1_395' title='bbox 1488 3601 1681 3671; x_wconf 86' lang='lat' dir='ltr'><strong>quibus</strong></span> <span class='ocrx_word' id='word_1_396' title='bbox 1725 3603 1974 3657; x_wconf 88' lang='lat' dir='ltr'><strong>omnibus</strong></span> 
     </span>
    </p>
   </div>
   <div class='ocr_carea' id='block_1_51' title="bbox 399 3685 1974 3762">
    <p class='ocr_par' dir='ltr' id='par_1_51' title="bbox 399 3685 1974 3762">
     <span class='ocr_line' id='line_1_51' title="bbox 399 3685 1974 3762; baseline 0.006 -27"><span class='ocrx_word' id='word_1_397' title='bbox 399 3685 621 3738; x_wconf 89' lang='lat' dir='ltr'><strong>verbum</strong></span> <span class='ocrx_word' id='word_1_398' title='bbox 679 3685 807 3740; x_wconf 91' lang='lat' dir='ltr'><strong>illud</strong></span> <span class='ocrx_word' id='word_1_399' title='bbox 849 3686 937 3742; x_wconf 92' lang='lat' dir='ltr'><strong>hic</strong></span> <span class='ocrx_word' id='word_1_400' title='bbox 977 3688 1236 3744; x_wconf 77' lang='lat' dir='ltr'><strong>duntaxat</strong></span> <span class='ocrx_word' id='word_1_401' title='bbox 1275 3688 1518 3746; x_wconf 89' lang='lat' dir='ltr'><strong>ducimus</strong></span> <span class='ocrx_word' id='word_1_402' title='bbox 1578 3691 1974 3762; x_wconf 86' lang='lat' dir='ltr'><strong>exponendum,</strong></span> 
     </span>
    </p>
   </div>
   <div class='ocr_carea' id='block_1_52' title="bbox 404 3772 1974 3847">
    <p class='ocr_par' dir='ltr' id='par_1_52' title="bbox 404 3772 1974 3847">
     <span class='ocr_line' id='line_1_52' title="bbox 404 3772 1974 3847; baseline 0.006 -20"><span class='ocrx_word' id='word_1_403' title='bbox 404 3772 560 3841; x_wconf 75' lang='grc'><strong>72],</strong></span> <span class='ocrx_word' id='word_1_404' title='bbox 591 3773 735 3843; x_wconf 89' lang='lat' dir='ltr'><strong>quod</strong></span> <span class='ocrx_word' id='word_1_405' title='bbox 778 3789 916 3829; x_wconf 79' lang='lat' dir='ltr'><strong>uxor</strong></span> <span class='ocrx_word' id='word_1_406' title='bbox 954 3775 1145 3831; x_wconf 88' lang='lat' dir='ltr'><strong>dilecta</strong></span> <span class='ocrx_word' id='word_1_407' title='bbox 1173 3777 1244 3832; x_wconf 92' lang='lat' dir='ltr'><strong>sit</strong></span> <span class='ocrx_word' id='word_1_408' title='bbox 1287 3779 1396 3833; x_wconf 92' lang='lat' dir='ltr'><strong>vita</strong></span> <span class='ocrx_word' id='word_1_409' title='bbox 1426 3778 1599 3834; x_wconf 90' lang='lat' dir='ltr'><strong>mollis</strong></span> <span class='ocrx_word' id='word_1_410' title='bbox 1624 3820 1641 3846; x_wconf 91' lang='lat'><strong>,</strong></span> <span class='ocrx_word' id='word_1_411' title='bbox 1689 3780 1974 3847; x_wconf 89' lang='lat' dir='ltr'><strong>deliciosa,</strong></span> 
     </span>
    </p>
   </div>
   <div class='ocr_carea' id='block_1_53' title="bbox 407 3865 1974 3942">
    <p class='ocr_par' dir='ltr' id='par_1_53' title="bbox 407 3865 1974 3942">
     <span class='ocr_line' id='line_1_53' title="bbox 407 3865 1974 3942; baseline 0.008 -26"><span class='ocrx_word' id='word_1_412' title='bbox 407 3865 668 3931; x_wconf 77' lang='lat' dir='ltr'><strong>carnalis;</strong></span> <span class='ocrx_word' id='word_1_413' title='bbox 696 3867 881 3923; x_wconf 86' lang='lat' dir='ltr'><strong>odiosa</strong></span> <span class='ocrx_word' id='word_1_414' title='bbox 911 3877 1089 3924; x_wconf 90' lang='lat' dir='ltr'><strong>autem</strong></span> <span class='ocrx_word' id='word_1_415' title='bbox 1124 3885 1257 3926; x_wconf 87' lang='lat' dir='ltr'><strong>uxor</strong></span> <span class='ocrx_word' id='word_1_416' title='bbox 1284 3879 1369 3926; x_wconf 89' lang='lat' dir='ltr'><strong>est</strong></span> <span class='ocrx_word' id='word_1_417' title='bbox 1395 3872 1503 3926; x_wconf 91' lang='lat' dir='ltr'><strong>vita</strong></span> <span class='ocrx_word' id='word_1_418' title='bbox 1532 3872 1856 3942; x_wconf 88' lang='lat' dir='ltr'><strong>spiritualis,</strong></span> <span class='ocrx_word' id='word_1_419' title='bbox 1884 3882 1974 3930; x_wconf 79' lang='lat' dir='ltr'><strong>ut-</strong></span> 
     </span>
    </p>
   </div>
   <div class='ocr_carea' id='block_1_54' title="bbox 404 3956 1978 4027">
    <p class='ocr_par' dir='ltr' id='par_1_54' title="bbox 404 3956 1978 4027">
     <span class='ocr_line' id='line_1_54' title="bbox 404 3956 1978 4027; baseline 0.006 -18"><span class='ocrx_word' id='word_1_420' title='bbox 404 3964 529 4024; x_wconf 84' lang='lat' dir='ltr'><strong>pote</strong></span> <span class='ocrx_word' id='word_1_421' title='bbox 554 3956 725 4027; x_wconf 88' lang='lat' dir='ltr'><strong>rigida</strong></span> <span class='ocrx_word' id='word_1_422' title='bbox 742 3996 757 4023; x_wconf 92' lang='lat'><strong>,</strong></span> <span class='ocrx_word' id='word_1_423' title='bbox 795 3957 1064 4025; x_wconf 90' lang='lat' dir='ltr'><strong>districta,</strong></span> <span class='ocrx_word' id='word_1_424' title='bbox 1098 3968 1153 4015; x_wconf 91' lang='lat' dir='ltr'><strong>et</strong></span> <span class='ocrx_word' id='word_1_425' title='bbox 1181 3961 1399 4017; x_wconf 91' lang='lat' dir='ltr'><strong>omnino</strong></span> <span class='ocrx_word' id='word_1_426' title='bbox 1420 3962 1719 4017; x_wconf 89' lang='lat' dir='ltr'><strong>carnalium</strong></span> <span class='ocrx_word' id='word_1_427' title='bbox 1745 3963 1978 4020; x_wconf 89' lang='lat' dir='ltr'><strong>delecta-</strong></span> 
     </span>
    </p>
   </div>
   <div class='ocr_carea' id='block_1_55' title="bbox 408 4046 1977 4127">
    <p class='ocr_par' dir='ltr' id='par_1_55' title="bbox 408 4046 1977 4127">
     <span class='ocr_line' id='line_1_55' title="bbox 408 4046 1977 4127; baseline 0.01 -30"><span class='ocrx_word' id='word_1_428' title='bbox 408 4046 610 4099; x_wconf 89' lang='lat' dir='ltr'><strong>tionum</strong></span> <span class='ocrx_word' id='word_1_429' title='bbox 648 4047 914 4104; x_wconf 89' lang='lat' dir='ltr'><strong>illecebris</strong></span> <span class='ocrx_word' id='word_1_430' title='bbox 942 4050 1181 4107; x_wconf 90' lang='lat' dir='ltr'><strong>inimica.</strong></span> <span class='ocrx_word' id='word_1_431' title='bbox 1214 4051 1384 4122; x_wconf 85' lang='lat' dir='ltr'><strong>Hujus</strong></span> <span class='ocrx_word' id='word_1_432' title='bbox 1419 4066 1548 4121; x_wconf 88' lang='lat' dir='ltr'><strong>ergo</strong></span> <span class='ocrx_word' id='word_1_433' title='bbox 1575 4053 1685 4108; x_wconf 92' lang='lat' dir='ltr'><strong>ﬁlio</strong></span> <span class='ocrx_word' id='word_1_434' title='bbox 1709 4054 1977 4127; x_wconf 88' lang='lat' dir='ltr'><strong>primoge-</strong></span> 
     </span>
    </p>
   </div>
   <div class='ocr_carea' id='block_1_56' title="bbox 406 4138 1975 4215">
    <p class='ocr_par' dir='ltr' id='par_1_56' title="bbox 406 4138 1975 4215">
     <span class='ocr_line' id='line_1_56' title="bbox 406 4138 1975 4215; baseline 0.007 -24"><span class='ocrx_word' id='word_1_435' title='bbox 406 4138 519 4192; x_wconf 87' lang='lat' dir='ltr'><strong>nita</strong></span> <span class='ocrx_word' id='word_1_436' title='bbox 565 4140 864 4208; x_wconf 87' lang='lat' dir='ltr'><strong>debentur,</strong></span> <span class='ocrx_word' id='word_1_437' title='bbox 908 4144 1034 4213; x_wconf 89' lang='lat' dir='ltr'><strong>quia</strong></span> <span class='ocrx_word' id='word_1_438' title='bbox 1080 4144 1377 4215; x_wconf 89' lang='lat' dir='ltr'><strong>spiritualis</strong></span> <span class='ocrx_word' id='word_1_439' title='bbox 1414 4146 1537 4201; x_wconf 65' lang='lat' dir='ltr'><strong>vita:</strong></span> <span class='ocrx_word' id='word_1_440' title='bbox 1578 4145 1787 4202; x_wconf 83' lang='lat' dir='ltr'><strong>fructus</strong></span> <span class='ocrx_word' id='word_1_441' title='bbox 1826 4148 1975 4202; x_wconf 89' lang='lat' dir='ltr'><strong>illum</strong></span> 
     </span>
    </p>
   </div>
   <div class='ocr_carea' id='block_1_57' title="bbox 408 4229 1975 4305">
    <p class='ocr_par' dir='ltr' id='par_1_57' title="bbox 408 4229 1975 4305">
     <span class='ocr_line' id='line_1_57' title="bbox 408 4229 1975 4305; baseline 0.007 -23"><span class='ocrx_word' id='word_1_442' title='bbox 408 4229 609 4284; x_wconf 88' lang='lat' dir='ltr'><strong>habere</strong></span> <span class='ocrx_word' id='word_1_443' title='bbox 637 4242 876 4287; x_wconf 90' lang='lat' dir='ltr'><strong>meretur</strong></span> <span class='ocrx_word' id='word_1_444' title='bbox 898 4233 952 4287; x_wconf 91' lang='lat' dir='ltr'><strong>in</strong></span> <span class='ocrx_word' id='word_1_445' title='bbox 982 4234 1261 4303; x_wconf 61' lang='lat' dir='ltr'><strong>premium</strong></span> <span class='ocrx_word' id='word_1_446' title='bbox 1287 4275 1302 4301; x_wconf 92' lang='lat'><strong>,</strong></span> <span class='ocrx_word' id='word_1_447' title='bbox 1331 4237 1420 4305; x_wconf 90' lang='lat' dir='ltr'><strong>qui</strong></span> <span class='ocrx_word' id='word_1_448' title='bbox 1455 4245 1540 4291; x_wconf 92' lang='lat' dir='ltr'><strong>est</strong></span> <span class='ocrx_word' id='word_1_449' title='bbox 1564 4277 1579 4300; x_wconf 90' lang='lat'><strong>,</strong></span> <span class='ocrx_word' id='word_1_450' title='bbox 1617 4236 1773 4304; x_wconf 84' lang='lat' dir='ltr'><strong>juxta</strong></span> <span class='ocrx_word' id='word_1_451' title='bbox 1810 4236 1975 4293; x_wconf 85' lang='lat' dir='ltr'><strong>Joan-</strong></span> 
     </span>
    </p>
   </div>
   <div class='ocr_carea' id='block_1_58' title="bbox 2065 1869 3640 1945">
    <p class='ocr_par' dir='ltr' id='par_1_58' title="bbox 2065 1869 3640 1945">
     <span class='ocr_line' id='line_1_58' title="bbox 2065 1869 3640 1945; baseline 0.008 -22"><span class='ocrx_word' id='word_1_452' title='bbox 2065 1870 2165 1924; x_wconf 88' lang='lat' dir='ltr'><strong>hac</strong></span> <span class='ocrx_word' id='word_1_453' title='bbox 2186 1869 2348 1938; x_wconf 90' lang='lat' dir='ltr'><strong>igitur</strong></span> <span class='ocrx_word' id='word_1_454' title='bbox 2370 1880 2670 1926; x_wconf 84' lang='lat' dir='ltr'><strong>aromatum</strong></span> <span class='ocrx_word' id='word_1_455' title='bbox 2696 1873 2829 1928; x_wconf 90' lang='lat' dir='ltr'><strong>cella</strong></span> <span class='ocrx_word' id='word_1_456' title='bbox 2859 1875 3019 1945; x_wconf 72' lang='lat'><strong>732</strong></span> <span class='ocrx_word' id='word_1_457' title='bbox 3046 1892 3151 1931; x_wconf 88' lang='lat' dir='ltr'><strong>non</strong></span> <span class='ocrx_word' id='word_1_458' title='bbox 3195 1893 3389 1945; x_wconf 84' lang='lat' dir='ltr'><strong>exeas;</strong></span> <span class='ocrx_word' id='word_1_459' title='bbox 3426 1881 3520 1937; x_wconf 91' lang='lat' dir='ltr'><strong>sed</strong></span> <span class='ocrx_word' id='word_1_460' title='bbox 3550 1882 3640 1936; x_wconf 88' lang='lat' dir='ltr'><strong>hic</strong></span> 
     </span>
    </p>
   </div>
   <div class='ocr_carea' id='block_1_59' title="bbox 2063 1961 3640 2042">
    <p class='ocr_par' dir='ltr' id='par_1_59' title="bbox 2063 1961 3640 2042">
     <span class='ocr_line' id='line_1_59' title="bbox 2063 1961 3640 2042; baseline 0.01 -29"><span class='ocrx_word' id='word_1_461' title='bbox 2063 1974 2254 2015; x_wconf 91' lang='lat' dir='ltr'><strong>omnes</strong></span> <span class='ocrx_word' id='word_1_462' title='bbox 2276 1961 2469 2017; x_wconf 67' lang='lat' dir='ltr'><strong>animae</strong></span> <span class='ocrx_word' id='word_1_463' title='bbox 2495 1971 2599 2017; x_wconf 73' lang='lat' dir='ltr'><strong>tua:</strong></span> <span class='ocrx_word' id='word_1_464' title='bbox 2621 1962 2858 2021; x_wconf 90' lang='lat' dir='ltr'><strong>latebras</strong></span> <span class='ocrx_word' id='word_1_465' title='bbox 2882 1968 3149 2025; x_wconf 92' lang='lat' dir='ltr'><strong>curiosius</strong></span> <span class='ocrx_word' id='word_1_466' title='bbox 3170 1970 3412 2042; x_wconf 88' lang='lat' dir='ltr'><strong>inspice;</strong></span> <span class='ocrx_word' id='word_1_467' title='bbox 3444 1982 3640 2029; x_wconf 86' lang='lat' dir='ltr'><strong>cuncta</strong></span> 
     </span>
    </p>
   </div>
   <div class='ocr_carea' id='block_1_60' title="bbox 2064 2052 3638 2127">
    <p class='ocr_par' dir='ltr' id='par_1_60' title="bbox 2064 2052 3638 2127">
     <span class='ocr_line' id='line_1_60' title="bbox 2064 2052 3638 2127; baseline 0.008 -21"><span class='ocrx_word' id='word_1_468' title='bbox 2064 2052 2331 2108; x_wconf 90' lang='lat' dir='ltr'><strong>viscerum</strong></span> <span class='ocrx_word' id='word_1_469' title='bbox 2356 2062 2566 2110; x_wconf 91' lang='lat' dir='ltr'><strong>tuorum</strong></span> <span class='ocrx_word' id='word_1_470' title='bbox 2587 2071 2783 2112; x_wconf 88' lang='lat' dir='ltr'><strong>arcana</strong></span> <span class='ocrx_word' id='word_1_471' title='bbox 2808 2068 3079 2127; x_wconf 89' lang='lat' dir='ltr'><strong>scrutare;</strong></span> <span class='ocrx_word' id='word_1_472' title='bbox 3111 2063 3638 2120; x_wconf 37' lang='lat' dir='ltr'><strong>medicatnenta‘vul-</strong></span> 
     </span>
    </p>
   </div>
   <div class='ocr_carea' id='block_1_61' title="bbox 2065 2142 3646 2221">
    <p class='ocr_par' dir='ltr' id='par_1_61' title="bbox 2065 2142 3646 2221">
     <span class='ocr_line' id='line_1_61' title="bbox 2065 2142 3646 2221; baseline 0.011 -26"><span class='ocrx_word' id='word_1_473' title='bbox 2065 2142 2318 2207; x_wconf 90' lang='lat' dir='ltr'><strong>neribus,</strong></span> <span class='ocrx_word' id='word_1_474' title='bbox 2347 2154 2507 2214; x_wconf 91' lang='lat' dir='ltr'><strong>prout</strong></span> <span class='ocrx_word' id='word_1_475' title='bbox 2533 2145 2729 2217; x_wconf 88' lang='lat' dir='ltr'><strong>cuique</strong></span> <span class='ocrx_word' id='word_1_476' title='bbox 2766 2156 2891 2219; x_wconf 91' lang='lat' dir='ltr'><strong>apta</strong></span> <span class='ocrx_word' id='word_1_477' title='bbox 2923 2154 3296 2220; x_wconf 85' lang='lat' dir='ltr'><strong>perspexeris,</strong></span> <span class='ocrx_word' id='word_1_478' title='bbox 3328 2155 3554 2221; x_wconf 89' lang='lat' dir='ltr'><strong>adhibe,</strong></span> <span class='ocrx_word' id='word_1_479' title='bbox 3587 2164 3646 2211; x_wconf 89' lang='lat' dir='ltr'><strong>et</strong></span> 
     </span>
    </p>
   </div>
   <div class='ocr_carea' id='block_1_62' title="bbox 2067 2231 3642 2317">
    <p class='ocr_par' dir='ltr' id='par_1_62' title="bbox 2067 2231 3642 2317">
     <span class='ocr_line' id='line_1_62' title="bbox 2067 2231 3642 2317; baseline 0.01 -31"><span class='ocrx_word' id='word_1_480' title='bbox 2067 2231 2490 2289; x_wconf 87' lang='lat' dir='ltr'><strong>incolumitatem</strong></span> <span class='ocrx_word' id='word_1_481' title='bbox 2520 2245 2804 2306; x_wconf 91' lang='lat' dir='ltr'><strong>postquam</strong></span> <span class='ocrx_word' id='word_1_482' title='bbox 2836 2241 3005 2295; x_wconf 88' lang='lat' dir='ltr'><strong>semel</strong></span> <span class='ocrx_word' id='word_1_483' title='bbox 3033 2242 3260 2313; x_wconf 90' lang='lat' dir='ltr'><strong>adeptus</strong></span> <span class='ocrx_word' id='word_1_484' title='bbox 3293 2244 3485 2312; x_wconf 81' lang='lat' dir='ltr'><strong>fueris,</strong></span> <span class='ocrx_word' id='word_1_485' title='bbox 3516 2262 3642 2317; x_wconf 81' lang='lat' dir='ltr'><strong>pcr-</strong></span> 
     </span>
    </p>
   </div>
   <div class='ocr_carea' id='block_1_63' title="bbox 2065 2322 3645 2404">
    <p class='ocr_par' dir='ltr' id='par_1_63' title="bbox 2065 2322 3645 2404">
     <span class='ocr_line' id='line_1_63' title="bbox 2065 2322 3645 2404; baseline 0.01 -28"><span class='ocrx_word' id='word_1_486' title='bbox 2065 2322 2211 2393; x_wconf 88' lang='lat' dir='ltr'><strong>vigili</strong></span> <span class='ocrx_word' id='word_1_487' title='bbox 2234 2332 2419 2392; x_wconf 88' lang='lat' dir='ltr'><strong>satage</strong></span> <span class='ocrx_word' id='word_1_488' title='bbox 2443 2326 2661 2381; x_wconf 88' lang='lat' dir='ltr'><strong>solertia</strong></span> <span class='ocrx_word' id='word_1_489' title='bbox 2687 2330 2978 2385; x_wconf 88' lang='lat' dir='ltr'><strong>custodire.</strong></span> <span class='ocrx_word' id='word_1_490' title='bbox 3004 2331 3136 2387; x_wconf 85' lang='lat' dir='ltr'><strong>Nam</strong></span> <span class='ocrx_word' id='word_1_491' title='bbox 3162 2335 3313 2404; x_wconf 90' lang='lat' dir='ltr'><strong>pejor</strong></span> <span class='ocrx_word' id='word_1_492' title='bbox 3337 2345 3421 2391; x_wconf 89' lang='lat' dir='ltr'><strong>est</strong></span> <span class='ocrx_word' id='word_1_493' title='bbox 3450 2337 3645 2391; x_wconf 86' lang='lat' dir='ltr'><strong>recidi-</strong></span> 
     </span>
    </p>
   </div>
   <div class='ocr_carea' id='block_1_64' title="bbox 2068 2412 3644 2491">
    <p class='ocr_par' dir='ltr' id='par_1_64' title="bbox 2068 2412 3644 2491">
     <span class='ocr_line' id='line_1_64' title="bbox 2068 2412 3644 2491; baseline 0.01 -27"><span class='ocrx_word' id='word_1_494' title='bbox 2068 2427 2132 2466; x_wconf 90' lang='lat' dir='ltr'><strong>va</strong></span> <span class='ocrx_word' id='word_1_495' title='bbox 2169 2427 2328 2481; x_wconf 78' lang='lat' dir='ltr'><strong>quam</strong></span> <span class='ocrx_word' id='word_1_496' title='bbox 2360 2412 2553 2481; x_wconf 80' lang='lat' dir='ltr'><strong>febris;</strong></span> <span class='ocrx_word' id='word_1_497' title='bbox 2596 2424 2673 2482; x_wconf 90' lang='lat' dir='ltr'><strong>et,</strong></span> <span class='ocrx_word' id='word_1_498' title='bbox 2706 2418 2845 2472; x_wconf 89' lang='lat' dir='ltr'><strong>sicut</strong></span> <span class='ocrx_word' id='word_1_499' title='bbox 2873 2420 3067 2475; x_wconf 89' lang='lat' dir='ltr'><strong>medici</strong></span> <span class='ocrx_word' id='word_1_500' title='bbox 3106 2423 3436 2491; x_wconf 88' lang='lat' dir='ltr'><strong>perhibent,</strong></span> <span class='ocrx_word' id='word_1_501' title='bbox 3486 2426 3644 2480; x_wconf 70' lang='lat' dir='ltr'><strong>diana</strong></span> 
     </span>
    </p>
   </div>
   <div class='ocr_carea' id='block_1_65' title="bbox 2067 2502 3640 2579">
    <p class='ocr_par' dir='ltr' id='par_1_65' title="bbox 2067 2502 3640 2579">
     <span class='ocr_line' id='line_1_65' title="bbox 2067 2502 3640 2579; baseline 0.01 -25"><span class='ocrx_word' id='word_1_502' title='bbox 2067 2517 2173 2555; x_wconf 92' lang='lat' dir='ltr'><strong>non</strong></span> <span class='ocrx_word' id='word_1_503' title='bbox 2202 2502 2378 2558; x_wconf 90' lang='lat' dir='ltr'><strong>minus</strong></span> <span class='ocrx_word' id='word_1_504' title='bbox 2416 2512 2500 2560; x_wconf 90' lang='lat' dir='ltr'><strong>est</strong></span> <span class='ocrx_word' id='word_1_505' title='bbox 2520 2504 2853 2563; x_wconf 87' lang='lat' dir='ltr'><strong>observanda</strong></span> <span class='ocrx_word' id='word_1_506' title='bbox 2880 2524 3042 2579; x_wconf 90' lang='lat' dir='ltr'><strong>quam</strong></span> <span class='ocrx_word' id='word_1_507' title='bbox 3065 2526 3230 2579; x_wconf 91' lang='lat' dir='ltr'><strong>cura;</strong></span> <span class='ocrx_word' id='word_1_508' title='bbox 3284 2514 3532 2570; x_wconf 83' lang='lat' dir='ltr'><strong>videlicet</strong></span> <span class='ocrx_word' id='word_1_509' title='bbox 3581 2527 3640 2570; x_wconf 89' lang='lat' dir='ltr'><strong>ut</strong></span> 
     </span>
    </p>
   </div>
   <div class='ocr_carea' id='block_1_66' title="bbox 2068 2597 3642 2680">
    <p class='ocr_par' dir='ltr' id='par_1_66' title="bbox 2068 2597 3642 2680">
     <span class='ocr_line' id='line_1_66' title="bbox 2068 2597 3642 2680; baseline 0.01 -31"><span class='ocrx_word' id='word_1_510' title='bbox 2068 2597 2316 2652; x_wconf 86' lang='lat' dir='ltr'><strong>alimenta</strong></span> <span class='ocrx_word' id='word_1_511' title='bbox 2355 2614 2474 2669; x_wconf 83' lang='lat' dir='ltr'><strong>quae</strong></span> <span class='ocrx_word' id='word_1_512' title='bbox 2493 2609 2615 2655; x_wconf 91' lang='lat' dir='ltr'><strong>sunt</strong></span> <span class='ocrx_word' id='word_1_513' title='bbox 2635 2604 2904 2658; x_wconf 89' lang='lat' dir='ltr'><strong>contraria</strong></span> <span class='ocrx_word' id='word_1_514' title='bbox 2936 2619 3160 2672; x_wconf 85' lang='lat' dir='ltr'><strong>caveas;</strong></span> <span class='ocrx_word' id='word_1_515' title='bbox 3188 2616 3242 2663; x_wconf 89' lang='lat' dir='ltr'><strong>et</strong></span> <span class='ocrx_word' id='word_1_516' title='bbox 3261 2608 3522 2680; x_wconf 87' lang='lat' dir='ltr'><strong>quidquid</strong></span> <span class='ocrx_word' id='word_1_517' title='bbox 3545 2626 3642 2665; x_wconf 94' lang='lat' dir='ltr'><strong>no-</strong></span> 
     </span>
    </p>
   </div>
   <div class='ocr_carea' id='block_1_67' title="bbox 2069 2688 3637 2768">
    <p class='ocr_par' dir='ltr' id='par_1_67' title="bbox 2069 2688 3637 2768">
     <span class='ocr_line' id='line_1_67' title="bbox 2069 2688 3637 2768; baseline 0.009 -26"><span class='ocrx_word' id='word_1_518' title='bbox 2069 2688 2236 2753; x_wconf 89' lang='lat' dir='ltr'><strong>xium,</strong></span> <span class='ocrx_word' id='word_1_519' title='bbox 2258 2691 2513 2760; x_wconf 91' lang='lat' dir='ltr'><strong>quidquid</strong></span> <span class='ocrx_word' id='word_1_520' title='bbox 2533 2694 2766 2763; x_wconf 88' lang='lat' dir='ltr'><strong>acceptis</strong></span> <span class='ocrx_word' id='word_1_521' title='bbox 2788 2696 3039 2753; x_wconf 88' lang='lat' dir='ltr'><strong>antidotis</strong></span> <span class='ocrx_word' id='word_1_522' title='bbox 3051 2696 3311 2768; x_wconf 88' lang='lat' dir='ltr'><strong>probatur</strong></span> <span class='ocrx_word' id='word_1_523' title='bbox 3331 2700 3637 2764; x_wconf 89' lang='lat' dir='ltr'><strong>adversum.</strong></span> 
     </span>
    </p>
   </div>
   <div class='ocr_carea' id='block_1_68' title="bbox 2071 2781 3709 2858">
    <p class='ocr_par' dir='ltr' id='par_1_68' title="bbox 2071 2781 3709 2858">
     <span class='ocr_line' id='line_1_68' title="bbox 2071 2781 3709 2858; baseline 0.009 -26"><span class='ocrx_word' id='word_1_524' title='bbox 2071 2786 2323 2847; x_wconf 85' lang='lat' dir='ltr'><strong>tanquam</strong></span> <span class='ocrx_word' id='word_1_525' title='bbox 2336 2781 2482 2836; x_wconf 89' lang='lat' dir='ltr'><strong>virus</strong></span> <span class='ocrx_word' id='word_1_526' title='bbox 2504 2781 2697 2838; x_wconf 89' lang='lat' dir='ltr'><strong>lethale</strong></span> <span class='ocrx_word' id='word_1_527' title='bbox 2725 2793 3056 2841; x_wconf 90' lang='lat' dir='ltr'><strong>contemnas.</strong></span> <span class='ocrx_word' id='word_1_528' title='bbox 3073 2785 3185 2842; x_wconf 80' lang='lat' dir='ltr'><strong>Hoc</strong></span> <span class='ocrx_word' id='word_1_529' title='bbox 3202 2797 3286 2843; x_wconf 90' lang='lat' dir='ltr'><strong>est</strong></span> <span class='ocrx_word' id='word_1_530' title='bbox 3305 2788 3462 2858; x_wconf 87' lang='lat' dir='ltr'><strong>plane</strong></span> <span class='ocrx_word' id='word_1_531' title='bbox 3483 2790 3642 2846; x_wconf 90' lang='lat' dir='ltr'><strong>deca-</strong></span> <span class='ocrx_word' id='word_1_532' title='bbox 3704 2834 3709 2839; x_wconf 86' lang='lat'><strong>.</strong></span> 
     </span>
    </p>
   </div>
   <div class='ocr_carea' id='block_1_69' title="bbox 2069 2869 3641 2948">
    <p class='ocr_par' dir='ltr' id='par_1_69' title="bbox 2069 2869 3641 2948">
     <span class='ocr_line' id='line_1_69' title="bbox 2069 2869 3641 2948; baseline 0.008 -25"><span class='ocrx_word' id='word_1_533' title='bbox 2069 2869 2328 2923; x_wconf 89' lang='lat' dir='ltr'><strong>chordum</strong></span> <span class='ocrx_word' id='word_1_534' title='bbox 2356 2870 2481 2926; x_wconf 90' lang='lat' dir='ltr'><strong>illud</strong></span> <span class='ocrx_word' id='word_1_535' title='bbox 2506 2871 2854 2941; x_wconf 71' lang='lat' dir='ltr'><strong>psalterium;</strong></span> <span class='ocrx_word' id='word_1_536' title='bbox 2875 2875 3019 2944; x_wconf 89' lang='lat' dir='ltr'><strong>quod</strong></span> <span class='ocrx_word' id='word_1_537' title='bbox 3049 2875 3237 2942; x_wconf 77' lang='lat' dir='ltr'><strong>crebra</strong></span> <span class='ocrx_word' id='word_1_538' title='bbox 3267 2877 3457 2947; x_wconf 90' lang='lat' dir='ltr'><strong>plectri</strong></span> <span class='ocrx_word' id='word_1_539' title='bbox 3479 2877 3641 2948; x_wconf 82' lang='lat' dir='ltr'><strong>jube-</strong></span> 
     </span>
    </p>
   </div>
   <div class='ocr_carea' id='block_1_70' title="bbox 2071 2961 3644 3039">
    <p class='ocr_par' dir='ltr' id='par_1_70' title="bbox 2071 2961 3644 3039">
     <span class='ocr_line' id='line_1_70' title="bbox 2071 2961 3644 3039; baseline 0.004 -24"><span class='ocrx_word' id='word_1_540' title='bbox 2071 2977 2191 3015; x_wconf 89' lang='lat' dir='ltr'><strong>mur</strong></span> <span class='ocrx_word' id='word_1_541' title='bbox 2217 2961 2531 3032; x_wconf 87' lang='lat' dir='ltr'><strong>impulsione</strong></span> <span class='ocrx_word' id='word_1_542' title='bbox 2552 2973 2853 3033; x_wconf 82' lang='lat' dir='ltr'><strong>percutere,</strong></span> <span class='ocrx_word' id='word_1_543' title='bbox 2881 2966 2985 3021; x_wconf 87' lang='lat' dir='ltr'><strong>hoc</strong></span> <span class='ocrx_word' id='word_1_544' title='bbox 3012 2973 3094 3021; x_wconf 89' lang='lat' dir='ltr'><strong>est</strong></span> <span class='ocrx_word' id='word_1_545' title='bbox 3121 3005 3137 3033; x_wconf 93' lang='lat'><strong>,</strong></span> <span class='ocrx_word' id='word_1_546' title='bbox 3167 2968 3368 3024; x_wconf 87' lang='lat' dir='ltr'><strong>sanctis</strong></span> <span class='ocrx_word' id='word_1_547' title='bbox 3391 2969 3644 3039; x_wconf 82' lang='lat' dir='ltr'><strong>Operibus</strong></span> 
     </span>
    </p>
   </div>
   <div class='ocr_carea' id='block_1_71' title="bbox 2072 3057 3647 3131">
    <p class='ocr_par' dir='ltr' id='par_1_71' title="bbox 2072 3057 3647 3131">
     <span class='ocr_line' id='line_1_71' title="bbox 2072 3057 3647 3131; baseline 0.004 -21"><span class='ocrx_word' id='word_1_548' title='bbox 2072 3057 2225 3127; x_wconf 87' lang='lat' dir='ltr'><strong>quasi</strong></span> <span class='ocrx_word' id='word_1_549' title='bbox 2250 3065 2328 3111; x_wconf 94' lang='lat' dir='ltr'><strong>tot</strong></span> <span class='ocrx_word' id='word_1_550' title='bbox 2352 3058 2581 3113; x_wconf 91' lang='lat' dir='ltr'><strong>chordas</strong></span> <span class='ocrx_word' id='word_1_551' title='bbox 2600 3066 2731 3127; x_wconf 91' lang='lat' dir='ltr'><strong>quot</strong></span> <span class='ocrx_word' id='word_1_552' title='bbox 2770 3067 2898 3113; x_wconf 86' lang='lat' dir='ltr'><strong>sunt</strong></span> <span class='ocrx_word' id='word_1_553' title='bbox 2928 3058 3181 3115; x_wconf 88' lang='lat' dir='ltr'><strong>mandata</strong></span> <span class='ocrx_word' id='word_1_554' title='bbox 3207 3099 3223 3125; x_wconf 93' lang='lat'><strong>,</strong></span> <span class='ocrx_word' id='word_1_555' title='bbox 3243 3060 3503 3131; x_wconf 89' lang='lat' dir='ltr'><strong>crispare.</strong></span> <span class='ocrx_word' id='word_1_556' title='bbox 3549 3060 3647 3117; x_wconf 88' lang='lat' dir='ltr'><strong>llis</strong></span> 
     </span>
    </p>
   </div>
   <div class='ocr_carea' id='block_1_72' title="bbox 2074 3146 3648 3218">
    <p class='ocr_par' dir='ltr' id='par_1_72' title="bbox 2074 3146 3648 3218">
     <span class='ocr_line' id='line_1_72' title="bbox 2074 3146 3648 3218; baseline 0.001 -17"><span class='ocrx_word' id='word_1_557' title='bbox 2074 3147 2255 3214; x_wconf 85' lang='lat' dir='ltr'><strong>itaque</strong></span> <span class='ocrx_word' id='word_1_558' title='bbox 2271 3147 2406 3201; x_wconf 88' lang='lat' dir='ltr'><strong>bene</strong></span> <span class='ocrx_word' id='word_1_559' title='bbox 2418 3146 2727 3217; x_wconf 87' lang='lat' dir='ltr'><strong>compositis</strong></span> <span class='ocrx_word' id='word_1_560' title='bbox 2744 3186 2760 3211; x_wconf 87' lang='lat'><strong>,</strong></span> <span class='ocrx_word' id='word_1_561' title='bbox 2778 3162 2900 3203; x_wconf 89' lang='lat' dir='ltr'><strong>cum</strong></span> <span class='ocrx_word' id='word_1_562' title='bbox 2914 3146 3094 3218; x_wconf 83' lang='lat' dir='ltr'><strong>Moyse</strong></span> <span class='ocrx_word' id='word_1_563' title='bbox 3114 3156 3364 3204; x_wconf 88' lang='lat' dir='ltr'><strong>montana</strong></span> <span class='ocrx_word' id='word_1_564' title='bbox 3387 3163 3648 3205; x_wconf 67' lang='lat' dir='ltr'><strong>conscen~</strong></span> 
     </span>
    </p>
   </div>
   <div class='ocr_carea' id='block_1_73' title="bbox 2072 3235 3647 3307">
    <p class='ocr_par' dir='ltr' id='par_1_73' title="bbox 2072 3235 3647 3307">
     <span class='ocr_line' id='line_1_73' title="bbox 2072 3235 3647 3307; baseline 0.003 -17"><span class='ocrx_word' id='word_1_565' title='bbox 2072 3235 2157 3295; x_wconf 89' lang='lat' dir='ltr'><strong>de,</strong></span> <span class='ocrx_word' id='word_1_566' title='bbox 2177 3235 2516 3289; x_wconf 88' lang='lat' dir='ltr'><strong>districtioris</strong></span> <span class='ocrx_word' id='word_1_567' title='bbox 2536 3235 2659 3292; x_wconf 68' lang='lat' dir='ltr'><strong>vitae</strong></span> <span class='ocrx_word' id='word_1_568' title='bbox 2677 3236 2949 3307; x_wconf 81' lang='lat' dir='ltr'><strong>fastigium</strong></span> <span class='ocrx_word' id='word_1_569' title='bbox 2971 3236 3170 3306; x_wconf 88' lang='lat' dir='ltr'><strong>arripe,</strong></span> <span class='ocrx_word' id='word_1_570' title='bbox 3186 3246 3245 3291; x_wconf 92' lang='lat' dir='ltr'><strong>ut</strong></span> <span class='ocrx_word' id='word_1_571' title='bbox 3266 3252 3387 3293; x_wconf 89' lang='lat' dir='ltr'><strong>cum</strong></span> <span class='ocrx_word' id='word_1_572' title='bbox 3409 3238 3647 3294; x_wconf 87' lang='lat' dir='ltr'><strong>eosimul</strong></span> 
     </span>
    </p>
   </div>
   <div class='ocr_carea' id='block_1_74' title="bbox 2074 3327 3647 3396">
    <p class='ocr_par' dir='ltr' id='par_1_74' title="bbox 2074 3327 3647 3396">
     <span class='ocr_line' id='line_1_74' title="bbox 2074 3327 3647 3396; baseline 0.004 -16"><span class='ocrx_word' id='word_1_573' title='bbox 2074 3327 2335 3382; x_wconf 87' lang='lat' dir='ltr'><strong>merearis</strong></span> <span class='ocrx_word' id='word_1_574' title='bbox 2363 3328 2549 3383; x_wconf 89' lang='lat' dir='ltr'><strong>audire</strong></span> <span class='ocrx_word' id='word_1_575' title='bbox 2575 3346 2588 3382; x_wconf 89' lang='lat'><strong>:</strong></span> <span class='ocrx_word' id='word_1_576' title='bbox 2619 3345 2640 3380; x_wconf 75' lang='lat' dir='ltr'><strong>t</strong></span> <span class='ocrx_word' id='word_1_577' title='bbox 2674 3329 2839 3396; x_wconf 87' lang='lat' dir='ltr'><strong>Vade,</strong></span> <span class='ocrx_word' id='word_1_578' title='bbox 2864 3338 2921 3384; x_wconf 91' lang='lat' dir='ltr'><strong>et</strong></span> <span class='ocrx_word' id='word_1_579' title='bbox 2937 3329 3024 3385; x_wconf 91' lang='lat' dir='ltr'><strong>dic</strong></span> <span class='ocrx_word' id='word_1_580' title='bbox 3049 3330 3129 3385; x_wconf 91' lang='lat' dir='ltr'><strong>eis</strong></span> <span class='ocrx_word' id='word_1_581' title='bbox 3162 3347 3176 3384; x_wconf 90' lang='lat'><strong>:</strong></span> <span class='ocrx_word' id='word_1_582' title='bbox 3208 3329 3562 3387; x_wconf 78' lang='lat' dir='ltr'><strong>Revertimini</strong></span> <span class='ocrx_word' id='word_1_583' title='bbox 3589 3333 3647 3387; x_wconf 91' lang='lat' dir='ltr'><strong>in</strong></span> 
     </span>
    </p>
   </div>
   <div class='ocr_carea' id='block_1_75' title="bbox 2078 3414 3646 3488">
    <p class='ocr_par' dir='ltr' id='par_1_75' title="bbox 2078 3414 3646 3488">
     <span class='ocr_line' id='line_1_75' title="bbox 2078 3414 3646 3488; baseline 0.005 -20"><span class='ocrx_word' id='word_1_584' title='bbox 2078 3414 2306 3469; x_wconf 89' lang='lat' dir='ltr'><strong>tentoria</strong></span> <span class='ocrx_word' id='word_1_585' title='bbox 2337 3424 2546 3481; x_wconf 90' lang='lat' dir='ltr'><strong>vestra;</strong></span> <span class='ocrx_word' id='word_1_586' title='bbox 2580 3424 2633 3470; x_wconf 91' lang='lat' dir='ltr'><strong>tu</strong></span> <span class='ocrx_word' id='word_1_587' title='bbox 2656 3430 2784 3471; x_wconf 90' lang='lat' dir='ltr'><strong>vero</strong></span> <span class='ocrx_word' id='word_1_588' title='bbox 2811 3425 2893 3472; x_wconf 91' lang='lat' dir='ltr'><strong>sta</strong></span> <span class='ocrx_word' id='word_1_589' title='bbox 2924 3417 3032 3482; x_wconf 89' lang='lat' dir='ltr'><strong>hic,</strong></span> <span class='ocrx_word' id='word_1_590' title='bbox 3055 3426 3109 3473; x_wconf 88' lang='lat' dir='ltr'><strong>et</strong></span> <span class='ocrx_word' id='word_1_591' title='bbox 3132 3416 3322 3488; x_wconf 89' lang='lat' dir='ltr'><strong>loquar</strong></span> <span class='ocrx_word' id='word_1_592' title='bbox 3348 3419 3441 3474; x_wconf 90' lang='lat' dir='ltr'><strong>tibi</strong></span> <span class='ocrx_word' id='word_1_593' title='bbox 3463 3420 3646 3476; x_wconf 88' lang='lat' dir='ltr'><strong>omnia</strong></span> 
     </span>
    </p>
   </div>
   <div class='ocr_carea' id='block_1_76' title="bbox 2078 3504 3640 3581">
    <p class='ocr_par' dir='ltr' id='par_1_76' title="bbox 2078 3504 3640 3581">
     <span class='ocr_line' id='line_1_76' title="bbox 2078 3504 3640 3581; baseline 0.004 -23"><span class='ocrx_word' id='word_1_594' title='bbox 2078 3504 2349 3569; x_wconf 90' lang='lat' dir='ltr'><strong>mandata,</strong></span> <span class='ocrx_word' id='word_1_595' title='bbox 2379 3513 2432 3560; x_wconf 88' lang='lat' dir='ltr'><strong>et</strong></span> <span class='ocrx_word' id='word_1_596' title='bbox 2467 3505 2814 3562; x_wconf 72' lang='lat' dir='ltr'><strong>cteremonias</strong></span> <span class='ocrx_word' id='word_1_597' title='bbox 2837 3546 2854 3572; x_wconf 93' lang='lat'><strong>,</strong></span> <span class='ocrx_word' id='word_1_598' title='bbox 2890 3516 3051 3577; x_wconf 88' lang='lat' dir='ltr'><strong>atque</strong></span> <span class='ocrx_word' id='word_1_599' title='bbox 3073 3507 3275 3577; x_wconf 88' lang='lat' dir='ltr'><strong>judicia</strong></span> <span class='ocrx_word' id='word_1_600' title='bbox 3307 3510 3484 3581; x_wconf 87' lang='lat' dir='ltr'><strong>(Deut.</strong></span> <span class='ocrx_word' id='word_1_601' title='bbox 3508 3511 3584 3581; x_wconf 91' lang='lat' dir='ltr'><strong>v).</strong></span> <span class='ocrx_word' id='word_1_602' title='bbox 3621 3533 3640 3564; x_wconf 76' lang='grc' dir='ltr'><strong>ι</strong></span> 
     </span>
    </p>
   </div>
   <div class='ocr_carea' id='block_1_77' title="bbox 2078 3593 3645 3667">
    <p class='ocr_par' dir='ltr' id='par_1_77' title="bbox 2078 3593 3645 3667">
     <span class='ocr_line' id='line_1_77' title="bbox 2078 3593 3645 3667; baseline 0.007 -20"><span class='ocrx_word' id='word_1_603' title='bbox 2078 3593 2157 3647; x_wconf 84' lang='lat' dir='ltr'><strong>&#39;l‘u</strong></span> <span class='ocrx_word' id='word_1_604' title='bbox 2201 3608 2416 3664; x_wconf 90' lang='lat' dir='ltr'><strong>quoque</strong></span> <span class='ocrx_word' id='word_1_605' title='bbox 2453 3596 2589 3651; x_wconf 91' lang='lat' dir='ltr'><strong>dans</strong></span> <span class='ocrx_word' id='word_1_606' title='bbox 2633 3598 2835 3653; x_wconf 89' lang='lat' dir='ltr'><strong>mundo</strong></span> <span class='ocrx_word' id='word_1_607' title='bbox 2874 3599 3152 3667; x_wconf 91' lang='lat' dir='ltr'><strong>repudium</strong></span> <span class='ocrx_word' id='word_1_608' title='bbox 3178 3639 3194 3663; x_wconf 92' lang='lat'><strong>,</strong></span> <span class='ocrx_word' id='word_1_609' title='bbox 3246 3616 3367 3655; x_wconf 92' lang='lat' dir='ltr'><strong>cum</strong></span> <span class='ocrx_word' id='word_1_610' title='bbox 3420 3602 3645 3659; x_wconf 89' lang='lat' dir='ltr'><strong>Domino</strong></span> 
     </span>
    </p>
   </div>
   <div class='ocr_carea' id='block_1_78' title="bbox 2072 3684 3648 3762">
    <p class='ocr_par' dir='ltr' id='par_1_78' title="bbox 2072 3684 3648 3762">
     <span class='ocr_line' id='line_1_78' title="bbox 2072 3684 3648 3762; baseline 0.008 -25"><span class='ocrx_word' id='word_1_611' title='bbox 2072 3684 2271 3755; x_wconf 87' lang='lat' dir='ltr'><strong>jugiter</strong></span> <span class='ocrx_word' id='word_1_612' title='bbox 2297 3700 2553 3755; x_wconf 87' lang='lat' dir='ltr'><strong>permane</strong></span> <span class='ocrx_word' id='word_1_613' title='bbox 2575 3725 2591 3752; x_wconf 96' lang='lat'><strong>,</strong></span> <span class='ocrx_word' id='word_1_614' title='bbox 2639 3697 2694 3741; x_wconf 89' lang='lat' dir='ltr'><strong>et</strong></span> <span class='ocrx_word' id='word_1_615' title='bbox 2725 3688 2773 3742; x_wconf 93' lang='lat' dir='ltr'><strong>in</strong></span> <span class='ocrx_word' id='word_1_616' title='bbox 2803 3687 2919 3757; x_wconf 90' lang='lat' dir='ltr'><strong>ejus</strong></span> <span class='ocrx_word' id='word_1_617' title='bbox 2941 3700 3230 3759; x_wconf 90' lang='lat' dir='ltr'><strong>conspectu</strong></span> <span class='ocrx_word' id='word_1_618' title='bbox 3255 3702 3535 3762; x_wconf 89' lang='lat' dir='ltr'><strong>promptus</strong></span> <span class='ocrx_word' id='word_1_619' title='bbox 3561 3710 3648 3750; x_wconf 86' lang='lat' dir='ltr'><strong>as-</strong></span> 
     </span>
    </p>
   </div>
   <div class='ocr_carea' id='block_1_79' title="bbox 2079 3776 3648 3847">
    <p class='ocr_par' dir='ltr' id='par_1_79' title="bbox 2079 3776 3648 3847">
     <span class='ocr_line' id='line_1_79' title="bbox 2079 3776 3648 3847; baseline 0.005 -15"><span class='ocrx_word' id='word_1_620' title='bbox 2079 3776 2231 3832; x_wconf 86' lang='lat' dir='ltr'><strong>siste.</strong></span> <span class='ocrx_word' id='word_1_621' title='bbox 2277 3776 2460 3847; x_wconf 78' lang='lat' dir='ltr'><strong>Neque</strong></span> <span class='ocrx_word' id='word_1_622' title='bbox 2492 3776 2637 3832; x_wconf 89' lang='lat' dir='ltr'><strong>enim</strong></span> <span class='ocrx_word' id='word_1_623' title='bbox 2676 3777 2808 3833; x_wconf 90' lang='lat' dir='ltr'><strong>dicit</strong></span> <span class='ocrx_word' id='word_1_624' title='bbox 2852 3793 2867 3832; x_wconf 87' lang='lat'><strong>:</strong></span> <span class='ocrx_word' id='word_1_625' title='bbox 2907 3777 3048 3834; x_wconf 86' lang='lat' dir='ltr'><strong>Sede</strong></span> <span class='ocrx_word' id='word_1_626' title='bbox 3101 3780 3227 3845; x_wconf 90' lang='lat' dir='ltr'><strong>hic,</strong></span> <span class='ocrx_word' id='word_1_627' title='bbox 3273 3780 3355 3835; x_wconf 88' lang='lat' dir='ltr'><strong>vel</strong></span> <span class='ocrx_word' id='word_1_628' title='bbox 3392 3785 3648 3840; x_wconf 88' lang='lat' dir='ltr'><strong>recumbc</strong></span> 
     </span>
    </p>
   </div>
   <div class='ocr_carea' id='block_1_80' title="bbox 2078 3867 3646 3942">
    <p class='ocr_par' dir='ltr' id='par_1_80' title="bbox 2078 3867 3646 3942">
     <span class='ocr_line' id='line_1_80' title="bbox 2078 3867 3646 3942; baseline 0.003 -19"><span class='ocrx_word' id='word_1_629' title='bbox 2078 3882 2322 3934; x_wconf 89' lang='lat' dir='ltr'><strong>mecum;</strong></span> <span class='ocrx_word' id='word_1_630' title='bbox 2354 3867 2482 3935; x_wconf 89' lang='lat' dir='ltr'><strong>sed,</strong></span> <span class='ocrx_word' id='word_1_631' title='bbox 2526 3877 2610 3923; x_wconf 90' lang='lat' dir='ltr'><strong>sta</strong></span> <span class='ocrx_word' id='word_1_632' title='bbox 2638 3867 2727 3924; x_wconf 87' lang='lat' dir='ltr'><strong>hic</strong></span> <span class='ocrx_word' id='word_1_633' title='bbox 2768 3882 2998 3924; x_wconf 88' lang='lat' dir='ltr'><strong>mecum.</strong></span> <span class='ocrx_word' id='word_1_634' title='bbox 3057 3868 3126 3924; x_wconf 87' lang='lat' dir='ltr'><strong>Ut</strong></span> <span class='ocrx_word' id='word_1_635' title='bbox 3148 3870 3411 3942; x_wconf 86' lang='lat' dir='ltr'><strong>intelligas</strong></span> <span class='ocrx_word' id='word_1_636' title='bbox 3471 3872 3646 3942; x_wconf 89' lang='lat' dir='ltr'><strong>ipsum</strong></span> 
     </span>
    </p>
   </div>
   <div class='ocr_carea' id='block_1_81' title="bbox 2077 3955 3645 4025">
    <p class='ocr_par' dir='ltr' id='par_1_81' title="bbox 2077 3955 3645 4025">
     <span class='ocr_line' id='line_1_81' title="bbox 2077 3955 3645 4025; baseline 0.003 -14"><span class='ocrx_word' id='word_1_637' title='bbox 2077 3956 2354 4025; x_wconf 91' lang='lat' dir='ltr'><strong>spirituale</strong></span> <span class='ocrx_word' id='word_1_638' title='bbox 2373 3956 2540 4012; x_wconf 92' lang='lat' dir='ltr'><strong>otium</strong></span> <span class='ocrx_word' id='word_1_639' title='bbox 2565 3956 2616 4010; x_wconf 92' lang='lat' dir='ltr'><strong>in</strong></span> <span class='ocrx_word' id='word_1_640' title='bbox 2640 3955 2838 4012; x_wconf 87' lang='lat' dir='ltr'><strong>laboris</strong></span> <span class='ocrx_word' id='word_1_641' title='bbox 2863 3956 3124 4012; x_wconf 87' lang='lat' dir='ltr'><strong>exercitio</strong></span> <span class='ocrx_word' id='word_1_642' title='bbox 3148 3959 3517 4014; x_wconf 91' lang='lat' dir='ltr'><strong>constitutum.</strong></span> <span class='ocrx_word' id='word_1_643' title='bbox 3548 3959 3645 4015; x_wconf 90' lang='lat' dir='ltr'><strong>Sta</strong></span> 
     </span>
    </p>
   </div>
   <div class='ocr_carea' id='block_1_82' title="bbox 2078 4045 3645 4117">
    <p class='ocr_par' dir='ltr' id='par_1_82' title="bbox 2078 4045 3645 4117">
     <span class='ocr_line' id='line_1_82' title="bbox 2078 4045 3645 4117; baseline 0.002 -16"><span class='ocrx_word' id='word_1_644' title='bbox 2078 4046 2241 4117; x_wconf 84' lang='lat' dir='ltr'><strong>igitur</strong></span> <span class='ocrx_word' id='word_1_645' title='bbox 2265 4046 2318 4101; x_wconf 91' lang='lat' dir='ltr'><strong>in</strong></span> <span class='ocrx_word' id='word_1_646' title='bbox 2349 4055 2529 4101; x_wconf 86' lang='lat' dir='ltr'><strong>monte</strong></span> <span class='ocrx_word' id='word_1_647' title='bbox 2552 4062 2675 4102; x_wconf 91' lang='lat' dir='ltr'><strong>cum</strong></span> <span class='ocrx_word' id='word_1_648' title='bbox 2703 4046 2952 4112; x_wconf 87' lang='lat' dir='ltr'><strong>Domino,</strong></span> <span class='ocrx_word' id='word_1_649' title='bbox 2976 4055 3036 4100; x_wconf 90' lang='lat' dir='ltr'><strong>ut</strong></span> <span class='ocrx_word' id='word_1_650' title='bbox 3057 4045 3425 4107; x_wconf 70' lang='lat' dir='ltr'><strong>infmderabile</strong></span> <span class='ocrx_word' id='word_1_651' title='bbox 3448 4048 3645 4104; x_wconf 88' lang='lat' dir='ltr'><strong>bellum</strong></span> 
     </span>
    </p>
   </div>
   <div class='ocr_carea' id='block_1_83' title="bbox 2078 4134 3646 4209">
    <p class='ocr_par' dir='ltr' id='par_1_83' title="bbox 2078 4134 3646 4209">
     <span class='ocr_line' id='line_1_83' title="bbox 2078 4134 3646 4209; baseline 0.001 -16"><span class='ocrx_word' id='word_1_652' title='bbox 2078 4152 2200 4193; x_wconf 90' lang='lat' dir='ltr'><strong>cum</strong></span> <span class='ocrx_word' id='word_1_653' title='bbox 2227 4137 2505 4206; x_wconf 86' lang='lat' dir='ltr'><strong>spiritibus</strong></span> <span class='ocrx_word' id='word_1_654' title='bbox 2527 4136 2778 4206; x_wconf 74' lang='lat' dir='ltr'><strong>nequitite</strong></span> <span class='ocrx_word' id='word_1_655' title='bbox 2801 4134 3004 4209; x_wconf 89' lang='lat' dir='ltr'><strong>jugiter</strong></span> <span class='ocrx_word' id='word_1_656' title='bbox 3056 4151 3313 4192; x_wconf 88' lang='lat' dir='ltr'><strong>conseras</strong></span> <span class='ocrx_word' id='word_1_657' title='bbox 3336 4178 3352 4206; x_wconf 92' lang='lat'><strong>,</strong></span> <span class='ocrx_word' id='word_1_658' title='bbox 3393 4147 3453 4192; x_wconf 92' lang='lat' dir='ltr'><strong>ut</strong></span> <span class='ocrx_word' id='word_1_659' title='bbox 3478 4139 3646 4194; x_wconf 84' lang='lat' dir='ltr'><strong>illices</strong></span> 
     </span>
    </p>
   </div>
   <div class='ocr_carea' id='block_1_84' title="bbox 2078 4225 3677 4298">
    <p class='ocr_par' dir='ltr' id='par_1_84' title="bbox 2078 4225 3677 4298">
     <span class='ocr_line' id='line_1_84' title="bbox 2078 4225 3677 4298; baseline 0.002 -19"><span class='ocrx_word' id='word_1_660' title='bbox 2078 4225 2388 4296; x_wconf 90' lang='lat' dir='ltr'><strong>passionum</strong></span> <span class='ocrx_word' id='word_1_661' title='bbox 2444 4225 2741 4281; x_wconf 90' lang='lat' dir='ltr'><strong>carnalium</strong></span> <span class='ocrx_word' id='word_1_662' title='bbox 2804 4226 3133 4298; x_wconf 85' lang='lat' dir='ltr'><strong>petulantias</strong></span> <span class='ocrx_word' id='word_1_663' title='bbox 3206 4240 3311 4283; x_wconf 89' lang='lat' dir='ltr'><strong>non</strong></span> <span class='ocrx_word' id='word_1_664' title='bbox 3375 4227 3677 4282; x_wconf 36' lang='lat' dir='ltr'><strong>enerviter&#39;</strong></span> 
     </span>
    </p>
   </div>
   <div class='ocr_carea' id='block_1_85' title="bbox 406 4315 1989 4415">
    <p class='ocr_par' dir='ltr' id='par_1_85' title="bbox 406 4319 1973 4402">
     <span class='ocr_line' id='line_1_85' title="bbox 406 4319 1973 4402; baseline 0.009 -31"><span class='ocrx_word' id='word_1_665' title='bbox 406 4333 551 4384; x_wconf 91' lang='lat' dir='ltr'><strong>nem,</strong></span> <span class='ocrx_word' id='word_1_666' title='bbox 597 4339 615 4371; x_wconf 72' lang='grc' dir='ltr'>ι</span> <span class='ocrx_word' id='word_1_667' title='bbox 635 4319 1031 4392; x_wconf 88' lang='lat' dir='ltr'><strong>Primogenitus</strong></span> <span class='ocrx_word' id='word_1_668' title='bbox 1051 4334 1407 4393; x_wconf 91' lang='lat' dir='ltr'><strong>mortuorum,</strong></span> <span class='ocrx_word' id='word_1_669' title='bbox 1430 4336 1485 4382; x_wconf 91' lang='lat' dir='ltr'><strong>et</strong></span> <span class='ocrx_word' id='word_1_670' title='bbox 1509 4328 1759 4398; x_wconf 89' lang='lat' dir='ltr'><strong>princeps</strong></span> <span class='ocrx_word' id='word_1_671' title='bbox 1786 4345 1973 4402; x_wconf 89' lang='lat' dir='ltr'><strong>regum</strong></span> 
     </span>
    </p>
   </div>
   <div class='ocr_carea' id='block_1_86' title="bbox 2070 4315 3647 4415">
    <p class='ocr_par' dir='ltr' id='par_1_86' title="bbox 2082 4315 3647 4389">
     <span class='ocr_line' id='line_1_86' title="bbox 2082 4315 3647 4389; baseline 0.002 -18"><span class='ocrx_word' id='word_1_672' title='bbox 2082 4317 2317 4389; x_wconf 87' lang='lat' dir='ltr'><strong>frangas.</strong></span> <span class='ocrx_word' id='word_1_673' title='bbox 2358 4315 2449 4373; x_wconf 92' lang='lat' dir='ltr'><strong>Sic</strong></span> <span class='ocrx_word' id='word_1_674' title='bbox 2493 4316 2673 4386; x_wconf 87' lang='lat' dir='ltr'><strong>itaque</strong></span> <span class='ocrx_word' id='word_1_675' title='bbox 2709 4318 2969 4372; x_wconf 90' lang='lat' dir='ltr'><strong>adversus</strong></span> <span class='ocrx_word' id='word_1_676' title='bbox 3002 4318 3367 4386; x_wconf 87' lang='lat' dir='ltr'><strong>ingruentium</strong></span> <span class='ocrx_word' id='word_1_677' title='bbox 3396 4320 3647 4374; x_wconf 90' lang='lat' dir='ltr'><strong>vitiorum</strong></span> 
     </span>
    </p>
   </div>
   <div class='ocr_carea' id='block_1_87' title="bbox 408 4413 1974 4489">
    <p class='ocr_par' dir='ltr' id='par_1_87' title="bbox 408 4413 1974 4489">
     <span class='ocr_line' id='line_1_87' title="bbox 408 4413 1974 4489; baseline 0.009 -27"><span class='ocrx_word' id='word_1_678' title='bbox 408 4417 600 4477; x_wconf 67' lang='lat' dir='ltr'><strong>terra;</strong></span> <span class='ocrx_word' id='word_1_679' title='bbox 631 4413 721 4482; x_wconf 93' lang='lat' dir='ltr'><strong>qui</strong></span> <span class='ocrx_word' id='word_1_680' title='bbox 745 4414 930 4469; x_wconf 90' lang='lat' dir='ltr'><strong>dilexit</strong></span> <span class='ocrx_word' id='word_1_681' title='bbox 950 4430 1069 4481; x_wconf 90' lang='lat' dir='ltr'><strong>nos,</strong></span> <span class='ocrx_word' id='word_1_682' title='bbox 1094 4424 1149 4472; x_wconf 90' lang='lat' dir='ltr'><strong>et</strong></span> <span class='ocrx_word' id='word_1_683' title='bbox 1168 4415 1297 4471; x_wconf 87' lang='lat' dir='ltr'><strong>lavit</strong></span> <span class='ocrx_word' id='word_1_684' title='bbox 1321 4433 1422 4474; x_wconf 91' lang='lat' dir='ltr'><strong>nos</strong></span> <span class='ocrx_word' id='word_1_685' title='bbox 1450 4433 1480 4472; x_wconf 93' lang='lat' dir='ltr'><strong>a</strong></span> <span class='ocrx_word' id='word_1_686' title='bbox 1508 4421 1744 4489; x_wconf 89' lang='lat' dir='ltr'><strong>peccatis</strong></span> <span class='ocrx_word' id='word_1_687' title='bbox 1771 4420 1974 4476; x_wconf 84' lang='lat' dir='ltr'><strong>nostris</strong></span> 
     </span>
    </p>
   </div>
   <div class='ocr_carea' id='block_1_88' title="bbox 404 4496 2003 4579">
    <p class='ocr_par' dir='ltr' id='par_1_88' title="bbox 404 4496 2003 4579">
     <span class='ocr_line' id='line_1_88' title="bbox 404 4496 2003 4579; baseline 0.009 -29"><span class='ocrx_word' id='word_1_688' title='bbox 404 4498 459 4550; x_wconf 92' lang='lat' dir='ltr'><strong>in</strong></span> <span class='ocrx_word' id='word_1_689' title='bbox 488 4500 747 4569; x_wconf 88' lang='lat' dir='ltr'><strong>sanguine</strong></span> <span class='ocrx_word' id='word_1_690' title='bbox 785 4517 882 4557; x_wconf 91' lang='lat' dir='ltr'><strong>suo</strong></span> <span class='ocrx_word' id='word_1_691' title='bbox 912 4502 1094 4573; x_wconf 87' lang='lat' dir='ltr'><strong>(Apoc.</strong></span> <span class='ocrx_word' id='word_1_692' title='bbox 1134 4508 1197 4577; x_wconf 84' lang='grc' dir='ltr'><strong>ι).</strong></span> <span class='ocrx_word' id='word_1_693' title='bbox 1230 4524 1249 4558; x_wconf 74' lang='grc' dir='ltr'><strong>ι</strong></span> <span class='ocrx_word' id='word_1_694' title='bbox 1283 4505 1389 4562; x_wconf 87' lang='lat' dir='ltr'><strong>Sed</strong></span> <span class='ocrx_word' id='word_1_695' title='bbox 1428 4507 1516 4562; x_wconf 91' lang='lat' dir='ltr'><strong>hic</strong></span> <span class='ocrx_word' id='word_1_696' title='bbox 1548 4509 1936 4579; x_wconf 81' lang='lat' dir='ltr'><strong>printogenitus</strong></span> <span class='ocrx_word' id='word_1_697' title='bbox 1958 4496 2003 4577; x_wconf 34' lang='lat'><strong>,‘</strong></span> 
     </span>
    </p>
   </div>
   <div class='ocr_carea' id='block_1_89' title="bbox 406 4590 1975 4668">
    <p class='ocr_par' dir='ltr' id='par_1_89' title="bbox 406 4590 1975 4668">
     <span class='ocr_line' id='line_1_89' title="bbox 406 4590 1975 4668; baseline 0.006 -24"><span class='ocrx_word' id='word_1_698' title='bbox 406 4590 457 4644; x_wconf 92' lang='lat' dir='ltr'><strong>id</strong></span> <span class='ocrx_word' id='word_1_699' title='bbox 483 4592 565 4645; x_wconf 89' lang='lat' dir='ltr'><strong>est</strong></span> <span class='ocrx_word' id='word_1_700' title='bbox 604 4593 898 4662; x_wconf 89' lang='lat' dir='ltr'><strong>spiritualis</strong></span> <span class='ocrx_word' id='word_1_701' title='bbox 922 4594 1152 4663; x_wconf 89' lang='lat' dir='ltr'><strong>fructus,</strong></span> <span class='ocrx_word' id='word_1_702' title='bbox 1193 4594 1269 4653; x_wconf 89' lang='lat' dir='ltr'><strong>illi</strong></span> <span class='ocrx_word' id='word_1_703' title='bbox 1296 4598 1483 4668; x_wconf 82' lang='lat' dir='ltr'><strong>procul</strong></span> <span class='ocrx_word' id='word_1_704' title='bbox 1510 4600 1672 4655; x_wconf 88' lang='lat' dir='ltr'><strong>dubio</strong></span> <span class='ocrx_word' id='word_1_705' title='bbox 1702 4602 1930 4656; x_wconf 91' lang='lat' dir='ltr'><strong>moritur</strong></span> <span class='ocrx_word' id='word_1_706' title='bbox 1959 4640 1975 4663; x_wconf 91' lang='lat'><strong>,</strong></span> 
     </span>
    </p>
   </div>
   <div class='ocr_carea' id='block_1_90' title="bbox 404 4682 1976 4760">
    <p class='ocr_par' dir='ltr' id='par_1_90' title="bbox 404 4682 1976 4760">
     <span class='ocr_line' id='line_1_90' title="bbox 404 4682 1976 4760; baseline 0.008 -26"><span class='ocrx_word' id='word_1_707' title='bbox 404 4682 521 4751; x_wconf 90' lang='lat' dir='ltr'><strong>qui,</strong></span> <span class='ocrx_word' id='word_1_708' title='bbox 549 4683 663 4739; x_wconf 87' lang='lat' dir='ltr'><strong>suis</strong></span> <span class='ocrx_word' id='word_1_709' title='bbox 694 4700 800 4741; x_wconf 92' lang='lat' dir='ltr'><strong>non</strong></span> <span class='ocrx_word' id='word_1_710' title='bbox 827 4694 1133 4753; x_wconf 89' lang='lat' dir='ltr'><strong>contentus,</strong></span> <span class='ocrx_word' id='word_1_711' title='bbox 1158 4688 1349 4745; x_wconf 87' lang='lat' dir='ltr'><strong>alienis</strong></span> <span class='ocrx_word' id='word_1_712' title='bbox 1372 4690 1529 4746; x_wconf 90' lang='lat' dir='ltr'><strong>rebus</strong></span> <span class='ocrx_word' id='word_1_713' title='bbox 1549 4690 1805 4757; x_wconf 86' lang='lat' dir='ltr'><strong>intendit;</strong></span> <span class='ocrx_word' id='word_1_714' title='bbox 1831 4690 1976 4760; x_wconf 90' lang='lat' dir='ltr'><strong>quod</strong></span> 
     </span>
    </p>
   </div>
   <div class='ocr_carea' id='block_1_91' title="bbox 405 4772 1973 4849">
    <p class='ocr_par' dir='ltr' id='par_1_91' title="bbox 405 4772 1973 4849">
     <span class='ocr_line' id='line_1_91' title="bbox 405 4772 1973 4849; baseline 0.007 -25"><span class='ocrx_word' id='word_1_715' title='bbox 405 4772 631 4827; x_wconf 89' lang='lat' dir='ltr'><strong>fraterni</strong></span> <span class='ocrx_word' id='word_1_716' title='bbox 656 4772 795 4843; x_wconf 89' lang='lat' dir='ltr'><strong>juris</strong></span> <span class='ocrx_word' id='word_1_717' title='bbox 818 4784 901 4832; x_wconf 90' lang='lat' dir='ltr'><strong>est</strong></span> <span class='ocrx_word' id='word_1_718' title='bbox 922 4779 1156 4848; x_wconf 91' lang='lat' dir='ltr'><strong>appetit,</strong></span> <span class='ocrx_word' id='word_1_719' title='bbox 1187 4788 1244 4834; x_wconf 91' lang='lat' dir='ltr'><strong>et</strong></span> <span class='ocrx_word' id='word_1_720' title='bbox 1273 4780 1412 4834; x_wconf 92' lang='lat' dir='ltr'><strong>bona</strong></span> <span class='ocrx_word' id='word_1_721' title='bbox 1440 4779 1671 4849; x_wconf 87' lang='lat' dir='ltr'><strong>proximi</strong></span> <span class='ocrx_word' id='word_1_722' title='bbox 1694 4781 1973 4835; x_wconf 87' lang='lat' dir='ltr'><strong>succensis</strong></span> 
     </span>
    </p>
   </div>
   <div class='ocr_carea' id='block_1_92' title="bbox 407 4861 1977 4939">
    <p class='ocr_par' dir='ltr' id='par_1_92' title="bbox 407 4861 1977 4939">
     <span class='ocr_line' id='line_1_92' title="bbox 407 4861 1977 4939; baseline 0.004 -21"><span class='ocrx_word' id='word_1_723' title='bbox 407 4861 644 4918; x_wconf 78' lang='lat' dir='ltr'><strong>avaritia:</strong></span> <span class='ocrx_word' id='word_1_724' title='bbox 674 4863 881 4921; x_wconf 84' lang='lat' dir='ltr'><strong>facibus</strong></span> <span class='ocrx_word' id='word_1_725' title='bbox 911 4868 1259 4938; x_wconf 90' lang='lat' dir='ltr'><strong>concupiscit.</strong></span> <span class='ocrx_word' id='word_1_726' title='bbox 1283 4868 1387 4923; x_wconf 87' lang='lat' dir='ltr'><strong>Sed</strong></span> <span class='ocrx_word' id='word_1_727' title='bbox 1401 4869 1663 4925; x_wconf 88' lang='lat' dir='ltr'><strong>decimum</strong></span> <span class='ocrx_word' id='word_1_728' title='bbox 1683 4869 1814 4939; x_wconf 88' lang='lat' dir='ltr'><strong>legis</strong></span> <span class='ocrx_word' id='word_1_729' title='bbox 1836 4885 1977 4939; x_wconf 68' lang='lat' dir='ltr'><strong>prte-</strong></span> 
     </span>
    </p>
   </div>
   <div class='ocr_carea' id='block_1_93' title="bbox 402 4956 1975 5031">
    <p class='ocr_par' dir='ltr' id='par_1_93' title="bbox 402 4956 1975 5031">
     <span class='ocr_line' id='line_1_93' title="bbox 402 4956 1975 5031; baseline 0.007 -26"><span class='ocrx_word' id='word_1_730' title='bbox 402 4962 615 5020; x_wconf 87' lang='lat' dir='ltr'><strong>ceptum</strong></span> <span class='ocrx_word' id='word_1_731' title='bbox 672 4964 800 5011; x_wconf 89' lang='lat' dir='ltr'><strong>est:</strong></span> <span class='ocrx_word' id='word_1_732' title='bbox 836 4974 855 5008; x_wconf 73' lang='grc' dir='ltr'>ι</span> <span class='ocrx_word' id='word_1_733' title='bbox 890 4956 1008 5012; x_wconf 75' lang='lat' dir='ltr'><strong>Non</strong></span> <span class='ocrx_word' id='word_1_734' title='bbox 1051 4960 1398 5028; x_wconf 89' lang='lat' dir='ltr'><strong>concupisces</strong></span> <span class='ocrx_word' id='word_1_735' title='bbox 1451 4976 1563 5015; x_wconf 87' lang='lat' dir='ltr'><strong>rem</strong></span> <span class='ocrx_word' id='word_1_736' title='bbox 1616 4961 1845 5031; x_wconf 90' lang='lat' dir='ltr'><strong>proximi</strong></span> <span class='ocrx_word' id='word_1_737' title='bbox 1896 4961 1975 5016; x_wconf 92' lang='lat' dir='ltr'><strong>tui</strong></span> 
     </span>
    </p>
   </div>
   <div class='ocr_carea' id='block_1_94' title="bbox 402 5040 1976 5122">
    <p class='ocr_par' dir='ltr' id='par_1_94' title="bbox 402 5040 1976 5122">
     <span class='ocr_line' id='line_1_94' title="bbox 402 5040 1976 5122; baseline 0.008 -27"><span class='ocrx_word' id='word_1_738' title='bbox 402 5040 604 5107; x_wconf 65' lang='lat' dir='ltr'><strong>(Exod.</strong></span> <span class='ocrx_word' id='word_1_739' title='bbox 639 5045 753 5116; x_wconf 85' lang='lat' dir='ltr'><strong>xx).</strong></span> <span class='ocrx_word' id='word_1_740' title='bbox 785 5065 805 5099; x_wconf 73' lang='grc' dir='ltr'><strong><em>ι</em></strong></span> <span class='ocrx_word' id='word_1_741' title='bbox 859 5047 973 5105; x_wconf 89' lang='lat' dir='ltr'><strong>Hoc</strong></span> <span class='ocrx_word' id='word_1_742' title='bbox 1007 5048 1172 5119; x_wconf 87' lang='lat' dir='ltr'><strong>igitur</strong></span> <span class='ocrx_word' id='word_1_743' title='bbox 1211 5050 1300 5106; x_wconf 90' lang='lat' dir='ltr'><strong>ille</strong></span> <span class='ocrx_word' id='word_1_744' title='bbox 1346 5050 1653 5107; x_wconf 85' lang='lat' dir='ltr'><strong>mandatum</strong></span> <span class='ocrx_word' id='word_1_745' title='bbox 1690 5050 1976 5122; x_wconf 88' lang='lat' dir='ltr'><strong>diligenter</strong></span> 
     </span>
    </p>
   </div>
   <div class='ocr_carea' id='block_1_95' title="bbox 2077 4409 3648 4476">
    <p class='ocr_par' dir='ltr' id='par_1_95' title="bbox 2077 4409 3648 4476">
     <span class='ocr_line' id='line_1_95' title="bbox 2077 4409 3648 4476; baseline 0 -10"><span class='ocrx_word' id='word_1_746' title='bbox 2077 4410 2382 4466; x_wconf 88' lang='lat' dir='ltr'><strong>barbariem</strong></span> <span class='ocrx_word' id='word_1_747' title='bbox 2405 4409 2623 4476; x_wconf 91' lang='lat' dir='ltr'><strong>dimica,</strong></span> <span class='ocrx_word' id='word_1_748' title='bbox 2650 4417 2711 4465; x_wconf 89' lang='lat' dir='ltr'><strong>ut</strong></span> <span class='ocrx_word' id='word_1_749' title='bbox 2738 4409 2964 4465; x_wconf 89' lang='lat' dir='ltr'><strong>rebelles</strong></span> <span class='ocrx_word' id='word_1_750' title='bbox 2987 4425 3113 4467; x_wconf 89' lang='lat' dir='ltr'><strong>cum</strong></span> <span class='ocrx_word' id='word_1_751' title='bbox 3131 4410 3293 4467; x_wconf 88' lang='lat' dir='ltr'><strong>Josue</strong></span> <span class='ocrx_word' id='word_1_752' title='bbox 3315 4412 3485 4469; x_wconf 91' lang='lat' dir='ltr'><strong>victor</strong></span> <span class='ocrx_word' id='word_1_753' title='bbox 3510 4413 3648 4468; x_wconf 87' lang='lat' dir='ltr'><strong>obti-</strong></span> 
     </span>
    </p>
   </div>
   <div class='ocr_carea' id='block_1_96' title="bbox 2076 4497 3649 4573">
    <p class='ocr_par' dir='ltr' id='par_1_96' title="bbox 2076 4497 3649 4573">
     <span class='ocr_line' id='line_1_96' title="bbox 2076 4497 3649 4573; baseline 0.001 -18"><span class='ocrx_word' id='word_1_754' title='bbox 2076 4515 2209 4555; x_wconf 90' lang='lat' dir='ltr'><strong>neas</strong></span> <span class='ocrx_word' id='word_1_755' title='bbox 2254 4513 2409 4570; x_wconf 88' lang='lat' dir='ltr'><strong>reges</strong></span> <span class='ocrx_word' id='word_1_756' title='bbox 2455 4497 2593 4570; x_wconf 74' lang='lat' dir='ltr'><strong>(los.</strong></span> <span class='ocrx_word' id='word_1_757' title='bbox 2631 4498 2688 4569; x_wconf 74' lang='grc' dir='ltr'><strong>χ)</strong></span> <span class='ocrx_word' id='word_1_758' title='bbox 2715 4539 2730 4564; x_wconf 86' lang='grc'><em>,</em></span> <span class='ocrx_word' id='word_1_759' title='bbox 2771 4499 2991 4573; x_wconf 85' lang='lat' dir='ltr'><strong>ipseque</strong></span> <span class='ocrx_word' id='word_1_760' title='bbox 3020 4509 3070 4554; x_wconf 88' lang='lat' dir='ltr'><strong>te</strong></span> <span class='ocrx_word' id='word_1_761' title='bbox 3109 4498 3299 4566; x_wconf 86' lang='lat' dir='ltr'><strong>jubeat</strong></span> <span class='ocrx_word' id='word_1_762' title='bbox 3337 4501 3649 4557; x_wconf 88' lang='lat' dir='ltr'><strong>victricibus</strong></span> 
     </span>
    </p>
   </div>
   <div class='ocr_carea' id='block_1_97' title="bbox 2076 4589 3650 4660">
    <p class='ocr_par' dir='ltr' id='par_1_97' title="bbox 2076 4589 3650 4660">
     <span class='ocr_line' id='line_1_97' title="bbox 2076 4589 3650 4660; baseline 0.002 -16"><span class='ocrx_word' id='word_1_763' title='bbox 2076 4589 2276 4660; x_wconf 91' lang='lat' dir='ltr'><strong>plantis</strong></span> <span class='ocrx_word' id='word_1_764' title='bbox 2305 4603 2493 4645; x_wconf 86' lang='lat' dir='ltr'><strong>eorum</strong></span> <span class='ocrx_word' id='word_1_765' title='bbox 2519 4589 2729 4645; x_wconf 89' lang='lat' dir='ltr'><strong>calcare</strong></span> <span class='ocrx_word' id='word_1_766' title='bbox 2767 4590 3008 4646; x_wconf 89' lang='lat' dir='ltr'><strong>cervices</strong></span> <span class='ocrx_word' id='word_1_767' title='bbox 3033 4606 3053 4655; x_wconf 86' lang='lat'><strong>;</strong></span> <span class='ocrx_word' id='word_1_768' title='bbox 3081 4601 3373 4660; x_wconf 83' lang='lat' dir='ltr'><strong>quatenus,</strong></span> <span class='ocrx_word' id='word_1_769' title='bbox 3413 4591 3650 4647; x_wconf 88' lang='lat' dir='ltr'><strong>hostium</strong></span> 
     </span>
    </p>
   </div>
   <div class='ocr_carea' id='block_1_98' title="bbox 2077 4681 3647 4751">
    <p class='ocr_par' dir='ltr' id='par_1_98' title="bbox 2077 4681 3647 4751">
     <span class='ocr_line' id='line_1_98' title="bbox 2077 4681 3647 4751; baseline 0.001 -15"><span class='ocrx_word' id='word_1_770' title='bbox 2077 4681 2345 4737; x_wconf 89' lang='lat' dir='ltr'><strong>manubiis</strong></span> <span class='ocrx_word' id='word_1_771' title='bbox 2365 4682 2668 4750; x_wconf 90' lang='lat' dir='ltr'><strong>opulentus,</strong></span> <span class='ocrx_word' id='word_1_772' title='bbox 2694 4690 2750 4736; x_wconf 92' lang='lat' dir='ltr'><strong>et</strong></span> <span class='ocrx_word' id='word_1_773' title='bbox 2767 4681 3121 4735; x_wconf 87' lang='lat' dir='ltr'><strong>victoriarum</strong></span> <span class='ocrx_word' id='word_1_774' title='bbox 3146 4681 3319 4738; x_wconf 85' lang='lat' dir='ltr'><strong>titulis</strong></span> <span class='ocrx_word' id='word_1_775' title='bbox 3339 4682 3647 4751; x_wconf 87' lang='lat' dir='ltr'><strong>insignitus,</strong></span> 
     </span>
    </p>
   </div>
   <div class='ocr_carea' id='block_1_99' title="bbox 2082 4770 3648 4843">
    <p class='ocr_par' dir='ltr' id='par_1_99' title="bbox 2082 4770 3648 4843">
     <span class='ocr_line' id='line_1_99' title="bbox 2082 4770 3648 4843; baseline -0.004 -13"><span class='ocrx_word' id='word_1_776' title='bbox 2082 4784 2281 4831; x_wconf 88' lang='lat' dir='ltr'><strong>terram</strong></span> <span class='ocrx_word' id='word_1_777' title='bbox 2331 4772 2766 4843; x_wconf 89' lang='lat' dir='ltr'><strong>repromissionis</strong></span> <span class='ocrx_word' id='word_1_778' title='bbox 2819 4770 3177 4841; x_wconf 85' lang='lat' dir='ltr'><strong>triumphator</strong></span> <span class='ocrx_word' id='word_1_779' title='bbox 3227 4770 3490 4840; x_wconf 86' lang='lat' dir='ltr'><strong>attingas,</strong></span> <span class='ocrx_word' id='word_1_780' title='bbox 3541 4772 3648 4825; x_wconf 87' lang='lat' dir='ltr'><strong>imo</strong></span> 
     </span>
    </p>
   </div>
   <div class='ocr_carea' id='block_1_100' title="bbox 2079 4861 3650 4923">
    <p class='ocr_par' dir='ltr' id='par_1_100' title="bbox 2079 4861 3650 4923">
     <span class='ocr_line' id='line_1_100' title="bbox 2079 4861 3650 4923; baseline -0.004 0"><span class='ocrx_word' id='word_1_781' title='bbox 2079 4884 2200 4923; x_wconf 91' lang='lat' dir='ltr'><strong>cum</strong></span> <span class='ocrx_word' id='word_1_782' title='bbox 2249 4867 2391 4923; x_wconf 87' lang='lat' dir='ltr'><strong>veris</strong></span> <span class='ocrx_word' id='word_1_783' title='bbox 2438 4864 2696 4921; x_wconf 85' lang='lat' dir='ltr'><strong>lsraelitis</strong></span> <span class='ocrx_word' id='word_1_784' title='bbox 2735 4872 2933 4920; x_wconf 85' lang='lat' dir='ltr'><strong>terram</strong></span> <span class='ocrx_word' id='word_1_785' title='bbox 2973 4861 3265 4917; x_wconf 82' lang='lat' dir='ltr'><strong>viventium</strong></span> <span class='ocrx_word' id='word_1_786' title='bbox 3307 4861 3650 4919; x_wconf 67' lang='lat' dir='ltr'><strong>htereditaﬁo</strong></span> 
     </span>
    </p>
   </div>
   <div class='ocr_carea' id='block_1_101' title="bbox 2080 4955 2863 5029">
    <p class='ocr_par' dir='ltr' id='par_1_101' title="bbox 2080 4955 2863 5029">
     <span class='ocr_line' id='line_1_101' title="bbox 2080 4955 2863 5029; baseline -0.01 -13"><span class='ocrx_word' id='word_1_787' title='bbox 2080 4973 2295 5029; x_wconf 88' lang='lat' dir='ltr'><strong>semper</strong></span> <span class='ocrx_word' id='word_1_788' title='bbox 2322 4972 2543 5012; x_wconf 90' lang='lat' dir='ltr'><strong>munere</strong></span> <span class='ocrx_word' id='word_1_789' title='bbox 2568 4955 2863 5027; x_wconf 89' lang='lat' dir='ltr'><strong>possideas.</strong></span> 
     </span>
    </p>
   </div>
   <div class='ocr_carea' id='block_1_102' title="bbox 2408 5042 3311 5103">
    <p class='ocr_par' dir='ltr' id='par_1_102' title="bbox 2408 5042 3311 5103">
     <span class='ocr_line' id='line_1_102' title="bbox 2408 5042 3311 5103; baseline -0.006 -1"><span class='ocrx_word' id='word_1_790' title='bbox 2408 5046 2489 5103; x_wconf 88' lang='lat' dir='ltr'><strong>Sit</strong></span> <span class='ocrx_word' id='word_1_791' title='bbox 2519 5062 2704 5102; x_wconf 85' lang='lat' dir='ltr'><strong>nomen</strong></span> <span class='ocrx_word' id='word_1_792' title='bbox 2729 5044 2941 5102; x_wconf 85' lang='lat' dir='ltr'><strong>Domini</strong></span> <span class='ocrx_word' id='word_1_793' title='bbox 2969 5042 3311 5100; x_wconf 57' lang='lat' dir='ltr'><strong>benedictum.</strong></span> 
     </span>
    </p>
   </div>
  </div>
