4074 6190
423 259 525 315 895

439 464 904 489 M—

883 251 939 303 S.
974 249 1172 304 PETRI
1209 250 1484 304 DAMIANI
1521 251 1669 306 OPP.
1712 249 1941 305 TOMUS
1981 263 1982 268 ‘

2082 250 2108 304 ιι
2147 250 2323 305 rans
2362 251 2443 305 III.
2474 278 2539 292 -ι
2575 250 2934 306 Οριεςιῖῖιηι
2978 228 3198 305 vitam.

3560 250 3663 307 6'96

478 590 834 662 723-724
891 608 1663 713 OPUSCULUM
1737 608 2861 733 QUADRAGESIMUM
2966 552 3599 732 QUINTUM.

779 814 887 876 DE
921 816 1227 877 SANLTA
1272 815 1833 877 SIMPLILITATE
1867 814 2249 876 SCIENTL‘E
2287 814 2661 876 INFLANTI
2698 816 3308 879 ANTEPONENDA.

1864 1060 2193 1078 *—

419 1171 1217 1243 Ascuusaruu.-—Consolatttr
1244 1171 1602 1243 Ariprandum
1636 1175 1981 1236 monachum,
2007 1174 2095 1242 qui
2128 1173 2394 1243 ingenium
2431 1174 2741 1230 liberalibus
2786 1174 3077 1243 disciplinis
3100 1173 3151 1226 in
3175 1174 3368 1228 sarculo
3394 1191 3668 1234 nonexco—

487 1243 646 1295 luerit
675 1244 1045 1312 :ostemhtque
1076 1241 1275 1296 sciendi
1306 1242 1652 1310 cupiditatem
1689 1245 1951 1311 originem
1983 1241 2102 1297 esse
2134 1241 2391 1297 malorum
2422 1246 2659 1298 omnium
2685 1262 2698 1307 ;
2745 1241 3024 1298 scientiam
3067 1244 3271 1309 ipsam,
3302 1249 3596 1312 praesertim
3635 1264 3667 1301 δ

487 1310 811 1366 Christianis
834 1310 1120 1367 virtdtibus
1152 1312 1479 1383 abjunetam,
1511 1310 1900 1383 professoribus
1936 1314 2316 1381 perniciosam,
2343 1313 2461 1369 aliis
2488 1314 2756 1377 inutilem;
2787 1322 2971 1369 contra
3000 1328 3123 1366 vero
3144 1310 3385 1367 sanctam
3412 1316 3668 1383 simplici-

484 1393 645 1435 tatem
670 1396 914 1457 secttram
944 1396 1065 1436 esse
1097 1396 1159 1435 ac
1182 1378 1483 1457 perutilem.
1525 1378 1754 1457 Proinde
1786 1378 2206 1455 illum—hortatur
2253 1394 2332 1444 ut,
2356 1385 2402 1438 si
2440 1384 2564 1439 velit
2592 1383 2791 1453 aliquid
2818 1384 3020 1438 utiliter
3049 1398 3258 1451 sapere,
3290 1384 3358 1437 ad
3384 1378 3546 1439 Deum
3572 1402 3669 1457 per

481 1449 981 1522 contemplationem
1022 1449 1199 1504 rerum
1235 1450 1537 1505 divinarum
1568 1452 1807 1505 accedat.

482 1544 694 1597 Sancta:
742 1543 854 1612 Spei
909 1542 1017 1595 lilio
1065 1542 1374 1595 ARIPRANDO
1403 1582 1417 1603 ,
1473 1540 1687 1604 Pernus
1725 1549 1980 1611 peccator
2007 1545 2056 1603 Α
2083 1553 2231 1606 rum,
2269 1558 2371 1597 non
2397 1542 2559 1607 licet,‘
2591 1557 2786 1614 qureso,
2813 1542 3037 1612 pastori,
3078 1551 3137 1595 ut
3162 1542 3461 1597 censoriam
3503 1557 3668 1614 super

418 1636 717 1692 monachus
748 1642 985 1703 paterna:
1014 1632 1315 1687 dilectionis
1358 1632 1631 1685 allectum.

494 1722 666 1776 Nimis
708 1722 947 1789 ingratus
978 1730 1061 1774 est
1089 1735 1276 1774 servus
1299 1761 1315 1787 ,
1356 1721 1399 1773 si
1430 1732 1715 1789 postquam
1753 1719 1856 1774 tela
1911 1720 1993 1773 vel

423 1810 627 1881 gladios
672 1811 738 1863 ab
770 1810 922 1863 herili
958 1808 1278 1863 liberalitate
1309 1809 1547 1879 percepit
1576 1850 1590 1874 ,
1632 1810 1833 1863 eisdem
1868 1826 1993 1863 mox

418 1899 584 1953 armis
628 1900 901 1954 accinctus
926 1939 941 1963 ,
974 1899 1231 1953 adversus
1260 1899 1534 1952 dominum
1566 1914 1719 1952 suum
1748 1900 1992 1967 protinus

417 1992 467 2045 in
499 1988 632 2044 bella
659 1990 934 2058 consurgit
960 2007 971 2042 :
1001 1988 1384 2057 perduellionis
1418 2004 1540 2042 reus
1568 1997 1649 2042 est
1681 1990 1832 2044 miles
1875 1990 1987 2058 qui,

415 2080 614 2133 ditatus
644 2079 1010 2148 imperialibus
1034 2078 1211 2140 donis,
1245 2078 1437 2132 asserit
1465 2078 1641 2147 aptius
1670 2078 1770 2133 sibi
1799 2094 1991 2133 conve-

422 2168 541 2220 nire
592 2181 848 2221 coronam
909 2181 1068 2236 quam
1146 2163 1495 2232 subjectionis
1544 2167 1626 2220 vel
1676 2167 1991 2222 obcdientiue

421 2256 741 2311 clientelam.
785 2255 1069 2310 Conﬁteris
1100 2263 1172 2320 te,
1210 2254 1281 2309 fili
1313 2255 1417 2319 mi,
1448 2256 1778 2325 frequentius
1822 2257 1993 2327 impu-

418 2346 611 2415 gnari,
655 2357 708 2401 et
756 2345 1123 2400 infestantium
1159 2346 1540 2416 cogitationum
1573 2345 1814 2414 perferre
1860 2346 1991 2399 eali-

419 2437 628 2505 ginem,
665 2436 789 2506 quia
817 2451 938 2490 cum
968 2436 1140 2491 docile
1169 2451 1265 2490 cor
1314 2451 1376 2489 ac
1431 2436 1744 2490 facillimum
1794 2438 1992 2492 habeas

421 2529 489 2582 ad
520 2528 864 2594 discendum,
899 2538 1021 2584 ante
1063 2531 1177 2584 veri
1218 2528 1433 2585 luminis
1479 2530 1680 2583 aditum
1718 2531 1990 2599 requisisti

403 2635 575 2689 quam
614 2634 814 2675 caecam
862 2621 1302 2691 philosophorum
1348 2621 1666 2689 sapientiam
1706 2620 1986 2677 disceres:

414 2717 537 2762 ante
561 2710 627 2763 ad
650 2724 887 2764 eretnum
914 2710 1221 2782 pervolasti,
1255 2724 1487 2779 sequens
1508 2710 1728 2779 vestigia
1758 2712 1989 2779 piscato-

422 2816 577 2864 rum,
632 2816 793 2868 quam
822 2800 1119 2854 liberalium
1161 2803 1357 2857 artium
1405 2816 1509 2854 non
1573 2802 1743 2855 diem
1799 2804 1990 2859 studiis

414 2889 507 2943 sed
534 2887 776 2942 stultitiis
806 2888 1105 2942 insudares.

936 2976 1161 3033 CAPUT
1200 2976 1483 3033 PRIMUM.

679 3070 919 3125 Scientia:
944 3072 1201 3141 cupiditas
1225 3088 1379 3141 quam
1406 3072 1714 3141 perniciosa.

484 3160 635 3215 Hanc
681 3177 808 3232 ergo
854 3162 1126 3231 querelam
1164 3178 1193 3216 a
1227 3175 1279 3218 te
1309 3162 1591 3217 clementia
1633 3164 1813 3219 divina
1838 3179 1982 3219 com-

424 3251 637 3311 n'eruit,
671 3266 789 3321 quae
817 3264 871 3305 et
899 3252 993 3306 tibi
1023 3253 1319 3307 subtilioris
1340 3253 1538 3323 ingenii
1563 3255 1763 3324 gratias
1786 3244 1982 3324 prter-o-

414 3340 579 3415 gavit.
608 3340 869 3395 Nimirum
905 3342 947 3395 si
976 3342 1116 3397 inter
1158 3343 1269 3413 ipsa
1300 3353 1404 3397 tua:
1442 3343 1741 3397 rudimenta
1780 3344 1984 3399 militiae.

414 3445 734 3487 veternosus
767 3434 935 3490 hostis
961 3434 1146 3489 eodem
1177 3444 1227 3489 te
1248 3450 1445 3505 genere
1471 3436 1786 3490 certaminis
1817 3436 1986 3506 impe-

416 3524 500 3577 tiit
532 3564 545 3585 ,
593 3539 698 3592 quo
729 3524 932 3579 scilicet
983 3535 1035 3578 et
1067 3526 1116 3577 in
1149 3527 1261 3593 ipso
1298 3525 1478 3578 mundi
1531 3527 1801 3579 nascentis
1832 3525 1983 3579 initio

413 3613 616 3679 primos
637 3623 886 3682 parentes
908 3614 1126 3668 humani
1150 3616 1363 3684 generis
1382 3615 1672 3684 superavit.
1697 3615 1819 3669 Hazc
1838 3616 1981 3670 enim

414 3705 584 3773 prima
614 3706 879 3771 serpentis
912 3706 1069 3759 verba
1093 3716 1216 3759 suttt
1241 3705 1307 3760 ad
1345 3707 1653 3769 mulierem,
1689 3708 1771 3762 his
1806 3707 1982 3763 sibilis

412 3796 574 3848 draco
606 3797 913 3851 teterrimus
943 3798 993 3850 in
1023 3812 1116 3851 cor
1145 3796 1261 3863 ejus
1292 3813 1494 3852 venena
1528 3798 1748 3852 stillavit
1779 3814 1792 3851 :
1826 3819 1842 3849 ι
1868 3799 1983 3854 Scit

414 3886 552 3944 Deus
575 3926 591 3950 ,
635 3886 810 3955 inquit
829 3928 843 3952 ,
878 3886 1017 3956 quod
1050 3886 1101 3942 in
1129 3902 1449 3957 quocunque
1476 3890 1558 3941 die
1582 3889 1882 3943 comederis
1912 3903 1975 3943 ex

411 3988 474 4027 eo
504 4015 519 4039 ,
560 3992 578 4025 ι
619 3974 760 4029 haud
796 3975 1014 4030 dubium
1044 3976 1172 4045 quin
1198 3992 1386 4045 pomo,
1418 3995 1435 4027 ι
1476 3978 1790 4047 aperientur
1834 3977 1976 4033 oculi

411 4067 603 4120 vestri:
639 4085 657 4120 ι
685 4076 759 4133 el,
794 4086 811 4118 ‹
833 4068 983 4123 eritis
1006 4069 1145 4124 sicut
1169 4070 1273 4133 dii,
1297 4071 1530 4125 scientes
1570 4072 1766 4125 bonum
1788 4079 1842 4125 et
1869 4086 1981 4124 ma-

411 4164 517 4211 lum
560 4156 710 4227 (Cen.
762 4161 866 4229 ιιι).
908 4179 927 4212 ι
981 4161 1157 4224 Ecce,
1204 4161 1396 4226 frater,
1452 4162 1533 4217 vis
1569 4164 1976 4232 grammaticam

2091 1645 2306 1703 gregem
2340 1650 2495 1687 suum
2545 1634 2804 1701 virgulam
2839 1641 3047 1695 teneat,
3092 1646 3319 1701 euntque
3360 1633 3439 1685 vel
3469 1649 3669 1687 mensa:

2100 1722 2179 1772 vel
2221 1735 2432 1788 pascuze
2461 1736 2559 1789 pro
2599 1721 2875 1774 voluntate
2918 1720 3209 1773 decernat?
3236 1718 3367 1772 Nam
3396 1730 3449 1773 et
3487 1721 3667 1774 Domi-
3748 1744 3751 1747 ·

2091 1823 2191 1862 nus
2220 1810 2271 1862 in
2298 1808 2551 1878 legalibus
2578 1808 2913 1862 caeremoniis
2943 1808 3099 1861 modo
3127 1808 3303 1866 boves,
3336 1810 3492 1862 modo
3513 1809 3661 1862 vitu-

2090 1897 2171 1953 los
2194 1940 2209 1963 ,
2260 1902 2416 1953 modo
2443 1900 2669 1967 arietes,
2703 1899 2862 1954 modo
2890 1914 3056 1969 agnos
3104 1898 3385 1953 anniculos
3416 1900 3662 1970 prtecipit

2092 1990 2377 2046 immolari.
3018 1988 3019 1991 “

2710 2079 2938 2137 CAPUT
2977 2080 3039 2136 ll.

2160 2174 2266 2232 Cur
2296 2174 2435 2230 Deus
2469 2174 2601 2229 alios
2621 2176 2837 2245 juvenes
2857 2217 2871 2239 ,
2908 2176 3041 2229 alios
3070 2192 3215 2229 senes
3251 2178 3319 2229 ad
3350 2192 3403 2230 se
3428 2186 3590 2230 vocet.

2140 2258 2293 2319 Dum
2339 2282 2465 2337 ergo
2494 2267 2560 2321 de
2596 2281 2756 2335 grege
2802 2282 2897 2320 suo
2932 2266 3095 2320 faciat
3125 2282 3401 2335 possessor
3436 2268 3664 2337 quisque

2096 2352 2237 2429 quod
2261 2359 2418 2424 velit,
2447 2374 2553 2427 quo
2575 2368 2731 2427 pacto
2756 2374 2860 2413 non
2888 2358 3038 2413 licuit
3063 2358 3304 2413 Creatori
3335 2368 3423 2412 tuo
3445 2368 3494 2413 te
3516 2360 3666 2413 velut

2090 2466 2286 2520 agnum
2342 2452 2688 2505 tenerrimum
2740 2464 2938 2504 mensae
2979 2448 3290 2505 refectionis
3346 2466 3614 2520 apponere
3646 2491 3661 2514 ,

2090 2542 2463 2610 reliquumque
2486 2556 2700 2611 gregem
2726 2542 2775 2595 in
2800 2542 3085 2595 exterioris
3106 2543 3278 2596 adhuc
3304 2544 3423 2596 vita:
3445 2543 3661 2613 pascuis

2091 2646 2370 2685 reservare
2400 2649 2411 2683 :
2443 2642 2499 2683 ut
2532 2640 2582 2685 te
2625 2630 2737 2698 jam
2777 2631 2914 2684 intra
2956 2632 3168 2700 propria
3205 2632 3407 2685 viscera
3440 2632 3663 2700 speciali

2090 2723 2318 2793 quadam
2340 2722 2699 2801 familiaritate
2724 2722 2975 2791 trajiciat,
3005 2724 3129 2777 dum
3156 2724 3288 2777 alios
3310 2724 3521 2777 interim
3549 2722 3665 2777 suis

2092 2814 2420 2881 temporibus
2448 2812 2835 2868 convertendos
2872 2814 3234 2867 moderamine
3265 2814 3363 2883 pia:
3385 2814 3664 2881 dispensa-

2014 2900 2056 2956 Β
2086 2902 2247 2955 tionis
2301 2902 2619 2971 exspectat?
2666 2900 2882 2955 Samuel
2949 2917 3180 2969 namque
3242 2902 3494 2970 puerulus
3546 2910 3668 2955 tan-

2083 3009 2245 3061 quam
2310 3002 2460 3046 tener
2509 2991 2788 3061 agniculus
2840 3006 2959 3045 cuin
3018 2992 3186 3045 tribus
3239 2992 3423 3045 farina:
3470 2992 3665 3047 modiis

2084 3092 2137 3138 et
2189 3082 2446 3150 amphora
2499 3082 2629 3146 vini,
2663 3096 2861 3135 mensa:
2895 3080 3125 3145 Domini,
3180 3090 3239 3134 ut
3286 3081 3445 3150 725
3476 3081 3545 3133 ita
3585 3080 3669 3135 loc

2083 3190 2236 3245 quar,
2262 3175 2567 3244 apponitur,
2597 3175 2721 3227 dum
2765 3174 2875 3228 lleli
2912 3175 3197 3240 sacerdoti,
3229 3184 3283 3229 et
3310 3176 3504 3244 templo
3526 3174 3621 3229 Dei
3647 3216 3663 3240 ,

2081 3264 2223 3332 quod
2252 3273 2369 3318 erat
2398 3264 2448 3317 in
2474 3261 2604 3328 Silo,
2636 3278 2663 3315 a
2697 3263 3008 3332 parentibus
3037 3263 3314 3317 dedicatur
3344 3262 3402 3333 (Ι
3430 3262 3551 3332 Reg.
3585 3262 3661 3332 ι).

2082 3356 2316 3412 Joannes
2342 3356 2581 3426 Baptista
2612 3372 2714 3411 non
2750 3356 2920 3410 solum
2950 3356 3062 3424 ipse
3086 3371 3287 3423 agnus,
3328 3355 3419 3408 sed
3452 3355 3661 3425 Agnum

2081 3450 2469 3519 prazdicaturus
2501 3450 2589 3518 qui
2644 3448 2783 3504 tollit
2814 3457 3031 3518 peccata
3060 3449 3265 3513 mundi,
3297 3448 3364 3502 de
3395 3462 3553 3519 grege
3570 3448 3663 3501 "sa-

2084 3539 2373 3594 cerdotalis
2420 3542 2608 3592 domus
2650 3539 2896 3607 eligitur,
2938 3549 2991 3593 et
3024 3538 3074 3593 in
3133 3539 3342 3592 deserta
3382 3538 3662 3591 contendit

2084 3628 2236 3700 (Luc.
2266 3645 2345 3695 ut;
2369 3628 2530 3683 Jean.
2554 3646 2594 3692 ι,
2626 3634 2786 3699 ctc.);
2822 3638 2877 3681 ut
2907 3644 2971 3683 eo
3003 3630 3287 3693 Dominus,
3324 3629 3469 3683 velut
3502 3628 3662 3697 epulo

2083 3718 2263 3771 suavis
2274 3718 2457 3781 edulii,
2474 3717 2863 3773 delectabiliter
2878 3718 3171 3788 saginetur.
3189 3717 3301 3771 Non
3318 3719 3459 3771 enim
3486 3719 3661 3773 homi-

2082 3820 2179 3859 nes
2211 3807 2277 3859 ad
2308 3807 2641 3875 procinctum
2684 3806 2981 3875 spiritualis
3028 3806 3228 3859 militiae
3257 3822 3354 3875 pro
3396 3821 3492 3859 suo
3523 3808 3660 3860 dun-

2082 3902 2233 3954 taxat
2267 3894 2569 3965 alleguntur
2597 3896 2863 3960 arbitrio;
2890 3896 2981 3949 sed
3031 3896 3076 3949 is
3110 3896 3199 3964 qui
3243 3909 3362 3956 eos,
3415 3904 3471 3948 ut
3502 3896 3568 3948 ad
3598 3910 3659 3948 se

2081 3993 2503 4048 convertantur,
2536 3984 2802 4054 inspirat,
2846 3982 3053 4052 singula
3101 3998 3262 4052 super
3299 3997 3391 4037 eos
3438 3991 3658 4037 aetatum

2080 4088 2145 4129 ac
2180 4081 2477 4142 temporum
2516 4081 2789 4130 momenta
2831 4072 3136 4140 dispensat;
3191 4079 3249 4124 ut
3303 4071 3440 4125 alios
3489 4069 3553 4123 ad
3598 4084 3659 4124 se

2081 4166 2257 4219 trahat
2287 4165 2571 4235 grandaeva
2589 4164 2701 4231 jam
2726 4172 3003 4220 senectute
3035 4172 3277 4216 maturos
3297 4202 3311 4225 ,
3349 4161 3482 4216 alios
3504 4162 3660 4231 juveo

411 4249 656 4302 discere?
706 4250 852 4305 disce
901 4250 1069 4307 Deum
1116 4252 1392 4329 pluraliter
1435 4254 1723 4309 declinare.
1769 4255 1976 4308 Artifex
2008 4269 2053 4329 ο
2086 4256 2209 4309 nilis
2245 4256 2565 4309 incrementi
2604 4255 2787 4322 vigore
2828 4254 3111 4319 robustos;
3146 4253 3274 4307 istos
3303 4252 3450 4305 tollat
3482 4252 3657 4319 primo

411 4336 552 4391 enim
583 4336 792 4402 doctor,
824 4337 949 4391 dum
971 4348 1139 4392 artem
1171 4328 1488 4394 Obedieutize
1522 4343 1733 4395 noviter
1757 4343 1978 4407 condit,

410 4426 471 4477 ad
497 4424 752 4480 colendos
782 4428 945 4480 etiam
986 4427 1246 4496 plurimos
1286 4430 1413 4485 deos
1442 4431 1737 4486 inauditam
1774 4434 1973 4489 mundo

411 4515 781 4571 declinationis
808 4519 1045 4588 regulam
1080 4520 1390 4576 introducit.
1439 4522 1606 4578 Porro
1630 4566 1643 4587 ,
1677 4527 1767 4595 qui
1816 4527 1975 4581 vitio-

412 4625 527 4663 rum
556 4611 795 4669 oninium
836 4622 1081 4669 catervas
1107 4614 1426 4672 moliebatur
1452 4617 1705 4673 inducere
1725 4659 1739 4675 .
1770 4619 1973 4687 cupidi-

411 4708 575 4754 tatem
598 4702 837 4757 scientiae
861 4705 1014 4772 quasi
1044 4704 1233 4759 ducem
1258 4707 1527 4761 exercitus
1558 4709 1754 4777 posuit,
1788 4710 1974 4778 sicque

413 4802 527 4859 post
554 4809 671 4847 eam
696 4795 894 4850 infelici
920 4800 1119 4852 mundo
1144 4808 1367 4853 cunctas
1398 4799 1740 4868 iniquitatum
1773 4810 1975 4856 turmas

417 4884 631 4936 .nvexit.
686 4883 822 4950 Quid
848 4900 977 4954 ergo
1003 4888 1196 4941 mirum
1238 4890 1282 4941 si
1309 4890 1359 4941 in
1391 4890 1511 4943 Eva:
1540 4890 1706 4943 lilium
1749 4892 1975 4959 idipsum

418 4973 589 5025 adhuc
611 4972 848 5041 jaculum
901 4976 1077 5029 vibrat
1118 4977 1260 5045 quod
1290 4977 1343 5030 in
1373 4980 1616 5031 eamdem
1648 4980 1810 5032 Evam
1838 4979 1977 5033 anti-

419 5077 548 5130 pms
578 5062 707 5114 olim
747 5063 916 5117 hostis
958 5064 1285 5118 intorserat?
1327 5067 1593 5135 Expertus
1632 5070 1828 5138 quippe
1872 5084 1979 5122 non

419 5160 589 5219 potest
615 5152 902 5222 desperare
942 5168 1249 5208 successum
1277 5195 1294 5221 ,
1324 5157 1446 5209 dum
1476 5161 1717 5213 eamdem
1756 5159 1877 5213 ﬁliis
1902 5161 1980 5213 in-

421 5252 515 5294 .ert
555 5257 784 5311 pugnam
814 5258 918 5311 qua
955 5259 1120 5313 super
1142 5257 1397 5314 parentes
1432 5257 1647 5302 nostros
1692 5249 1891 5303 dudum
1921 5265 1981 5305 se

422 5331 657 5384 neminit
684 5332 979 5387 obtinuisse
1008 5333 1313 5389 victoriam.

484 5420 589 5475 Sed
616 5439 734 5477 cum
763 5422 1089 5493 Redemptor
1118 5435 1300 5480 noster
1326 5436 1508 5494 pastor
1530 5426 1713 5495 utique
1739 5427 1841 5492 sit,
1873 5443 1979 5484 non

419 5507 631 5573 quidem
670 5526 862 5565 canum
915 5513 1000 5567 vel
1053 5513 1297 5583 luporum
1359 5513 1660 5569 ferarumve
1731 5515 1980 5570 frenden-

414 5598 569 5662 tium,
595 5601 684 5653 sed
706 5602 919 5670 ovium,
950 5614 1000 5657 ct
1026 5622 1126 5658 non
1157 5615 1361 5659 tantum
1389 5607 1563 5659 ovium
1604 5608 1695 5660 sed
1723 5615 1773 5660 ct
1817 5624 1979 5675 agno-

2086 4346 2431 4416 pubescentis
2481 4344 2855 4400 adolescentiae
2908 4345 3099 4399 decore
3141 4353 3427 4397 vernantes
3461 4383 3476 4407 ,
3534 4343 3657 4396 illos

2079 4447 2261 4491 autem
2302 4436 2371 4489 ab
2412 4436 2526 4504 ipso
2568 4436 2811 4505 pueritiae
2857 4435 3108 4489 laetantis
3153 4433 3393 4497 exordio,
3425 4432 3565 4485 velut
3591 4433 3657 4485 de

2077 4526 2201 4578 nido
2230 4524 2404 4592 pullos
2434 4524 2651 4577 imluoat
2679 4525 2976 4592 implumes.
3035 4522 3235 4576 Achias
3261 4535 3390 4575 sane
3425 4535 3533 4590 pra:
3574 4519 3655 4573 ni-

2076 4617 2182 4671 mia
2208 4614 2318 4682 jam
2366 4624 2643 4670 senectute
2682 4616 2902 4685 caligat,
2954 4614 3046 4668 sed
3095 4628 3314 4669 uxorem
3366 4611 3653 4666 Jeroboam

2076 4709 2287 4763 eminus
2340 4709 2714 4761 adventantem
2766 4704 3094 4775 prophetalis
3158 4702 3297 4757 oculi
3356 4702 3652 4757 serenitate

2078 4808 2389 4868 prospectat
2418 4817 2429 4854 :
2462 4818 2477 4849 ι
2508 4796 2810 4867 Ingredere,
2837 4796 3030 4864 inquit,
3062 4810 3197 4847 uxor
3222 4791 3530 4852 Jeroboam,
3555 4806 3653 4844 cur

2078 4891 2237 4944 aliam
2269 4899 2319 4943 te
2346 4904 2463 4943 esse
2487 4888 2744 4942 simulas?
2770 4888 2881 4956 Ego
2918 4894 3097 4939 autem
3134 4886 3329 4937 missus
3356 4898 3472 4935 sum
3506 4883 3569 4933 ad
3602 4890 3653 4933 te

2079 4980 2245 5033 durus
2292 4979 2515 5031 nuntius
2546 4976 2663 5047 (III
2696 4975 2818 5045 Reg.
2848 4976 2981 5045 xw).
3019 4993 3039 5027 ι
3085 4972 3330 5028 Ezechiel
3374 4970 3651 5025 tricennali

2079 5068 2224 5137 viget
2250 5075 2426 5131 :etate,
2461 5064 2768 5132 cutn,juxta
2800 5065 3017 5119 Chobar
3048 5062 3263 5117 ﬂuvium
3292 5061 3614 5115 constitutus
3637 5101 3651 5120 ,

2080 5160 2145 5212 ad
2171 5159 2586 5227 dispensandum
2629 5157 2957 5226 prophetica:
2986 5156 3173 5225 gratiae
3201 5162 3547 5223 promovet-ur
3573 5150 3633 5202 of
3642 5184 3651 5189 ι

2081 5248 2259 5301 ficium
2297 5246 2536 5316 (Ezech.
2588 5245 2672 5316 ι).
2725 5246 2893 5300 David
2940 5246 3157 5299 vixdum
3184 5245 3357 5314 primo
3412 5241 3654 5295 ﬂorentis

2081 5335 2458 5393 adolescentia:
2483 5335 2674 5388 decore
2700 5335 3021 5403 pubescens,
3046 5335 3111 5387 de
3137 5343 3257 5401 post
3302 5330 3533 5385 fetantes
3559 5344 3655 5398 pa-

2082 5436 2248 5481 terna:
2285 5426 2631 5495 subjectionis
2660 5426 2874 5495 eligitur
2896 5465 2910 5489 ,
2940 5433 2992 5479 et
3013 5425 3079 5479 ad
3107 5423 3449 5492 crispandum
3497 5420 3656 5489 spine-

2084 5516 2244 5570 tualis
2288 5515 2555 5583 allegoria:
2584 5515 2927 5583 psalterium,
2980 5522 3140 5581 atque
3185 5512 3251 5565 ad
3301 5509 3650 5565 obtinendum

2088 5606 2281 5675 regalis
2330 5606 2523 5673 sceptri
2576 5605 2847 5674 fastigium
2890 5600 3315 5673 promoveturU
3344 5600 3469 5670 Reg.
3518 5598 3650 5665 XVI)-
