4074 6190
487 239 590 294 697

1356 239 1600 299 OPUSC.
1641 241 1802 301 XLV.
1845 277 1914 286 —
1953 245 2042 300 DE
2081 245 2352 308 SANCTA
2393 251 2887 312 SIMPLICITATE.

3577 245 3582 250 ’
3643 265 3746 318 698

486 347 734 402 Jeremiae
761 345 965 438 dictum
995 355 1080 402 est
1108 363 1122 400 :
1161 365 1180 400 ι
1218 347 1537 420 Priusquam
1589 363 1639 407 te
1691 355 1979 408 formarem
2013 369 2064 409 In
2095 366 2142 416 Δ
2173 349 2490 432 intercipere
2516 369 2816 422 consuevit.
2853 371 3013 426 Si'Vts
3045 385 3176 438 ergo
3205 372 3296 424 Dei
3336 371 3556 426 verbum
3585 376 3749 430 claris

485 445 664 497 utero,
691 435 816 488 novi
847 443 930 500 te;
961 443 1016 489 et
1045 447 1337 507 antequam
1363 441 1544 495 exircs
1573 443 1636 496 de
1655 443 1833 505 vulva,
1863 445 2067 499 sancti-

483 526 639 581 ficavi
673 535 754 590 te,
783 533 836 580 et
865 529 1182 596 prophetam
1209 533 1262 583 in
1291 529 1540 598 gentibus
1559 532 1680 586 dedi
1707 541 1760 587 te
1789 533 1923 602 (λετ.
1947 535 2008 604 ι).
2039 555 2060 587 ι

481 615 548 671 Et
593 617 722 684 quid
771 616 956 684 plures
1001 620 1360 674 enumerem?
1403 619 1504 686 Qui
1549 622 1697 675 enim
1749 622 2064 682 Eleazarum

481 721 591 777 pra:
613 707 772 761 senili
813 707 997 777 algore
1029 708 1140 777 jam
1171 708 1446 780 frigidum,
1481 711 1790 780 triumphali
1823 714 2064 784 martyrii

480 800 692 853 fervore
721 799 1002 854 succendit
1031 798 1118 867 (ll
1153 799 1331 856 Much.
1355 803 1456 872 vi),
1487 802 1604 872 ipse
1644 811 1861 858 teneros
1887 804 2064 858 adhuc

478 887 540 942 Β.
589 889 892 945 Felicitatis
941 889 1081 946 filios
1127 891 1342 946 invictae
1382 891 1506 946 fidei
1557 895 1858 950 constantia
1905 893 2063 951 robo-

475 981 636 1035 ravit.
1438 1007 1440 1010 ν

1085 1069 1314 1125 CAPUT
1355 1070 1442 1125 lli.

475 1159 584 1215 Cur
631 1160 774 1216 Deus
821 1177 913 1215 aer
963 1160 1102 1216 siros
1151 1163 1454 1246 idiotas“
1497 1165 1756 1234 simplices
1803 1168 2057 1223 mundum

1150 1243 1398 1288 instituit.

543 1343 648 1398 Sed
699 1343 840 1398 forte
889 1343 1302 1400 dicaszMultos
1342 1345 1740 1414 lucrifacerem,
1789 1348 1836 1402 si
1881 1350 2054 1418 gratia

469 1433 871 1502 prmdicationis
893 1432 1192 1500 afﬂuerem,
1219 1435 1263 1490 si
1291 1439 1502 1505 copiam
1530 1439 1773 1492 scientite
1809 1438 2055 1495 litteralis

471 1525 751 1580 haberem.
809 1525 876 1579 Et
909 1540 1008 1595 ego
1037 1528 1334 1595 reSpondeo
1393 1530 1646 1598 quoniam
1679 1538 1734 1584 ot
1761 1527 2053 1587 Eleazarus

467 1617 666 1672 multos
692 1618 960 1687 potuisset
998 1619 1066 1672 ab
1097 1619 1399 1673 idololatria
1434 1634 1707 1686 revocare,
1751 1621 1796 1674 si
1843 1621 2050 1674 viveret

2159 452 2391 507 vocibus
2421 454 2690 519 intonare,
2714 473 2842 512 cave
2865 475 2932 513 ne
2959 461 3127 524 divini
3149 463 3351 516 amoris
3375 461 3424 515 in
3457 472 3506 516 te
3533 462 3746 520 flamma

2169 551 2464 611 tepescat,
2521 561 2588 601 ne
2645 548 2742 602 tibi
2789 551 3048 620 principis
3096 553 3148 605 in
3197 551 3466 622 Aquilone
3513 555 3750 610 sedentis

2157 633 2321 703 (lsai.
2355 636 2466 708 xlv)
2515 638 2664 709 algor
2715 641 2960 712 obrepat.
3015 641 3130 698 Hoc
3177 646 3410 713 denique
3435 645 3608 716 frigus
3631 646 3745 715 jam

2151 731 2294 780 tunc
2345 726 2433 781 ille
2480 740 2808 798 conceperat
2853 734 2944 802 qui
2991 734 3360 788 deambulanti
3405 736 3634 790 Domino
3679 739 3746 792 ad

2149 827 2348 867 auram
2383 817 2618 885 paradisi
2643 831 2764 887 post
2789 821 3090 886 meridiem,
3125 823 3304 878 raucis
3349 824 3746 891 quodammodo

2162 904 2387 959 vocibus
2449 908 2812 974 respondebat
2872 922 2888 961 τ
2947 927 2966 960 ι
3033 909 3256 976 Audivi,
3311 911 3508 980 inquit,
3555 927 3743 968 vocem

2161 1003 2328 1057 tuam,
2359 1007 2416 1050 et
2444 998 2622 1062 timui,
2653 1015 2718 1054 eo
2739 1001 2880 1068 quod
2917 1002 3092 1056 nudus
3121 1015 3338 1067 .essem,
3387 1012 3442 1058 et
3484 1004 3742 1060 abscondi

2160 1099 2246 1138 me
2280 1083 2433 1156 (Gen.
2464 1088 2570 1152 ιιι).
2609 1103 2644 1139 ι·
2665 1089 2833 1143 Porro
2875 1091 2998 1158 quia
3047 1092 3382 1148 meridianus
3409 1093 3478 1147 ab
3511 1093 3602 1148 illo
3626 1093 3742 1161 jam

2139 1169 2340 1226 —fervor
2377 1174 2616 1240 abierat,
2646 1191 2778 1230 aura
2833 1191 3047 1248 quoque
3098 1179 3318 1250 frigoris
3365 1189 3456 1244 est
3493 1181 3736 1236 alumna.

2157 1261 2273 1318 Huc
2303 1267 2592 1322 accedebat
2633 1269 2758 1338 quia
2783 1278 2838 1326 et
2867 1271 3014 1326 illum
3038 1271 3152 1341 jam
3189 1274 3498 1338 innocentia
3523 1275 3738 1330 sublata

2155 1357 2470 1436 nudaverat.
2505 1359 2629 1416 Haac
2677 1364 2857 1416 omnia
2909 1364 3035 1432 quid
3087 1365 3231 1418 aliud
3281 1365 3534 1428 innuunt,
3577 1381 3736 1435 quam

2139 1449 2279 1516 quia
2310 1449 2454 1504 illius
2481 1452 2684 1505 viscera
2711 1453 2970 1506 exstincti
2999 1454 3200 1508 amoris
3229 1453 3379 1522 algor
3427 1454 3736 1508 obstrinxe-

2141 1552 2256 1609 rat,
2288 1554 2447 1614 atque
2475 1545 2594 1600 ideo
2621 1561 2722 1599 vox
2749 1545 2893 1599 illius
2928 1546 2980 1598 in
3011 1546 3232 1598 auribus
3260 1545 3470 1600 Domini
3511 1561 3734 1600 raucunt

2153 1635 2422 1690 sonabat?
2455 1636 2569 1691 Hoc
2599 1636 2798 1706 frigore
2818 1637 2928 1706 jam
2965 1646 3022 1690 et
3059 1635 3174 1691 lleli
3198 1638 3454 1692 sacerdos
3499 1639 3732 1691 constri-

471 1710 556 1780 (11
585 1709 764 1766 Mach.
793 1727 845 1765 vi
875 1713 929 1782 );
988 1712 1279 1768 Machabmi
1311 1721 1366 1767 et
1395 1712 1815 1768 innumerabiles
1851 1713 2052 1768 Christi

2159 1735 2280 1778 rtus
2307 1705 2798 1795 obtorpuerat,ﬁqui
2821 1705 2962 1780 filiis
2995 1727 3106 1779 suis
3141 1727 3328 1780 aiebat
3366 1743 3378 1778 :
3428 1744 3446 1776 ι
3489 1725 3606 1779 Non
3652 1737 3737 1780 est

467 1809 736 1872 martyres
763 1801 1026 1871 plurimos
1070 1803 1137 1856 ad
1177 1817 1404 1874 agonem
1437 1803 1558 1857 fidei
1591 1803 1808 1858 ﬁrmare
1844 1805 2048 1873 potuis-

2139 1816 2266 1870 ‘haac
2296 1815 2457 1880 bona,
2490 1817 2582 1869 filii
2615 1817 2742 1880 mei,
2773 1817 2942 1878 fama,
2965 1832 3127 1885 quam
3155 1831 3253 1887 ego
3275 1817 3457 1881 audio,
3479 1825 3538 1870 ut
3561 1825 3736 1870 trans-

465 1901 608 1957 sent,
645 1893 688 1946 si
717 1893 1112 1962 persecutionis
1135 1893 1297 1947 illam
1325 1893 1545 1948 diferre
1572 1893 1832 1963 supplicia
1857 1895 2046 1948 decre-
2145 1905 2292 1975 gredi
2317 1903 2526 1958 faciatis
2549 1905 2800 1974 populum
2829 1905 3038 1959 Domini
3063 1905 3113 1976 (I
3139 1905 3262 1974 Reg.
3291 1907 3374 1974 li).
3403 1923 3422 1956 ›
3443 1905 3576 1959 Nam
3607 1907 3732 1974 quia

462 1987 694 2050 vissent;
724 1985 816 2039 sed
849 1987 1104 2054 quoniam
1151 1987 1218 2040 ad
1249 1999 1530 2056 poenarum
1573 1985 1891 2055 perferenda
1936 1993 2048 2041 tor-

2135 1997 2512 2066 prredicatoris
2545 1998 2702 2068 hujus
2733 2005 2919 2068 guttur
2945 1999 3014 2052 ab
3029 2013 3212 2052 amore
3237 1997 3445 2051 Domini
3471 1997 3620 2067 algor
3641 2012 3732 2052 oe—

463 2087 640 2131 menta
673 2075 943 2132 efﬁcacius
981 2077 1386 2132 azdiiicaverunt
1427 2076 1832 2146 martyrizando
1877 2089 2041 2145 quam

460 2167 823 2236 praedicando,
849 2175 1236 2237 postponeutes
1253 2167 1500 2232 verbum,
1523 2165 1788 2236 reliquere
1813 2179 2044 2234 sequen-

461 2257 605 2311 ti-bus
657 2257 975 2312 imitationis
1019 2257 1346 2327 exemplum.
1393 2257 1472 2310 Tu
1519 2271 1732 2328 quoque
1777 2257 2042 2312 valenti-us

435 2361 724 2415 *provocas
745 2347 992 2401 videntes
1011 2356 1061 2400 te
1086 2361 1380 2415 properare
1401 2355 1525 2415 post
1547 2346 1845 2408 Christum,
1875 2359 2038 2414 quam

457 2451 774 2506 promovere
794 2447 1049 2506 potueras
1072 2437 1354 2492 audientes
1377 2437 1618 2507 qualibet
1647 2436 2040 2505 multiplicitatie

457 2527 770 2582 verborum.
797 2525 908 2581 Nec
932 2525 1076 2580 enim
1105 2527 1244 2580 Deus
1265 2527 1608 2596 omnipotens
1631 2535 1812 2580 nostra
1853 2541 2037 2596 gram-

457 2617 660 2672 matica
691 2617 918 2689 indiget,
943 2626 1002 2672 ut
1029 2627 1156 2687 post
1201 2633 1262 2673 se
1309 2617 1559 2673 homines
1591 2618 1790 2681 trahat,
1819 2631 1940 2670 eum
1982 2617 2036 2670 in

457 2709 578 2779 ipso
615 2711 870 2765 humana:
903 2709 1294 2779 redemptionis
1338 2709 1580 2773 exordio,
1605 2721 1728 2762 cum
1761 2707 1932 2776 magis
1959 2706 2038 2760 vi-

455 2799 674 2854 deretur
717 2799 905 2869 utique
939 2800 1310 2854 necessarium
1339 2799 1406 2853 ad
1433 2797 1838 2868 oonspergenda
1883 2811 2036 2851 nova:

455 2890 580 2944 ﬁdei
605 2891 835 2955 semina,
874 2905 980 2944 non
1011 2889 1222 2944 miserit
1266 2889 1616 2958 philosophos
1653 2897 1710 2942 et
1765 2895 2032 2952 oratores,

454 2981 547 3036 sed
594 2981 868 3051 simplices
915 2981 1094 3050 potius
1139 2995 1204 3035 ac
1247 2981 1564 3050 piscatores.
1631 2978 1784 3034 Unde
1806 2978 2034 3050 il,legitur

2135 2084 2398 2152 eluserat,
2415 2085 2618 2142 idcirco
2641 2102 2743 2142 vox
2767 2086 2883 2155 ejus
2895 2088 3290 2156 quodammodo
3303 2087 3571 2152 rauciens,
3596 2088 3647 2142 in
3673 2087 3734 2142 ii-

2131 2173 2334 2230 ‘liorum
2361 2191 2579 2231 suorum
2623 2179 2879 2234 cordibus
2913 2178 3202 2245 efﬁcaciter
3233 2195 3338 2234 non
3378 2181 3628 2235 sonabat.
3673 2179 3730 2234 Si

2127 2265 2222 2318 'vis
2245 2279 2373 2336 ergo
2401 2281 2588 2322 vocem
2618 2268 2819 2322 habere
2859 2269 2943 2324 vel
2981 2271 3034 2323 in
3077 2271 3554 2341 praedicationibus
3599 2271 3732 2326 into-

2129 2367 2376 2420 nantem,
2407 2357 2490 2412 vel
2521 2359 2572 2412 in
2596 2361 2933 2414 orationibus
2956 2359 3247 2426 efﬁcacem,
3300 2371 3488 2431 satage
3515 2376 3730 2430 semper

2141 2456 2200 2501 ut
2227 2455 2278 2502 te
2307 2449 2520 2503 divinus
2549 2451 2728 2504 fervor
2757 2452 3036 2514 accendat,
3061 2467 3126 2504 ne
3147 2466 3335 2506 vocem
3369 2462 3514 2505 tuam
3541 2461 3730 2520 torpor

2123 2536 2360 2607 frigoris
2400 2537 2729 2608 intercipiat.
2775 2539 3004 2610 Frigida:
3055 2541 3252 2610 quippe
3313 2541 3512 2595 mentis
3548 2541 3727 2594 oratio

2137 2627 2221 2681 vel
2250 2629 2567 2696 praedicatio
2599 2646 2708 2684 non
2733 2629 3060 2694 admittitur,
3087 2641 3142 2685 et
3167 2639 3422 2699 tanquam
3465 2645 3570 2684 vox
3603 2645 3726 2684 rau-

2135 2721 2287 2774 ciens
2316 2729 2420 2774 non
2449 2723 2688 2776 auditur.
2713 2722 2798 2776 Ab
2831 2723 2931 2776 hoc
2981 2723 3140 2790 plane
3189 2722 3388 2792 frigore
3437 2722 3716 2776 Abraham

2145 2809 2356 2866 alienus
2405 2813 2712 2876 exstiterat,
2766 2813 2832 2867 de
2860 2827 2967 2881 quo
3012 2812 3292 2884 Scriptura
3343 2814 3702 2881 pronuntiat:

2141 2917 2160 2952 ι
2199 2898 2464 2966 Quoniam
2501 2902 2822 2972 apparuitei
2859 2902 3115 2957 Dominus
3168 2903 3220 2956 in
3267 2902 3510 2956 convalle
3559 2901 3721 2956 illaru-

2136 2990 2252 3056 bre,
2276 2991 2486 3045 sedenti
2516 2992 2568 3045 in
2605 2992 2744 3046 ostio
2773 2991 3106 3046 tabernaculi
3153 2992 3236 3046 sui
3278 2991 3330 3046 in
3369 2993 3487 3060 ipso
3513 2988 3726 3044 fervore

451 3070 576 3138 quia
599 3065 831 3125 Samson
860 3069 1132 3125 maxillam
1155 3071 1291 3125 asini
1319 3085 1442 3140 qua:
1462 3067 1680 3138 iacebat
1699 3069 1952 3137 arripuit,
1979 3076 2034 3122 et

2135 3081 2242 3136 dici
2269 3081 2420 3154 (Gen.
2455 3081 2636 3152 xvm).
2685 3101 2703 3135 ›
2735 3083 2802 3138 Et
2831 3099 3062 3152 sponsus
3085 3081 3174 3138 ille
3196 3083 3454 3147 caelestis,
3485 3081 3624 3136 sicut
3669 3081 3724 3136 in

451 3159 505 3216 iu
536 3177 600 3216 ea
631 3161 780 3217 mille
812 3161 1152 3218 Philistbaeos
1183 3163 1378 3219 occidit
1409 3161 1611 3234 (Judic.
1640 3162 1756 3230 xv).
1781 3161 1921 3230 Quid
1950 3169 2034 3216 est

449 3254 592 3326 enim
621 3263 716 3324 per
741 3254 1010 3324 iacentem
1034 3255 1172 3308 asini
1201 3254 1474 3308 maxillam
1507 3253 1654 3308 mille
1691 3253 1840 3308 viros
1881 3253 2030 3308 occi-

449 3349 612 3414 dere,
642 3349 744 3403 nisi
785 3363 882 3418 per
921 3349 1136 3418 linguas
1173 3348 1460 3402 humilium
1495 3347 1662 3418 726
1689 3355 1854 3417 atque
1901 3346 2031 3402 sim-

447 3443 668 3514 plicium
695 3441 994 3514 perfectum
1035 3459 1146 3498 non
1174 3441 1508 3498 credentium
1538 3455 1822 3496 numerum
1853 3455 1882 3494 a
1915 3451 2032 3508 pra-

447 3533 632 3586 vitatis
683 3547 794 3587 sute
845 3542 989 3587 statu
1033 3533 1286 3604 dejicere,
1342 3541 1506 3596 atque
1557 3533 1624 3586 ad
1673 3530 2028 3586 humilitatem

449 3621 648 3676 Christi
679 3639 777 3692 per
801 3633 1002 3678 sanctae
1032 3623 1430 3692 praedicationis
1462 3621 1692 3678 cilicium
1727 3620 2032 3676 inclinare?

447 3709 582 3765 Nam
647 3713 772 3782 quia
827 3712 1055 3767 Samson
1113 3713 1500 3782 interpretatur
1555 3711 1637 3766 soi
1669 3752 1682 3776 ,
1741 3723 2027 3780 postquam

449 3803 648 3856 mundo
673 3801 752 3856 sol
782 3802 884 3857 iste
919 3803 1286 3871 resplendnit,
1315 3812 1600 3872 postquam
1642 3801 2026 3856 miraculorum

449 3899 612 3958 atque
639 3889 914 3961 signorum
955 3905 1173 3948 suorum
1207 3907 1304 3962 per
1323 3893 1516 3946 orbem
1547 3899 1816 3946 terrarum
1847 3892 2028 3947 radios

448 3981 668 4049 sparsit,
693 3981 932 4036 omnium
961 3997 1082 4038 mox
1111 3983 1211 4037 sibi
1249 3983 1618 4038 resistentium
1667 3981 1802 4036 colla
1831 3982 2026 4051 perdo-

431 4073 614 4136 -muit,
657 4071 870 4143 :eosque
924 4087 954 4127 a
1006 4073 1272 4145 superbia:
1343 4074 1466 4130 vitae
1511 4087 1624 4130 sua:
1671 4074 1854 4142 rigore
1903 4087 2028 4144 pro—

415 4175 420 4178 ‘
447 4165 661 4220 stravit.

1053 4256 1282 4313 CAPUT
1319 4255 1408 4312 IV.

751 4346 893 4413 Quid
917 4349 972 4402 in
997 4349 1362 4402 concinnatore
1389 4349 1706 4419 requiratur.

515 4437 596 4493 Tu
623 4453 857 4511 quoque,
885 4439 956 4495 fili
987 4441 1080 4504 mi,
1129 4449 1188 4494 ut
1239 4440 1568 4508 praedicandi
1613 4439 1861 4495 sortiaris
1906 4439 2020 4495 oili-

441 4533 605 4598 cium,
631 4533 842 4588 imitare
871 4533 951 4588 vel
978 4533 1135 4598 asini,
1165 4533 1232 4586 de
1255 4549 1362 4601 quo
1387 4533 1588 4588 dictum
1609 4541 1719 4598 est,
1744 4534 1824 4586 vel
1856 4533 2018 4588 etiam

441 4625 558 4678 ovis
591 4624 914 4694 exemplum.
947 4623 1077 4691 Qua:
1125 4623 1379 4677 nimirum
1421 4639 1545 4678 cum
1595 4624 1744 4689 vivit,
1787 4625 2018 4692 turpiter

441 4711 564 4770 beat
601 4715 816 4789 [halat],
844 4727 1055 4772 mortua
1103 4731 1232 4769 vero
1283 4715 1338 4769 in
1364 4715 1738 4770 instrumentis
1793 4715 2016 4769 musicis

440 4807 680 4861 suaviter
701 4815 911 4861 cantat:
947 4807 1026 4862 sic
1053 4813 1108 4861 et
1133 4805 1222 4874 qui
1252 4805 1546 4860 carnaliter
1571 4805 1756 4858 vivunt
1780 4845 1792 4866 ,
1829 4804 2010 4857 balare

440 4914 562 4950 cum
587 4898 778 4952 ovibus
808 4897 1042 4951 inaniter
1071 4903 1314 4966 possunt,
1343 4895 1556 4950 naviter
1576 4894 1792 4964 explere
1819 4891 2015 4961 ρι’ωάιί-

440 4990 640 5043 catoris
669 4989 898 5043 cilicium
949 4997 1240 5058 nequeunt.
1293 4988 1430 5043 Dicit
1473 4989 1636 5044 etiam
1687 4987 1956 5056 Propheta
1999 5005 2012 5040 :

446 5099 463 5130 ι
500 5081 736 5136 Laudate
787 5081 1070 5136 Dominum
1119 5079 1171 5133 in
1226 5090 1480 5150 tympano
1516 5085 1570 5132 et
1621 5078 1786 5132 choro
1831 5075 2011 5148 (Psal.

438 5173 544 5238 CL).
597 5187 614 5220 ι
651 5169 869 5225 Corium
897 5170 1093 5240 quippe
1121 5183 1228 5224 non
1263 5179 1440 5232 sonat,
1481 5168 1586 5222 nisi
1617 5167 1819 5223 siceum
1853 5167 2017 5224 relin-

439 5273 611 5327 quens
651 5261 848 5314 humor
893 5259 1168 5314 abscedat.
1199 5257 1256 5312 Si
1285 5273 1416 5328 ergo
1446 5259 1530 5314 vis
1587 5267 1649 5313 ut
1701 5267 2016 5330 tympanum

437 5349 520 5402 vel
552 5351 748 5404 chorda
788 5359 875 5406 tua
902 5351 1108 5406 clarum
1143 5349 1196 5404 in
1241 5351 1544 5403 auditorum
1573 5349 1826 5406 cordibus
1867 5351 2015 5406 soni-

439 5449 550 5493 tum
581 5441 788 5506 reddat,
818 5441 994 5496 omuis
1043 5457 1072 5494 a
1127 5449 1182 5495 te
1225 5440 1350 5493 vita:
1395 5440 1628 5495 carnalis
1671 5441 1866 5494 humor
1887 5455 2013 5495 eva-

437 5539 582 5594 ncat,
629 5547 783 5585 mens
837 5541 922 5586 tua
969 5532 1040 5586 ab
1081 5532 1226 5586 enini
1283 5529 1428 5583 fluxu
1467 5531 1692 5586 luxurim
1721 5531 2013 5600 prurientis

441 5631 668 5677 arescat.
713 5622 846 5678 Nam
892 5633 948 5678 ct
997 5623 1165 5693 frigus
1209 5628 1521 5677 'conercuun
1571 5623 1794 5691 pectori,
1825 5639 2012 5678 vocem

2133 3171 2369 3227 Canticis
2392 3172 2607 3237 dicitur,
2640 3174 2812 3242 pascit
2835 3183 2890 3227 et
2917 3174 3075 3226 cubat
3099 3174 3150 3226 in
3187 3173 3410 3226 meridie
3442 3170 3619 3242 (Cant.
3649 3173 3713 3240 ι).

2133 3263 2422 3318 Enimvero
2461 3279 2580 3317 cum
2613 3274 2664 3317 te
2703 3263 2882 3318 cordis
2923 3277 3150 3316 acumen
3182 3272 3460 3330 permovet
3485 3261 3551 3316 ad
3587 3277 3722 3329 que-

2129 3351 2336 3416 relatn,
2377 3351 2505 3420 quid
2547 3350 2690 3404 aliud
2729 3350 2846 3419 agis
2897 3365 3058 3422 quam
3100 3351 3362 3405 adversus
3409 3351 3574 3404 Deum
3615 3367 3714 3419 per

2131 3442 2320 3497 eadem
2351 3457 2471 3512 qua:
2504 3443 2644 3496 Deus
2682 3441 2904 3496 contulit
2950 3455 3098 3495 arma
3149 3439 3434 3511 conﬂigis?
3477 3441 3544 3494 Et
3587 3456 3713 3494 cum

2131 3533 2402 3604 ingratum
2445 3547 2566 3586 esse
2615 3531 2727 3587 Deo
2778 3545 2886 3586 non
2931 3531 3084 3601 parvi
3133 3532 3207 3586 sit
3251 3532 3518 3598 criminis,
3556 3533 3715 3602 727

2129 3621 2477 3680 formidolose
2499 3625 2594 3678 tibi
2623 3625 2928 3679 cavendum
2974 3633 3058 3679 est
3088 3639 3157 3680 ne
3185 3624 3312 3680 inde
3331 3635 3518 3681 contra
3549 3627 3716 3680 Deum

2129 3713 2378 3782 prosilias
2403 3713 2460 3768 in
2491 3714 2858 3784 tyrannidem,
2888 3713 3030 3768 unde
3070 3715 3368 3784 gratiarum
3407 3715 3482 3768 illi
3519 3715 3718 3770 debue-

2130 3819 2219 3858 ras
2242 3803 2546 3866 actionem;
2577 3811 2628 3858 et
2675 3804 2802 3859 dum
2831 3804 3140 3870 scientiam,
3172 3821 3294 3876 quae
3323 3804 3496 3872 inﬂat,
3523 3807 3718 3860 immo-

2129 3893 2370 3947 deratius
2427 3891 2657 3962 flagitas,
2705 3892 3058 3958 charitatem,
3111 3907 3230 3962 qua:
3259 3894 3568 3964 mdiﬁcatU
3587 3894 3711 3950 Cor.

2127 3983 2248 4050 vni)
2279 4023 2294 4046 ,
2345 3981 2662 4050 insipienter
2702 3979 2966 4040 offendast
3007 3981 3146 4049 Quid
3191 3983 3336 4037 enim
3391 3983 3498 4038 scis
3533 3994 3713 4036 utrum

2127 4073 2468 4142 dispensator
2519 4072 2834 4126 meritorum
2905 4073 3250 4142 omnipotens
3295 4072 3439 4127 Deus
3501 4073 3566 4126 ad
3611 4073 3713 4128 hoc

2129 4162 2224 4217 tibi
2267 4161 2566 4216 subtilioris
2615 4161 2820 4232 ingenii
2867 4162 3256 4233 perspicaciam
3306 4162 3714 4232 agilitatemque

2125 4251 2432 4314 contulerit,
2466 4260 2526 4306 ut
2547 4250 2659 4321 jam
2693 4251 2788 4306 tibi
2816 4252 3214 4320 quodammodo
3252 4253 3466 4322 signum
3519 4251 3712 4308 futuras

2129 4343 2583 4400 remunerationis
2643 4344 2988 4409 ostenderet;
3043 4353 3099 4398 et
3159 4345 3495 4400 occidentem
3565 4345 3712 4399 illam

2124 4436 2432 4502 scientiam,
2457 4449 2620 4504 quam
2664 4450 2762 4504 pro
2809 4435 2952 4488 illius
2981 4449 3168 4489 amore
3201 4433 3471 4505 sprevisti,
3509 4435 3712 4489 vivacis

2119 4529 2320 4583 mentis
2382 4529 2632 4584 acumine
2685 4525 3102 4595 compensaret?
3141 4523 3276 4579 Nam
3328 4540 3451 4580 cum
3516 4524 3710 4580 littera)

2101 4618 2367 4672 oriantur
2402 4629 2470 4670 ex
2516 4630 2698 4678 sensu,
2728 4629 2834 4668 non
2862 4629 3056 4668 sensus
3091 4613 3346 4681 procedat
3371 4629 3438 4667 ex
3474 4613 3673 4667 litteris
3693 4669 3710 4692 ι

2116 4706 2204 4760 cui
2235 4719 2426 4759 sensus
2458 4702 2744 4758 incolumis
2768 4712 2854 4756 est
2879 4701 3090 4756 litteras
3113 4717 3218 4756 non
3247 4703 3494 4770 requirit.
3531 4703 3586 4756 ln
3621 4703 3708 4760 lit-

2116 4797 2318 4852 terario
2345 4795 2542 4864 quippe
2574 4793 2718 4856 ludo,
2752 4794 2841 4848 ubi
2872 4793 3022 4862 pueri
3055 4793 3228 4862 prima
3259 4794 3566 4850 articulat-ue
3604 4811 3702 4850 vo-

2119 4887 2201 4942 cis
2220 4887 2486 4941 elementa
2515 4883 2840 4952 suscipiunt,
2877 4882 2964 4938 alii
3000 4881 3216 4952 quidem
3243 4882 3570 4948 abecodarii,
3612 4887 3726 4942 alii.

2123 4965 2427 5037 syllabarii,
2463 4965 2684 5035 quidam
2718 4981 2850 5022 vero
2889 4967 3204 5032 nominarii,
3247 4971 3498 5024 nonnulli
3543 4971 3712 5026 etiam

2123 5061 2486 5116 calculatorcs
2513 5059 2899 5132 appellantur;
2925 5072 2982 5118 et
3007 5063 3119 5116 hsce
3151 5063 3374 5118 nomina
3401 5081 3524 5120 cum
3550 5065 3716 5118 audi-t

2125 5168 2264 5214 ntus,
2299 5168 2363 5206 ex
2395 5151 2530 5220 ipsis
2555 5151 2820 5209 continuo
2848 5154 2974 5224 quis
3001 5154 3074 5210 sit
3105 5155 3162 5210 in
3199 5157 3386 5224 pueris
3417 5153 3712 5226 profectus

2121 5246 2490 5316 agnoscimus.

2757 5337 2989 5398 CAPUT
3031 5340 3094 5398 V.

2327 5431 2602 5498 Quomodo
2639 5431 2876 5500 Spiritus
2911 5443 3132 5489 sanctus
3169 5449 3261 5489 nos
3293 5435 3497 5490 doceat.

2191 5525 2291 5582 Cui
2348 5542 2476 5582 vero
2526 5543 2624 5596 per
2657 5527 2861 5582 donum
2904 5528 3084 5580 sancti
3117 5526 3358 5597 Spiritus
3389 5527 3708 5584 intellectus

2135 5619 2384 5690 .pvritur,
2413 5619 2536 5689 quia
2571 5633 2670 5691 per
2689 5627 3014 5690 conceptum
3041 5621 3280 5694 vigorem
3309 5621 3514 5678 vivacis
3546 5621 3706 5694 iuge-
