4054 6184
379 182 485 288 έυθ

845 225 903 282 S.
936 224 1139 283 PETRI
1180 223 1460 284 DAMIANI
1500 223 1650 280 OPP.
1684 221 1920 278 TOMUS
1960 229 1962 272 :

2066 220 2090 277 δ
2130 219 2306 277 PARS
2347 222 2533 287 Ill.:--
2555 220 2913 278 OPUSCULA
2961 220 3189 278 VABIA.

3548 226 3653 281 700

378 344 455 399 nii
482 349 678 399 cuncta
716 339 874 396 facile
921 339 1355 410 comprehendit,
1407 338 1490 391 his
1535 337 1602 390 ad
1650 334 1962 390 discendum
1993 335 2040 393 Α
2068 332 2187 396 stri,
2235 341 2468 387 testante
2521 332 2813 402 Propneta,
2858 333 2995 386 sicut
3021 345 3218 386 aranea
3249 331 3652 391 meditabuntur

382 437 643 507 gradibus
678 447 1006 504 magnopere
1032 447 1138 486 non
1174 430 1371 500 egebit.
1416 429 1572 484 Sicut
1600 429 1668 482 de
1701 428 1873 481 tribus
1904 425 1968 479 il-

386 528 454 582 lis
491 529 676 597 pueris
705 526 906 580 dicitur
942 542 954 576 :
999 541 1018 574 ι
1054 522 1187 588 Quia
1234 521 1383 575 dedit
1437 519 1542 574 illis
1594 518 1874 573 scientiam
1913 524 1968 570 et

379 617 722 684 disciplinam
751 613 804 667 in
833 611 977 665 omni
1005 611 1144 664 libro
1174 618 1227 664 et
1253 610 1518 679 sapientia
1549 649 1563 673 ,
1623 606 1834 662 Danieli
1865 622 1967 660 au-

387 714 495 760 tem
530 703 678 759 dedit
721 700 1128 771 intelligentiam
1168 701 1409 754 omnium
1439 699 1704 753 visionum
1735 705 1791 752 et
1818 711 1968 752 som-

385 795 640 855 niorum;
698 793 771 846 ita
796 801 854 847 ut
898 791 1317 863 Babyloniorum
1365 791 1639 859 sapientes
1678 789 1743 843 ad
1780 803 1969 844 eorum

380 882 724 954 prudentiam
771 897 878 936 non
907 881 1260 950 attingerent,
1305 894 1508 948 eosque
1535 878 1698 948 magi,
1750 875 1966 942 harioli,

389 975 475 1029 vel
500 974 781 1043 aruspices
817 974 868 1029 in
908 973 1288 1043 mysteriorum
1336 970 1644 1026 caalestium’
1684 967 1973 1025 revelatio-

383 1066 542 1120 nibus
576 1079 682 1118 non
710 1071 989 1131 aequarent
1014 1060 1176 1132 (Dan.
1212 1059 1274 1128 t).
1314 1078 1334 1111 ι

453 1157 558 1211 Sed
584 1165 659 1223 et,
687 1154 963 1209 veteribus
987 1143 1225 1216 omissis,
1247 1151 1313 1206 ad
1342 1150 1628 1205 modernos
1654 1149 1852 1204 iterum
1879 1162 1972 1203 ve-

382 1244 620 1301 niamus.
646 1247 843 1301 Beatus
872 1244 1192 1299 Benedictus
1216 1244 1281 1296 ad
1304 1242 1606 1296 litterarum
1640 1240 1816 1296 studia
1846 1240 1970 1293 mit-

384 1334 538 1400 titur,
575 1339 666 1392 sed
701 1352 822 1390 mox
849 1335 924 1388 ad
960 1334 1256 1402 sapientem
1299 1332 1502 1387 Christi
1555 1331 1836 1386 stultitiam
1887 1344 1972 1384 re-

388 1436 646 1489 vocatur;
685 1437 758 1489 et,
801 1427 926 1493 quia
968 1425 1208 1480 scholam
1253 1424 1338 1493 pia
1385 1424 1685 1478 rusticitate
1710 1421 1968 1486 mutavit,

387 1516 493 1570 hoc
541 1515 868 1584 descriptum
922 1515 1140 1583 reliquit
1186 1514 1237 1567 in
1281 1514 1573 1583 capisterio
1618 1511 1968 1575 mulierculae,

385 1604 530 1674 quod
555 1605 622 1660 de
651 1620 709 1660 se
739 1606 921 1659 mundi
956 1605 1228 1674 sapientes
1268 1605 1576 1673 exprimere
1609 1610 1883 1671 nequeunt
1914 1601 1967 1654 in

2070 421 2247 495 (Psal.
2282 424 2525 494 Lxxxtx).

2141 512 2278 584 Ugo,
2310 514 2626 568 Parmensis
2653 513 2907 569 Ecclesia:
2934 513 3185 578 clericus,
3206 520 3337 582 quot
3358 511 3653 567 utilitatum

2068 606 2221 661 dotes
2246 607 2517 670 habuerit,
2564 621 2670 661 non
2710 621 3006 671 euumero,
3055 607 3180 676 quia
3234 606 3481 661 laciniosi
3530 607 3654 677 styli

2070 696 2250 752 devito
2278 695 2577 751 fastidium.
2611 695 2710 751 Hic
2741 704 2901 751 tanta:
2928 696 3030 750 fuit
3062 697 3443 752 ambitionisin
3457 698 3655 752 artium

2070 788 2285 854 studiis,
2319 798 2379 843 ut
2408 788 2762 844 astrolabium
2787 789 2888 844 sibi
2920 789 2986 844 de
3006 789 3311 844 clarissimo
3353 789 3656 859 provideret

2077 888 2304 950 argento
2324 919 2339 944 ,
2366 888 2448 946 ut,
2484 881 2612 934 dum
2649 880 2880 950 spiraret
2909 879 2972 933 ad
3002 880 3307 950 episcopale
3356 879 3657 951 fastigium,

2068 969 2299 1025 Conradi
2326 970 2671 1040 imperatoris
2692 985 2751 1025 se
2782 971 3064 1026 constituit
3088 970 3424 1040 capellanum
3455 989 3467 1024 :
3493 986 3520 1025 a
3549 986 3656 1041 quo

2070 1061 2197 1115 dum
2220 1062 2512 1115 revertitur
2537 1060 2702 1132 regiis
2728 1060 3211 1131 pollicitationibus
3237 1059 3565 1124 cumulatus,
3596 1064 3653 1114 et

2071 1150 2138 1204 de
2169 1150 2544 1219 consequenda
2583 1150 2842 1218 dignitate
2878 1164 3016 1218 pene
3058 1165 3164 1203 non
3208 1148 3422 1212 dubius,
3468 1148 3658 1202 incidit

2070 1239 2124 1294 in
2155 1239 2412 1295 latrones.
2454 1239 2747 1310 Presbyter
2790 1239 2935 1294 enim
2982 1241 3203 1310 quidam
3251 1240 3305 1294 in
3347 1239 3657 1296 Teutonicis

2070 1330 2336 1399 partibus,
2389 1330 2480 1399 qui
2513 1330 2707 1385 laicum
2759 1330 2993 1385 habebat
3039 1329 3323 1394 asseclam,
3373 1339 3657 1399 pascentes

2070 1434 2239 1488 equos
2272 1419 2413 1474 illius
2441 1421 2668 1473 tentavit
2695 1419 2966 1474 invadere.
2991 1418 3089 1474 Cui
3123 1420 3248 1473 dum
3286 1419 3372 1473 ille
3403 1432 3522 1473 sese
3551 1420 3658 1473 im-

2070 1509 2220 1578 piger
2258 1509 2565 1579 objecisset,
2607 1510 2891 1580 presbyter
2934 1522 3056 1563 eum
3095 1509 3281 1563 lancea
3315 1507 3654 1574 confodiens,

2073 1600 2380 1665 interemit,
2425 1609 2483 1655 et
2531 1609 2662 1654 tunc
2707 1599 2912 1669 liquido
2957 1598 3313 1668 deprehendit
3365 1596 3441 1652 nil
3489 1597 3656 1652 fuisse

383 1712 571 1752 mensa
607 1697 946 1766 geometrica:
984 1696 1066 1749 vel
1094 1696 1473 1749 astronomiae
1511 1694 1824 1762 disciplinae.
1849 1692 1961 1746 Lit-
1990 1681 2039 1742 B
2067 1692 2210 1762 quod
2238 1692 2443 1759 didicit,
2465 1693 2591 1747 dum
2615 1692 2771 1746 simul
2805 1692 2986 1746 amisit
3006 1704 3062 1746 et
3085 1690 3365 1746 irridentis
3392 1691 3517 1746 vita:
3539 1690 3656 1745 dul-

383 1796 528 1840 tcras
558 1796 614 1841 et
646 1786 909 1840 Martinus
955 1787 1206 1857 ignorat;
1239 1787 1332 1840 sed
1357 1785 1444 1838 hic
1476 1784 1656 1838 fatuus
1704 1794 1758 1838 et
1789 1784 1961 1850 impe-

389 1877 526 1930 ritus
552 1877 792 1946 perditas
827 1877 988 1930 trium
1043 1885 1381 1930 mortuorum
1413 1875 1622 1928 animas
1663 1873 1732 1926 ab
1778 1873 1965 1928 inferis

384 1975 625 2020 revocat.
657 1965 924 2021 Antonius
955 1982 1058 2021 non
1091 1967 1476 2030 rhetoricatur,
1506 1967 1598 2020 sed
1625 1975 1735 2020 toto
1757 1964 1966 2034 conspi-

384 2072 519 2109 cuus
549 2058 699 2118 orbe.
726 2057 938 2120 litteris,
983 2065 1042 2110 ut
1088 2057 1161 2110 ita
1206 2057 1416 2125 loquar,
1456 2055 1708 2109 vitalibus
1747 2053 1962 2124 legitur.

382 2142 623 2199 llilarion
673 2145 920 2200 Platones
961 2154 1013 2200 et
1062 2145 1397 2216 Pythagoras
1441 2146 1687 2214 proiicit,
1749 2158 1965 2212 unoque

385 2245 672 2290 contentus
697 2236 1008 2305 Evangelio,
1051 2237 1102 2291 in
1141 2236 1425 2307 sepulcrali
1473 2251 1532 2291 se
1572 2235 1778 2290 cellulae
1806 2245 1965 2291 antro

381 2327 695 2391 concludit;
724 2328 818 2381 sed
849 2342 976 2382 ecce
1000 2327 1332 2382 daemonibus
1368 2327 1617 2396 imperat,
1649 2341 1810 2394 quem
1846 2324 1966 2394 phi-

378 2418 726 2487 losoiihorum
757 2418 935 2473 studia
973 2433 1078 2472 non
1111 2427 1396 2473 exornant.
1432 2417 1562 2484 Qua:
1591 2416 1637 2470 si
1664 2425 1720 2470 tu
1749 2429 1965 2485 quoque

379 2510 524 2579 apud
553 2510 830 2575 saeculum,
859 2517 917 2564 ut
950 2511 1239 2582 eﬂlagitas,
1262 2510 1564 2574 didicisses,
1599 2508 1846 2564 fortassis
1874 2508 1967 2563 ho.

380 2603 468 2656 die
513 2601 772 2656 Dominus
803 2601 944 2656 intra
976 2604 1140 2658 sortis
1170 2618 1281 2658 suae
1327 2601 1623 2656 funiculum
1670 2616 1773 2654 non
1805 2600 1966 2654 habe-

378 2702 479 2747 ret.
514 2693 608 2747 Est
631 2693 775 2746 enim
807 2695 1068 2762 sapientia
1093 2694 1160 2747 de
1190 2709 1292 2762 qua
1322 2693 1584 2761 scriptum
1613 2700 1695 2747 est
1731 2711 1742 2744 :
1780 2710 1796 2741 ι
1829 2690 1962 2744 Nam

375 2795 474 2850 per
521 2784 840 2847 sapientiam
894 2784 1067 2838 sanati
1121 2795 1249 2838 sunt
1296 2783 1605 2852 quicunque
1646 2782 1968 2851 placuerunt

383 2873 503 2937 tibi,
536 2873 783 2938 Domine,
822 2874 891 2926 ab
914 2874 1065 2927 initio
1089 2873 1240 2944 (Sap.
1269 2875 1367 2942 rx).
1405 2892 1423 2923 ι
1459 2873 1527 2926 Ει
1559 2881 1643 2927 est
1679 2872 1964 2942 sapientia,

378 2962 444 3016 de
472 2976 579 3030 qua
608 2961 847 3016 dicitur:
893 2985 910 3013 ι
949 2961 1064 3017 Νοιι
1097 2972 1180 3017 est
1213 2963 1324 3016 haec
1366 2960 1629 3031 sapientia
1678 2960 1962 3015 desursum

2065 1782 2308 1838 cedinem
2339 1791 2393 1836 et
2418 1781 2686 1851 concupiti
2713 1781 2964 1836 culminis
2994 1780 3332 1851 dignitatem.

2669 1872 2899 1930 CAPUT
2937 1872 3048 1928 VII.

2353 1961 2431 2016 De
2462 1962 2748 2016 mundana:
2778 1962 3047 2032 sapientia:
3073 1962 3361 2031 eﬁ'ectibus.

2139 2051 2403 2108 Praeterea
2467 2068 2608 2122 saepe
2647 2053 2914 2121 contingit
2966 2060 3026 2106 ut
3076 2052 3316 2107 nonnulli
3364 2051 3653 2108 carnaliter

2073 2143 2345 2214 sapientes
2370 2151 2425 2197 ct
2453 2143 2656 2198 diutius
2683 2143 2891 2207 vivant,
2921 2151 2977 2198 et
2998 2158 3272 2213 nunquam
3312 2144 3532 2198 valeant
3575 2143 3653 2198 in-

2068 2237 2257 2292 venire
2285 2236 2426 2306 quod
2453 2244 2664 2306 optant.
2703 2236 2762 2290 In
2802 2236 3080 2306 sapientia:
3116 2235 3316 2306 quippe
3354 2249 3464 2290 suae
3506 2235 3653 2289 vani-

2069 2335 2179 2399 tate
2209 2327 2424 2394 confisi,
2449 2328 2577 2381 dum
2618 2335 2842 2397 sperant
2893 2325 3054 2382 facile
3099 2335 3292 2381 cuncta
3332 2334 3653 2396 suppetere,

2070 2419 2410 2474 arbitrantur
2441 2420 2626 2489 utique
2651 2435 2710 2474 se
2734 2419 3010 2491 religionis
3054 2419 3361 2475 testimonio
3409 2435 3512 2474 non
3536 2433 3653 2490 ege-

2070 2526 2166 2577 re;
2198 2520 2255 2566 et
2280 2513 2406 2567 dum
2443 2512 2659 2566 inanem
2697 2511 3019 2580 sapientiam
3057 2513 3288 2581 jactant,
3341 2511 3654 2581 insipienter

2069 2602 2251 2656 vivere
2278 2618 2386 2657 non
2417 2602 2730 2657 formidant.
2761 2601 3126 2669 Quamobrem
3155 2618 3184 2656 a
3216 2617 3276 2658 se
3319 2602 3654 2672 conspicien-

2071 2693 2211 2746 tibus
2233 2707 2419 2746 eorum
2452 2702 2606 2747 actus
2623 2692 2948 2763 exploditur,
2995 2693 3103 2747 vita
3151 2693 3484 2762 conspuitur,
3523 2709 3652 2749 con-

2068 2785 2304 2839 versatio
2333 2785 2627 2851 deridetur,
2651 2784 2790 2839 fama
2817 2785 3097 2855 polluitur,
3128 2785 3494 2840 testimonium
3521 2801 3652 2841 con-

2070 2874 2385 2940 demnatur;
2449 2875 2676 2944 ideoque
2738 2875 2829 2945 qui
2901 2884 3299 2944 proposuerant
3345 2875 3412 2928 ad
3469 2885 3654 2928 votum

2071 2965 2252 3020 carnis
2281 2965 2478 3029 vivere,
2523 2966 2578 3020 in
2624 2966 2954 3022 contrarium
2987 2981 3144 3022 versa
3185 2967 3476 3031 sententia,
3513 2980 3660 3036 saepe

378 3050 737 3117 descendens,
759 3051 854 3106 sed
892 3061 1129 3117 terrena,
1169 3050 1441 3114 animalis,
1475 3049 1743 3104 diabolica
1824 3040 1956 3111 (εἴασα
1988 3033 2034 3096 C
2065 3055 2460 3125 compelluntur
2480 3071 2668 3127 egere,
2697 3072 2820 3112 cum
2841 3072 2872 3110 e
2897 3057 3112 3113 diverso
3144 3058 3346 3126 quique
3381 3033 3654 3126 simplices

378 3141 484 3208 Ill).
521 3159 540 3192 ι
574 3139 660 3205 Ει,
692 3156 725 3195 o
755 3141 973 3209 quantis
1008 3139 1122 3195 [uec
1169 3141 1281 3210 ipsa
1352 3147 1562 3194 terrena
1611 3147 1665 3192 et
1714 3135 1963 3191 animalis

381 3229 647 3298 sapientia
673 3243 779 3284 non
807 3229 1078 3284 concessit
1112 3230 1215 3284 iter
1252 3244 1590 3298 prosperum,
1619 3237 1676 3280 ut
1710 3225 1960 3280 videlicet

383 3327 511 3370 ante
539 3327 858 3373 corruerent
885 3317 938 3372 in
973 3317 1272 3387 periculum
1296 3318 1486 3374 mortis
1519 3332 1680 3386 quam
1714 3314 1960 3370 frueren-

377 3421 464 3466 tur
488 3412 717 3481 aptatis!

895 3505 1061 3574 723
1089 3501 1317 3559 CAPUT
1355 3502 1441 3557 vr.

451 3595 606 3659 Quod
634 3596 866 3649 humana
887 3597 1147 3664 sapientia
1167 3595 1345 3649 multis
1363 3594 1607 3658 periculis
1630 3595 1888 3664 subjacet.

449 3685 741 3741 Gualtcrus
801 3687 981 3757 plane,
1040 3686 1282 3756 magistri
1338 3687 1461 3750 mei,
1505 3686 1710 3740 scilicet
1761 3685 1960 3753 lvonis,

377 3775 558 3830 socius
592 3776 716 3841 fuit,
745 3777 836 3846 qui
859 3792 955 3846 per
979 3776 1198 3846 triginta
1226 3775 1395 3830 ferme
1433 3791 1605 3830 annos
1637 3777 1708 3831 ita
1741 3790 1836 3846 per
1864 3791 1960 3830 oc-

375 3866 567 3922 ciduos
599 3868 733 3921 lines
769 3867 1091 3936 sapientiam
1120 3874 1435 3937 persecutus
1472 3875 1578 3931 est,
1605 3876 1664 3920 ut
1692 3867 1758 3920 de
1782 3866 1961 3936 regnis

373 3957 440 4011 ad
489 3975 655 4026 regna
712 3960 1106 4016 contenderet:
1152 3967 1208 4015 et
1257 3974 1362 4013 non
1415 3959 1576 4014 modo
1629 3958 1958 4025 Teutonum,

373 4051 683 4119 Gallorum,
715 4054 809 4108 sed
849 4063 904 4108 et
947 4053 1343 4109 Saracenorum
1376 4067 1591 4121 quoque
1638 4051 1957 4121 Hispanien-

373 4146 513 4199 sium
545 4147 726 4212 urbes,
757 4147 954 4217 oppida
983 4147 1145 4202 simul
1174 4157 1339 4215 atque
1364 4144 1670 4214 provincias
1704 4152 1957 4212 penetra-

374 4248 487 4301 ret;
512 4237 607 4291 sed
633 4252 756 4290 mox
779 4247 862 4301 ut,
890 4237 1082 4291 studiis
1111 4245 1245 4299 toto,
1274 4243 1333 4288 ut
1355 4236 1425 4289 ita
1449 4235 1658 4304 loquar,
1679 4235 1812 4289 orbe
1837 4248 1960 4288 cor-

374 4328 536 4394 rasis,
565 4327 816 4382 exsilium
854 4327 1186 4381 habitatione
1215 4326 1463 4392 mutavit,
1496 4336 1549 4380 et
1574 4325 1687 4394 jam
1728 4325 1876 4380 velut
1903 4324 1955 4379 in

2066 3159 2124 3205 et
2160 3151 2328 3221 quieti
2384 3152 2546 3206 rebus
2583 3151 2879 3206 exuberent
2913 3151 3236 3206 necessariis
3279 3150 3460 3220 729.
3495 3149 3654 3204 Unde

2063 3259 2161 3314 per
2183 3244 2377 3299 tsaiam
2416 3243 2674 3299 Dominus
2700 3243 2830 3298 dicit
2858 3259 2873 3296 :
2919 3260 2940 3294 ι
2974 3243 3080 3297 Pro
3103 3257 3168 3298 eo
3192 3243 3334 3311 quod
3369 3242 3581 3305 vocavi,
3602 3251 3656 3294 et

2066 3350 2170 3391 non
2205 3334 2596 3404 respondistis;
2639 3334 2848 3390 locutus
2879 3348 3020 3399 sum,
3066 3341 3121 3388 et
3164 3348 3271 3387 non
3304 3330 3569 3398 audistis;
3600 3340 3656 3386 et

2065 3423 2348 3480 faciebatis
2381 3425 2582 3479 malum
2619 3423 2673 3478 in
2712 3423 2884 3479 oculis
2915 3424 3082 3489 meis;
3124 3430 3180 3478 et
3209 3437 3328 3493 qua:
3367 3421 3515 3477 nolui
3551 3421 3655 3477 ele-

2065 3514 2252 3585 gistis:
2283 3526 2503 3585 propter
2535 3515 2636 3570 hoc
2664 3527 2792 3570 ecce
2821 3514 2965 3568 servi
2993 3513 3098 3568 mei
3131 3512 3437 3576 comedent,
3472 3521 3529 3567 et
3556 3526 3653 3566 vos

2061 3608 2348 3662 esurietis:
2377 3622 2504 3663 ecce
2528 3607 2668 3661 servi
2692 3607 2796 3661 mei
2825 3605 3034 3672 bibent,
3065 3614 3122 3661 et
3143 3620 3239 3660 vos
3263 3604 3494 3670 sitietis;
3522 3617 3651 3670 ecce

2063 3698 2207 3753 servi
2248 3697 2353 3752 mei
2399 3697 2743 3763 laetabuntur,
2796 3705 2851 3752 et
2901 3711 2996 3752 vos
3037 3695 3476 3774 confundemini;
3522 3709 3652 3751 ecce

2063 3790 2204 3845 servi
2237 3790 2338 3843 mei
2373 3789 2667 3844 laudabunt
2705 3805 2816 3859 prae
2844 3787 3204 3843 exsultatione
3231 3787 3431 3852 cordis,
3470 3798 3526 3841 et
3556 3801 3653 3841 vos

2063 3878 2366 3934 clamabitis
2412 3893 2523 3947 prae
2569 3877 2774 3942 dolore,
2813 3886 2868 3933 et
2907 3893 3019 3948 pra:
3067 3877 3390 3933 contritione
3427 3877 3651 3947 spiritus

2061 3969 2336 4024 ululabilis
2357 3967 2493 4039 (Isa.
2527 3968 2671 4039 va).
2717 3987 2736 4021 ι

2133 4057 2410 4128 Hodieque
2453 4066 2599 4113 certe
2641 4058 2693 4112 in
2732 4057 2978 4114 Romana
3021 4060 3155 4115 urbe
3193 4059 3362 4113 frater
3407 4059 3630 4126 advivit,

2061 4155 2214 4202 ortus
2241 4148 2306 4202 de
2336 4149 2563 4202 summis
2593 4148 2910 4218 proceribus
2961 4149 3282 4215 Galliarum,
3341 4148 3495 4218 cujus
3550 4164 3647 4204 no-

2062 4253 2184 4294 men
2210 4247 2382 4304 taceo,
2429 4239 2557 4309 quia
2617 4239 2802 4296 fratris
2867 4240 3217 4310 ignominiam
3263 4239 3640 4309 perhorresco.

2061 4325 2160 4381 Cui
2205 4326 2392 4382 nescio
2431 4343 2498 4382 an
2539 4327 2739 4398 aliquid
2766 4329 3014 4385 utilitatis
3036 4330 3196 4386 desit.
3238 4329 3340 4384 Tot
3375 4329 3640 4398 siquidem

377 4434 513 4490 pace
549 4418 881 4487 compositus
921 4418 1117 4472 docere
1154 4433 1351 4488 pueros
1387 4418 1554 4486 cmpit
1579 4458 1594 4482 ,
1628 4417 1805 4473 mmuli
1843 4418 1958 4482 sui,
1987 4401 2041 4462 Ῑ)
2067 4419 2399 4473 exteriorum
2431 4419 2698 4474 bonorum
2736 4418 2958 4475 floribus
2994 4419 3245 4474 enitescit
3285 4435 3300 4472 :
3341 4418 3537 4474 nobilis
3585 4426 3646 4472 ut

374 4507 654 4578 cujusdam
683 4507 934 4562 videlicet
989 4507 1213 4563 alterius
1249 4507 1510 4576 sapientis
1537 4508 1826 4563 necessarii
1879 4507 1963 4562 vel

378 4597 643 4661 fautores,
671 4611 794 4651 eum
825 4597 1144 4667 simpliciter
1164 4597 1495 4667 gradientem
1538 4613 1607 4652 ex
1636 4597 1846 4652 insidiis
1870 4613 1962 4653 oc-

378 4689 664 4744 ciderunt:
697 4688 788 4757 qui
821 4688 1105 4744 confossus
1134 4688 1345 4760 gladiis,
1388 4705 1494 4744 non
1536 4689 1868 4757 sacerdotes,
1899 4698 1961 4746 ut

375 4777 507 4833 mihi
572 4778 802 4832 relatum
864 4779 1120 4845 arbitror,
1183 4779 1372 4849 petiit;
1419 4794 1526 4835 non
1565 4782 1632 4835 de
1672 4780 1961 4836 transactis

371 4868 771 4922 confessionem
804 4869 884 4923 vel
909 4870 1297 4938 paenitudinem
1345 4871 1543 4941 gessit;
1575 4869 1668 4926 sed
1693 4885 1864 4940 usque
1889 4872 1955 4926 ad

372 4958 622 5013 ultimum
650 4958 898 5028 spiritum
937 4960 1040 5014 hoc
1080 4959 1251 5014 solum
1293 4959 1588 5014 inclamare
1626 4975 1734 5015 non
1764 4961 1953 5016 desiit:

378 5046 495 5103 llcu
520 5048 682 5118 quale
721 5049 1010 5104 damnum!
1061 5049 1118 5104 Si
1160 5051 1291 5120 quid
1327 5061 1505 5106 autem
1532 5053 1616 5106 vel
1647 5053 1713 5107 de
1740 5053 1955 5109 confes-

378 5136 530 5192 sione
555 5137 803 5193 facienda
860 5137 945 5192 vel
988 5138 1131 5192 aliud
1182 5139 1310 5208 quid
1358 5139 1670 5205 dicebatur,
1720 5142 1808 5196 ille
1841 5142 1953 5212 jam

371 5225 638 5282 alienatus
693 5228 795 5282 hoc
858 5227 1195 5284 solummodo
1255 5228 1584 5298 repetebat:
1629 5230 1743 5284 Heu
1795 5231 1955 5300 quale

373 5316 659 5373 damnum!
694 5318 792 5374 Hic
818 5320 1000 5390 itaque
1042 5319 1186 5375 velut
1239 5321 1475 5374 araclme
1523 5321 1951 5389 inextricabilia,

373 5417 434 5460 ut
489 5410 590 5464 sibi
637 5411 936 5476 videbatur,
982 5409 1336 5481 subtegminis
1387 5411 1475 5466 fila
1516 5413 1823 5479 contexuit;
1858 5415 1952 5470 sed

2066 4507 2393 4574 imperator;
2444 4507 2671 4576 pulcher
2729 4517 2951 4578 aspectu
3006 4507 3425 4578 quodammodo,
3502 4507 3645 4561 sicut

2065 4596 2273 4651 Tullius
2300 4595 2573 4666 loquitur;
2616 4606 2676 4652 ut
2717 4597 2973 4668 Virgilius
2995 4606 3277 4667 poetatur;
3312 4595 3437 4650 tuba
3478 4595 3644 4650 vehe-

2066 4701 2219 4741 mens
2261 4686 2316 4740 in
2358 4686 2629 4753 Ecclesia;
2666 4688 2947 4756 perspicax
2975 4696 3030 4742 et
3077 4695 3267 4741 acutus
3293 4697 3399 4740 'est
3441 4686 3493 4740 in
3525 4684 3643 4754 lege

2064 4775 2623 4841 divina;scholastice
2658 4776 2959 4846 disputans,
2993 4777 3149 4845 quasi
3197 4775 3467 4846 descripta
3516 4774 3638 4828 libri

2062 4869 2226 4923 verba
2249 4868 2544 4938 percurrit;
2573 4867 2868 4940 vulgariter
2909 4869 3152 4939 loquens,
3187 4867 3443 4922 Romanae
3478 4867 3639 4920 urba-

2061 4958 2248 5014 nitatis
2300 4957 2537 5029 regulam
2589 4975 2695 5013 non
2753 4957 2996 5013 offendit.
3049 4956 3188 5024 Quid
3217 4958 3282 5012 de
3320 4954 3638 5010 monachico

2061 5065 2359 5120 prosequar
2383 5049 2609 5105 ordine?
2630 5049 2762 5119 quid
2800 5050 2866 5104 de
2897 5048 3162 5120 regularis
3208 5047 3519 5118 magisterio
3556 5047 3637 5102 di-

2058 5142 2334 5211 sciplinas?
2371 5141 2428 5195 In
2467 5157 2698 5212 quorum
2729 5140 2980 5196 videlicet
3026 5140 3216 5195 notitia
3253 5140 3324 5194 ita
3365 5138 3638 5195 convaluit

2060 5244 2120 5289 ut
2149 5234 2261 5291 haec
2290 5235 2486 5290 docere
2503 5234 2715 5290 naviter
2752 5233 2956 5304 possit;
2989 5233 3084 5288 sed
3113 5233 3253 5303 ejus,
3281 5232 3413 5302 proh
3451 5229 3630 5286 dolor!

2057 5323 2181 5379 talis
2217 5332 2302 5380 est
2327 5326 2456 5390 vita,
2515 5334 2574 5380 ut
2621 5339 2742 5380 eum
2771 5324 2925 5380 alteri
2970 5322 3147 5378 nullus
3175 5323 3449 5386 invideat,
3481 5322 3547 5376 ad
3578 5335 3636 5376 se

2056 5413 2401 5470 introducere
2439 5431 2598 5470 nemo
2635 5416 2922 5486 deposcat;
2950 5423 3025 5480 et,
3052 5422 3111 5469 ut
3149 5428 3262 5469 rem
3299 5429 3403 5469 non
3432 5411 3633 5468 diutius

371 5519 499 5559 mox
529 5514 589 5558 ut
640 5521 702 5560 ea
734 5516 928 5562 ventus
955 5507 1155 5563 ultima;
1178 5508 1515 5564 necessitatis
1557 5507 1800 5578 impulit,
1825 5523 1949 5578 pro.
2053 5508 2392 5577 protraham,
2430 5508 2596 5563 stulto
2642 5509 2873 5578 sapienti
2933 5508 3332 5565 monasterialis
3360 5507 3426 5562 ad
3475 5507 3628 5562 habi-

375 5592 523 5650 tinus
555 5593 607 5648 in
641 5596 865 5652 nihilum
895 5598 1074 5653 omnia
1106 5598 1404 5669 dissipavit.
1439 5597 1579 5653 Anni
1620 5597 1814 5671 quippe
1855 5614 1951 5655 no-

2057 5599 2278 5656 tandum
2310 5599 2474 5668 jauua
2521 5599 2787 5657 clauditur
2820 5618 2834 5656 :
2867 5598 3020 5669 cuius
3068 5598 3265 5671 passim
3323 5595 3539 5653 rusticis
3582 5603 3635 5648 et
