4054 6184
403 233 497 288 701

1249 216 1493 301 ΟῘἪΞΟ.
1528 247 1686 303 XLV.
1726 281 1797 292 -—
1832 252 1921 308 DE
1958 254 2227 313 SANCTA
2268 259 2762 324 SIMPLICITATE.

3539 289 3643 343 ’ΝΞ

404 344 664 414 imperitis
716 361 781 403 ac
824 348 1057 419 dyscolis
1109 352 1285 408 aditus
1328 372 1441 410 non.
1487 344 1732 427 negatur.
1811 362 1963 418 Unde
1990 367 2038 425 Α
2068 366 2233 421 Deum
2272 374 2354 425 vel
2384 384 2600 429 sanctos
2624 391 2740 443 ejus
2787 394 3009 439 sincero
3029 387 3224 454 quaerit
3271 389 3491 461 intuitu,
3523 414 3633 455 non

402 444 549 491 recte
593 437 677 490 vir
709 440 923 506 sapiens
958 443 1034 496 ait
1084 461 1098 496 :
1152 462 1173 496 ς
1218 445 1407 501 Melior
1442 460 1525 503 est
1544 450 1705 506 homo
1752 454 1837 521 cui
1869 455 1960 508 de-

400 525 512 579 tlcit
545 529 829 598 sapientia,
851 540 907 585 et
933 533 1190 589 deficiens
1225 551 1388 591 sensu
1439 540 1492 593 in
1542 541 1755 610 timore,
1803 558 1965 612 quam

398 619 487 687 qui
518 621 758 676 abundat
780 637 960 692 sensu,
989 635 1045 682 et
1090 630 1481 699 transgreditur
1507 632 1676 705 legem
1703 635 1964 693 Altissimi

398 709 590 777 (Eccli.
634 712 771 782 ιιι).
801 731 820 763 ι

466 796 618 864 Quod
656 800 820 854 etiam
853 801 905 857 in
932 802 1159 861 Domino
1201 823 1321 863 meo
1354 809 1538 867 Leone
1590 814 1849 881 probatur
1880 815 1964 870 in-

395 887 565 942 cluso.
597 888 884 947 Posuimus
924 894 1069 949 enim
1116 896 1283 953 stulte
1323 900 1578 969 peritum,
1628 917 1961 973 apponamus

393 978 555 1031 etiam
580 980 853 1049 sapienter
881 982 1173 1039 indoctum.
1208 986 1304 1041 llic
1332 989 1493 1058 plane
1519 989 1627 1045 Leo
1655 992 1799 1061 (cum
1825 1009 1961 1063 prte-

394 1077 477 1123 ter
502 1071 757 1140 psalmos,
779 1081 873 1127 aut
897 1076 1079 1133 nescio
1115 1078 1243 1147 quid
1270 1081 1642 1137 tenuissimum
1666 1092 1722 1138 et
1773 1094 1957 1142 extre-

391 1161 560 1231 mum)
600 1160 807 1217 litteras
832 1180 937 1218 non
966 1166 1238 1233 didicerit,
1274 1174 1657 1241 grammaticos
1686 1176 1959 1245 quoslibet

390 1264 453 1301 ac
484 1251 665 1307 mundi
715 1253 1066 1326 philosophos
1127 1259 1181 1313 in
1232 1259 1632 1331 Scripturarum
1673 1267 1861 1323 notitia
1900 1277 1957 1324 et

387 1340 733 1395 consiliorum
763 1344 1123 1412 spiritualium
1152 1350 1519 1418 profunditate
1560 1357 1817 1423 praecellit
1848 1376 1863 1413 :
1896 1369 1957 1415 ut

387 1430 695 1501 quicunque
722 1434 789 1487 ad
811 1435 959 1490 illum
985 1437 1051 1491 de
1089 1440 1280 1508 quovis
1299 1443 1493 1499 anima:
1514 1447 1729 1517 negotio
1753 1464 1952 1505 consu-

385 1520 559 1576 lentes
583 1526 912 1594 accedimus,
942 1531 1296 1602 suscipientes
1344 1535 1413 1591 ab
1464 1553 1530 1594 eo
1582 1543 1826 1610 verbum,
1873 1545 1950 1601 ita

379 1616 698 1673 conﬁdimus
736 1634 801 1674 ac
837 1621 879 1675 si
922 1625 1217 1691 prophetici
1268 1629 1491 1698 Spiritus
1533 1634 1815 1689 oraculum
1855 1652 1945 1693 re-

2070 454 2270 527 indiget
2298 462 2579 531 peregrina
2605 464 2723 518 luce
2777 477 2837 521 ut
2880 485 3062 526 veram
3090 478 3391 547 conspiciat
3438 482 3633 541 lucem.

2066 542 2184 612 Ipsa
2211 546 2406 616 quippe
2434 564 2560 604 vera
2588 553 2848 622 sapientia
2879 573 2937 613 se
2962 542 3326 629 quaerentibus
3344 572 3536 638 aperit,
3558 584 3633 639 et,

2066 633 2184 689 sine
2228 636 2544 694 adulterinae
2584 640 2718 697 lucis
2766 647 2970 703 auxilio
3013 649 3308 713 inocciduze
3456 633 3634 730 fulgor
3683 707 3686 710 .

2063 724 2316 779 ostendit.
2363 726 2509 783 Unde
2528 731 2786 801 scriptum
2811 746 2895 790 est
2924 755 2938 790 :
2972 756 2991 789 α
3023 738 3179 795 Clara
3208 754 3289 798 est
3311 724 3562 817 semper:
3578 763 3633 809 et

2062 826 2337 882 nunquam
2353 830 2645 875 marcescet
2664 825 2957 892 sapientia;
2982 837 3035 882 et
3048 828 3205 887 facile
3225 834 3520 895 videturab
3540 843 3626 898 his
3683 886 3686 890 λ

2061 903 2153 970 qui
2176 904 2405 976 diligunt
2431 909 2607 977 illam;
2637 924 2692 968 et
2716 914 2989 973 invenitur
3016 922 3082 975 ab
3107 922 3192 980 his
3227 927 3320 994 qui
3372 942 3625 1000 quaerunt

2060 993 2205 1049 illam
2235 1014 2249 1050 :
2285 1013 2627 1072 prmoccupat
2656 1020 2752 1062 eos
2780 1009 2869 1077 qui
2889 1024 2949 1065 se
2968 993 3470 1084 concupiscunt,‘ut
3510 1023 3619 1080 illis
3667 1009 3674 1019 ’

2057 1087 2293 1156 seprior
2319 1093 2567 1148 ostendat
2590 1094 2744 1166 (Sap.
2786 1099 2883 1169 vt).
2944 1120 2964 1155 ι
3019 1102 3167 1159 Illam
3229 1122 3359 1178 ergo
3414 1114 3623 1181 sapien-

2058 1175 2187 1231 tiam
2217 1193 2415 1249 quaere,
2463 1182 2607 1238 illam
2654 1188 2780 1243 totis
2808 1191 3109 1249 visceribus
3136 1175 3395 1279 ardeo—ter
3416 1175 3622 1275 ample-

2055 1276 2219 1333 ctere,
2237 1285 2304 1325 ex
2332 1287 2436 1342 qua
2460 1289 2566 1328 non
2594 1278 2752 1333 modo
2778 1280 2961 1338 valeas
2974 1298 3184 1355 sapere,
3214 1288 3307 1343 sed
3338 1276 3391 1345 et
3416 1295 3621 1361 vivere,

2053 1373 2118 1414 ac
2141 1374 2238 1428 per
2263 1377 2383 1417 eam
2410 1365 2526 1420 sine
2553 1366 2656 1421 fine
2680 1371 3002 1439 gaudere.ln
3028 1375 3138 1431 Deo
3160 1379 3342 1449 igitur,
3371 1383 3461 1451 qui
3484 1398 3615 1439 vera

2051 1457 2135 1502 est
2153 1450 2440 1520 sapientia,
2469 1458 2739 1523 quaerendi
2765 1468 2822 1514 et
2848 1460 3179 1533 intelligendi
3216 1466 3377 1523 linem
3396 1450 3616 1527 consti-

2054 1545 2141 1593 tue
2173 1557 2186 1593 :
2219 1540 2362 1596 hunc
2385 1544 2634 1602 assiduus
2656 1550 2940 1617 meditare,
2988 1553 3041 1607 in
3074 1570 3137 1610 eo
3170 1557 3372 1627 jugitcr
3398 1562 3613 1630 requie-

2049 1642 2161 1683 sce.
2183 1629 2281 1685 Cui
2320 1634 2530 1689 scilicet
2553 1636 2605 1690 in
2644 1639 2833 1693 eodem
2861 1640 3152 1713 Sapientiae
3194 1646 3332 1702 libro
3363 1629 3560 1703 dicitur
3590 1668 3606 1705 :

377 1713 670 1770 portemus.
703 1707 807 1763 Sed
842 1713 1094 1778 quoniam
1126 1725 1180 1768 et
1212 1718 1305 1771 tibi
1345 1722 1588 1790 apprime
1634 1733 1793 1781 notus
1832 1737 1913 1782 est

2014 1706 2018 1751 ί
2051 1735 2071 1768 t
2105 1718 2273 1774 Nosse
2302 1723 2446 1776 enim
2474 1731 2545 1789 te,
2574 1739 2944 1784 consummata
2981 1732 3190 1801 justitia
3223 1744 3336 1801 est;
3367 1746 3422 1791 et
3472 1739 3612 1794 scire

375 1803 431 1847 et
472 1797 745 1863 epusculis
792 1803 993 1858 nostris
1034 1804 1345 1876 frequenter
1401 1812 1657 1881 insertus,
1713 1816 1942 1875 sulliciat

373 1901 536 1939 unum
566 1889 654 1943 hic
692 1893 917 1947 verbum
961 1910 1261 1967 proponere
1306 1904 1448 1971 quod
1505 1922 1676 1976 nuper
1707 1910 1775 1964 ab
1821 1910 1939 1978 ejus

369 1993 461 2031 ore
498 1980 649 2045 quasi
686 1983 1018 2053 negligenter
1045 1990 1257 2056 cecidit,
1288 1994 1381 2047 sed
1412 2009 1441 2048 a
1484 2011 1570 2052 me
1600 1999 1938 2070 negligenter

368 2071 540 2125 audiri
568 2088 671 2127 non
695 2078 891 2144 potuit.
922 2078 1057 2135 Nam
1085 2098 1205 2137 cum
1240 2084 1383 2141 inter
1410 2096 1604 2144 caetera
1634 2091 1935 2160 spirituali-

367 2170 449 2216 ter
470 2163 681 2221 vivendi
701 2169 934 2237 capitula
957 2170 1185 2229 solerter
1214 2176 1542 2247 inquirerem
1575 2198 1589 2236 :
1624 2182 1813 2240 Utrum
1845 2187 1933 2244 ille

365 2261 485 2320 post
522 2254 753 2310 solutum
776 2268 1051 2316 nocturna:
1073 2266 1295 2333 synaxis
1342 2267 1574 2324 ofﬁcium
1596 2282 1780 2341 posset
1806 2275 1932 2330 dor-

363 2345 497 2399 mire
545 2346 588 2399 si
630 2348 808 2415 vellet,
862 2353 963 2407 hoc
1000 2368 1062 2410 se
1101 2354 1341 2414 funditus
1387 2362 1597 2417 nescire
1624 2365 1922 2433 perhibuit.

361 2432 601 2505 Cumque
628 2436 857 2508 idipsum
907 2455 1007 2515 ego
1061 2446 1257 2517 saepius
1310 2449 1582 2520 iterarem,
1624 2432 1679 2510 et
1715 2470 1783 2510 an
1835 2458 1928 2515 ille

359 2522 503 2578 circa
552 2526 842 2584 diluculum
887 2532 1147 2591 dormiret
1211 2541 1601 2608 perquirerem,
1648 2549 1928 2617 respondit

358 2613 446 2669 ille
498 2630 557 2671 se
608 2619 710 2674 hoc
757 2623 1082 2681 omnimodis
1130 2627 1420 2699 ignorare,
1472 2634 1598 2701 quia
1646 2651 1921 2708 nunquam

358 2704 575 2771 penitus
600 2719 859 2778 expertus
883 2720 1047 2770 esset.
1100 2716 1389 2788 Subiunxit
1407 2723 1568 2779 etiam
1609 2741 1667 2781 se
1694 2704 1807 2784 suis
1835 2746 1922 2786 as-

356 2802 565 2849 suetum
596 2799 1015 2869 cogitationibus
1049 2810 1376 2876 respondere
1405 2827 1421 2869 :
1449 2812 1778 2886 Accidietur,
1831 2820 1919 2874 in-

353 2885 628 2954 quit,cor,
654 2889 914 2960 palpitent
949 2895 1113 2961 oculi,
1157 2912 1219 2953 os
1271 2914 1371 2969 per
1412 2904 1603 2959 crebra
1649 2885 1915 2966 balaustia

351 2975 574 3041 gannire
602 2993 706 3033 non
728 2992 924 3048 cesset,
969 2996 1128 3056 caput
1147 2989 1309 3045 etiam
1335 3001 1487 3048 nutet
1535 3005 1590 3051 et
1612 2997 1663 3052 in
1690 2999 1793 3053 ima
1816 3002 1916 3056 de-

350 3073 566 3137 vergat;
594 3069 687 3124 sed
709 3072 835 3141 quia
862 3073 979 3130 hac
1005 3078 1187 3134 omnia
1213 3095 1300 3136 me
1325 3084 1592 3151 perimere
1614 3101 1909 3158 nequeunt,

348 3156 413 3208 ad
442 3161 882 3219 consentiendum
910 3166 1069 3237 hujus
1100 3173 1357 3242 temporis
1376 3190 1564 3233 somno
1606 3156 1909 3241 nullatenus

346 3250 697 3317 superabunt.
726 3252 862 3309 Nam
900 3265 956 3311 et
984 3272 1085 3314 nos
1120 3275 1282 3330 super
1311 3263 1412 3320 hac
1437 3281 1496 3321 re
1516 3269 1803 3326 distichum
1826 3272 1906 3330 fe-

239 3339 244 3343 '
343 3349 612 3405 ceramus,
634 3342 777 3411 quod
804 3343 893 3400 hic
919 3345 1160 3406 inserere
1184 3352 1414 3409 otiosum
1439 3370 1559 3414 esse
1605 3376 1711 3417 non
1753 3348 1903 3419 duci-

345 3440 496 3482 mus:

343 3517 505 3589 730
540 3519 656 3577 Non
683 3538 939 3584 canonem
965 3528 1161 3599 solvit,
1189 3534 1281 3606 qui
1316 3536 1550 3607 psallens
1596 3551 1754 3599 nocte
1815 3561 1903 3601 re-

1547 3631 1568 3704 [
1594 3633 1826 3692 dormit:

338 3697 414 3753 Ne
446 3710 625 3760 tamen
660 3705 763 3763 hoc
805 3711 1004 3778 passim
1042 3724 1208 3783 ponat
1254 3728 1416 3788 caput
1461 3697 1587 3780 ante
1627 3728 1893 3796 synaxim.

337 3787 443 3843 Sed
483 3792 587 3847 heu
632 3810 720 3850 me
764 3798 1054 3857 miserum!
1098 3804 1201 3860 hoc
1242 3787 1385 3864 inter
1421 3826 1508 3866 me
1546 3822 1602 3868 et
1640 3787 1893 3873 domuum

334 3877 598 3949 Leonem,
636 3888 777 3954 quod
826 3890 969 3946 inter
995 3892 1342 3951 fortissimum
1372 3897 1541 3956 David
1578 3913 1633 3958 et
1663 3906 1890 3963 delirum

332 3973 512 4024 evenit
540 3973 881 4034 histrionem.
906 3980 998 4037 llle
1036 3984 1299 4053 siquidem
1321 3988 1525 4045 viribus
1550 3990 1707 4047 fortia
1744 3994 1888 4051 fece-

331 4065 434 4120 rat,
463 4057 563 4112 iste
591 4060 703 4115 sola
731 4078 860 4119 voce
888 4066 1226 4137 triumphalia
1265 4070 1381 4140 ejus
1423 4083 1570 4143 gesta
1610 4077 1883 4136 decantat.

328 4144 416 4199 Ille
448 4146 702 4205 nimirum
749 4167 809 4208 se
834 4153 944 4210 Deo
968 4158 1116 4212 novit
1142 4172 1238 4228 per
1266 4162 1437 4215 somni
1476 4174 1715 4221 mactare
1757 4183 1887 4222 eon-

326 4234 563 4304 dictum;
613 4256 713 4296 nos
763 4245 1055 4302 versiculos
1101 4247 1329 4303 facimus
1368 4252 1435 4305 ad
1478 4253 1881 4312 similitudinem

320 4342 629 4395 puerorum.
656 4332 724 4390 Et
747 4335 933 4404 quale,
966 4353 1177 4408 quteso,
1204 4348 1285 4395 est
1309 4340 1523 4398 eﬂ'etum
1571 4345 1777 4402 viribus
1816 4364 1881 4403 ac

320 4418 620 4475 tenuissimi
652 4425 896 4493 corporis
938 4427 1210 4483 hominem
1241 4428 1351 4497 jam
1399 4448 1498 4501 per
1538 4437 1875 4507 septuaginta

318 4505 429 4561 fere
454 4524 625 4565 annos
673 4512 725 4566 in
772 4518 1069 4573 monastico
1092 4518 1277 4574 habitu
1313 4521 1538 4593 degere,
1588 4534 1644 4580 et
1700 4505 1877 4584 adhuc

316 4604 495 4651 utrum
528 4598 736 4656 diurna:
763 4603 900 4659 lucis
926 4618 1243 4677 erumpente
1278 4614 1592 4681 crepusculo
1636 4615 1874 4675 dormire

313 4683 509 4749 valeat,
537 4688 822 4757 ignorare?
844 4693 1135 4765 Hicitaque
1155 4699 1411 4767 prudens,
1438 4700 1526 4756 hic
1544 4717 1672 4758 vere
1693 4704 1874 4759 dicen-

312 4773 408 4829 dus
436 4787 520 4832 est
559 4782 795 4850 sapiens,
827 4786 939 4852 qui,
966 4787 1091 4841 dum
1113 4790 1367 4845 mundum
1395 4792 1631 4848 calcibus
1663 4795 1868 4865 abjicit,

310 4865 482 4934 ipsum
519 4872 700 4926 mundi
739 4873 1036 4944 principem
1067 4879 1493 4950 philosophando
1531 4883 1757 4940 deludit.

870 4966 1096 5023 CAPUT
1159 4971 1289 5025 VIII.

307 5044 459 5109 Quod
489 5050 559 5103 ad
587 5049 753 5105 Deum
816 5058 1113 5134 accedentes
1151 5061 1391 5116 humanis
1433 5063 1721 5134 disciplinis
1765 5084 1869 5122 non

938 5128 1187 5198 indigent.

367 5226 655 5297 Quocirca,
694 5235 1014 5293 dilectisime
1036 5238 1129 5304 fili,
1185 5241 1289 5296 noli
1319 5241 1619 5312 hujusmodi
1651 5246 1866 5316 sapien-

301 5314 425 5369 tiam
474 5334 750 5387 quaerere,
810 5340 929 5393 qua:
981 5326 1074 5381 tibi
1128 5328 1287 5383 simul
1345 5344 1466 5385 cum
1525 5314 1770 5401 reprobis
1811 5345 1867 5391 et

296 5405 584 5473 gentilibus
610 5412 785 5465 valeat
813 5415 1124 5470 convenire.
1157 5416 1291 5483 Quis
1334 5418 1481 5474 enim
1503 5423 1754 5478 accendit
1783 5424 1864 5479 lu-

294 5506 547 5560 cernam,
585 5508 643 5552 ut
680 5500 858 5557 videat
889 5504 1093 5559 solem?
1131 5508 1252 5575 quis
1307 5510 1610 5567 scolacibus
1664 5513 1836 5569 utitur

293 5589 351 5641 ut
376 5584 651 5646 stellarum
710 5591 1017 5653 micantium
1065 5597 1240 5651 videat
1277 5600 1723 5660 claritatemilta
1760 5605 1854 5673 qui

2035 1805 2301 1875 justitiam
2331 1818 2387 1865 et
2419 1813 2675 1870 virtutem
2713 1826 2890 1885 tuam,
2922 1823 3075 1876 radix
3112 1834 3196 1879 est
3227 1825 3607 1882 immortalita-

2042 1901 2109 1955 tis
2131 1900 2279 1972 (Sap.
2307 1918 2375 1957 xv
2408 1902 2449 1974 ).
2486 1922 2505 1957 ι
2534 1904 2588 1959 ln
2615 1905 2705 1961 illo
2731 1906 2892 1977 igitur
2923 1911 3093 1982 delige
3129 1922 3297 1968 totum
3331 1900 3433 1969 tuae
3455 1932 3606 1970 men-

2038 1992 2107 2046 tis
2135 1994 2404 2059 ohtutum,
2437 1998 2505 2051 ab
2551 1996 2644 2052 illo
2674 2000 2951 2068 sapientia:
2980 2002 3127 2058 fonte
3161 2020 3313 2061 sume
3347 2008 3601 2064 sitihundi

2034 2085 2266 2151 pectoris
2292 2087 2562 2154 haustum,
2589 2090 2726 2144 utin
2764 2092 3061 2149 visceribus
3101 2096 3207 2151 tuis
3249 2096 3391 2153 illius
3418 2100 3596 2156 vitalis

2031 2174 2209 2241 poculi
2246 2176 2430 2246 vigore
2454 2191 2737 2250 concepto,
2768 2190 2822 2235 et
2849 2183 2962 2252 ipse
2989 2184 3227 2241 caelestis
3264 2189 3452 2257 gratiae
3481 2206 3597 2245 ma-

2030 2261 2161 2316 dore
2175 2260 2378 2332 jugiter
2400 2267 2598 2333 vireas,
2632 2280 2687 2323 et
2718 2271 2771 2324 in
2796 2272 2931 2328 alios
2964 2273 3281 2329 distillantia
3309 2276 3475 2334 fontis
3517 2279 3591 2333 ir-

2030 2352 2167 2421 rigui
2193 2353 2390 2409 ﬂuenta
2428 2358 2791 2415 transfundas.
2832 2361 2899 2415 Et
2925 2378 3107 2431 quzeso
3147 2373 3205 2418 ut
3248 2366 3351 2420 hoc
3391 2384 3487 2436 per
3543 2378 3596 2423 te

2026 2441 2345 2511 quandoque
2369 2443 2511 2499 Deus
2537 2447 2881 2515 omnipotens
2925 2451 3177 2507 exhibeat
3202 2453 3461 2510 fratribus
3493 2459 3598 2512 tuis

2025 2528 2165 2599 quod
2182 2545 2277 2598 per
2301 2532 2492 2587 Isaiam
2523 2536 2771 2603 promisit
2795 2541 3117 2607 pauperibus
3137 2544 3249 2597 suis
3289 2560 3302 2596 :
3341 2562 3359 2595 ι
3399 2544 3591 2613 Egeni,

2024 2619 2218 2690 inquit,
2254 2629 2308 2675 et
2335 2637 2597 2692 pauperes
2627 2637 3080 2699 quaeruntaquas,
3104 2640 3159 2686 et
3179 2647 3283 2686 non
3311 2644 3469 2699 sunt;
3491 2634 3593 2687 litt—

2020 2725 2122 2781 gua
2146 2727 2332 2766 eorum
2371 2713 2460 2766 siti
2491 2714 2651 2768 aruit.
2703 2715 2814 2785 Ego
2863 2718 3121 2775 Dominus
3141 2724 3425 2779 exaudiam
3466 2740 3584 2789 eos,

2018 2799 2160 2855 Deus
2184 2801 2344 2855 Israel
2370 2816 2478 2856 non
2503 2803 2870 2875 derelinquam
2908 2825 3001 2865 eos
3023 2810 3158 2880 (Ita.
3218 2816 3348 2884 xu).
3406 2834 3424 2867 ›
3482 2814 3583 2871 Ubi

2016 2905 2139 2947 mox
2165 2892 2412 2961 sequitur
2441 2910 2454 2945 :
2493 2912 2511 2945 t
2544 2895 2863 2964 Aperiamin
2880 2901 3581 2973 supiniscollibusﬂumina,

2016 2982 2144 3036 etin
2173 2982 2348 3037 medio
2367 2986 2676 3053 camporum
2716 2987 2925 3056 fontes;
2972 3007 3169 3060 ponam
3213 2996 3488 3051 desertum
3527 2998 3580 3053 in

2016 3079 2260 3143 Stagnum
2284 3089 2563 3143 aquarum,
2596 3087 2651 3132 et
2675 3087 2875 3136 terram
2900 3084 3098 3140 inviam
3134 3086 3188 3141 in
3216 3087 3361 3143 rivos
3414 3105 3583 3160 aqua-

2014 3178 2131 3217 rum
2156 3163 2363 3237 (Ibid.).
2394 3186 2413 3220 ι

1998 3276 2013 3297 ι
2088 3256 2351 3321 Quoniam
2384 3259 2563 3329 igitur,
2590 3260 2660 3316 fili
2692 3262 3030 3331 charissime,
3060 3268 3401 3337 temetipsum
3434 3272 3580 3327 velut

2012 3358 2207 3414 agnum
2246 3349 2596 3402 tenerrimum
2619 3351 2883 3417 obtulisti,
2905 3362 2959 3408 et
2993 3353 3095 3409 hoc
3125 3355 3396 3413 daemones
3412 3361 3570 3430 731

2007 3445 2105 3500 per
2139 3447 2265 3489 aera
2300 3434 2587 3492 volitantes
2614 3438 2911 3506 incursant,
2958 3453 3018 3497 ut
3070 3443 3154 3499 vel
3205 3459 3271 3499 ex
3316 3450 3569 3504 manibus

2006 3521 2113 3577 tuis
2148 3521 2325 3576 oblata
2346 3524 2621 3594 diripiant,
2664 3529 2747 3583 vel
2787 3529 2981 3599 injecta
3008 3549 3188 3604 pravae
3224 3538 3566 3606 cogitationis

2006 3610 2259 3669 illuvioue
2288 3626 2673 3686 corrumpant;
2703 3628 2757 3673 tu
2785 3636 2907 3675 cum
2930 3622 3202 3679 Abraham
3226 3625 3571 3685 imminentes

2004 3702 2071 3757 ad
2118 3702 2375 3773 impetum
2406 3706 2654 3763 volucres
2673 3710 2851 3781 abige,
2887 3721 2947 3766 ut
2995 3714 3369 3771 holOcaustum
3416 3727 3566 3774 tuum

2001 3793 2405 3850 immaculatum
2453 3806 2508 3851 et
2543 3798 2810 3871 integrum
2855 3803 3037 3861 valeas
3090 3808 3362 3862 custodire
3402 3808 3564 3880 (Gen.

1997 3880 2096 3950 ιι).
2145 3881 2224 3936 Ex
2252 3898 2442 3939 eorum
2468 3886 2665 3957 quippe
2692 3890 2944 3957 pharetra
2994 3894 3181 3962 procul
3222 3896 3386 3951 dubio
3426 3899 3567 3952 toxi-

1996 3978 2117 4025 cata
2166 3973 2508 4042 cogitationis
2528 3976 2686 4046 hujus
2709 3979 2907 4049 sagitta
2932 3981 3289 4050 depromitur,
3318 3996 3377 4039 ut
3412 3986 3560 4041 litte-

1995 4075 2177 4116 rarum
2208 4063 2385 4119 studia
2409 4070 2810 4125 rentanentibus
2856 4071 2910 4125 in
2958 4073 3156 4127 saeculo
3197 4070 3399 4130 comvis
3443 4076 3551 4131 tuis

1991 4150 2263 4218 invideas,
2290 4161 2345 4209 et
2372 4155 2425 4208 in
2457 4156 2557 4211 hoc
2583 4172 2677 4214 eos
2705 4170 2890 4215 cautos
2927 4174 2992 4217 ac
3018 4164 3292 4232 providos,
3342 4176 3394 4221 te
3424 4182 3555 4222 vero

1989 4241 2271 4311 deceptum
2300 4252 2355 4299 et
2379 4245 2585 4301 fatuum
2615 4250 2830 4317 credas,
2876 4259 3081 4321 utpote,
3111 4255 3154 4308 si
3183 4256 3285 4310 hoc
3331 4264 3388 4311 et
3438 4257 3557 4327 ipse

1987 4332 2231 4400 fecisses,
2292 4337 2445 4405 quasi
2494 4339 2786 4409 gratiorem
2836 4350 2963 4396 tunc
3008 4344 3240 4399 hostiam
3290 4346 3402 4403 Deo
3451 4358 3556 4402 tua:

1982 4425 2351 4481 conversionis
2377 4426 2637 4484 offerres:
2669 4431 2763 4486 sed
2790 4430 2893 4489 hoc
2923 4440 3094 4489 totum
3142 4435 3253 4493 Deo
3286 4440 3553 4495 veraciter

1980 4513 2220 4568 obtulisti
2246 4515 2525 4586 quidquid,
2554 4517 2620 4572 ad
2652 4518 2928 4576 meliorem
2974 4537 3039 4577 ac
3068 4535 3374 4582 manentem
3415 4530 3546 4583 sub-

1978 4606 2231 4659 stantiam
2262 4621 2577 4675 properans,
2607 4625 2705 4680 pro
2725 4626 2908 4667 amore
2937 4613 3082 4671 illius
3108 4620 3391 4687 acquirere
3415 4636 3547 4675 con-

1977 4695 2260 4763 tempsisti.
2309 4696 2499 4752 Melius
2525 4707 2611 4752 est
2658 4710 2838 4755 autem
2883 4711 3053 4757 totum
3105 4707 3264 4760 simul
3322 4708 3543 4775 ollerre,

1976 4799 2136 4852 quam
2159 4785 2555 4853 particulariter
2581 4788 2918 4857 dispensare.
2966 4791 3120 4848 Sicut
3161 4796 3304 4850 enim
3350 4798 3543 4855 melius

1971 4882 2057 4928 est
2090 4888 2243 4928 ovem
2284 4874 2415 4930 dare
2462 4892 2622 4945 quam
2665 4880 2874 4935 fructus
2920 4882 3071 4949 ovis,
3111 4884 3186 4939 ita
3217 4884 3540 4945 laudabilius

1969 4970 2054 5016 est
2078 4970 2242 5017 totam
2270 4973 2443 5019 artem
2482 4966 2590 5021 Deo
2637 4967 2797 5023 simul
2848 4970 3063 5037 oﬂ'erre,
3116 4988 3277 5045 quam
3330 4977 3540 5035 fructus

1970 5052 2122 5107 artis.
2170 5051 2413 5110 Julianus
2435 5055 2616 5111 Cazsar
2651 5068 2707 5113 et
2750 5058 2988 5118 Donatus
3018 5072 3225 5136 martyr
3263 5082 3368 5123 uno
3399 5076 3537 5122 temo

1968 5158 2103 5212 pore
2124 5143 2446 5200 didicerunt.
2475 5147 2644 5203 Etille
2661 5150 2875 5220 quidem
2906 5156 3204 5223 permansit
3233 5156 3287 5211 in
3322 5157 3534 5223 studiis,

1970 5234 2058 5291 hic
2087 5246 2305 5292 secutus
2328 5247 2413 5293 est
2451 5240 2673 5310 vestigia
2704 5244 2968 5300 veritatis.
2994 5245 3099 5303 Sed
3131 5247 3219 5301 ille
3240 5249 3291 5302 in
3319 5249 3538 5318 sapien-

1970 5327 2043 5384 tia
2073 5342 2171 5382 sua
2205 5336 2311 5383 tam
2357 5328 2587 5386 feliciter
2613 5330 2810 5399 ﬂoruit,
2862 5343 2920 5388 ut
2971 5346 3096 5393 octo
3144 5337 3309 5393 libros
3342 5347 3531 5396 contra

1964 5419 2213 5477 Galilaeos
2244 5421 2345 5493 (sic
2388 5424 2531 5478 enim
2553 5425 2889 5483 Christianos
2932 5429 3016 5484 vel
3044 5431 3317 5500 apostolos
3347 5434 3532 5506 vocat)

1961 5521 2017 5566 et
2068 5512 2411 5583 Evangelium
2467 5516 2758 5581 scriberet;
2788 5516 3029 5575 Donatus
3058 5530 3237 5576 autem
3268 5524 3526 5593 desipuit,

1958 5613 2020 5659 ut
2048 5604 2270 5660 cmleste
2296 5607 2568 5680 fastigium
2594 5624 2717 5663 cum
2764 5609 3109 5691 triumphalis
3130 5616 3373 5690 martyrii
3411 5617 3526 5696 glo-
