4026 6190
507 216 618 293 ’705

976 240 1034 295 S.
1064 239 1260 294 PETRI
1295 240 1572 294 DAMlANl
1607 240 1754 295 GPP.
1797 240 2030 296 TOMUS
2070 243 2198 315 SEU
2234 243 2412 299 PARS
2451 245 2535 298 llI.
2570 223 3022 302 —.0PUSCUL.\
3059 249 3284 304 VAllM.

3657 259 3749 311 704

515 358 595 407 ria
620 360 948 422 penetraret.
979 351 1214 406 Joannes
1274 352 1605 420 evangelista
1647 359 1786 417 apud
1829 353 2084 404 saeculum
2119 362 2162 417 Α
2191 366 2310 405 eam
2341 361 2539 421 tegere,
2563 359 2700 422 quod
2731 359 2894 409 Deum
2928 372 3145 426 negare.
3189 365 3243 413 Si
3292 376 3421 429 ergo
3454 363 3496 416 is
3529 367 3620 433 qui
3650 377 3748 420 ter-

515 461 652 516 pene
675 444 946 498 uildidicit
965 485 977 507 ,
1002 443 1111 506 sed,
1138 444 1332 510 spretis
1356 451 1630 499 oratorum
1658 442 2091 495 dialecticoruiii-

515 555 616 604 qtie
639 536 910 596 versutiis,
942 535 1006 587 ad
1036 534 1331 602 simplicem
1356 532 1482 587 Jesu
1512 533 1793 587 stultitiam
1826 533 2084 602 puerulus

513 625 903 692 commigravit.
931 621 1026 676 llic
1061 631 1235 675 tamen
1267 623 1390 674 dum
1429 637 1524 690 per
1569 622 1688 675 libri
1745 623 1825 674 sui
1881 620 2084 688 princi-

513 715 656 780 pium
686 724 907 767 summie
951 713 1086 766 lucis
1137 712 1450 782 mysterium
1486 711 1801 765 terribiliter
1857 711 2083 776 intonat,

511 803 652 855 illico
674 801 1108 870 phllosoiihoruin
1126 818 1266 857 cmca
1295 803 1566 856 subtilitas
1588 803 1640 855 in
1667 803 1948 857 tenebrosa
1974 811 2086 857 stit-

509 893 717 946 diorum
741 905 958 948 suorum
1001 896 1366 964 prol‘unilltate
1400 897 1613 964 caligat.
1647 895 1916 950 Pristerea
1958 898 2085 951 bea—

510 993 593 1035 tus
621 997 754 1052 papa
789 983 1085 1052 Gregorius
1135 985 1271 1038 artis
1323 986 1692 1055 grammatica}
1741 986 2083 1056 disciplinam

506 1082 730 1128 eatenus
760 1075 811 1128 in
843 1077 954 1130 suis
985 1073 1144 1146 732
1177 1077 1357 1130 laudat
1387 1079 1646 1148 epistolis,
1693 1088 1750 1131 ut
1785 1094 1900 1131 eain
1956 1093 2084 1132 con-

506 1177 698 1230 gruere
725 1165 954 1234 deneget
979 1166 1302 1222 Christianis
1331 1167 1521 1236 (Gneo.
1548 1168 1686 1223 MAG.
1729 1167 1856 1236 Reg.
1888 1168 1979 1220 lib.
2004 1185 2080 1232 ix,

505 1254 660 1320 epist.
687 1255 798 1326 45).
836 1256 1194 1329 Hieronymus
1219 1260 1286 1313 ad
1336 1261 1621 1315 tribunalia
1645 1265 1923 1317 tremenda
1959 1275 2080 1334 per-

505 1342 757 1407 trahitur,
783 1343 965 1415 ﬂagris
1003 1347 1363 1402 atrocioribus
1391 1350 1710 1403 verberatur
1745 1369 1757 1403 :
1785 1351 1870 1404 cui
1899 1360 2075 1406 tamen

503 1445 608 1483 non
657 1431 800 1487 aliud
849 1449 1009 1502 quam
1065 1436 1403 1491 Ciceroniaui
1452 1440 1684 1494 nominis
1729 1441 1934 1493 crimen
1978 1442 2071 1494 ii'n-

502 1523 755 1590 pingitur.
785 1525 1073 1580 Dcvotatur
1103 1527 1188 1581 ille
1223 1530 1324 1582 hac
1371 1545 1427 1584 se
1455 1541 1677 1598 prorsus
1726 1532 1926 1587 ultione
1965 1533 2077 1602 ple-

501 1614 751 1666 ctendum
783 1617 827 1669 si
883 1617 1166 1674 s:eculares
1193 1621 1356 1675 libros
1385 1623 1612 1678 ulterius
1664 1626 1883 1694 legeret,
1935 1641 1998 1680 ac
2027 1627 2070 1680 si

2194 457 2378 494 renum
2413 443 2536 497 illud
2559 443 2749 513 dogma
2801 446 3083 512 didicerat,
3128 450 3194 503 ab
3243 451 3359 517 chs
3399 458 3746 520 compescitur

2189 547 2317 596 usu;
2349 544 2550 602 quanto
2581 537 2750 605 magis
2773 539 2862 604 qui
2887 539 3114 593 necdum
3140 553 3395 610 expertus
3424 555 3527 611 est,
3554 550 3622 602 ab
3640 550 3749 618 ejus

2187 626 2505 692 prohibetur
2563 631 2822 682 aeccssu?
2873 630 2928 684 Si
2993 632 3084 688 ille
3142 636 3426 691 cohibetur
3488 654 3517 691 a
3591 643 3747 706 notis,

2187 725 2387 782 quanto
2414 719 2623 772 cautius
2647 721 2749 774 iste
2770 722 3145 790 reprimendus
3166 736 3249 780 est
3271 743 3300 781 a
3326 730 3618 790 discendis?
3635 736 3747 792 Dis-

2185 807 2424 872 citmbis,
2462 810 2652 876 frater,
2683 813 2754 866 ad
2783 829 3022 892 mensam
3055 818 3180 882 Dei,
3215 821 3480 878 sulliciant
3523 827 3616 880 tibi
3660 829 3750 882 da-

2183 911 2278 964 pes
2305 897 2539 953 ctelestis
2560 900 2780 971 eloquii.
2807 904 2994 974 Abjice
3015 907 3220 975 lolium,
3241 915 3382 979 quod
3408 916 3461 968 in
3481 919 3747 972 vesaniam

2179 991 2576 1044 comedentiuzn
2599 1001 2809 1049 mentes
2842 996 3106 1063 inebriat;
3142 1003 3356 1072 susCipe
3400 1005 3745 1075 frumentum,

2181 1081 2322 1148 quod
2373 1082 2724 1137 esurientium
2773 1087 2982 1142 aniiiias
3019 1090 3196 1144 sobria
3228 1095 3522 1152 refectione
3555 1104 3747 1157 coulir-

2182 1180 2312 1221 mat.
2339 1169 2450 1224 Nec
2469 1171 2650 1226 fauces
2693 1175 2887 1230 anima:
2931 1186 3034 1232 tute
3064 1181 3241 1236 vitalis
3289 1197 3428 1239 escae
3470 1185 3749 1244 fastidiant

2179 1258 2517 1324 alimentum,
2581 1264 2674 1316 sed
2707 1266 2893 1333 procul
2924 1267 3182 1335 abjiciant
3228 1272 3481 1330 falsitatis
3522 1279 3748 1347 ineptias

2177 1358 2232 1402 et
2255 1351 2542 1420 quisquiiia
2598 1356 2915 1409 vanitatuin.
2959 1358 3310 1429 Omnipotens
3338 1363 3501 1431 Deus,
3543 1370 3743 1426 dulcis—

2176 1441 2312 1494 sime
2340 1441 2434 1504 fili,
2470 1444 2715 1497 doctrina
2748 1453 2800 1498 te
2827 1462 2938 1500 suae
2965 1447 3100 1518 legis
3120 1452 3351 1518 erudiat,
3384 1464 3443 1508 ut
3475 1471 3570 1510 cor
3600 1468 3744 1513 tuum

2177 1547 2314 1584 vera:
2337 1534 2612 1602 sapienthe
2644 1534 2761 1590 luce
2809 1537 3127 1606 perfundat;
3172 1549 3222 1596 te
3253 1546 3318 1598 de
3347 1547 3594 1601 inanibus
3642 1553 3744 1606 tuis

2173 1627 2405 1682 viventis
2431 1629 2620 1683 hostire
2641 1631 2897 1700 suscipiat
2924 1633 3321 1702 holocaustum,
3347 1648 3402 1692 et
3428 1642 3496 1695 ad
3528 1642 3745 1710 spirita-

500 1702 776 1802 Christmn
805 1721 899 1802 per
922 1709 1234 1802 apostaticze
1258 1713 1493 1780 perfidia:
1524 1715 1865 1782 sacrilegium
1907 1717 2070 1770 dene-
2101 1726 2147 1784 Β
2175 1719 2302 1773 lium
2326 1723 2584 1790 provehat
2608 1725 2934 1779 incrementa
2952 1728 3242 1794 virtutum;
3273 1740 3324 1786 te
3354 1702 3574 1802 semper
3601 1737 3654 1791 in
3689 1755 3745 1794 se

501 1798 670 1858 garet.
695 1792 984 1848 Dicebatur
1009 1798 1150 1851 enim
1182 1795 1256 1852 illi
1291 1819 1303 1853 :
1338 1818 1356 1850 ι
1417 1801 1804 1857 Ciceronianus
1830 1818 1912 1867 es,
1961 1821 2067 1859 non

498 1881 856 1938 Christianus.
896 1905 914 1937 ι
943 1886 1008 1941 Ει
1040 1888 1126 1944 ille
1159 1907 1171 1941 :
1207 1909 1224 1941 ι
1261 1890 1317 1944 Si
1360 1893 1666 1959 saeculares,
1695 1895 1890 1964 inquit,
1917 1897 2071 1950 codi—

495 1985 587 2024 ces
625 1972 850 2028 ulterius
903 1976 1105 2046 legero,
1161 1989 1212 2034 te
1260 1983 1449 2051 negavi
1482 1983 1741 2054 (IIIERON.
1797 1988 1946 2054 epist.
2000 1985 2072 2040 22

494 2061 558 2113 de
594 2065 829 2118 custodia
863 2067 1094 2138 virgin.).
1133 2090 1150 2121 ι
1183 2070 1415 2128 Honesta
1447 2075 1579 2129 satis
1601 2085 1653 2129 et
1680 2075 1826 2130 utilis
1847 2077 2061 2146 sapien—

495 2151 566 2203 tia
594 2153 606 2204 !
642 2153 913 2222 nimirum,
946 2173 1064 2227 quce
1095 2175 1214 2215 cum
1239 2161 1440 2217 Christi
1465 2166 1746 2235 negatione
1761 2167 2060 2230 confertur,

492 2258 611 2310 quae
634 2243 900 2302 haeretica:
925 2250 1162 2318 perﬁdia:
1184 2265 1559 2323 comparatur;
1611 2267 1668 2311 ut
1709 2258 1848 2312 idem
1890 2259 2065 2313 valeat

2175 1827 2396 1867 manere
2426 1815 2707 1881 concedat,
2739 1825 2793 1872 et
2822 1818 3048 1872 invicem
3078 1821 3191 1888 ipse
3221 1822 3271 1875 in
3305 1826 3409 1879 tuis
3445 1828 3742 1884 visceribus

2175 1904 2566 1959 delectabiliter
2595 1909 2916 1976 requiescat,
2943 1919 3019 1974 ut,
3049 1912 3187 1966 sicut
3206 1921 3289 1968 est
3315 1916 3429 1984 ipse
3453 1919 3742 1989 pollicitus,

2175 2006 2430 2066 tauquam
2456 1999 2661 2068 palmes
2711 2002 2762 2054 in
2810 2003 2938 2068 vile,
2971 2020 3242 2075 nunquam
3278 2008 3491 2065 desinas
3519 2014 3747 2091 piiope-

2128 2130 2135 2138 .
2173 2089 2250 2143 ris
2276 2092 2516 2158 germina
2538 2091 2818 2160 pullulare.
2851 2094 3046 2150 Amen.

2501 2221 2581 2278 Sit
2609 2240 2792 2280 nomen
2829 2226 3044 2283 Domini
3079 2229 3422 2290 benedictum.

1066 2447 3726 2478 Μὴ..-

613 2559 970 2634 733-734
1001 2580 1777 2687 OPUSCULUM
1839 2577 2975 2698 QUADRAGESIMUM
3021 2596 3601 2746 SEXTUM.

1242 2791 1348 2851 DE
1391 2791 1757 2854 FERENDA
1805 2791 2383 2864 JEQUANlMlTER
2431 2759 3009 2862 COllltEPTlONE.

479 3103 871 3156 Anconszv'rtm.
897 3125 968 3137 -—
995 3090 1352 3160 Ariprandum
1386 3088 1613 3160 tironem
1649 3087 1704 3160 i_n_
1749 3088 1934 3160 militia
1987 3089 2249 3158 spirituali
2297 3089 2479 3143 laudat
2533 3091 2674 3158 quod
2715 3089 3027 3147 adoleScens
3069 3094 3133 3147 ad
3189 3105 3430 3151 eremtim
3457 3113 3517 3154 se
3543 3112 3739 3157 contu-

550 3173 708 3234 lerit,
744 3176 1030 3234 monetque
1073 3158 1222 3234 illum
1271 3168 1330 3213 ut
1374 3159 1618 3234 extemplo
1647 3158 1849 3212 Christi
1899 3159 2107 3234 Domini
2141 3159 2446 3234 regularem
2479 3160 2816 3234 disciplinam
2867 3179 2973 3216 non
3021 3164 3264 3229 deserat;

3316 3170 3539 3242 proinde
3582 3190 3740 3242 teque

548 3229 728 3295 animo
776 3239 912 3291 ferat
946 3229 1062 3288 'nnn
1105 3232 1262 3286 modo
1317 3230 1588 3284 seniorum
1628 3243 1816 3300 verum
1848 3230 2008 3283 etiam
2039 3229 2312 3298 iuniorum
2360 3229 2757 3299 correptiones,
2798 3246 2916 3300 qua:
2955 3235 3022 3286 ad
3067 3235 3231 3288 animi
3269 3229 3412 3291 labes
3441 3229 3742 3299 ablueni'las

547 3313 627 3366 sui
661 3301 992 3376 aliorumque
1025 3303 1322 3376 profectum
1359 3301 1575 3369 plurimi
1616 3299 1823 3376 faciunt
1854 3318 1865 3350 :
1901 3300 2066 3376 multa
2107 3315 2170 3354 ex
2203 3301 2489 3376 occasione
2514 3301 2642 3355 dicit
2681 3303 2745 3356 de
2771 3299 2911 3356 bono
2945 3305 3322 3372 correptionis,
3355 3317 3409 3362 et
3438 3324 3559 3376 cur,
3583 3322 3637 3365 et
3668 3330 3736 3368 an

546 3383 663 3438 sine
694 3381 848 3448 culpa
891 3368 1109 3432 sanctus
1136 3373 1334 3428 Paulus
1361 3380 1605 3424 sanctum
1636 3369 1853 3422 Petrum
1885 3368 2266 3439 oliiiirgaverit.

543 3515 853 3569 Amrnmno
886 3509 1035 3564 fratri
1064 3505 1382 3562 charissimo
1411 3502 1625 3558 Psrnos
1649 3511 1900 3572 peccator
1931 3516 2046 3557 mo-
2076 3505 2121 3567 C
2154 3516 2254 3555 nec
2297 3500 2612 3570 dedignatus
2657 3510 2739 3555 est
2791 3510 3060 3556 terrenam
3112 3519 3330 3559 servare
3375 3514 3734 3566 consuetudi-

473 3608 680 3663 naclius
709 3614 945 3676 paterna:
974 3600 1274 3655 dilectionis
1301 3596 1573 3650 allectum.

547 3697 727 3768 Exigis
747 3738 760 3761 ,
788 3692 1139 3748 dilectissime
1163 3688 1241 3742 fili
1265 3731 1277 3753 ,
1306 3697 1364 3740 ut
1396 3687 1490 3740 tibi
1541 3685 1742 3754 aliquid
1789 3684 2044 3748 scribam,

470 3800 525 3844 ct
552 3789 665 3859 qui,
709 3800 793 3840 me
822 3786 1081 3847 dictante,
1128 3779 1436 3848 frequenter
1480 3777 1600 3830 aliis
1647 3777 1947 3844 scriptitas,
1990 3785 2048 3829 ut

470 3880 564 3934 tibi
615 3893 829 3948 quoque
876 3872 1075 3943 aliquid
1127 3871 1396 3926 scribatur
1431 3868 1706 3937 implora's.
1749 3867 1854 3922 Sed
1905 3869 2045 3920 unde

465 3967 718 4040 scriptori
768 3964 1151 4036 congruentius
1193 3961 1449 4030 incipiam
1505 3958 1768 4023 scribere,
1807 3969 1966 4027 quam
2013 3973 2042 4011 a

465 4061 734 4119 scribendi
782 4060 952 4130 ipsius
991 4059 1214 4129 mystica
1264 4052 1559 4124 dignitate?
1605 4051 1659 4105 ln
1720 4059 1772 4106 te
1815 4050 2040 4121 quippe,

2152 3605 2295 3654 nem,
2336 3591 2426 3658 qui
2461 3599 2681 3644 venerat
2719 3590 2976 3646 exhibere
3005 3593 3296 3647 cmlestem.
3327 3594 3485 3662 Nam,
3523 3609 3579 3652 iit
3613 3602 3737 3657 inli—

2148 3683 2259 3735 uita
2293 3690 2606 3750 prwteream
2629 3723 2643 3747 ,
2676 3699 2774 3735 cur
2801 3683 2900 3738 sibi
2950 3694 3110 3753 eaput
3157 3701 3219 3738 ac
3262 3688 3424 3754 pedes
3459 3704 3734 3759 unguento

2147 3773 2428 3842 conspergi
2464 3773 2707 3826 muliebri
2741 3775 3038 3830 ministerio
3082 3787 3273 3844 passus
3316 3789 3429 3843 est,
3467 3783 3567 3835 nisi
3606 3785 3732 3851 quia

2147 3860 2447 3915 Paliestinte
2473 3871 2635 3930 atque
2662 3859 2899 3917 Iudaicae
2928 3865 3162 3934 regionis
3209 3883 3326 3921 mos
3369 3880 3488 3922 erat
3525 3879 3584 3923 ut
3613 3872 3732 3940 ejus

2144 3949 2341 4004 accolae
2396 3950 2642 4005 crebrius
2673 3953 3039 4021 ungerentur?
3078 3952 3215 4008 Hine
3260 3965 3342 4010 est
3387 3958 3532 4012 enim
3585 3963 3732 4029 quod

2144 4043 2218 4096 ait
2253 4059 2265 4095 :
2298 4061 2315 4092 ι
2356 4040 2433 4094 Tu
2482 4050 2662 4095 autem
2707 4057 2828 4095 cum
2873 4040 3126 4106 ieiunas.
3184 4059 3323 4114 unge
3368 4059 3529 4114 caput
3575 4060 3731 4107 ιιιιηη

2133 4121 2383 4187 (Matth.
2423 4141 2472 4178 VI
2505 4125 2548 4196 ).
2593 4145 2611 4177 ι
2676 4124 2740 4180 Et
2775 4127 2903 4195 quid
2959 4127 3160 4182 mirum
3227 4129 3274 4183 si
3339 4124 3610 4184 Domli'ius
3667 4130 3723 4184 in

2131 4215 2240 4270 vita
2277 4220 2578 4274 servaverit
2617 4236 2822 4273 morem
2867 4213 3090 4288 patria},
3126 4238 3284 4291 quem
3326 4231 3380 4277 et
3420 4225 3725 4292 Sepultum

2130 4320 2244 4363 suae
2276 4310 2650 4366 sacrosanctis
2692 4311 2970 4380 exsequiis
3009 4328 3115 4368 non
3147 4314 3475 4382 dedignatus
3506 4328 3591 4372 est
3625 4335 3727 4372 eu-

464 4156 554 4224 qui
596 4149 811 4219 scribis,
845 4161 952 4206 tres
979 4159 1105 4204 sunt
1134 4147 1304 4217 digiti,
1337 4155 1390 4200 et
1419 4161 1521 4198 una
1547 4157 1768 4207 manus;
1798 4144 1881 4197 cui
1913 4157 2042 4198 vero

463 4243 674 4304 scribis,
711 4251 820 4294 tres
847 4245 973 4294 sunt
997 4251 1260 4307 ρρνεοιιω,
1289 4243 1342 4289 et
1364 4249 1504 4288 unus
1531 4233 1688 4286 Deus.
1715 4231 1848 4286 Cum
1881 4232 2042 4301 igitur

461 4349 529 4386 ex
561 4323 1063 4399 diversisiapicibus
1097 4327 1407 4381 continumn
1454 4323 1605 4377 ducis
1634 4322 1943 4388 articulum,
1973 4324 2038 4376 ad

462 4423 611 4476 illum
659 4435 871 4490 semper
903 4433 1067 4470 unum
1109 4424 1197 4468 tua
1231 4411 1770 4482 dirigaturintentio,
1803 4409 1954 4477 cujus
1984 4410 2036 4464 in

463 4513 745 4581 tenietipso
777 4527 870 4580 per
903 4508 1188 4578 quamdam
1220 4504 1624 4559 similitudinem
1660 4503 1927 4572 conspicis
1953 4517 2039 4556 sa-

458 4611 812 4657 cramentum.
844 4599 911 4655 Et
941 4599 1086 4668 quia,
1117 4597 1243 4650 dum
1274 4593 1652 4660 iiischolaruni
1677 4592 1851 4646 adhuc
1881 4606 2034 4662 gym-

457 4697 612 4754 uasio
647 4693 786 4746 inter
813 4686 1242 4745 adolescentulos
1287 4700 1504 4754 ageres,
1538 4693 1591 4736 et
1636 4682 1825 4752 ephebi
1855 4673 2034 4734 vultus

454 4787 641 4843 ﬂorem
668 4784 894 4839 necdum
923 4779 1078 4852 pubis
1103 4779 1206 4832 ulla
1253 4779 1333 4831 vel
1365 4776 1538 4830 tenuis
1569 4774 1763 4845 lanugo
1788 4774 2031 4835 vestiret,

2141 4401 2378 4456 stodire?
2405 4400 2495 4454 Sic
2529 4401 2670 4453 enim
2695 4399 2930 4454 Joannes
2957 4401 3120 4454 refert
3152 4419 3163 4453 :
3199 4418 3217 4451 ι
3255 4400 3452 4472 Josepli
3485 4407 3554 4459 ab
3598 4406 3727 4461 Ari-

2139 4494 2347 4546 niathia
2398 4502 2452 4546 et
2498 4491 2821 4547 Nicodemus
2866 4503 3191 4562 acceperunt
3229 4509 3428 4565 corpus
3464 4495 3630 4563 Iesu,
3673 4508 3732 4553 et

2138 4584 2437 4655 ligaverunt
2483 4584 2610 4638 illud
2652 4584 2832 4639 linteis
2873 4600 2991 4638 cuni
3037 4585 3391 4650 aromatibus,
3435 4588 3580 4642 sicut
3609 4606 3730 4644 nios

2135 4675 2333 4731 .Iiidzeis
2358 4684 2441 4732 est
2464 4676 2692 4746 sepelire
2717 4675 2900 4747 (Joau.
2929 4693 3051 4742 xix;
3078 4675 3268 4732 Matth.
3295 4681 3486 4745 xxvii).
3528 4700 3547 4731 ι
3584 4681 3724 4736 Ciiin

2136 4783 2266 4837 ergo
2315 4769 2360 4823 is
2415 4768 2505 4837 qui
2556 4777 2639 4823 est
2688 4769 2799 4836 ipsa
2847 4768 3133 4838 sapientia,
3182 4784 3280 4838 per
3321 4784 3484 4837 quam
3523 4782 3726 4826 cuncta

454 4881 634 4937 fervor
663 4887 713 4931 te
743 4873 915 4931 sancti
966 4875 1200 4946 Spiritus
1229 4867 1477 4926 incitavit
1530 4875 1588 4920 ut
1622 4882 1729 4920 non
1760 4873 2027 4917 monaste-
2061 4853 2107 4911 Ι)
2134 4871 2259 4916 sunt
2284 4862 2522 4925 condita,
2555 4862 2604 4915 in
2637 4861 2719 4916 his
2744 4861 2906 4916 etiam
2946 4861 3106 4917 rebus
3161 4877 3283 4931 quae
3325 4861 3526 4916 nullius
3583 4881 3725 4933 pcuc

453 4970 586 5034 riale
619 4968 985 5038 propositum,
1033 4967 1125 5020 sed
1163 4963 1329 5018 eremi
1363 4961 1540 5032 potius
1570 4958 1840 5026 arriperes
1873 4955 2028 5008 iusti-

454 5073 625 5118 tutuiii
659 5080 671 5114 :
699 5076 828 5116 eave
871 5074 959 5122 ne,
983 5073 1079 5127 per
1111 5055 1283 5110 aetatis
1311 5054 1485 5106 adhuc
1524 5046 1804 5103 imbecillis
1833 5048 2027 5099 obten-

451 5163 586 5218 tum,
615 5150 786 5206 sancti
817 5148 916 5202 loci
967 5144 1200 5216 regulam
1247 5142 1445 5206 violes;
1489 5155 1556 5193 ne
1595 5139 1825 5207 rigorem
1865 5144 2029 5204 atque

449 5243 793 5299 severitatem
841 5239 1012 5292 beata:
1043 5231 1462 5289 conversationis
1490 5243 1746 5291 enerves;
1797 5243 1865 5280 ne
1904 5241 2026 5278 niu-

451 5336 549 5388 tari
588 5333 722 5388 velis
780 5329 994 5385 solitam
1059 5323 1362 5382 severitatis
1422 5319 1904 5381 consuetudinem;
1957 5333 2024 5372 ne

447 5426 746 5496 peregrina:
805 5416 1202 5474 adiuventionis
1249 5420 1540 5483 praesumas
1604 5408 2023 5478 superinducerc

361 5565 366 5568 _
449 5513 761 5566 novitatem.
799 5509 932 5564 Nam
979 5517 1034 5562 et
1083 5507 1193 5575 ipse
1245 5503 1334 5574 qui
1385 5503 1642 5571 magister
1681 5509 1764 5554 est
1802 5496 2021 5568 angelo-

449 5618 564 5655 rum
607 5603 658 5655 iii
697 5601 862 5666 caelo,
897 5616 1100 5657 morem
1131 5599 1182 5653 in
1217 5605 1358 5651 terra
1392 5593 1564 5650 tenuit
1592 5607 1752 5663 quem
1786 5591 2019 5656 invenit;

2138 4954 2385 5008 videntur
2421 4969 2541 5008 esse
2581 4954 2858 5018 momenti,
2901 4954 3242 5008 traditionem
3276 4953 3554 5006 hominum
3603 4972 3725 5010 ser-

2134 5061 2262 5100 vare
2309 5061 2412 5099 non
2475 5046 2720 5114 respuit;
2761 5054 2975 5115 quanta:
3023 5045 3458 5116 praesumptionis
3503 5056 3621 5110 est,
3674 5048 3723 5100 si

2133 5135 2429 5204 disciplina:
2476 5137 2596 5204 quis
2648 5135 2885 5207 regulam
2936 5135 3170 5204 frangat,
3228 5150 3390 5205 quam
3437 5152 3467 5188 a
3510 5138 3721 5192 sanctis

2131 5225 2382 5280 Patribus
2415 5227 2664 5280 traditam
2695 5242 2801 5279 non
2837 5226 3082 5295 ignorat?

2643 5314 2869 5371 CAPUT
2908 5315 3191 5371 PRIMUM.

2189 5406 2549 5478 Correptiones
2576 5424 2722 5478 atquo
2753 5408 2928 5462 animo
2967 5407 3244 5476 ferentium
3275 5407 3649 5461 emolumenta.

2194 5499 2339 5554 Inter
2363 5508 2558 5554 caetera
2590 5499 2754 5570 igitur
2780 5507 2981 5554 sanctae
3002 5499 3430 5554 conversationis
3455 5497 3716 5568 insignia,

2125 5607 2246 5663 qua:
2278 5591 2527 5648 videlicet
2567 5601 2622 5648 et
2672 5593 2726 5647 in
2775 5592 2896 5648 aliis
2939 5592 3134 5649 ﬂorere
3184 5591 3534 5658 consideras,
3560 5599 3615 5646 ct
3657 5599 3714 5642 tu
