4054 6184
398 509 500 562 ’ἱο5

387 716 614 770 sibiliter
659 729 860 776 servas,
891 729 1058 768 unmn
1104 730 1214 782 pra:
1241 717 1451 769 caeteris
1482 731 1610 771 cave
1664 731 1730 770 ne
1778 733 1959 772 corre-

387 806 596 875 ptiones
625 803 912 872 aliquando
959 804 1195 873 graviter
1240 803 1404 866 feras,
1433 819 1500 858 ne
1521 804 1760 874 qualibet
1797 820 1958 859 occa-

387 897 538 951 sione
572 895 816 965 redargui
856 910 884 948 a
922 896 1030 948 tuis
1067 908 1280 963 quoque
1307 893 1612 961 junioribus
1645 897 1958 954 erubescas.

388 988 539 1054 Quod
585 987 834 1040 videlicet
877 987 1035 1056 hujus
1064 986 1161 1040 loci
1205 994 1312 1039 tam
1339 987 1607 1041 familiare
1652 995 1736 1041 est
1796 995 1962 1054 atque

389 1081 658 1140 nativum,
695 1087 752 1131 ut
778 1079 865 1147 qui
895 1078 1186 1146 corripitur
1211 1077 1561 1150 [correptus],
1589 1077 1744 1149 fugit,
1776 1078 1959 1132 nobis-

387 1184 507 1223 cum
555 1168 802 1222 habitare
846 1181 953 1220 non
1011 1167 1198 1236 possit.
1242 1167 1324 1222 Ad
1359 1169 1462 1223 hoc
1499 1169 1642 1224 enim
1695 1171 1856 1225 homo
1893 1171 1962 1226 de

389 1260 582 1314 sreculo
637 1258 952 1328 magisterio
983 1257 1246 1328 regularis
1280 1258 1574 1328 disciplinae
1599 1259 1958 1326 submittitur,

390 1358 446 1403 ut
482 1347 780 1419 rubiginem
829 1361 990 1416 quam
1033 1347 1099 1401 de
1141 1347 1339 1401 mundo
1375 1347 1718 1403 lenocinante
1747 1360 1962 1404 contra-

391 1448 544 1494 xerat
583 1453 787 1507 aspera:
828 1437 1185 1505 correptionis
1244 1435 1370 1492 lima
1401 1437 1664 1506 detergat.
1697 1437 1850 1493 Unde
1878 1447 1964 1494 est

389 1533 529 1602 quod
561 1531 835 1599 Sapientia
867 1530 1104 1600 loquitur
1148 1530 1203 1582 in
1237 1529 1586 1585 Proverbiis:
1623 1549 1642 1581 ι
1680 1530 1962 1585 Converti-

389 1621 518 1674 mini
566 1621 631 1674 ad
680 1620 1070 1689 correptionem
1118 1633 1327 1682 meam;
1381 1634 1447 1672 en
1491 1618 1759 1688 proferam
1808 1620 1963 1678 vobis

389 1709 630 1779 spiritum
677 1723 856 1764 meum
902 1709 1083 1778 (Prov.
1131 1707 1192 1778 l).
1249 1726 1267 1758 ι
1320 1706 1434 1762 Νοιι
1482 1709 1626 1762 enim
1673 1708 1839 1771 dixit,
1892 1708 1962 1762 ad

391 1799 675 1853 blanditias
723 1813 900 1862 meas;
948 1799 1044 1853 sed
1092 1816 1156 1850 τι
1193 1798 1610 1863 Convertimini,
1660 1799 1851 1867 inquit,
1891 1799 1960 1853 ad

389 1887 782 1955 correptiouem
810 1901 1006 1940 meam.
1052 1905 1070 1936 ι
1102 1884 1256 1940 Unde
1292 1885 1614 1954 quibusdam
1641 1886 1840 1955 corripi
1869 1887 1962 1940 de-

962 506 1206 564 OPUSC.
1251 506 1428 563 XLVI.
1458 541 1523 551 -—-
1555 511 1643 566 DE
1685 510 1974 566 FEIiENln

2075 511 2543 578 EQUANIMITER
2573 517 3082 577 COBREPTIONE.

389 627 524 695 ipse,
555 623 740 678 divina
768 622 1100 692 suffragante
1125 625 1406 679 clementia
1427 667 1441 684 ,
1466 625 1580 694 jam
1627 628 1967 696 irreprehen-
1996 634 2042 692 Α

3536 533 3634 585 706

2691 634 2918 692 CAPUT
2959 637 3020 690 ll.

2095 717 2251 783 Quod
2277 723 2523 788 sapientis
2549 734 2622 778 est
2651 742 2830 780 amare
2861 729 3253 795 currepliouem,
3285 733 3431 787 stulti
3455 736 3640 792 odisse.

2134 809 2390 877 Quisquis
2417 827 2543 879 ergo
2571 812 2786 880 sapiens
2816 823 2919 878 est,
2947 813 3295 869 austeritatis
3313 817 3469 872 illata;
3499 822 3638 874 duri-

2061 898 2190 950 tiam
2241 899 2434 956 animze
2479 916 2588 955 sua:
2646 902 2956 958 vulneribus
3017 906 3234 972 deputat
3297 907 3642 964 medicinam.

2061 984 2213 1040 Unde
2258 987 2517 1056 scriptum
2556 998 2637 1043 est
2685 1008 2698 1043 :
2750 1009 2768 1041 ι
2821 991 2876 1044 Si
2919 992 3248 1060 corripueris
3296 996 3592 1062 sapientem
3625 1038 3640 1062 ,

2059 1076 2320 1144 intelliget
2369 1079 2708 1148 disciplinam
2755 1081 2948 1152 (Prov.
3002 1084 3158 1154 ιιιιι);
3218 1105 3234 1135 ι
3287 1095 3343 1139 et
3387 1087 3578 1142 iterum
3625 1106 3640 1141 :

2061 1185 2081 1217 ‹
2126 1166 2253 1222 Plus
2299 1171 2514 1236 proiicit
2554 1173 2827 1244 correptio
2872 1176 3016 1242 apud.
3065 1177 3424 1242 prudentem,
3475 1194 3637 1247 quam

2059 1253 2216 1328 plaga
2267 1261 2410 1328 apud
2453 1261 2675 1322 stultum
2723 1261 2904 1330 (Prov.
2960 1264 3116 1334 xvn).
3159 1284 3178 1316 ι
3226 1265 3299 1318 De
3345 1281 3450 1334 quo
3476 1268 3638 1320 etiam

2060 1348 2326 1416 prudente
2360 1351 2595 1413 dicitur:
2627 1372 2645 1403 ι
2677 1350 2776 1418 Qui
2825 1355 3034 1421 patiens
3078 1364 3190 1416 est.
3237 1355 3402 1408 multa
3448 1359 3644 1426 guber-

2065 1446 2226 1494 natur
2270 1441 2591 1509 prudentia;
2623 1443 2712 1509 qui
2758 1453 2938 1497 autem
2977 1445 3262 1512 impatiens
3306 1455 3408 1509 est,
3445 1446 3646 1500 exaltat

2062 1531 2348 1588 stultitiam
2396 1549 2549 1593 suam
2599 1533 2794 1606 (Prov.
2843 1537 2988 1604 Ην).
3041 1555 3057 1586 ι
3109 1536 3402 1604 Stultitiam
3446 1540 3644 1608 quippe

2065 1634 2215 1676 snam
2241 1622 2445 1677 exultat
2479 1624 2789 1694 impatiens,
2817 1626 2942 1693 quia
2972 1640 3080 1693 quo
3121 1640 3218 1694 per
3253 1627 3640 1695 impatientiam

2061 1727 2226 1790 suam
2269 1730 2298 1768 a
2343 1715 2670 1784 quibuslibet
2703 1717 3038 1786 frequentius
3089 1719 3319 1783 laeditur,
3363 1734 3427 1772 eo
3469 1721 3646 1787 quoti-

2063 1803 2239 1859 dianis
2261 1813 2444 1859 contra
2475 1821 2568 1861 eos
2597 1805 2791 1876 jurgiis
2818 1808 3055 1863 atrocius
3083 1806 3356 1864 ell‘cratur.
3387 1807 3540 1862 Unde
3572 1809 3646 1863 le-

2065 1893 2209 1963 gitur
2235 1911 2248 1947 :
2281 1913 2299 1945 ι
2329 1893 2554 1966 Semper
2572 1894 2748 1968 jurgia
2773 1899 2965 1966 quaerit
2986 1897 3189 1961 malus;
3220 1899 3440 1969 angelus
3465 1908 3646 1953 autem

389 1979 732 2049 dignantibus
762 1978 840 2032 ³η
873 1996 886 2030 ε
924 1997 941 2030 ί
981 1976 1135 2031 Mane
1177 1987 1535 2045 οοιιδυνιςθηῑ,
1566 1987 1620 2030 ει
1669 1992 1772 2030 non
1811 1978 1963 2032 inve-
1995 1969 2038 2028 Β
2072 1984 2306 2039 crudelis
2335 1986 2568 2041 mittitur
2593 1999 2782 2042 contra
2807 2003 2930 2043 eum
2964 1987 3146 2058 (Prov.
3171 1990 3328 2057 xvn).
3365 2010 3383 2042 ›
3409 1989 3652 2044 Crudelis

391 2073 540 2124 nient
587 2083 706 2134 me;
736 2083 800 2122 eo
838 2068 979 2136 quod
1009 2082 1228 2121 exosam
1277 2067 1566 2122 habuerint
1603 2067 1964 2136 disciplinam,

388 2168 440 2212 et
471 2160 720 2212 timorem
755 2156 965 2212 Domini
1010 2169 1116 2209 non
1150 2156 1520 2223 susceperint,
1551 2171 1652 2210 nec
1679 2157 1970 2224 acquieve.

389 2251 495 2304 rint
541 2250 770 2304 consilio
817 2263 965 2312 meo,
1012 2257 1067 2302 et
1113 2247 1452 2302 detraxerint
1488 2249 1750 2302 universae
1785 2263 1972 2302 corrc.

389 2341 556 2411 ptioni
603 2355 736 2395 meae
768 2338 995 2409 (lbid.).
1036 2357 1054 2389 )
1091 2337 1228 2393 Hinc
1269 2339 1522 2394 admonet
1557 2340 1784 2392 dicens:
1823 2359 1840 2388 ‹
1881 2339 1972 2392 Dio

388 2431 667 2501 sciplinam
717 2429 952 2489 Domini,
985 2429 1056 2482 fili
1100 2429 1193 2491 mi,
1241 2443 1310 2482 ne
1353 2425 1596 2495 abjicias,
1627 2442 1725 2480 nec
1751 2427 1970 2481 delicias

389 2537 510 2574 cum
561 2520 630 2575 ab
675 2520 792 2589 ipso
823 2519 1152 2587 corriperis:
1193 2531 1353 2586 quem
1399 2517 1542 2570 enim
1593 2517 1764 2586 diligit
1810 2516 1970 2586 735

390 2609 671 2671 Dominus,
709 2609 962 2678 corripit;
1002 2617 1056 2662 et
1093 2608 1243 2676 quasi
1276 2617 1429 2676 pater
1457 2606 1510 2659 in
1541 2605 1650 2659 filio
1678 2606 1974 2674 cumplacet

391 2701 492 2756 sibi
544 2699 729 2771 (Prov.
773 2702 877 2769 ιιι).
930 2717 949 2750 ι
988 2698 1118 2754 Jure
1149 2699 1357 2754 scilicet
1407 2714 1512 2752 non
1561 2698 1827 2761 hominis,
1875 2697 1972 2750 sed

392 2776 624 2854 Domitii,
675 2789 944 2858 correptio
971 2789 1188 2852 dicitur,
1227 2804 1350 2843 cum
1399 2790 1451 2842 in
1500 2803 1684 2842 amore
1710 2787 1971 2850 Christia

392 2881 637 2951 proximo
676 2881 729 2934 in
756 2880 1058 2949 proximum
1088 2879 1339 2949 qualibet
1369 2881 1629 2933 severitas
1661 2878 1964 2946 irrogatur;

394 2983 448 3028 et
470 2973 629 3026 nimis
657 2987 684 3026 a
711 2971 976 3041 sapientia
999 2971 1181 3025 deviat
1223 2971 1313 3039 qui
1341 2971 1630 3039 superbum
1656 2984 1752 3024 cor
1777 2969 1974 3023 divinis

395 3065 850 3134 increpationibus
904 3079 1007 3117 non
1061 3062 1302 3117 inclinat.
1335 3059 1494 3116 Unde
1533 3070 1588 3116 et
1637 3061 1775 3115 idem
1823 3059 1975 3115 Salo—

397 3171 521 3210 mon
568 3157 645 3210 ait
676 3173 690 3209 :
727 3174 744 3207 ι
779 3154 880 3222 Qui
926 3154 1102 3223 diligit
1146 3153 1507 3223 disciplinam,
1539 3151 1714 3221 diligit
1755 3150 1972 3218 sapien-

399 3247 560 3312 tiam;
609 3246 700 3316 qui
747 3256 928 3300 autem
971 3245 1086 3300 odit
1123 3244 1538 3311 increpationes,
1591 3243 1848 3311 insipiens
1893 3249 1976 3296 est

2073 2071 2302 2142 angelus
2331 2084 2520 2129 contra
2546 2085 2876 2144 quaerentem
2904 2075 3084 2146 jurgia
3127 2077 3376 2140 mittitur,
3416 2078 3541 2144 quia
3574 2079 3654 2132 di-

2071 2178 2234 2233 gnum
2282 2173 2368 2218 est
2407 2173 2467 2218 ut
2508 2174 2743 2220 mentem
2788 2166 2842 2222 in
2889 2182 2994 2237 qua
3061 2167 3355 2222 crudelitas
3423 2168 3648 2225 habitat.

2071 2253 2307 2307 crudelis
2341 2269 2612 2322 possessor
2648 2257 2896 2320 invadat;
2924 2256 3068 2324 quia,
3097 2257 3239 2311 sicut
3264 2257 3393 2312 dicit
3421 2259 3650 2327 Aposto-

2070 2341 2154 2395 lus
2182 2358 2194 2394 :
2225 2341 2310 2395 Ira
2341 2343 2663 2399 daemonium
2693 2346 2876 2401 habet.
2911 2346 3062 2401 Unde
3105 2347 3232 2410 illic,
3278 2363 3402 2402 mox
3445 2359 3498 2404 ut
3530 2365 3653 2402 crus

2072 2433 2244 2486 tleit‘ltl
2306 2434 2467 2487 mitti.
2506 2444 2694 2490 contra
2757 2436 3126 2504 impatientem
3187 2439 3404 2502 docuit,
3459 2451 3654 2506 praesto

2073 2521 2352 2588 subjunxit
2383 2541 2396 2574 :
2428 2541 2446 2573 ι
2480 2522 2709 2592 Expedit
2740 2525 2910 2592 magis
2941 2541 3080 2580 ursae
3121 2541 3441 2589 occurrere,
3486 2532 3653 2595 raptis

2073 2611 2287 2674 fetibus,
2317 2628 2479 2682 quam
2517 2614 2664 2676 lauto
2707 2615 2996 2672 conﬁdenti
3041 2617 3142 2671 sibi
3191 2618 3244 2670 in
3287 2618 3513 2679 stultitia
3556 2633 3652 2672 sua

2074 2703 2284 2773 (Ibid).
2321 2722 2338 2755 ι
2371 2704 2444 2756 De
2488 2705 2590 2758 hoc
2640 2705 2787 2760 fatuo
2807 2715 2871 2760 .et
2897 2706 3198 2774 impatienti
3241 2710 3500 2777 scriptum
3529 2717 3648 2762 est:

2079 2810 2100 2843 ι
2130 2792 2248 2845 Noli
2273 2807 2394 2846 esse
2419 2793 2627 2849 amiCus
2654 2795 2859 2849 homini
2901 2797 3182 2861 iracundo,
3211 2813 3385 2866 neque
3413 2798 3654 2854 ambules

2073 2899 2196 2938 cum
2225 2883 2386 2954 736
2411 2884 2532 2938 viro
2559 2883 2783 2946 furioso,
2818 2900 2885 2939 ne
2908 2885 3047 2940 forte
3074 2887 3251 2942 discas
3271 2889 3494 2942 semitas
3515 2891 3654 2958 ejus,

2073 2984 2128 3027 et
2155 2989 2336 3028 sumas
2357 2974 2667 3029 scandalum
2699 2976 2894 3028 animae
2919 2984 3024 3030 tuae
3047 2975 3228 3046 (Prov.
3254 2977 3412 3047 χχιι).
3443 2996 3460 3028 ι
3487 2977 3656 3031 Porro

2074 3063 2216 3117 sicut
2262 3078 2406 3133 aeger
2449 3064 2546 3133 qui
2583 3079 2694 3119 non
2743 3065 2891 3134 capit
2925 3067 3227 3130 antidotum
3275 3070 3530 3134 moritur,
3580 3068 3656 3122 ita

2075 3153 2166 3221 qui
2215 3168 2320 3206 non
2359 3163 2536 3223 potest
2561 3155 2785 3224 corripi,
2817 3156 3006 3224 nequit
3046 3156 3114 3209 ab
3141 3157 3351 3220 animae
3385 3174 3494 3214 sua:
3544 3159 3659 3213 lan-

2078 3243 2338 3313 guoribus
2367 3243 2614 3298 relevari.
2642 3245 2798 3300 Unde
2839 3262 3031 3300 rursus
3073 3261 3168 3315 per
3203 3247 3548 3314 Salomoncm
3578 3250 3659 3303 di-

401 3305 582 3395 (Prov.
609 3305 730 3400 x'n).
767 3354 786 3387 ι
820 3335 1161 3405 Quapmpter
1189 3305 1328 3390 idem
1376 3335 1634 3404 insipiens
1665 3305 1975 3389 Prover-
2003 3305 2048 3366 θ
2080 3305 2221 3388 citur
2265 3351 2276 3386 :
2314 3354 2332 3386 ς
2374 3334 2492 3395 Noli
2537 3336 2860 3390 subtrahere
2908 3353 2937 3390 a
2986 3305 3154 3405 puero
3197 3311 3568 3406 disciplinam;
3609 3340 3657 3394 si

399 3427 606 3482 biorum
645 3427 784 3481 libro
827 3427 1198 3496 conqueritur,
1226 3427 1410 3480 dicens
1445 3444 1457 3479 :
1490 3445 1508 3478 ‹
1550 3427 1658 3481 Cur
1685 3428 1980 3480 detestatus

402 3534 520 3573 smn
567 3519 926 3587 disciplinam,
963 3527 1020 3573 et
1049 3517 1510 3588 increpationibus
1551 3533 1659 3572 non
1708 3515 1980 3584 acquievit

402 3623 497 3663 cor
525 3624 726 3673 meum,
761 3623 861 3663 nec
889 3609 1068 3662 audivi
1093 3623 1278 3663 vocem
1305 3607 1613 3662 docentium
1643 3621 1747 3671 me,
1779 3614 1834 3660 et
1859 3621 1974 3660 ma-

403 3699 585 3768 gistris
625 3715 731 3754 non
761 3698 1012 3753 inclinavi
1056 3712 1238 3752 aurem
1283 3697 1492 3750 meam?
1522 3715 1540 3749 ι
1587 3694 1770 3766 (Prov.
1803 3694 1882 3764 v.)
1911 3694 1980 3757 At

405 3800 594 3844 contra
625 3790 870 3859 quisquis
894 3787 1349 3857 increpationibus
1377 3785 1749 3855 azqnanimiter
1771 3785 1982 3853 acquie-

404 3881 526 3943 scit,
560 3881 624 3935 de
655 3880 898 3949 catalogo
925 3879 1226 3949 sapientum
1273 3893 1376 3931 non
1407 3877 1629 3930 recedit.
1661 3874 1817 3930 Unde
1846 3874 1982 3929 scri-

404 3979 553 4039 ptum
602 3977 724 4024 est:
764 3987 782 4020 (
819 3967 982 4023 Auris
1021 3982 1143 4037 qua:
1189 3965 1337 4019 audit
1385 3964 1808 4035 increpationem
1835 3964 1979 4030 vitai,

407 4062 458 4114 in
492 4061 668 4116 medio
699 4061 1017 4131 sapientium
1041 4057 1491 4121 commorabitur;
1523 4057 1614 4126 qui
1646 4070 1774 4110 vero
1797 4054 1982 4124 abjicit

407 4150 778 4219 disciplinam,
809 4151 1038 4220 despicit
1079 4149 1314 4202 animum
1362 4161 1514 4200 suam
1567 4143 1764 4217 (Prov.
1799 4146 1920 4216 xv).
1955 4164 1974 4197 ι

407 4241 595 4298 V’itrici
645 4243 876 4312 denique
935 4241 1194 4312 privignis
1251 4239 1556 4309 indulgent;
1607 4247 1789 4308 patres
1847 4238 1981 4292 dura

409 4331 724 4401 plerumque
771 4332 992 4385 verbera
1045 4329 1278 4399 propriis
1335 4327 1654 4398 pignoribus
1705 4327 1979 4382 adhibent.

407 4422 482 4475 Illi
520 4423 769 4477 nimirum
797 4422 1067 4476 odienlem
1102 4429 1362 4488 pascunt;
1406 4417 1494 4474 isti
1536 4432 1666 4474 vero
1701 4417 2000 4492 diligentes

409 4514 663 4567 erudiunt
722 4523 775 4568 et
816 4512 1077 4582 afﬂigunt.
1135 4510 1288 4566 Unde
1337 4511 1595 4580 scriptum
1633 4518 1718 4565 est
1761 4524 1776 4563 :
1816 4527 1834 4560 ι
1883 4510 1982 4576 Qui

409 4605 583 4673 parcit
609 4605 804 4675 virgae,
852 4606 963 4658 odit
1007 4603 1177 4658 ﬁlium
1209 4617 1398 4667 suum;
1441 4601 1538 4670 qui
1581 4610 1760 4656 autem
1810 4601 1982 4670 diligit

410 4693 580 4758 illum,
606 4694 868 4748 instanter
895 4694 1073 4747 erudit
1097 4690 1262 4761 (va
1308 4691 1451 4761 xm).
1485 4709 1503 4742 ι
1534 4691 1600 4744 Et
1628 4691 1755 4746 alibi
1789 4709 1802 4744 :
1834 4709 1851 4740 ι
1884 4689 1988 4745 Me-

413 4781 512 4835 lior
531 4789 614 4836 est
641 4781 919 4836 manifesta
946 4783 1233 4852 correptio,
1257 4796 1420 4851 quam
1444 4795 1596 4834 amor
1617 4779 1985 4836 absconditus.

408 4870 624 4926 Meliora
672 4880 798 4926 sunt
843 4871 1062 4926 vulnera
1112 4872 1402 4942 diligentis.
1439 4885 1612 4939 quam.
1645 4869 1984 4924 fraudulenta

406 4966 588 5022 oscula
622 4967 851 5022 odientis
874 4965 1054 5036 (Prov.
1085 4967 1280 5039 xxvn)‘.
1311 4985 1329 5018 ι
1359 4967 1562 5021 ltentm
1586 4965 1980 5034 scriptumest:

412 5077 430 5108 ι
461 5059 621 5113 Erudi
651 5058 816 5112 tilium
844 5067 1016 5122 tuum,
1039 5075 1108 5115 ne
1133 5059 1383 5130 desperes
1410 5079 1422 5091 ο
1451 5057 1522 5112 ad
1555 5056 1981 5117 interfectionem

406 5146 520 5215 ejus
547 5163 614 5202 ne
641 5163 808 5216 ponas
838 5147 1053 5202 manum
1086 5147 1366 5220 [animam]
1396 5159 1545 5203 tuam
1571 5145 1753 5210 (Prov.
1791 5147 1925 5217 xix).
1958 5165 1978 5199 ι

407 5237 486 5292 Ad
527 5237 954 5294 interfectionem
1005 5240 1201 5310 quippe
1247 5239 1337 5293 lilii
1386 5249 1613 5308 paterna
1654 5252 1847 5292 manus
1888 5251 1986 5307 po-

408 5330 571 5394 nitur,
604 5346 724 5385 cum
757 5331 810 5384 in
837 5345 958 5386 eum
1002 5346 1160 5401 quem
1202 5333 1448 5399 nequiter
1483 5342 1744 5401 agentem.
1774 5329 1986 5398 conspi-

408 5420 504 5484 cit,
534 5434 640 5475 non
671 5420 831 5475 modo
874 5437 979 5475 non
1013 5421 1302 5484 invehitur,
1333 5420 1440 5474 sed-
1474 5419 1590 5488 ejus
1623 5418 1846 5488 insuper
1871 5417 1983 5488 ple—

409 5508 616 5563 ctendis
643 5509 854 5564 actibus
881 5510 1207 5575 delectatur;
1229 5518 1283 5564 et
1309 5509 1682 5576 plausibilibus
1712 5524 1814 5562 non
1837 5523 1986 5563 vere-

410 5605 497 5650 tur
526 5597 706 5654 verbis
729 5598 1009 5664 extollere,
1033 5614 1189 5670 quem
1218 5599 1369 5654 duris
1387 5598 1646 5654 debuerat
1669 5596 1986 5652 verberibus

410 5701 682 5744 coercere.

2077 3425 2221 3478 enim
2246 3427 2580 3494 percusseris
2608 3442 2728 3481 eum
2755 3428 2924 3498 virga,
2956 3445 3060 3482 non
3089 3430 3381 3493 morietur;
3421 3438 3473 3484 tu
3505 3429 3656 3500 virga

2078 3516 2350 3584 percuties
2371 3532 2518 3581 eum,
2545 3525 2601 3571 et
2628 3517 2864 3570 animam
2899 3517 3015 3585 ejus
3057 3519 3122 3572 de
3160 3519 3372 3574 inferno
3403 3517 3660 3574 liberabis

2080 3603 2265 3675 (Prov.
2301 3606 2482 3676 XXIII).
2527 3625 2545 3656 ›
2577 3607 2669 3661 Vis
2698 3606 2888 3662 audire
2927 3608 3053 3677 quid
3096 3607 3201 3662 illis
3243 3608 3518 3662 immineat
3567 3609 3659 3678 qui

2081 3705 2348 3764 respuunt
2373 3697 2611 3766 corripi?
2637 3698 2731 3767 qui
2781 3698 3143 3770 dedignantur
3170 3715 3200 3752 a
3233 3701 3538 3764 senioribus
3564 3702 3662 3755 ob-

2074 3784 2317 3856 iurgari?
2343 3806 2370 3838 ι.
2395 3787 2549 3852 Viro,
2580 3788 2774 3857 inquit,
2807 3790 2902 3858 qui
2946 3791 3326 3859 corripientem
3358 3790 3491 3844 dura
3537 3805 3658 3844 cer-

2081 3875 2202 3930 vice
2228 3878 2546 3943 eontemnit,
2580 3879 2892 3947 repentinus
2919 3880 2967 3934 ei
3011 3881 3356 3948 superveniet
3386 3881 3659 3943 interitus,

2083 3979 2135 4023 et
2161 3984 2285 4023 eum
2315 3969 2522 4023 sanitas
2571 3985 2676 4024 non
2723 3979 2978 4038 sequetur
3005 3970 3186 4038 (Prov.
3218 3970 3392 4040 xxix).
3424 3990 3444 4022 ι
3479 3970 3578 4025 Ubi
3605 3981 3662 4026 et

2082 4057 2240 4128 paulo
2267 4067 2387 4127 post
2427 4058 2676 4113 subditur
2707 4077 2719 4112 :
2755 4078 2773 4110 ι
2809 4059 2973 4113 Erudi
3006 4059 3174 4112 tilium
3205 4067 3371 4122 tuum,
3407 4067 3461 4113 et
3506 4059 3663 4112 refri-

2083 4149 2292 4218 gerabit
2336 4158 2406 4213 te,
2447 4158 2502 4204 et
2549 4149 2698 4204 dabit
2745 4149 2967 4204 delicias
3012 4149 3203 4203 animae
3245 4159 3346 4204 tuae
3389 4148 3597 4220 (Ibid.).
3638 4175 3656 4200 ο

2084 4238 2371 4293 Enimvero
2411 4254 2552 4310 equo
2593 4241 2768 4294 adhuc
2807 4239 3067 4294 imlomito
3094 4255 3187 4308 pes
3219 4241 3269 4294 in
3299 4240 3507 4294 subtele
3536 4255 3662 4309 per-

2083 4333 2306 4396 cutitur,
2339 4341 2397 4387 ut
2423 4333 2760 4403 postmodum
2791 4331 2956 4387 elatis
2998 4331 3372 4405 aﬂigigferrum
3401 4331 3503 4386 sibi
3535 4347 3660 4400 sup-

2085 4426 2382 4495 pedaneum
2447 4425 2700 4493 patiatur.
2754 4424 2892 4478 Rudi
2948 4438 3163 4493 quoque
3219 4431 3372 4477 tauro
3430 4422 3661 4478 circulus

2086 4516 2244 4576 lentae
2269 4517 2394 4576 vitis
2422 4516 2730 4579 innectitur,
2765 4524 2823 4570 ut
2854 4526 3100 4571 assuetus
3144 4516 3247 4570 hoc
3287 4514 3473 4585 procul
3503 4514 3662 4569 dubiu

2013 4647 2061 4706 υ
2087 4607 2279 4670 discat,
2319 4615 2583 4676 quatenus
2612 4605 2798 4675 jugum
2845 4606 3188 4675 postmodum
3226 4605 3528 4660 detrectare
3558 4621 3665 4659 non

2087 4698 2298 4760 audent,
2345 4696 2438 4750 Sic
2477 4696 2660 4764 junior
2696 4695 2895 4763 quique
2927 4694 3092 4748 frater
3120 4695 3280 4748 etiam
3324 4701 3452 4748 tunc
3479 4693 3663 4762 objur-

2086 4785 2292 4854 gandus
2344 4793 2429 4838 est
2471 4798 2592 4838 cum
2642 4797 2745 4834 non
2793 4789 2998 4850 peccat,
3031 4789 3089 4834 ut
3137 4779 3473 4850 disciplinam
3526 4795 3667 4834 vene

2084 4871 2440 4939 correptionis
2499 4869 2837 4940 postmodum
2899 4868 3271 4938 aequanimiter
3337 4867 3490 4922 ferat.
3549 4867 3668 4934 Quo

2085 4973 2272 5027 contra
2300 4962 2370 5016 de
2395 4977 2499 5018 non
2530 4970 2780 5031 correpto
2807 4961 3065 5031 scriptum
3095 4970 3178 5017 est
3207 4976 3223 5016 :
3259 4979 3277 5014 ι
3307 4961 3407 5030 Qui
3439 4959 3665 5017 delicate

2087 5069 2117 5108 a
2149 5051 2378 5122 pueritia
2411 5051 2817 5114 uutritscrvum
2847 5067 3027 5117 suum,
3068 5063 3254 5122 postea
3292 5053 3439 5107 illum
3473 5053 3665 5107 sentiet

2091 5155 2462 5205 contumacem
2506 5143 2889 5214 (Provanx).
2940 5163 2958 5196 ι
2995 5144 3067 5200 De
3095 5159 3203 5214 quo
3235 5144 3480 5198 videlicet
3509 5158 3666 5198 servo

2088 5240 2172 5294 vir
2199 5237 2517 5308 sapiensait
2545 5254 2560 5290 :
2600 5254 2618 5287 ι
2653 5236 2886 5299 Cibaria,
2916 5249 2968 5290 et
3002 5236 3146 5305 virga
3169 5275 3183 5299 ,
3229 5244 3281 5289 ct
3312 5250 3446 5289 onus
3473 5235 3664 5300 asino;

2090 5329 2266 5402 panis,
2297 5338 2352 5392 et
2375 5327 2681 5397 disciplina,
2709 5336 2765 5380 et
2791 5341 2926 5395 opus
2945 5340 3102 5380 servo
3132 5322 3320 5394 (Eccli.
3350 5328 3563 5394 χχχιιι).
3598 5348 3615 5378 ι

2703 5415 2928 5473 CAPUT
2965 5410 3030 5471 ιιι

2127 5511 2281 5576 Quod
2319 5511 2702 5577 impatientibus
2731 5510 3078 5578 correptiones
3114 5519 3232 5562 sunt
3262 5509 3411 5578 quasi
3443 5509 3626 5580 gladii.

2159 5598 2268 5654 Nec
2295 5600 2365 5656 ob
2396 5599 2445 5651 id
2489 5599 2603 5661 tibi,
2633 5599 2705 5651 lili
2753 5599 3104 5663 charissime,
3155 5609 3231 5652 tot
3262 5599 3664 5668 Scripturarunt

2091 5689 2398 5746 testimonia
2427 5704 2688 5743 coacervo
2746 5697 2803 5743 nt
2830 5699 3031 5744 sanctae
3063 5689 3258 5744 indolis
3294 5699 3398 5746 tua:
3427 5693 3668 5746 muribus

2090 5784 2203 5837 lucc
2241 5781 2478 5852 judicent
2524 5780 2811 5849 expedire;
2880 5781 2972 5835 sed
3017 5782 3118 5836 hoc
3155 5782 3333 5850 potius
3386 5791 3443 5833 ut
3473 5782 3668 5834 comvis

2091 5873 2196 5928 tuis
2245 5888 2306 5928 ex
2359 5882 2447 5926 tua
2481 5871 2685 5926 valeam
2717 5871 3001 5928 occasione
3039 5872 3340 5930 consulere.
3382 5869 3495 5925 Non
3525 5870 3665 5921 enim
