2013 3095
222 248 272 278 707

446 247 477 275 S.
496 245 597 274 PETRI
614 246 754 274 DAMIAM
768 246 843 274 OPP.
863 245 979 274 TOMUS
998 245 1063 273 SEU
1079 244 1168 274 PARS
1186 244 1229 276 Ill.
1243 260 1277 266 -—
1293 245 1475 274 OPUSCULA
1495 246 1608 274 VARIA.

1783 249 1833 278 709

219 313 267 332 vas
288 289 477 347 Jerichontinis
500 311 605 338 plenum
629 311 707 338 aquis
727 306 804 330 nobis
823 304 931 329 allatum
943 309 997 334 est,
1011 307 1036 336 Α
1048 306 1169 335 obtentu,
1182 306 1269 329 zelum
1289 301 1467 336 correptionis
1480 306 1514 329 de
1527 303 1640 329 lratrum
1661 302 1739 329 labiis
1761 304 1831 331 aufe-

217 358 287 380 «ιω-ο
305 358 356 381 ιιεο
380 350 483 377 scilicet
510 349 595 376 instar
620 349 700 376 Elisei
720 348 777 384 (IV
791 348 853 383 Reg.
869 349 921 383 ιι),
945 355 1001 376 εω-

218 391 293 418 lestis
332 391 470 425 sapientiae
493 391 550 419 sale
571 399 775 427 conspargere":
791 413 799 424 ,
836 398 864 420 et
887 394 926 420 sic
952 401 999 421 eas

216 436 396 463 amaritudine
424 436 591 464 defaecarem.
622 436 676 464 Sed
703 444 752 465 nee
774 437 854 464 ollam
885 442 912 465 te
941 438 998 473 ple-

216 488 278 507 nam
302 480 499 515 colloquintidis
524 480 723 517 [colocyntidis]
746 482 898 517 praebuisti,
922 483 999 517 cujus

215 526 412 553 amarissimum
435 531 542 561 gustum
569 527 632 554 trita
653 526 736 553 divini
759 526 834 553 verbi
859 527 945 554 farina
970 527 997 555 in

213 570 380 597 dulcedinem
398 575 530 603 verteret;
550 571 642 605 sicque
664 571 856 607 prophetarum
873 571 935 599 liliis
952 578 997 599 co-

214 616 372 644 mestibilem
390 618 540 645 exhiberet.
555 617 615 645 Non
638 618 711 645 enim
733 617 838 645 arundo
853 617 911 644 visa
924 625 954 645 es
968 617 996 645 in

213 661 320 689 deserto
346 666 425 689 vento
448 663 548 697 agitata
571 662 677 698 (Matth.
701 662 752 698 xx),
777 663 823 690 sed
847 663 891 690 illa
905 663 995 698 potius

211 713 272 741 qua:
286 706 339 734 mel
361 707 480 742 protulit,
499 708 569 734 unde
592 714 743 741 praecursor
756 707 863 734 Domini
878 707 995 736 Joannes

210 750 287 777 vixit.
312 751 459 784 Advexisti,
484 752 578 783 frater,
596 751 743 779 alvearium
767 752 837 780 favis
860 752 993 780 distillan-

210 795 282 822 tihus
299 795 421 829 plenum;
434 796 569 830 praebuisti
583 800 609 823 te
626 796 704 823 nobis
721 803 815 831 agrum
828 805 881 824 non
896 797 992 832 ligoni-

210 838 261 865 bus
281 839 460 871 sarriendum,
483 840 530 867 sed
552 839 637 874 plenis
656 840 713 874 jam
733 840 846 869 falcibus
866 842 994 869 desecan-

209 883 289 915 dum;
311 891 364 910 non
378 884 479 911 scilicet
496 884 606 919 paliuris
620 892 652 912 ac
664 885 790 920 vepribus
805 885 993 914 inhorrescen-

209 932 273 959 tem,
289 929 336 955 scil
350 929 556 956 exuberantium
578 929 705 956 messium
721 929 819 956 decore
838 930 990 958 ﬂaventem.

1050 351 1122 373 runt.
1138 346 1213 374 Unde
1232 351 1261 374 et
1274 346 1329 374 illic
1341 347 1465 374 subditur
1481 355 1488 373 :
1509 356 1519 373 ι
1545 347 1679 374 Caverant
1688 348 1761 375 enim
1771 348 1832 376 Phi-

1048 390 1146 418 listhazi
1166 399 1201 419 ne
1217 391 1287 419 forte
1309 391 1432 420 facerent
1447 391 1552 419 Hebraei
1569 392 1687 428 gladium
1715 397 1761 420 aut
1775 394 1820 421 lan

1047 442 1124 463 ceam
1149 434 1176 471 (I
1192 435 1255 471 Reg.
1272 436 1344 472 sui).
1366 445 1376 463 ι
1393 435 1470 464 Unde
1493 436 1573 471 paulo
1596 442 1678 471 post:
1697 446 1707 463 ι
1725 437 1832 465 Κθιιιεειι

1048 478 1140 514 itaque
1160 484 1238 507 erant
1251 480 1324 508 acies
1337 487 1487 512 vomerum,
1503 484 1531 507 et
1543 480 1671 515 ligonum,
1685 485 1715 508 et
1728 482 1832 509 triden-

1048 528 1114 556 tum,
1132 528 1160 551 et
1180 525 1314 552 securium
1324 544 1332 557 ,
1345 532 1430 559 usque
1444 524 1478 552 ad
1492 525 1630 552 stimulum
1642 525 1831 560 corrigendum

1046 568 1152 604 (Ibid.).
1167 579 1177 596 ι
1197 569 1264 597 Dum
1286 570 1432 597 Philisthaei
1451 570 1545 597 timent
1557 570 1668 604 gladios,
1685 570 1780 598 tollunt
1792 572 1832 598 fa-

1043 614 1124 647 bros;
1136 618 1176 648 ut,
1187 615 1391 642 dumarmorum
1400 614 1564 641 fabricatura
1575 615 1762 648 compescitur,
1774 623 1830 642 non

1044 659 1080 687 sit
1093 659 1176 687 etiam
1191 660 1236 694 qui
1250 664 1347 686 caetera
1368 659 1511 686 exercendi
1531 658 1631 686 laboris
1645 659 1770 686 utensilia
1785 659 1829 687 fa-

1043 704 1174 737 bricetur,
1197 704 1325 739 Apostolo
1350 704 1447 739 quippe
1471 708 1586 732 testante
1604 712 1611 730 :
1628 713 1637 729 I
1651 704 1761 731 Gladius
1776 704 1829 739 spi-

1043 750 1112 778 ritus
1124 754 1167 778 est
1183 751 1294 778 verbum
1309 750 1356 777 Dei
1376 749 1483 785 (Ep/iet.
1503 749 1553 783 vi).
1579 759 1589 775 ι
1616 749 1692 777 Hunc
1707 749 1826 784 gladium

1041 795 1105 829 quia
1119 796 1237 830 perversi
1257 796 1350 822 timent
1364 795 1484 830 spiritus,
1500 795 1591 822 fabros
1604 795 1637 822 de
1657 800 1727 822 terra
1743 794 1827 822 lsracl

1041 839 1178 871 auferunt,
1202 839 1264 866 dum
1286 848 1333 867 eos
1357 840 1402 873 qui
1425 841 1586 875 redarguere
1612 839 1824 873 delinquentium

1040 888 1130 911 errata
1145 884 1301 915 debuerant,
1314 892 1329 910 a
1344 885 1457 911 tenenda
1468 891 1589 911 censura:
1602 883 1742 918 disciplina
1752 891 1824 911 coni-

1040 933 1167 964 pescunt;
1187 933 1215 956 et
1235 929 1284 955 hac
1306 929 1472 963 negligentiae
1497 929 1671 955 dissolutione
1694 929 1825 963 contingit

208 972 267 1007 Quo
282 978 387 1007 contra,
403 974 435 1002 de
447 974 598 1010 negligcnte
609 982 642 1003 ac
654 974 726 1003 fatuo
737 975 780 1003 vir
792 975 899 1011 sapiens
908 975 988 1005 dicit:
1005 981 1027 1012 β
1041 978 1072 1001 ιιι
1096 974 1123 1001 in
1153 981 1293 1001 servorum
1324 975 1371 1001 Dei
1398 975 1547 1008 quibusque
1570 974 1746 1001 conventibus
1770 982 1824 1001 non

209 1028 220 1045 ι
240 1019 291 1047 Per
311 1028 404 1054 agrum
424 1021 540 1048 hominis
552 1021 621 1055 pigri
638 1021 758 1053 transivi,
773 1026 801 1049 et
821 1029 869 1056 per
883 1023 989 1050 vineam

205 1063 299 1096 stulti,
320 1068 348 1091 et
376 1071 438 1091 ecce
461 1065 554 1092 urticae
581 1065 671 1092 omnia
697 1066 863 1100 repleverant
889 1066 988 1102 (Prov.

207 1107 291 1142 xxiv).
309 1117 319 1133 ι
334 1108 535 1143 lmpatientibus
546 1116 612 1136 sane
626 1110 809 1144 correptiones
820 1111 896 1144 quasi
907 1111 988 1146 gladii

205 1157 278 1184 sunt,
298 1152 345 1180 sed
363 1153 386 1180 si
401 1153 493 1180 volunt
512 1158 540 1180 ut
559 1154 586 1181 hi
601 1154 682 1189 gladii
694 1159 835 1182 vertantur
848 1155 875 1182 in
893 1155 988 1189 falces,

204 1196 308 1223 hirsuta
329 1197 455 1224 vitiorum
475 1205 584 1225 suorum
610 1199 729 1231 dumeta,
744 1199 842 1233 quibus
864 1199 987 1233 horrent,

202 1245 390 1275 permutentur
410 1241 437 1268 in
462 1249 573 1269 messes.
592 1241 668 1270 Unde
686 1243 817 1277 propheta
834 1250 896 1270 cum
917 1251 987 1279 prae--

203 1285 319 1312 misisset
330 1285 363 1313 de
373 1285 513 1314 Salvatore
525 1291 627 1321 nostro,
639 1288 702 1323 quia
716 1296 727 1314 ‹
738 1287 870 1322 iudicabit
880 1293 987 1324 gentes,

200 1334 230 1355 et
254 1334 348 1364 arguet
369 1330 480 1365 populos
501 1331 617 1365 multos,
634 1341 644 1358 ι
661 1333 784 1367 protinus
806 1334 881 1362 addit
900 1342 908 1361 :
925 1343 936 1361 ι
952 1334 987 1362 Et
1012 1360 1017 1364 .

199 1374 355 1401 conﬂabant
373 1375 476 1410 gladios
489 1383 553 1403 suos
566 1377 592 1403 in
605 1384 743 1410 vomeres,
758 1382 786 1406 et
802 1378 910 1407 lanceas
923 1387 986 1408 suas

200 1420 228 1447 in
249 1419 331 1447 falces
352 1419 419 1454 (Ira.
433 1420 476 1455 ιι).
491 1430 502 1447 ι
519 1420 650 1448 Nimirum
676 1430 811 1457 congruus
830 1424 905 1455 ordo,
921 1423 984 1453 dum

198 1464 314 1499 primum
329 1464 436 1498 quidem
450 1468 575 1499 peccator
596 1465 736 1501 arguitur:
752 1467 848 1494 deinde
859 1467 941 1503 gladii
954 1468 983 1497 in

198 1515 332 1540 vomeres,
347 1512 374 1535 et
393 1508 472 1544 737
490 1508 590 1536 lancea:
602 1509 752 1537 conﬂantur
764 1511 792 1538 in
811 1511 903 1540 falces.
915 1511 982 1540 Nam

198 1553 263 1579 dum
277 1552 419 1587 impatiens
430 1553 564 1588 quispiam
584 1561 633 1589 per
654 1555 822 1590 disciplinam
836 1556 927 1585 mitior
939 1557 982 1585 fa-

197 1602 268 1629 ctus,
281 1601 406 1639 tanquam
424 1598 521 1633 planus
532 1605 597 1633 ager
611 1599 801 1635 increpationis
815 1600 903 1629 cultro
919 1609 981 1636 pro-

1039 1018 1120 1047 modo
1143 1025 1226 1046 sacrm
1241 1017 1439 1053 praedicationis
1463 1025 1552 1045 sermo
1563 1022 1649 1045 cesset
1665 1017 1762 1051 audiri,
1774 1019 1822 1045 sed

1038 1069 1066 1093 et
1094 1065 1268 1092 honestarum
1293 1065 1392 1091 artium
1408 1063 1535 1091 exercitia
1549 1064 1670 1092 desinant
1696 1064 1823 1100 frequen~

1039 1109 1101 1137 tari.
1122 1108 1189 1137 Nam
1214 1110 1276 1144 quia
1300 1110 1422 1136 districta
1441 1110 1588 1144 magisterii
1612 1118 1659 1137 eos
1681 1110 1821 1145 disciplina

1037 1161 1091 1181 non
1103 1154 1238 1189 reprimit,
1255 1154 1369 1188 propriis
1393 1153 1573 1181 voluntatibus
1596 1154 1688 1186 dediti,
1703 1155 1822 1182 scribere

1037 1198 1176 1236 nesciunt;
1190 1199 1256 1226 artis
1266 1199 1384 1225 honestae
1406 1198 1447 1224 vel
1459 1206 1585 1225 manuum
1599 1199 1728 1226 exercitia
1747 1199 1819 1225 nulla

1037 1242 1207 1275 coudiscunt,
1221 1250 1282 1269 cum
1295 1242 1437 1277 Apostolus
1449 1242 1539 1269 dicat:
1559 1251 1568 1268 ι
1580 1243 1630 1275 Qui
1641 1251 1692 1270 non
1704 1243 1818 1275 laborat,

1036 1294 1091 1314 non
1114 1287 1257 1314 manducet
1271 1286 1311 1321 (ll
1328 1287 1416 1313 Thess.
1432 1287 1484 1321 in).
1502 1296 1511 1312 ι
1529 1288 1594 1320 Quae
1616 1288 1743 1314 nimirum
1757 1296 1817 1314 cum

1035 1332 1089 1360 sibi
1109 1332 1164 1360 sint
1184 1332 1347 1364 necessaria,
1359 1332 1499 1360 saeculares
1511 1332 1593 1364 viros,
1615 1332 1655 1359 vel
1672 1333 1753 1359 etiam
1776 1341 1817 1359 re-

1035 1377 1135 1413 probos
1153 1378 1266 1409 adeunt,
1282 1378 1408 1412 quoniam
1425 1378 1483 1404 lizec
1498 1378 1568 1411 apud
1583 1384 1612 1403 se
1631 1377 1748 1411 reperire
1763 1385 1816 1403 non

1034 1427 1155 1459 possunt.
1169 1422 1244 1451 Unde
1257 1423 1309 1449 illic
1323 1422 1421 1449 dicitur
1433 1431 1440 1449 ς
1456 1432 1464 1448 ‹
1484 1422 1668 1449 Descendebat
1679 1430 1744 1457 ergo
1757 1430 1816 1449 oni-

1033 1467 1077 1495 uis
1095 1466 1178 1495 lsrael
1193 1467 1226 1494 ad
1240 1466 1419 1499 Philisthiim,
1436 1471 1465 1493 ut
1476 1470 1620 1493 exarueret
1633 1466 1815 1500 unusquisque
1836 1494 1839 1495 ν

1033 1520 1169 1541 vomerem
1182 1519 1272 1545 suum,
1286 1516 1313 1539 et
1326 1512 1451 1547 ligonem,
1467 1516 1494 1539 et
1504 1511 1630 1543 securim,
1641 1516 1669 1537 et
1681 1511 1814 1542 sarculum

1032 1557 1058 1593 (ι
1067 1557 1131 1592 Reg.
1147 1558 1218 1593 xm).
1237 1567 1247 1584 ›
1261 1557 1343 1585 lsrael
1355 1564 1421 1593 ergo
1432 1557 1466 1585 ad
1477 1556 1645 1585 Pliilisllraos
1656 1564 1709 1586 nun
1719 1566 1814 1586 ascen-

1031 1602 1080 1635 dit,
1093 1604 1140 1630 sed
1152 1602 1297 1635 descendit,
1311 1607 1340 1629 ut
1349 1603 1471 1630 utensilia
1487 1611 1541 1630 sum
1555 1603 1635 1638 738
1648 1604 1814 1631 necessitatis

196 1643 338 1676 scinditur,
352 1644 448 1671 deinde
460 1644 535 1671 suavi
555 1645 658 1672 semine
672 1650 772 1673 sanctae
783 1646 980 1681 praedicationis
993 1650 1016 1681 C
1030 1653 1153 1681 exacuat,
1169 1656 1231 1676 cum
1246 1650 1332 1676 sancti
1345 1649 1449 1676 ordinis
1462 1649 1513 1676 viri
1530 1655 1564 1676 ad
1578 1649 1746 1676 saecularium
1759 1650 1812 1676 ima

162 1681 168 1689 '
195 1688 357 1724 aspergitur,
369 1692 397 1716 et
414 1689 455 1717 sic
468 1689 575 1717 demum
594 1690 707 1718 fecunda
721 1691 853 1719 bonorum
867 1699 978 1727 operum

195 1733 273 1768 fruge
298 1733 410 1761 vestitur
432 1741 440 1761 :
463 1734 527 1761 huic
544 1734 648 1762 scilicet
669 1739 697 1763 et
722 1735 802 1771 gladii
825 1735 889 1764 facti
915 1742 980 1764 sunt

194 1787 327 1813 vomeres,
342 1785 369 1807 et
381 1780 481 1808 lanceae
495 1785 687 1809 convertuntur
702 1782 729 1809 in
743 1782 836 1810 falces.
851 1783 918 1816 Quia
931 1783 977 1818 qui

195 1825 355 1860 reprehendi
370 1826 443 1861 prius
458 1830 584 1860 tanquam
606 1827 694 1862 gladio
712 1827 816 1862 perfodi
831 1828 976 1862 devitabat,

194 1878 267 1897 nunc
285 1875 313 1897 et
325 1878 463 1898 vomerum
478 1878 562 1899 sacra:
576 1871 704 1899 doctrina:
720 1872 836 1900 libenter
853 1873 975 1907 sustinet,

181 1920 224 1943 .ut
236 1915 326 1951 fruges
337 1915 423 1948 ferat;
437 1920 466 1943 et
478 1916 572 1944 falcem
586 1924 708 1953 superna:
722 1918 864 1946 messionis
881 1926 977 1954 exspe-

190 1966 258 1995 ctat,
274 1966 303 1990 ut
314 1962 405 1990 horrei
416 1962 534 1990 caelestis
550 1963 762 1998 promptuarium
777 1963 889 1996 repleat.

494 2017 608 2046 CAPUT
622 2018 667 2046 ιν.

190 2072 268 2106 Quod
282 2073 311 2100 in
325 2073 452 2112 religiosis
467 2075 633 2112 conventibus
645 2075 680 2102 ad
693 2075 837 2112 regularem
854 2076 974 2112 discipli-

346 2108 446 2142 plinam
461 2109 606 2136 necessaria
619 2114 656 2137 est
673 2108 809 2145 correptio.

223 2151 378 2187 Spiritualis
401 2153 480 2187 plane
500 2154 615 2188 quisque
634 2159 793 2188 conventus,
818 2155 841 2182 si
860 2156 972 2183 fraterni

191 2196 240 2224 adi
264 2196 399 2231 frequenti
425 2198 596 2232 correptione
618 2206 671 2226 non
696 2199 795 2233 utitur,
817 2200 973 2228 Israelitica;

189 2241 276 2274 plebis
296 2242 408 2277 mystica
430 2242 534 2270 laborat
554 2244 643 2279 inopia
660 2252 740 2280 :qua-
753 2245 889 2279 videlicet,
905 2246 972 2274 inci-

188 2287 279 2324 piente
304 2286 369 2314 Saul
391 2287 462 2323 regis
484 2288 606 2324 imperio,
621 2289 727 2317 fabrum
753 2289 895 2318 ferrarium
917 2299 970 2319 non

190 2334 313 2363 habebat.
327 2334 398 2362 Dicit
411 2335 483 2362 enim
498 2335 637 2371 Scriptura
653 2344 661 2363 :
679 2345 690 2363 ι
707 2336 775 2370 Quia
790 2337 867 2365 faber
882 2337 968 2366 ferra-
981 2325 1009 2356 D

188 2381 244 2409 lius
257 2388 310 2408 non
325 2380 509 2408 inveniebatur
529 2381 556 2408 in
571 2382 643 2409 omni
659 2386 730 2410 terra
751 2382 833 2411 Israel
847 2383 874 2418 (1
901 2383 967 2420 Reg.

187 2427 258 2462 ml).
276 2436 286 2453 ι
302 2425 387 2453 Porro
400 2426 472 2454 sicut
495 2426 596 2454 ferrum
619 2427 723 2462 reliqua
740 2428 847 2456 metalla
862 2428 968 2457 fortiter

168 2473 308 2505 edomat,
324 2475 360 2497 ua
382 2471 561 2506 correptionis
587 2472 697 2499 malleus
722 2472 788 2500 vitia
811 2472 967 2508 delinquen-

185 2516 253 2544 tium
268 2515 400 2551 reprimit,
415 2519 443 2543 et
456 2515 533 2550 quasi
547 2516 667 2544 cudendo
679 2517 772 2552 rigida:
784 2518 881 2546 mentis
890 2518 966 2545 duri-

184 2562 250 2589 tiam
261 2560 372 2596 frangit.
396 2560 464 2587 Hinc
475 2564 516 2588 est
529 2560 599 2595 quod
614 2561 648 2588 de
660 2561 720 2596 ipso
735 2561 870 2590 fabrorum
887 2563 967 2598 spiri-

182 2605 298 2634 tualium
326 2605 448 2640 principe
469 2612 520 2639 per
543 2605 640 2632 Isaiam
666 2606 784 2634 dicitur:
799 2616 810 2634 ‹
828 2608 896 2635 Ecce
916 2616 966 2644 ego

185 2651 276 2679 ereavi
297 2650 405 2678 fabrum
423 2649 572 2678 sulllantem
589 2650 617 2678 in
632 2651 692 2686 igne
705 2659 829 2686 prunam,
841 2658 869 2679 et
878 2653 965 2688 profe-

185 2701 288 2724 ruitam
312 2704 361 2724 vas
386 2697 413 2724 in
437 2704 505 2731 opus
525 2704 602 2724 suum
627 2696 694 2732 (ha.
710 2697 775 2732 Liv).
794 2707 803 2724 ι
828 2698 867 2725 De
894 2699 965 2727 ferro

183 2748 290 2776 quoque
309 2741 484 2769 Ecclesiastes
501 2741 565 2768 dicit
577 2750 584 2768 :
596 2752 607 2768 1
625 2741 655 2769 Si
670 2746 788 2769 retusum
806 2742 888 2770 fuerit
907 2743 964 2771 fer-

182 2792 255 2817 rum,
269 2789 297 2812 et
310 2785 360 2812 hoc
375 2793 428 2812 non
441 2790 470 2812 ut
480 2786 565 2821 prius.
580 2786 627 2813 sed
638 2786 789 2813 hebetatum
803 2787 865 2818 erit,
881 2787 964 2815 multo

182 2830 275 2858 labore
293 2835 448 2861 exacuetur.
464 2835 524 2865 post
546 2831 703 2858 industriam
723 2832 845 2866 sequitur
855 2833 962 2867 sapien-

182 2875 220 2902 tia
235 2874 333 2909 (Eccle.
347 2874 386 2909 ι).
401 2884 410 2901 ι
424 2875 476 2902 Sed
488 2875 634 2903 Philistliaai
648 2877 680 2904 de
693 2881 763 2904 terra
778 2876 858 2905 Israel
874 2877 962 2905 fabros

181 2919 309 2947 ferrarius
324 2918 430 2952 tollunt,
437 2926 498 2947 eum
512 2920 621 2955 maligni
636 2922 754 2956 spiritus,
769 2921 841 2950 falsa
854 2923 962 2957 pietatis

1030 1695 1182 1729 declinant,
1203 1699 1233 1722 ut
1262 1696 1295 1722 ab
1323 1695 1363 1722 eis
1392 1695 1443 1722 sibi
1470 1695 1641 1722 commodum
1671 1694 1813 1728 cujuslibet

1029 1740 1151 1768 utilitatis
1181 1741 1332 1775 acquirant.
1357 1741 1436 1768 Vides
1464 1748 1528 1775 ergo
1559 1741 1621 1775 quia
1640 1741 1663 1768 si
1683 1742 1715 1768 de
1734 1748 1812 1768 sacro

1027 1791 1161 1814 conventu
1185 1786 1384 1820 correptionqu
1408 1793 1522 1813 censura
1540 1785 1717 1818 subtrahitur,
1730 1786 1811 1813 disci-

1026 1831 1106 1866 plina
1137 1831 1213 1866 vigor
1240 1831 1359 1859 funditus
1389 1836 1547 1864 enervatur,
1573 1836 1600 1858 et
1627 1831 1720 1866 religio
1755 1835 1810 1858 tota

1027 1876 1189 1909 destruitur;
1208 1877 1281 1911 quia,
1298 1877 1360 1903 dum
1372 1877 1553 1911 unusquisque
1566 1875 1680 1910 propria:
1689 1875 1810 1910 sequitur

1027 1921 1172 1948 voluntatis
1185 1922 1337 1953 arbitrium,
1350 1921 1383 1948 ad
1398 1921 1537 1948 saecularia
1551 1921 1668 1953 rediens,
1682 1920 1810 1955 spiritua-

1024 1967 1058 1996 lis
1071 1967 1248 1995 observantia:
1258 1965 1338 1993 violat
1351 1967 1512 1994 institutum.
1530 1966 1605 1994 Unde
1621 1966 1743 2000 quisquis
1766 1970 1808 1992 est

1024 2012 1068 2040 cui
1095 2012 1226 2047 regularis
1250 2012 1311 2038 vitae
1337 2011 1427 2038 fervor
1453 2011 1595 2044 ίιιιεςιυειι,
1622 2011 1806 2045 correptiones

1023 2057 1138 2085 libenter
1157 2057 1340 2092 amplectitur;
1357 2062 1394 2089 et,
1418 2062 1480 2084 tunc
1504 2058 1584 2083 etiam
1597 2063 1657 2084 cum
1677 2057 1806 2083 innocens

1022 2107 1075 2135 est,
1088 2102 1144 2130 suis
1169 2103 1421 2137 reprehensionibus
1445 2102 1604 2129 delectatur.
1628 2101 1686 2128 Non
1701 2106 1730 2128 ut
1743 2109 1804 2128 eum

1022 2148 1187 2176 conscientia
1207 2155 1333 2182 peccasse
1353 2148 1516 2179 remordeat,
1539 2148 1586 2175 sed
1609 2148 1736 2182 quoniam
1753 2149 1804 2175 hoc

1021 2194 1150 2228 prodesse
1172 2193 1276 2220 exteris
1288 2193 1458 2220 audientibus
1482 2198 1589 2227 sperat,
1605 2197 1634 2219 ut
1650 2193 1719 2220 unde
1734 2193 1802 2227 ipse,

1021 2238 1151 2265 innocens
1174 2242 1203 2265 et
1219 2238 1346 2270 mundus,
1371 2239 1502 2273 arguitur,
1527 2238 1584 2271 alii,
1611 2238 1653 2265 vel
1674 2237 1741 2273 lapsi
1762 2239 1803 2266 vel

1020 2283 1121 2319 lapsuri
1129 2302 1137 2317 ,
1148 2283 1219 2312 forte
1230 2284 1409 2318 corrigantur.

1333 2329 1446 2359 CAPUT
1464 2330 1498 2358 γ.

1054 2374 1109 2403 Cur
1119 2375 1207 2403 beatus
1217 2374 1318 2403 Paulus
1334 2376 1436 2402 beatum
1447 2373 1555 2402 Petrum
1565 2375 1764 2410 reprehenderit.

1053 2418 1130 2448 Unde
1144 2427 1215 2447 nunc
1226 2419 1260 2447 ad
1272 2419 1431 2447 memoriam
1443 2420 1513 2447 redit
1522 2420 1593 2454 quod
1607 2418 1716 2453 Paulus,
1729 2420 1801 2447 sicut

1017 2465 1052 2493 ad
1064 2464 1174 2492 Galatas
1186 2465 1290 2498 scribit,
1309 2465 1418 2492 beatum
1434 2464 1544 2492 Petrum
1561 2465 1744 2499 coapostolum
1759 2465 1800 2492 iu-

1016 2512 1152 2547 crepavit;
1170 2511 1217 2539 sed
1228 2511 1262 2545 ei,
1282 2518 1363 2546 quem
1375 2510 1447 2539 velut
1459 2510 1636 2539 discordantia
1648 2511 1798 2546 redarguit,

1017 2556 1087 2583 votis
1109 2556 1283 2583 interioribus
1309 2555 1511 2583 concordavit:
1538 2564 1548 2581 ι
1576 2555 1642 2583 Cum
1668 2556 1797 2588 venisset,

1015 2601 1118 2637 inquit,
1138 2601 1233 2629 Petrus
1260 2601 1449 2634 Antiochiam,
1474 2601 1501 2628 in
1523 2600 1621 2629 faciem
1644 2601 1670 2629 ei
1698 2594 1797 2634 restiti,

1015 2648 1079 2683 quia
1090 2647 1309 2682 reprehensibilis
1323 2647 1471 2676 videbatur.
1483 2646 1560 2675 Prius
1570 2647 1643 2675 enim
1657 2643 1736 2682 quani
1749 2655 1798 2674 vc-

1015 2692 1106 2720 nirent
1120 2692 1228 2727 quidam
1241 2699 1256 2718 a
1269 2691 1380 2725 Jacobo,
1393 2699 1455 2719 cum
1469 2692 1594 2727 gentibus
1604 2692 1714 2725 edebat;
1734 2701 1796 2720 cum

1014 2741 1105 2764 autem
1139 2737 1289 2769 venissent,
1326 2736 1501 2764 subtrahebat
1526 2741 1554 2764 et
1579 2737 1738 2772 segregabat
1755 2744 1795 2770 se,

1016 2783 1115 2811 timens
1129 2789 1176 2809 eos
1186 2782 1232 2817 qui
1243 2789 1278 2809 ex
1293 2782 1499 2809 circumcisione
1507 2786 1586 2809 erant
1597 2781 1734 2822 (Gal.n).r
1744 2782 1795 2810 Ubi

1014 2837 1077 2857 mox
1096 2829 1203 2856 additur
1219 2838 1227 2855 :
1247 2837 1256 2854 ι
1273 2828 1307 2856 Ει
1326 2828 1491 2856 simulationi
1518 2828 1576 2863 ejus
1599 2833 1796 2857 consenserunt

1013 2873 1206 2906 cacteriJudzei,
1218 2875 1255 2902 ita
1268 2879 1298 2901 ut
1313 2880 1341 2902 et
1355 2874 1494 2903 Barnabas
1508 2875 1653 2902 duceretur
1669 2874 1703 2901 ab
1712 2874 1752 2901 eis
1766 2874 1794 2901 in

1014 2923 1087 2950 illam
1098 2921 1296 2948 simulationem
1311 2919 1420 2956 (lbid.).
1434 2930 1442 2947 ι
1455 2920 1563 2955 Oquam
1575 2921 1639 2949 dura
1652 2921 1793 2956 superﬁcie
