4054 6184
475 425 579 483 τῑῖξ)

1498 425 1739 480 OPUSC.
1780 422 1987 478 XLVII.
2031 451 2101 463 -—
2136 422 2223 476 DE
2272 421 2679 478 CASTl'l‘A'I‘E.

3612 435 3709 481 ιιυ

465 551 621 594 tenus
648 537 835 601 verba,
864 544 942 600 et,
972 536 1016 590 si
1060 535 1188 589 solis
1223 536 1571 591 attendantur
1609 536 1661 589 in
1706 535 1945 605 syllabis,
1976 533 2045 587 ab
2074 540 2119 593 A
2151 541 2267 586 tare
2298 534 2605 602 potuimus?
2627 535 2719 588 sed
2749 550 2846 603 per
2870 536 3094 606 gratiatu
3127 537 3333 592 Domini
3358 537 3483 594 Jcsu
3507 540 3711 596 Christi

461 628 744 699 apostolici
771 626 1021 680 culminis
1043 626 1305 696 gravitate
1340 626 1579 680 funditus
1606 626 1811 685 alienat
1834 626 2038 694 Repre-

460 718 739 774 heusibilis
765 725 850 771 est
882 716 1093 780 Petrus,
1145 717 1234 771 cui
1272 717 1337 771 ad
1370 717 1868 788 reprehendendum
1898 725 1953 771 et
1970 716 2037 771 ad

460 808 841 879 corrigendum
870 808 1155 861 commissa
1190 816 1315 861 sunt
1339 809 1519 862 omnia
1559 822 1723 879 regna
1767 816 2035 862 terrarum

460 898 676 968 (Matth.
707 897 845 967 xvr).
888 897 943 951 In
983 895 1174 951 faciem
1202 898 1249 951 ei
1278 896 1568 959 resistitur,
1597 897 1663 950 ad
1688 896 1841 966 cujus
1869 895 2038 964 impe-

420 986 437 996 ’
461 988 598 1041 rium
620 985 785 1055 janua
820 987 971 1056 regni
996 984 1235 1041 caelestis
1256 985 1457 1040 Christi
1483 984 1729 1040 fidelibus
1763 985 2034 1054 aperitur;

458 1078 821 1132 simulationis
846 1086 1037 1131 auctor
1062 1077 1341 1142 asseritur,
1368 1077 1458 1145 qui
1481 1077 1687 1147 primus
1707 1086 1792 1130 est
1818 1078 1871 1129 in
1900 1091 2037 1146 prae-

459 1168 786 1223 dicatoribus
813 1167 1090 1231 veritatis;
1124 1175 1201 1232 et,
1224 1176 1285 1221 ut
1321 1167 1591 1237 copiosior
1613 1167 1788 1221 adhuc
1807 1180 2036 1237 exagge-

460 1256 567 1310 rari
597 1255 773 1310 vaieat
794 1256 1013 1325 injuria,
1044 1256 1329 1326 diligenter
1352 1257 1568 1311 attende
1592 1256 1719 1325 quid
1743 1256 1986 1324 sequitur
2016 1272 2031 1308 :

463 1364 482 1397 ι
514 1344 618 1398 Sed
661 1359 782 1398 cum
819 1343 1074 1398 vidissem
1117 1344 1260 1413 quod
1289 1361 1393 1398 non
1423 1354 1567 1399 recte
1608 1344 1951 1399 ambularent
1977 1343 2033 1397 in

456 1436 684 1489 veritate
733 1433 1032 1503 Evangelii,
1090 1434 1199 1489 dixi
1253 1433 1451 1503 (Iephte
1499 1450 1683 1489 coram
1732 1435 2030 1489 omnibus:

458 1525 514 1579 Si
547 1534 626 1590 tu,
658 1540 780 1578 cum
808 1524 1023 1580 Iudaeus
1051 1526 1150 1589 sis,
1181 1526 1455 1596 gentiliter
1482 1527 1638 1591 vivis,
1694 1536 1749 1582 et
1796 1541 1902 1580 non
1936 1526 2030 1581 Ju-

454 1616 628 1681 daice,
653 1616 923 1685 quomodo
960 1624 1149 1687 gentes
1194 1617 1345 1688 cogis
1388 1617 1734 1673 Judaizare?»
1766 1616 1910 1685 (Gal.
1938 1616 2029 1687 ιι.)

454 1708 594 1774 Quid
630 1706 866 1772 esthoc,
895 1707 1051 1763 beate
1076 1707 1263 1774 Paule,
1305 1712 1450 1778 quod
1483 1708 1719 1777 priorem
1750 1718 1897 1763 tuum
1947 1708 2029 1760 in-

454 1795 858 1866 crepationibus
913 1797 1140 1863 laceras,
1184 1798 1648 1869 objurgationibus
1699 1796 2027 1853 exacerbas?

2142 626 2416 680 credimus
2456 627 2675 689 salvari,
2707 630 3158 696 quemadmodum
3190 637 3245 683 et
3272 630 3344 684 illi
3370 631 3508 702 (Act.
3534 635 3646 703 xv).
3686 652 3705 683 ι

2139 712 2367 767 Volebat
2384 728 2515 782 ergo
2536 714 2728 766 Petrus
2754 717 3088 780 permxime
3112 725 3296 765 coram
3328 712 3580 767 omnibus
3619 728 3709 767 ar-

2137 802 2250 871 gui,
2276 803 2541 871 gaudebat
2564 802 2898 873 objurgantis
2940 803 3238 857 invectione
3263 802 3541 867 confundi,
3569 812 3629 857 ut
3658 804 3711 858 id

2136 892 2280 962 quod
2318 892 2518 947 invitus
2548 894 2748 963 agebat
2783 903 3064 963 correptus
3101 892 3409 959 omitteret,
3448 901 3505 948 et
3548 893 3604 948 in
3646 909 3711 949 eo

2136 982 2279 1050 quod
2326 982 2474 1037 solus
2524 991 2792 1038 attentare
2843 983 3117 1049 timuerat,
3168 984 3374 1038 socium
3428 984 3709 1039 inveniret.

2139 1071 2337 1127 Paulus
2376 1088 2504 1145 ergo
2544 1072 2704 1128 Petro
2750 1089 2873 1129 cum
2925 1073 3146 1139 restitit,
3177 1074 3336 1143 eique
3386 1075 3572 1143 procul
3614 1077 3713 1129 du-

2137 1164 2228 1218 bio
2253 1164 2577 1219 intrinsecus
2600 1165 2966 1227 concordavit,
2980 1180 3138 1233 quem
3153 1166 3490 1221 extrinsecus
3503 1180 3675 1235 arguit
3693 1183 3708 1228 ;

2135 1253 2418 1323 alioquin,
2466 1254 2735 1323 quomodo
2776 1254 2974 1309 Paulus
3050 1256 3103 1309 in
3161 1255 3268 1309 alio
3329 1257 3712 1311 condemnaret

2134 1346 2277 1414 quod
2319 1346 2432 1414 ipse
2475 1360 2579 1400 non
2610 1345 2853 1401 dissimili
2882 1348 3200 1401 necessitate
3228 1348 3534 1417 compulsus
3560 1350 3701 1418 egis-

2135 1435 2255 1488 set?
2279 1434 2409 1488 Nam
2439 1444 2656 1505 pr0pter
2675 1434 2914 1500 Iudaeos,
2960 1437 3050 1505 qui
3080 1437 3213 1507 legis
3231 1437 3626 1492 observantiam
3656 1448 3711 1493 et

2131 1534 2342 1579 veteres
2374 1527 2509 1581 ritus
2558 1527 2821 1583 tenendos
2864 1540 2985 1581 esse
3024 1528 3375 1597 perhibebant
3402 1568 3416 1592 ,
3448 1540 3502 1583 et
3524 1528 3707 1583 Timon

2132 1619 2338 1684 theum,
2363 1618 2575 1686 gentilis
2604 1618 2854 1673 videlicet
2874 1618 3109 1672 hominis
3124 1618 3313 1682 lilium,
3338 1620 3703 1673 circumcidit:

2131 1718 2185 1763 et
2215 1709 2351 1778 ipse,
2389 1717 2572 1763 votum
2618 1708 2849 1771 solvens,
2905 1709 3221 1778 sibimetipsi
3264 1719 3422 1779 caput
3467 1711 3621 1776 rasit,
3646 1722 3705 1764 et

2130 1798 2454 1852 sacrificium
2495 1798 2646 1867 juxta
2694 1798 2895 1855 veteris
2936 1798 3070 1868 legis
3115 1801 3464 1854 caeremonias
3484 1801 3702 1854 obtulit.

452 1888 567 1956 Quo
588 1897 746 1958 pacto
786 1904 889 1943 non
920 1889 1126 1943 vereris
1150 1892 1274 1943 eum
1314 1898 1439 1942 ante
1469 1887 1746 1942 hominum
1779 1902 1871 1940 ora
1893 1900 2020 1941 con-
2052 1896 2096 1954 Β
2125 1885 2265 1957 (Acte
2287 1900 2397 1950 xvt,
2423 1886 2557 1957 xxi).

454 1975 694 2041 fundere,
724 1979 809 2033 cui
853 1976 1075 2047 speciali
1102 1976 1225 2047 jure
1253 1991 1573 2032 concessum
1623 1988 1707 2031 est
1738 1976 2029 2031 universali

453 2067 618 2121 totius
645 2068 796 2123 orbis
820 2068 1074 2123 Ecclesiae
1097 2068 1423 2139 praesidere?
1442 2068 1523 2123 An
1546 2066 1794 2123 fortassis
1830 2067 2031 2121 excidit

450 2156 593 2224 quod
658 2173 755 2213 vos
808 2160 1110 2213 communis
1166 2159 1446 2228 utriusque
1501 2160 1689 2213 doctor
1741 2158 2033 2213 instruxit?

454 2264 475 2299 ι
527 2247 582 2303 Si
632 2251 957 2319 peccaverit,
1008 2251 1209 2320 inquit,
1250 2251 1303 2305 in
1349 2260 1402 2306 te
1442 2251 1612 2305 frater
1642 2260 1785 2314 tuus,
1817 2250 2031 2320 corripe

449 2350 571 2391 eum
598 2339 739 2393 inter
791 2347 841 2394 te
874 2350 928 2395 et
955 2340 1127 2410 ipsum
1153 2340 1358 2406 solam;
1389 2340 1471 2395 sin
1511 2349 1693 2394 autem
1722 2349 1774 2394 te
1802 2355 1907 2397 non
1931 2355 2034 2397 atl-

448 2424 631 2492 dierit,
659 2426 855 2484 adhibe
896 2429 1030 2485 ducs
1055 2428 1135 2485 vel
1180 2437 1291 2485 tres
1336 2438 1500 2485 testes
1543 2427 1760 2499 (Matth.
1787 2428 1965 2498 xvui).
2002 2447 2022 2481 ο

448 2514 528 2569 Tu
560 2532 684 2572 vero
727 2534 832 2573 non
886 2521 1093 2589 private
1144 2530 1488 2585 conventum,
1522 2535 1629 2576 non
1666 2519 1803 2574 clam
1843 2534 2027 2573 coram

450 2604 676 2659 testibus
724 2606 1046 2674 allocutum,
1100 2609 1193 2664 sed
1243 2609 1418 2679 palam
1456 2610 1703 2663 omnibus
1749 2610 1949 2679 arguis,
1973 2617 2028 2665 et

449 2693 668 2763 insuper
696 2697 763 2749 ad
810 2699 1144 2766 posteritatis
1173 2690 1410 2753 ventura:
1436 2698 1705 2763 notitiam,
1733 2700 1875 2767 quod
1904 2714 2027 2768 gra-

447 2783 565 2837 vius
594 2795 695 2850 est,
727 2787 828 2840 hoc
850 2797 902 2840 te
931 2789 1123 2843 fecisse
1148 2789 1467 2843 couscribis.
1496 2791 1577 2843 An
1599 2798 1648 2843 et
1681 2790 1807 2843 illud
1828 2791 2025 2846 oblitus

448 2886 510 2925 es
549 2874 690 2941 quod
716 2873 1000 2931 Timotheo
1030 2878 1142 2946 ipse
1166 2877 1415 2946 iussisti:
1460 2897 1478 2929 ι
1519 2878 1712 2933 Senem
1740 2895 1807 2934 ue
1848 2879 2025 2934 incre-

444 2963 681 3029 paveris,
706 2966 797 3018 sed
823 2966 1045 3020 obsecra
1072 2975 1130 3021 ut
1165 2967 1411 3037 patrem?
1446 2986 1464 3019 ι
1495 2966 1546 3037 (1
1571 2966 1703 3021 Tim.
1730 2968 1807 3037 v.)
1838 2967 1944 3023 Sed
1968 2968 2023 3021 in

445 3066 511 3106 eo
533 3054 673 3121 quod
710 3054 770 3107 Β.
791 3054 1011 3110 Petrum
1034 3056 1231 3112 Paulus
1260 3072 1444 3112 coram
1470 3058 1719 3112 omnibus
1741 3058 2025 3115 manifeste

448 3142 743 3210 redarguit,
784 3145 916 3199 foris
959 3148 1176 3217 quidem
1228 3148 1594 3203 contradictor
1636 3148 1900 3217 apparuit,
1927 3150 2022 3206 sed

2649 1976 2812 2049 tuo
2846 1974 3074 2034 CAPUT
3112 1979 3234 2034 vr.-

2130 2064 2211 2119 An
2261 2065 2441 2119 beant:
2496 2062 2699 2120 Paulus
2750 2067 3035 2146 peccaverit
3098 2067 3302 2122 beatum
3358 2066 3571 2124 Petrum
3619 2071 3706 2123 ob-

2790 2151 3036 2205 Jurgans.

2197 2221 2256 2277 ln
2282 2222 2387 2278 hoc
2411 2238 2541 2293 ergo
2576 2225 2719 2293 quod
2747 2224 2967 2278 Petrum
3003 2226 3277 2288 corripere
3306 2227 3453 2282 visus
3473 2236 3575 2290 est.
3608 2227 3706 2283 ob-

2126 2314 2450 2367 secundatus
2477 2324 2580 2379 est,
2609 2329 2715 2368 non
2767 2316 3124 2381 adversatus;
3168 2328 3224 2371 et
3284 2332 3388 2371 non
3443 2319 3705 2374 adversus

2125 2415 2271 2466 eum,
2303 2402 2443 2456 sicut
2490 2402 2820 2474 Porphyrius
2860 2404 3136 2473 opinatur,
3165 2408 3395 2475 superbe
3428 2408 3705 2476 pUgnavit,

2125 2492 2221 2547 sed
2264 2493 2543 2547 humiliter
2591 2494 2933 2549 ministravit.
2967 2495 3091 2550 Haec
3115 2497 3369 2551 nimirum
3400 2496 3547 2551 Pauli
3580 2513 3703 2553 cor-

2125 2584 2297 2653 reptio
2328 2584 2685 2641 ministerium
2733 2586 2836 2642 fuit
2880 2588 3219 2651 obedientiae,
3251 2604 3356 2643 non
3397 2590 3699 2660 objurgatio

2122 2672 2449 2742 disciplinae;
2493 2690 2597 2731 non
2628 2676 2904 2732 temeritas
2942 2676 3278 2744 invectionis,
3305 2678 3399 2734 sed
3432 2679 3701 2735 unanimis

2121 2765 2411 2818 concordia
2445 2766 2753 2821 voluntatis.
2811 2767 2891 2821 Tu
2945 2768 3149 2835 itaque,
3179 2768 3548 2834 dilectissime,
3575 2786 3701 2824 cum

2121 2865 2286 2923 super
2338 2854 2582 2923 qualibet
2632 2856 2917 2911 occasione
2975 2856 3303 2925 corripieris.
3350 2858 3514 2912 etiam
3555 2859 3599 2913 si
3646 2870 3701 2913 te

2122 2942 2417 3012 deliquisse
2443 2961 2782 3016 nequaquam
2811 2948 3139 3003 conscientia
3166 2949 3702 3020 reprehendat,quod

2120 3032 2391 3103 objectum
2445 3046 2551 3101 est,
2610 3036 2841 3092 libenter
2888 3038 3234 3108 amplectere,
3274 3038 3593 3108 culpabilem
3651 3050 3705 3094 te

2120 3140 2303 3181 coram
2333 3126 2590 3183 fratribus
2618 3130 2723 3184 tuis
2762 3129 3033 3184 humiliter
3062 3130 3336 3184 conﬁtere.
3367 3131 3516 3196 Quod
3544 3132 3705 3185 uimi-

446 3230 607 3300 739
630 3232 809 3287 cordis
835 3235 949 3304 ejus
977 3215 1102 3290 ξ.οω
1142 3237 1449 3306 complevit.
1491 3215 1732 3292 Gentiles
1755 3238 1898 3291 enim
1924 3249 2020 3292 γε,
2045 3232 2091 3292 C
2122 3229 2242 3269 rum
2270 3223 2326 3269 et
2355 3215 2460 3270 illis
2484 3216 2590 3270 erit
2618 3216 2936 3270 imitationis
2956 3216 3279 3285 exemplum,
3311 3226 3365 3270 ct
3387 3218 3479 3270 tibi
3506 3233 3697 3286 prove-

445 3322 654 3377 nieutes
684 3325 750 3377 ad
781 3324 935 3380 fidem
964 3342 1069 3382 non
1119 3329 1353 3383 audebat
1392 3328 1605 3392 Petrus,
1632 3329 1711 3383 eis
1740 3329 2012 3397 praesenti-

444 3414 545 3467 bus
561 3414 653 3483 qui
677 3430 743 3469 ex
766 3417 1179 3474 circumcisione
1199 3420 1561 3486 crediderant,
1582 3419 1636 3475 in
1663 3421 2017 3477 convescendi

444 3506 702 3559 societate
730 3507 987 3574 recipere,
1013 3525 1080 3563 ne
1100 3510 1347 3565 videlicet
1370 3510 1442 3564 illi
1463 3510 1769 3565 scandalum
1791 3512 2021 3566 sustine.

446 3604 584 3658 rent,
618 3603 672 3649 et
700 3612 821 3650 mox
855 3613 884 3651 a
923 3599 1027 3652 [ide
1052 3599 1229 3654 adhuc
1260 3610 1441 3655 tenera
1480 3601 1579 3655 sub
1612 3602 1713 3656 hac
1737 3602 2021 3657 occasione

445 3686 783 3741 recederent.
826 3689 893 3743 Et
929 3689 1050 3744 ideo
1069 3691 1159 3759 qui
1188 3706 1309 3745 cum
1331 3692 1579 3761 gentibus
1609 3693 1767 3747 edere
1795 3707 2020 3748 consue-

443 3786 612 3840 verat,
642 3778 957 3845 quibusdam
1008 3796 1037 3834 a
1085 3780 1285 3835 Jacobo
1312 3782 1668 3847 venientibus,
1723 3784 1791 3837 ab
1832 3798 2018 3838 eorum

443 3876 502 3916 se
523 3867 799 3919 consortio
823 3868 1172 3923 subtrahebat
1203 3886 1217 3922 :
1248 3870 1442 3924 timens
1467 3871 1676 3926 scilicet
1701 3886 1764 3924 ex
1791 3871 2019 3926 circum-

442 3952 642 4008 cisione
661 3956 1025 4023 credentibus,
1050 3973 1135 4024 ne,
1160 3960 1202 4014 si
1225 3974 1345 4014 eum
1370 3961 1616 4016 convesci
1632 3961 1877 4031 gentibus
1901 3976 2022 4016 cer-

444 4053 655 4110 nerent,
693 4048 929 4115 perﬁdiae
969 4050 1266 4118 periculum
1322 4051 1672 4106 sustinerent.
1720 4052 1851 4105 Nam
1893 4052 2017 4121 quia

443 4131 635 4190 Petrus
685 4136 759 4190 ita
791 4154 887 4208 per
914 4140 1095 4194 omnia
1139 4140 1408 4196 sentiebat
1462 4150 1521 4197 ut
1564 4141 1789 4207 Paulus,
1831 4151 2019 4211 gentes

442 4226 648 4280 scilicet
690 4228 980 4286 observare
1039 4231 1177 4287 ritus
1223 4231 1476 4287 Judaicos
1521 4248 1626 4288 non
1664 4233 1880 4298 debere,
1926 4233 2017 4302 qui

453 4314 622 4369 Actus
653 4319 1015 4386 apostolorum
1043 4320 1171 4390 legit
1203 4322 1449 4377 dubitare
1498 4338 1602 4377 non
1642 4325 1837 4394 poterit
1864 4341 1878 4377 :
1912 4325 2019 4380 imo

444 4408 600 4478 hujus
637 4414 917 4467 sententia:
947 4414 1155 4484 primus
1190 4423 1378 4469 auctor
1405 4415 1599 4470 Petrus
1637 4416 1782 4469 inter
1803 4427 2020 4485 aposto-

442 4497 520 4553 los
544 4499 914 4557 indubitanter
941 4503 1237 4570 invenitur,
1267 4505 1419 4575 cujus
1444 4521 1586 4560 nunc
1614 4521 1644 4559 a
1675 4504 1840 4561 Paulo
1863 4506 2014 4576 quasi

2119 3308 2234 3363 niet
2260 3308 2312 3362 in
2344 3317 2631 3378 augmenta
2662 3310 2943 3362 virtutum.
2972 3308 3235 3361 Memento
3260 3309 3400 3376 quod
3428 3323 3524 3377 per
3550 3308 3703 3364 Salo-

2118 3414 2335 3455 monem
2365 3399 2593 3454 dicitur:
2617 3418 2636 3451 ‹
2659 3399 2846 3453 Melius
2870 3406 2954 3453 est
2984 3414 3013 3451 a
3041 3398 3283 3466 sapiente
3304 3398 3699 3467 corripi,quam

2120 3490 2406 3545 stultorum
2454 3488 2760 3544 adulatione
2792 3490 2962 3560 decipi
2996 3490 3191 3559 (Eccle.
3217 3492 3363 3559 νιι).»
3394 3490 3540 3545 Talis
3569 3506 3698 3562 ergo

2120 3579 2191 3634 sit
2212 3578 2463 3633 voluntas
2496 3588 2584 3631 tua
2636 3590 2692 3631 ut
2722 3579 2768 3632 is
2796 3579 2958 3632 etiam
2998 3579 3090 3647 qui
3135 3587 3185 3633 te
3229 3578 3369 3632 forte
3404 3579 3588 3632 durius
3614 3596 3701 3633 ar-

2120 3678 2266 3739 guet,
2301 3684 2424 3724 cum
2466 3668 2539 3722 tui
2582 3669 2761 3722 cordis
2790 3669 3086 3722 intentione
3120 3669 3443 3734 concordet;
3475 3678 3529 3724 et
3559 3670 3610 3722 in
3635 3684 3700 3724 eo

2120 3759 2259 3828 quod
2291 3761 2342 3813 in
2370 3768 2419 3813 te
2441 3774 2601 3828 asper
2628 3760 2920 3823 invehitur,
2948 3762 3304 3830 morigeretur
3331 3762 3506 3830 potius
3536 3775 3697 3829 quam

2118 3851 2443 3905 obluctetur.
2483 3850 2844 3905 Praesentibus
2876 3851 3057 3921 itaque
3109 3854 3445 3906 conversatio
3488 3862 3576 3906 tua
3612 3853 3691 3905 lu-

2118 3948 2259 4001 ceat,
2278 3940 2588 3993 absentibus
2615 3938 2758 3993 fama
2788 3939 2839 3993 in
2870 3939 3243 3993 benedictione
3269 3940 3528 3994 redoleat.
3544 3940 3695 4002 Esto,

2117 4030 2260 4098 quod
2312 4032 2561 4099 superius
2615 4030 2870 4097 diximus,
2900 4046 3028 4101 ager
3078 4040 3133 4087 et
3182 4032 3486 4087 exuberans
3541 4034 3695 4101 copia

2118 4129 2362 4190 segetum
2416 4130 2471 4175 et
2497 4122 2712 4191 spirans
2742 4122 3090 4177 odorantibus
3111 4122 3527 4191 pigmentorum,
3561 4132 3617 4176 ut
3645 4126 3695 4176 in

2118 4216 2171 4263 te
2207 4223 2423 4278 quoque
2463 4209 2760 4264 delectetur
2814 4211 3158 4280 omnipotens
3213 4212 3372 4275 Deus,
3415 4220 3470 4264 et
3508 4211 3693 4265 dicat:

2122 4322 2141 4354 ι
2174 4301 2315 4356 Ecce
2343 4302 2477 4357 odor
2504 4301 2595 4357 filii
2626 4303 2754 4369 mei,
2788 4304 2927 4358 sicut
2953 4304 3089 4357 odor
3129 4303 3242 4373 agri
3266 4342 3269 4343 ν
3296 4302 3460 4371 pleni,
3495 4303 3579 4357 cui
3606 4303 3675 4355 bc

2117 4392 2322 4447 uedixit
2352 4393 2493 4448 Deus
2526 4392 2678 4464 (Gen.
2717 4393 3029 4465 XXVII(.DUI.
3064 4395 3317 4463 quoniam
3362 4394 3693 4464 Ariprandus

2118 4482 2233 4552 ipse
2271 4484 2504 4550 vocaris,
2535 4500 2659 4540 ares
2685 4487 2881 4563 (ἀρετή)
2908 4495 3088 4540 autem
3114 4487 3288 4540 virtus
3326 4485 3544 4549 dicitur,
3574 4495 3688 4539 tan-

440 4590 822 4656 ρτωνπίοαιοι-
868 4591 1131 4662 arguitur.
1160 4568 1250 4647 Αέι
1272 4568 1415 4648 en'im
1442 4608 1457 4648 ε
1488 4614 1506 4645 ι
1550 4594 1703 4649 Nunc
1734 4610 1861 4664 ergo
1880 4568 2012 4665 'quid
2041 4568 2092 4627 D
2118 4588 2276 4665 quam
2295 4589 2423 4644 ager
2447 4576 2753 4665 uberrimus
2783 4575 3163 4665 centeniuferas
3191 4575 3397 4665 fructus
3419 4574 3693 4639 acervum,

443 4679 659 4733 tentatis
690 4678 877 4746 Deum,
902 4682 1178 4752 imponere
1194 4682 1382 4754 jugum
1410 4699 1570 4755 super
1589 4684 1827 4739 cervices
1847 4686 2009 4739 disci-

440 4764 709 4834 pulorum,
740 4771 882 4839 quod
913 4786 1085 4840 neque
1110 4781 1291 4842 patres
1321 4775 1511 4840 nostri,
1541 4788 1716 4845 neque
1743 4790 1841 4830 nos
1880 4790 2008 4844 por-

2115 4672 2171 4718 et
2199 4664 2308 4719 Deo
2336 4664 2623 4733 prandium
2664 4663 2921 4718 merearis
2944 4661 3137 4717 oﬂ‘erre
3165 4663 3444 4718 virtutum.

2436 4772 2517 4827 Sil
2543 4790 2727 4829 nomen
2754 4773 2964 4826 Dommi
2992 4773 3331 4824 benedictum.

447 4908 3673 4935 Μ

493 4998 851 5074 "1"“
889 5022 1664 5130 OPUSCULUM
1710 5017 2842 5144 QUADRAGESIMUM
2920 5017 3626 5125 SEPTIMUM.

1227 5205 1334 5265 DE
1376 5203 1826 5265 CASTITATE
1863 5203 1967 5263 ΕΤ
2023 5204 2299 5268 MEDIIS
2339 5208 2511 5270 EAM
2546 5209 2862 5271 TUENDI.

438 5407 1187 5467 Attenuatum—Damiano
1210 5411 1386 5481 nepoti
1415 5410 1556 5466 inter
1577 5419 1799 5466 caeteras
1830 5412 2059 5483 virtutes
2084 5415 2389 5483 castitatem
2419 5415 2686 5483 praecipue
2730 5412 3070 5483 commendat
3099 5428 3112 5465 :
3166 5425 3325 5483 quam
3378 5409 3676 5483 utgfat-ilius

511 5487 743 5551 tueatur,
773 5482 1012 5550 quotidie
1041 5491 1099 5536 ut
1138 5479 1470 5536 Dominicum
1501 5495 1697 5550 corpus
1729 5482 1989 5551 percipiat
2019 5484 2229 5538 suadet.
2272 5479 2472 5538 Deinde
2500 5479 2683 5538 contra
2717 5482 2937 5536 insidias
2970 5479 3228 5535 dasmonis
3259 5479 3407 5534 illum
3451 5481 3689 5535 instruit.

508 5546 812 5614 Postremo,
844 5558 903 5604 ιιι
928 5566 987 5605 se
1015 5552 1182 5618 priori
1207 5551 1572 5617 commendet,
1592 5546 1760 5621 petit:
1792 5546 1952 5620 quem
1983 5552 2050 5608 de
2078 5552 2445 5622 hospitalitate
2477 5552 2741 5607 servanda
2785 5552 3093 5605 admoneat.

512 5678 753 5735 DAIIANO
780 5684 1099 5737 charissimo
1129 5683 1236 5737 ﬁlio
1285 5683 1499 5739 Psraus
1534 5694 1784 5754 peccator
1824 5696 2009 5737 mona-

440 5770 574 5826 chus
599 5783 837 5829 paterna:
860 5775 1161 5830 dilectionis
1185 5775 1452 5831 allectum.

2185 5684 2323 5751 Quia
2354 5683 2654 5738 litterarum
2678 5681 2892 5752 gerulus
2932 5681 3090 5735 anxie
3140 5688 3295 5751 parat
3349 5681 3522 5744 exire,
3583 5696 3685 5733 not

2125 5789 2365 5843 possum,
2389 5789 2509 5842 qua:
2540 5771 2795 5827 mittenda
2826 5778 2969 5837 sunt,
2994 5770 3209 5826 climata
3241 5770 3363 5842 styli
3392 5769 3688 5839 digestione
