4054 6184
404 455 504 508 ⁸711

865 447 920 502 S.
951 445 1148 500 PETRI
1195 441 1468 498 DASIIANI
1506 436 1656 494 OPP.
1701 436 1937 493 TUMUS
1975 430 2101 490 SFU
2140 433 2316 488 PARS
2356 433 2438 486 lll.
2468 462 2534 471 —
2562 429 2918 486 OPUSCULA
2963 427 3186 483 VARIA.
3546 431 3649 484 719.

406 565 780 624 conscribere;
841 571 996 626 teque
1027 563 1145 610 volo
1179 565 1236 608 ιιι
1284 564 1462 624 potius
1511 569 1626 606 ven
1671 552 1980 605 consuderes
2009 557 2054 612 Α
2084 562 2230 617 ports
2284 555 2516 600 scrvavrt
2562 544 2949 612 integritatem.
3005 542 3156 596 Unde
3204 539 3403 594 factum
3454 550 3540 595 est
3590 554 3649 597 ut

407 671 642 716 sensum,
673 665 831 720 quam
854 649 1133 716 aucuperis
1164 646 1426 700 lenocinia
1458 643 1736 712 phalerata
1778 640 1972 694 verbo-

409 752 545 789 rum.
571 733 782 786 Interim
814 732 1013 796 itaque,
1043 735 1168 782 dum
1197 731 1712 798 praestarescribere
1749 741 1973 794 nequeo,

409 827 634 880 sufﬁciat
658 824 758 876 hoc
787 821 880 874 tibi
907 821 1226 890 simpliciter
1270 820 1460 882 scribi,
1507 819 1648 887 quod
1695 816 1977 870 Timotheo

407 915 551 967 velut
602 925 838 980 aquaavo
885 924 982 979 per
1023 909 1304 979 epistolam
1361 907 1648 976 Apostolus
1687 905 1974 975 praecipit:

411 1026 427 1054 ι
463 1007 593 1056 Dum
621 1003 798 1062 venio,
832 999 1025 1068 inquit,
1055 999 1273 1054 attende
1298 996 1538 1059 lectioni,
1587 994 1978 1060 exhortationi,

404 1102 563 1158 atque
598 1089 854 1143 doctrinas
903 1087 953 1158 (1
986 1087 1116 1140 Tim.
1145 1088 1240 1156 tv).
1272 1106 1289 1136 ι
1345 1086 1440 1140 Cui
1471 1085 1724 1140 nimirum
1766 1084 1880 1153 jam
1927 1093 1981 1138 et

404 1183 502 1232 ista
532 1179 895 1248 praemiserat:
929 1195 945 1227 ε
975 1177 1288 1244 Exemplum
1314 1186 1431 1231 esto
1456 1176 1690 1230 ﬁdelium
1713 1175 1766 1228 in
1795 1175 1977 1238 verbo,

407 1273 458 1322 in
490 1270 923 1331 conversatione,
960 1268 1013 1321 in
1040 1269 1328 1332 charitate,
1353 1268 1406 1320 in
1440 1266 1562 1330 fide,
1618 1267 1672 1320 in
1729 1266 1980 1320 castitate

407 1360 617 1430 (lbid.).
651 1379 671 1412 ι

919 1446 1142 1503 CAPUT
1183 1445 1470 1500 PRIMUM.

515 1540 666 1606 Quod
706 1540 957 1594 castitatis
978 1541 1139 1591 virtus
1155 1535 1458 1604 junioribus
1490 1533 1751 1603 di/ﬁcilior
1787 1533 1875 1587 sit.

477 1630 545 1683 Et
568 1639 626 1683 ut
651 1630 716 1683 de
739 1629 949 1683 caeteris
982 1627 1274 1680 virtutibus
1300 1639 1418 1692 qua:
1473 1639 1618 1677 nunc
1663 1639 1758 1691 per
1785 1623 1984 1690 episto-

407 1720 865 1774 lamenumerata:
912 1726 1036 1771 sunt
1082 1716 1298 1768 interim
1358 1723 1600 1778 taceam,
1655 1713 1981 1776 castitatem,

407 1824 569 1876 quam
603 1809 845 1861 ultimam
875 1806 1050 1877 posui,
1079 1819 1184 1858 non
1216 1804 1273 1868 in.
1302 1802 1558 1856 membris
1615 1802 1983 1856 tantummodo

2079 646 2319 704 utrmque
2346 635 2680 702 postmodum
2714 645 2929 686 sorores
2960 630 3218 700 eligerent
3238 629 3652 686 sanctimoniale

2077 725 2434 795 propositum,
2461 733 2516 776 et
2536 737 2706 792 usque
2734 721 2971 776 adﬁnem
2993 722 3118 774 vitae
3141 719 3513 782 monachicum
3539 735 3653 775 ser-

2083 822 2274 868 vareut
2305 811 2849 884 irreprebensibiliter
2877 810 3202 864 institutum.

2612 943 2770 1014 743
2806 942 3030 998 carur
3069 945 3126 997 ιι.

2083 1052 2237 1120 Quod
2287 1053 2524 1124 frequens
2563 1056 2894 1134 eucltaristiie
2942 1056 3194 1134 susceptio
3216 1065 3286 1106 est
3353 1057 3654 1124 praesidium

2727 1133 3000 1177 castitatis.

2153 1260 2511 1326 Quamobrem
2541 1259 2758 1327 pudeat,
2785 1259 2891 1322 vel,
2917 1274 2949 1311 o
2979 1257 3071 1322 ﬁli,
3093 1257 3473 1312 vitiolibidinis
3494 1273 3655 1312 ener-

2083 1352 2244 1410 viter,
2274 1351 2358 1404 vel
2383 1353 2434 1404 in
2459 1351 2786 1418 cogitatione
2811 1350 3183 1412 succumbere,
3216 1349 3282 1402 de
3323 1364 3429 1417 quo
3476 1350 3656 1404 cernis

2084 1442 2437 1496 inﬁrmiorem
2477 1449 2530 1494 et
2583 1439 2826 1509 fragilem
2870 1454 3057 1493 sexum
3115 1455 3237 1492 cum
3284 1448 3428 1501 tanta
3489 1440 3655 1510 gloria

2086 1533 2416 1602 triumphare
2441 1549 2452 1583 :
2481 1540 2556 1596 et,
2586 1542 2642 1585 ut
2675 1532 2992 1585 frementem
3017 1531 3244 1586 bestiam
3273 1533 3469 1594 valeas,
3501 1542 3560 1586 ut
3584 1534 3655 1587 ita

2084 1622 2295 1691 loquar,
2325 1638 2389 1676 ex
2417 1617 2647 1693 agro'tui
2669 1620 2808 1688 juris
2837 1622 3122 1691 expellere,
3154 1632 3339 1694 satage
3373 1633 3444 1688 te,
3470 1623 3655 1689 frater,

2079 1714 2192 1784 jam
2214 1715 2452 1782 quotidie
2476 1712 2740 1767 Deminici
2760 1713 3002 1782 corporis
3049 1722 3103 1766 et
3153 1715 3428 1783 sanguinis
3474 1731 3660 1782 perce-

2085 1805 2267 1872 ptione
2289 1805 2514 1858 munire.
2553 1803 2996 1858 \‘ideatoccultus
3030 1804 3200 1860 hostis
3230 1805 3370 1858 labia
3400 1814 3487 1858 tua
3508 1805 3657 1860 Chri-

409 1900 624 1952 stndeas
646 1914 862 1952 servare
883 1896 1178 1965 corporeis,
1200 1895 1293 1948 sed
1321 1894 1436 1946 hzec
1451 1891 1637 1946 eadem
1656 1892 1986 1960 permaxime
2017 1911 2060 1970 Β
2089 1896 2158 1948 sti
2194 1896 2388 1950 rubore
2419 1895 2684 1958 rubentia,
2716 1908 2836 1962 qua:
2889 1895 3108 1947 territus
3155 1895 3552 1963 perhorrescat,
3604 1907 3658 1950 et

410 1997 595 2058 regnet
623 2003 685 2041 ac
715 1989 891 2057 vigeat
936 1987 987 2039 in
1018 1984 1316 2039 visceribus
1341 1983 1537 2037 cordis.
1595 1981 1750 2034 Nulla
1790 1984 1984 2052 quippe

410 2082 580 2134 virtus
613 2089 694 2134 est
738 2079 948 2147 quiem
978 2074 1354 2130 adolescentia:
1385 2072 1512 2128 ﬂore
1541 2074 1788 2142 graviora
1811 2081 1984 2128 certa-

411 2171 552 2224 mina
577 2169 829 2239 perferat,
868 2183 1026 2236 quam
1051 2165 1300 2218 videlicet
1331 2162 1477 2215 velut
1512 2162 1562 2214 in
1595 2163 1808 2215 camino
1860 2177 1982 2214 sur-

410 2263 584 2330 gentis
618 2258 872 2323 incendii,
934 2255 1206 2309 titillantis
1244 2253 1512 2308 illecebrtn
1538 2252 1802 2320 genuinus
1825 2252 1986 2306 ardor

413 2351 706 2418 impugnat.
739 2346 844 2400 Sed
867 2361 987 2400 cum
1020 2358 1183 2411 super
1206 2345 1308 2396 hoc
1340 2343 1576 2394 themate
1598 2340 1752 2394 nobis
1771 2340 1987 2394 uberius

412 2441 685 2510 disputare
718 2453 823 2494 non
847 2437 1028 2501 liceat,
1059 2434 1188 2504 quia
1231 2447 1347 2504 prae
1377 2431 1542 2484 nimia
1566 2429 1842 2484 celeritate
1880 2445 1988 2485 non

411 2541 585 2595 vacat,
611 2533 736 2600 quid
767 2531 896 2584 mibi
920 2527 1258 2598 imperatrix,
1303 2523 1481 2596 Agues
1506 2521 1633 2574 olim
1663 2521 1870 2575 scilicet
1894 2536 1990 2574 au-

412 2638 503 2675 reo
527 2621 743 2690 quidem
768 2619 1070 2674 diademate
1103 2627 1382 2677 coronata,
1415 2626 1558 2668 nunc
1582 2619 1762 2666 autem
1823 2609 1988 2664 multo

411 2713 620 2765 felicius
657 2721 709 2765 et
724 2710 1219 2778 incomparabiliter
1233 2707 1560 2761 eminentius
1577 2705 1629 2758 in
1649 2703 1790 2774 regis
1801 2692 1986 2758 attenti

413 2801 646 2854 thalamo
673 2800 956 2861 collocata,
984 2799 1236 2851 hesterno
1253 2795 1362 2863 jam
1391 2795 1685 2862 vespertini
1734 2793 1989 2862 temporis

411 2889 660 2943 elabente
689 2887 1030 2954 crepusculo,
1077 2883 1282 2946 retulit,
1331 2881 1418 2935 hic
1465 2889 1728 2936 aunotare
1780 2881 1989 2936 succin-

413 2988 498 3031 cte
539 2977 841 3045 raptimque
867 2988 971 3028 n0n
1006 2975 1220 3044 pigeat;
1248 2982 1306 3026 ut
1347 2971 1490 3041 apud
1529 2971 1766 3025 animum
1818 2979 1986 3037 tuum,

414 3085 518 3121 non
545 3076 650 3121 tam
683 3066 939 3119 laciniosa
964 3065 1214 3134 loquendi
1243 3063 1522 3132 prolixitas
1575 3077 1734 3130 quam
1768 3062 1991 3132 insignis

413 3158 643 3227 exempli
686 3157 920 3226 dignitas
965 3156 1329 3208 convalescat.
1380 3152 1548 3206 Porro
1593 3153 1717 3205 dum
1772 3154 1990 3222 praefata

2088 1999 2212 2038 mox
2270 1985 2322 2038 in
2377 1986 2722 2038 tenebrarum
2782 1996 3002 2038 suarum
3035 1983 3280 2037 latibula
3326 1985 3658 2052 pavescendo

2087 2074 2349 2145 ditl‘ngiat.
2378 2074 2528 2140 Quod
2559 2075 2701 2128 enim
2734 2083 2787 2127 tu
2815 2089 2909 2142 per
2939 2073 3197 2128 visibilem
3225 2075 3378 2142 panis
3426 2090 3490 2129 ac
3549 2075 3653 2128 vini

2087 2168 2316 2236 speciem
2339 2166 2588 2234 suscipis,
2623 2165 2729 2229 ille,
2756 2165 2904 2228 velit,
2934 2165 3089 2230 nolit,
3131 2165 3388 2219 Dominici
3420 2167 3658 2234 corporis

2088 2273 2151 2312 ac
2172 2257 2447 2326 sanguinis
2473 2257 2717 2326 intelligit
2739 2257 3043 2311 veritatem.

2159 2346 2327 2400 Porro
2354 2355 2530 2400 autem
2561 2349 2748 2400 eadem
2777 2347 2907 2400 mihi
2933 2356 3058 2400 tunc
3101 2346 3420 2400 venerabilis
3471 2347 3654 2416 regina

2089 2438 2330 2490 narravit
2370 2437 2509 2506 quod
2569 2451 2737 2504 nuper
2764 2437 2816 2489 in
2849 2436 3211 2491 Vormaciensi
3239 2437 3488 2500 ecclesia,
3533 2438 3658 2491 dum

2089 2526 2312 2598 longiori
2345 2541 2438 2596 per
2461 2528 2836 2596 negligentiam
2862 2535 2910 2580 te
2937 2548 2945 2578 ι
2970 2543 3098 2594 pore
3124 2528 3449 2581 eucharistia
3484 2543 3658 2582 reser-

2090 2627 2212 2670 vata
2244 2616 2428 2670 fuisset
2451 2615 2505 2668 in
2537 2615 2754 2679 buxide,
2774 2615 2883 2670 sola
2904 2617 3241 2684 postmodum
3271 2617 3376 2668 illic
3391 2631 3516 2669 caro
3541 2617 3656 2671 fue-

2092 2706 2161 2763 rit
2187 2715 2421 2777 rcperta.
2451 2705 2527 2762 ita
2555 2704 2680 2762 dum
2708 2705 2975 2763 curiosius
3000 2705 3051 2762 in
3077 2720 3196 2763 eam
3236 2705 3544 2763 multorum
3579 2708 3655 2763 vi-

2091 2812 2183 2851 sus
2209 2797 2529 2862 intemlcret,
2577 2796 2649 2850 nil
2679 2796 2824 2850 aliud
2868 2811 3028 2866 quam
3084 2813 3266 2852 veram
3310 2813 3372 2853 ac
3432 2800 3654 2854 Solidum

2090 2902 2308 2942 carnem
2338 2888 2522 2956 procul
2548 2889 2710 2942 dubio
2733 2888 3021 2956 judicaret.

2162 2976 2453 3036 Rainaldus
2475 2981 2637 3034 etiam
2653 2982 2973 3035 venerabilis
2995 2981 3245 3036 Cumanae
3267 2983 3515 3038 Eeclesim
3537 3001 3661 3053 pou-

2093 3068 2224 3124 tifex
2253 3071 2376 3123 dum
2399 3071 2631 3135 adesset,
2654 3074 2795 3141 quod
2830 3073 2929 3128 sibi
2978 3074 3136 3143 paulo
3173 3085 3296 3130 ante
3340 3078 3660 3146 contigerat,

2095 3161 2363 3216 veridicus
2387 3174 2672 3217 enarrator
2721 3163 2969 3232 exposuit
2997 3179 3010 3217 :
3039 3163 3341 3236 Presbyter,
3375 3167 3565 3235 inquit,
3609 3169 3659 3222 in

413 3247 612 3301 Christi
644 3261 862 3316 sponsa,
897 3245 1031 3298 etB.
1057 3244 1201 3298 Petri
1239 3242 1366 3309 ﬁlia,
1396 3243 1456 3296 in.
1491 3242 1730 3296 omnium
1765 3243 1987 3311 disposi-

2096 3255 2320 3310 eeclesia
2353 3255 2458 3320 cui,
2513 3256 2622 3310 Deo
2653 3266 2893 3320 auctore,
2943 3258 3207 3319 deservio,
3266 3259 3528 3328 hodieque
3557 3260 3658 3313 nisi

421 3339 563 3392 tione
601 3339 854 3390 virtutum
893 3335 1282 3390 delectabiliter
1310 3335 1572 3403 pascitur,
1607 3335 1659 3388 in
1709 3336 1989 3388 tractanda

419 3442 597 3483 tamen
640 3425 908 3481 castitatis
937 3423 1314 3494 pudicitiatque
1368 3423 1629 3476 munditia
1671 3426 1992 3492 prepensius

416 3517 756 3570 immoratur.
794 3513 946 3569 Unde
967 3513 1165 3568 factum
1190 3521 1374 3577 estut,
1432 3515 1557 3566 dum
1614 3514 1867 3567 nonnulla
1927 3516 1992 3566 de

417 3605 590 3658 salute
641 3605 942 3656 animarum
983 3603 1182 3656 mutuis
1224 3602 1690 3655 confabularemur
1742 3603 1989 3670 eloquiis,

415 3704 468 3748 et
495 3695 760 3762 praecipue
783 3693 937 3761 quasi
967 3693 1226 3760 quosdam
1254 3706 1601 3746 versaremus
1645 3693 1697 3745 in
1739 3695 1991 3748 manibus

419 3784 693 3836 vernantis
735 3781 986 3836 ﬂosculos
1027 3780 1308 3843 castitatis,
1354 3781 1442 3834 illa
1497 3783 1597 3836 hoc
1648 3782 1700 3835 in
1759 3785 1990 3839 medium

420 3875 644 3944 protulit
677 3893 688 3927 :
719 3873 1007 3942 Postquam
1035 3873 1347 3941 imperator,
1394 3873 1587 3940 inquit,
1621 3871 1744 3927 Otto
1769 3889 1993 3944 regnum

417 3967 582 4020 Italiae
613 3963 936 4034 Berengario
970 3963 1143 4017 victor
1173 3964 1371 4032 eripuit
1419 3964 1532 4035 (25)
1563 4003 1579 4030 ,
1625 3974 1808 4034 captas
1849 3965 1992 4019 illico

417 4059 552 4111 duas
573 4056 688 4125 ejus
717 4056 852 4108 ﬁlias
877 4055 928 4107 in
955 4054 1280 4109 Teutonicas
1302 4063 1486 4124 partes
1516 4055 1706 4110 exsilio
1736 4058 1990 4110 transmi-

419 4149 613 4217 gravit.
664 4149 792 4213 Quae
823 4144 1100 4208 nimirum,
1152 4145 1276 4198 dum
1330 4145 1538 4199 venusti
1587 4146 1764 4199 vultus
1817 4147 1993 4214 specie

418 4253 471 4291 et
503 4238 694 4306 insigni
721 4252 1007 4306 corporum
1039 4235 1442 4304 pulchritudine
1499 4251 1683 4305 regum
1728 4236 1994 4291 referrent

419 4328 632 4396 generis
659 4327 1000 4395 dignitatem,
1025 4332 1304 4392 cmpcrunt
1349 4324 1501 4376 multi
1538 4325 1686 4393 regni
1742 4338 1993 4392 proceres

419 4415 659 4468 Adelaidi
687 4415 940 4485 Augustze
967 4414 1314 4467 vehementer
1354 4412 1623 4476 insistere,
1664 4424 1723 4466 ut
1755 4423 1859 4467 tam
1886 4415 1994 4467 ele-

423 4505 596 4574 gantis
634 4503 820 4558 formae
847 4503 1013 4558 decus
1044 4500 1212 4555 dotali
1256 4500 1358 4554 sibi
1411 4511 1751 4556 mererentur
1802 4502 1993 4569 copula

2095 3345 2250 3400 fallor
2274 3346 2492 3412 advivit,
2525 3348 2624 3415 qui.
2640 3355 2748 3401 tam
2777 3363 2995 3416 parvam
3041 3363 3104 3402 ac
3137 3363 3348 3403 tenuem
3377 3350 3428 3402 in
3453 3350 3664 3404 littera-

2095 3453 2214 3490 rum
2241 3436 2401 3492 habet
2419 3438 2659 3492 doctrina
2686 3439 2952 3503 notitiam,
2985 3448 3045 3491 ut
3072 3448 3256 3508 aperte
3283 3454 3500 3508 quoque
3523 3441 3660 3494 scri-

2093 3528 2289 3595 ptionis
2311 3527 2595 3580 articulum
2619 3527 2920 3597 syllabatim
2950 3529 3036 3581 vix
3061 3528 3232 3582 valeat
3261 3527 3464 3597 legere;
3495 3528 3660 3580 nimia

2095 3627 2271 3670 tamen
2294 3627 2611 3687 paupertate
2663 3621 3000 3681 coristrictus,
3057 3630 3330 3687 utcunque
3375 3621 3660 3673 missarum

2093 3708 2302 3776 cogitur
2327 3708 2585 3762 solemnia
2609 3709 2899 3762 celebrare.
2931 3709 3030 3762 llic
3058 3710 3346 3777 aliquando
3395 3711 3522 3763 dum
3570 3726 3659 3770 sa-

2091 3799 2168 3850 cri
2196 3799 2433 3854 numeris
2461 3798 2840 3853 eucharistiam
2867 3799 3142 3854 detulisset
3161 3811 3387 3867 aegroto,
3431 3809 3492 3852 ut
3542 3809 3662 3854 erat

2093 3887 2278 3956 utique
2306 3890 2459 3942 deses
2501 3903 2565 3940 ac
2615 3887 2909 3958 negligens,
2963 3889 3351 3957 aliquantulum
3401 3889 3664 3942 Dominiti

2092 3978 2368 4048 sanguinis
2398 3979 2654 4033 remansit
2682 3981 2736 4032 in
2764 3979 2949 4033 calice.
2981 3979 3131 4045 Quod
3151 3994 3274 4033 cum
3297 3980 3383 4034 ille
3409 3982 3461 4034 in
3490 3981 3665 4034 eccle-

2091 4070 2225 4122 siam
2258 4068 2470 4124 rcdicns
2525 4069 2893 4138 comperisset,
2942 4070 3032 4124 sed
3074 4067 3287 4122 fastidio
3337 4070 3664 4138 prmpeditus

2092 4159 2353 4213 noluisset
2380 4159 2656 4228 accipere,
2687 4174 2811 4223 mox
2831 4160 3050 4214 calicem
3077 4160 3226 4224 lavit,
3280 4169 3333 4213 et
3372 4161 3422 4212 in
3451 4161 3664 4214 labrum

2093 4262 2452 4300 marmoreum
2506 4249 2556 4300 in
2588 4262 2695 4316 quo
2720 4259 2836 4302 erat
2865 4264 2999 4316 aqua
3033 4249 3391 4310 sanctiﬁcata,
3417 4248 3661 4317 projecit.

2093 4335 2180 4402 Et,
2213 4351 2246 4390 ο
2276 4352 2523 4406 magnum
2552 4337 2748 4392 divinae
2768 4338 2982 4390 virtutis
3030 4339 3317 4392 indicium!
3352 4338 3494 4390 illam
3527 4338 3662 4392 labri

2092 4436 2298 4496 partem
2327 4443 2485 4496 quam
2513 4427 2564 4480 id
2595 4429 2734 4496 quod
2762 4427 2984 4482 effusum
3007 4439 3089 4482 est
3111 4428 3177 4482 de
3201 4427 3383 4491 calice,
3415 4429 3661 4498 contigit,

2095 4517 2146 4568 in
2183 4520 2532 4585 sanguineum
2552 4519 2802 4574 ruborem
2833 4527 3050 4587 repente
3092 4518 3376 4581 convertit,
3406 4517 3490 4570 ubi
3521 4517 3661 4572 sciti.

420 4595 645 4648 sociare.
700 4594 829 4660 Qua:
861 4592 1113 4647 nimirum
1167 4589 1356 4660 puellae
1415 4591 1540 4644 dmn
1577 4607 1765 4645 oumes
1799 4607 1987 4660 procos

2097 4615 2181 4662 cet
2203 4606 2319 4660 dua:
2343 4605 2573 4675 majores
2605 4617 2766 4678 gutta:
2801 4607 3076 4676 sanguinis
3097 4608 3506 4677 exprimuntur;
3566 4608 3660 4660 sed

420 4699 571 4752 aequa
601 4699 817 4753 prorsus
839 4681 1215 4752 dedignatione
1239 4688 1663 4743 contemnerent,
1694 4689 1748 4734 et
1771 4682 1993 4735 mortale

423 4771 727 4842 conjugium
779 4780 981 4827 sancta:
1023 4770 1286 4840 superbia:
1330 4768 1619 4839 supercilio
1666 4769 1990 4836 fastidirent,

420 4883 523 4920 una
549 4866 757 4919 illarum
783 4866 915 4919 duos
960 4864 1201 4932 pulcinos
1230 4863 1341 4917 suis
1390 4862 1644 4916 uberibus
1689 4865 1989 4933 supposuit,

419 4967 475 5010 et
515 4957 696 5009 tandiu
755 4956 896 5009 inter
950 4964 1154 5008 vestem
1183 4965 1236 5007 et
1274 4969 1514 5018 carnem,
1557 4953 1727 5006 donec
1773 4953 1990 5024 omnipo

421 5054 811 5117 putrescerent,
843 5045 1154 5099 occultavit.
1183 5043 1422 5111 Cumque
1448 5043 1786 5112 cunspiceret
1811 5043 1986 5096 homi-

421 5152 518 5190 nes
547 5135 611 5188 ad
636 5148 790 5187 suum
813 5133 996 5187 venire
1022 5131 1367 5198 colloquium,
1401 5130 1615 5183 laxabat
1652 5131 1863 5183 occolte
1899 5143 1988 5182 ve-

362 5227 364 5242 ⁵
423 5235 580 5289 stem,
618 5233 671 5278 et
698 5223 916 5276 naribus
947 5220 1365 5287 colloquentium
1415 5219 1686 5287 gaudebat
1734 5217 1990 5270 exhalare

425 5319 668 5370 fetorem.
692 5315 934 5383 Cumque
966 5313 1326 5381 colloquentes
1356 5311 1402 5364 ci
1435 5313 1572 5363 hanc
1617 5311 1855 5377 quotidie
1896 5326 1990 5362 na-

424 5410 561 5460 rium
597 5415 905 5475 paterentur
955 5403 1225 5470 iniuriam,
1272 5402 1483 5456 tandem
1537 5401 1766 5456 cessavit
1807 5399 1989 5454 delusa

425 5498 721 5550 sollicitudo
743 5497 1114 5565 qmerentium,
1146 5503 1200 5550 et
1233 5495 1382 5563 virgo
1403 5492 1623 5556 Christi,
1654 5507 1746 5560 per
1774 5491 1992 5546 simula-

428 5598 529 5640 tam
563 5589 743 5641 carnis
775 5588 1358 5656 alienze-lmirediucm,
1391 5584 1753 5639 inviolabilem
1775 5585 1855 5636 sui
1881 5599 1995 5638 cor—

495 5762 605 5830 (‘25)
645 5762 798 5814 Anno
823 5760 1020 5814 Christi
1050 5760 1134 5814 $5.

2095 4712 2269 4766 neque
2301 4697 2420 4762 illae,
2448 4713 2620 4767 neque
2645 4699 2768 4751 aliae
2790 4714 2910 4767 qua:
2949 4698 3102 4768 juxta
3127 4699 3376 4751 videntur
3423 4711 3542 4752 esse
3563 4697 3665 4749 mi-

2094 4787 2350 4853 nuscula},
2391 4789 2534 4842 nullo
2561 4798 2783 4858 possunt
2801 4789 2976 4842 studio
3000 4789 3081 4842 vel
3109 4789 3248 4842 ablui
3295 4788 3378 4842 vel
3401 4787 3657 4856 absmrgi,

2091 4895 2197 4948 quo
2225 4880 2386 4932 rubor
2415 4879 2660 4947 impressi
2683 4880 2958 4948 sanguinis
2979 4879 3312 4947 aliquatenus
3331 4877 3505 4930 valeat
3533 4879 3663 4930 abo-

2091 4971 2208 5024 leri.
2241 4970 2374 5024 Cum
2406 4986 2534 5039 ergo
2587 4985 2884 5038 purpureus
2914 4971 3002 5034 ille
3055 4985 3217 5024 cruor
3256 4979 3360 5022 tam
3403 4969 3665 5021 tenaciter

2092 5061 2306 5116 haeserit
2339 5061 2387 5114 in
2420 5075 2544 5113 vase
2577 5060 2804 5128 lapideo,
2843 5065 3102 5128 quantum
3148 5065 3396 5128 putamus
3419 5056 3661 5123 .jussibi

2093 5152 2372 5220 potestatis
2427 5148 2661 5204 vindicat
2697 5151 2868 5203 virtus
2919 5150 3008 5203 illa
3067 5139 3301 5204 caelestis
3343 5149 3394 5202 in
3450 5155 3665 5215 pectore

2091 5244 2433 5299 Christiano?
2455 5242 2550 5296 His
2593 5243 2770 5311 itaque
2815 5241 3122 5298 cmlestihus
3168 5240 3540 5303 sacramentis,
3591 5237 3663 5290 liii

2091 5334 2432 5399 charissime,
2461 5344 2510 5386 te
2541 5333 2872 5402 frequentius
2900 5333 3108 5386 munire
3138 5345 3241 5384 non
3273 5327 3509 5388 dill’eras.
3540 5326 3664 5394 qni-

2097 5429 2196 5482 bus
2216 5425 2463 5480 videlicet
2487 5425 2763 5479 diabolica:
2784 5424 3032 5478 versutia:
3058 5431 3110 5475 et
3156 5418 3391 5474 subdola:
3455 5417 3664 5470 machi-

2101 5518 2332 5571 nationis
2390 5526 2707 5582 argumenta
2755 5514 3001 5583 repellas.
3064 5513 3392 5572 Prmcinctus
3435 5511 3664 5572 erigere,

2103 5618 2412 5663 constanter
2439 5615 2600 5675 atque
2628 5607 2879 5658 robustus
2904 5613 2983 5658 sta
3025 5603 3321 5670 setnper'in
3372 5600 3510 5661 acie,
3567 5609 3668 5648 nec.
