2027 3092
221 181 275 211 ⁸113

454 180 483 208 S.
506 179 608 207 PETRI
623 177 765 206 DAMIANI
783 174 858 204 OPP.
878 173 995 204 TOMUS
1015 175 1080 204 SEU
1100 173 1190 203 PARS
1208 168 1296 202 lll.r-——
1307 173 1488 202 OPUSCULA
1505 151 1619 202 VAfilA.

1797 174 1848 202 7i6

219 237 347 266 alacriter
360 235 508 263 sustinebo.
529 234 648 267 Cumque
661 240 741 258 unum
762 231 844 266 746
858 235 918 265 post
932 238 971 261 se,
984 235 1012 257 et
1026 233 1051 261 Α
1065 229 1218 256 transeunti
1235 228 1304 262 turpi
1317 228 1451 255 lenocinio
1465 229 1626 262 prostitutae,
1637 227 1684 255 sed
1700 235 1760 254 cum
1776 228 1850 263 regio

218 283 342 312 alteram.
361 282 387 307 in
413 280 502 307 medio
527 278 660 309 residens,
676 281 790 311 poneret
801 281 865 302 ante
882 283 911 302 se
928 284 934 301 :
951 279 1010 301 tati—

219 328 280 352 item
295 326 385 353 socius
402 328 491 351 incute
513 327 691 357 compunctus
706 325 787 355 atque
812 319 950 357 confusus,
963 319 1011 346 do-

219 368 293 394 mino
308 375 357 394 suo
372 367 453 394 Cessit
467 375 559 398 unam,
569 372 598 393 et
620 366 678 400 ipse
694 368 727 392 ad
741 366 941 392 subvehendum
955 372 1012 391 cor-

220 413 301 447 ripuit
314 412 437 439 alteram.
452 412 497 438 Sic
512 412 593 447 igitur
606 418 654 438 eas
669 418 715 445 per
731 410 885 436 difﬁcillima
902 410 960 436 loca
984 414 1010 435 et

219 457 312 492 longos
323 456 462 484 anfractus
478 465 531 484 non
546 457 605 483 sine
619 456 694 490 gravi
711 455 1010 490 periculodetulcrunt,

218 503 304 529 donec
318 502 422 529 scilicet
438 502 620 529 molendinnm
639 508 704 527 casu
723 500 831 527 obvium
847 500 1008 533 reperirent,

218 546 308 581 ibique
320 554 367 574 eas
377 547 553 582 deponerent.
567 545 670 580 Adjecit
682 546 764 573 etiam
777 545 901 571 dominus
918 549 945 570 ut
964 544 1009 570 uni

218 599 313 619 earum
327 597 429 619 vestem
442 592 571 623 traderet,
585 599 637 625 qna
651 590 705 617 vim
719 590 827 624 frigoris
841 589 1010 623 aliquatenus

218 640 393 671 temperaret.
413 636 461 663 llic
482 636 620 671 aliquanto
642 639 701 670 post
726 639 845 668 tempore
864 633 949 659 factus
970 637 1011 658 est

219 682 377 714 monachus,
398 686 427 708 et
448 681 585 716 deinceps,
605 681 806 714 ingravescente
823 679 960 709 molestia,
977 678 1009 704 ad

218 730 340 752 extrema
355 726 500 761 perductus
512 731 563 753 est.
574 725 649 752 Tunc
663 724 804 755 fratribus,
817 724 861 757 qui
874 724 1008 754 astabant,

218 777 279 797 cum
299 778 396 805 magna
408 771 490 805 capit
504 769 738 797 animadversione
752 769 879 801 clamare,
895 769 986 795 dicens
1001 776 1007 794 :

220 814 324 841 Videtis
337 814 575 841 innumerabilium
591 814 742 841 daamonum
760 813 876 844 turbam,
894 820 952 846 qua:
966 819 1009 838 me

218 859 337 893 undique
355 859 553 891 circumvallat,
570 865 667 893 meque
682 859 850 885 terribilibus
865 858 950 885 oculis
966 858 1007 884 in-

1061 273 1105 300 illa
1120 272 1257 301 communi
1274 272 1473 299 Saracenorum
1496 276 1524 299 et
1546 272 1762 299 Christianorum
1776 276 1849 300 esset

1059 318 1225 346 habitatione
1237 317 1382 353 permixta,
1397 317 1448 344 illm
1459 324 1490 344 se
1500 317 1663 344 Christianis
1675 317 1781 351 quidem
1794 322 1848 345 tur-

1059 364 1130 399 piter
1144 364 1315 399 exponebant
1328 371 1335 396 ;
1348 364 1545 391 Saracenorum
1560 370 1624 390 vero
1639 364 1779 391 consortia
1787 360 1848 391 “iun-

1060 412 1130 437 ditus
1157 410 1327 437 abdicabant.
1354 410 1475 443 Cumque
1497 417 1526 436 se
1548 409 1671 435 dolerent
1700 410 1737 436 illi
1751 410 1777 436 in
1798 410 1847 437 hoc

1060 456 1130 483 tardo
1147 456 1255 490 negotio
1276 456 1386 489 despici,
1401 463 1507 490 sumque
1525 456 1595 490 genti
1619 461 1847 490 conquererentur

1061 502 1185 535 lnjuriam
1210 503 1335 536 irrogari,
1354 502 1462 529 tandem
1479 509 1524 528 eas
1537 504 1570 528 ad
1595 502 1710 528 tribunal
1726 503 1847 537 prtesidis

1060 549 1230 581 pertrahunt,
1244 552 1307 573 etut
1316 547 1371 573 suis
1383 554 1499 581 quoque,
1511 546 1580 573 sicut
1590 547 1759 579 Christianis,
1770 547 1796 573 in
1808 547 1847 573 Iu-

1060 593 1143 619 xuria:
1153 593 1331 626 permixtione
1339 592 1698 624 consentiant,vehementer
1710 593 1844 619 insistunt.

1061 636 1113 663 Sed
1127 638 1189 664 dum
1201 638 1289 664 scelus
1308 637 1358 664 hoc
1375 637 1445 672 apud
1458 644 1515 669 eas,
1529 636 1608 668 modo
1624 641 1751 669 terrores,
1767 638 1845 664 modo

1060 681 1204 709 blanditias
1242 680 1613 716 intentantes;aliquatenus
1643 682 1766 710 obtinere
1792 691 1844 709 non

1060 732 1182 762 possent,
1200 727 1303 762 prolata
1321 727 1455 754 sententia
1468 726 1603 761 prazsidis,
1619 726 1774 761 adjudicata:
1785 732 1846 756 -unt

1060 772 1152 798 morti.
1166 771 1234 804 Quid
1249 771 1343 805 plura?
1363 771 1488 798 Protinus
1508 770 1685 805 spiculatores
1705 772 1844 804 accedunt,

1061 817 1140 844 nudis
1165 817 1315 844 cervicibus
1338 816 1457 844 vibratos
1484 816 1614 851 pugiones
1632 815 1782 849 incutiunt;
1798 816 1845 844 sed

1060 869 1095 888 nc
1118 868 1271 896 supremam
1286 861 1393 894 quidem
1416 865 1503 888 cutem
1517 860 1646 893 incidere,
1662 860 1775 888 cassatis
1788 861 1846 888 icti-

219 904 286 930 tueri
309 908 344 930 et-
355 904 513 939 impugnare
533 911 585 930 non
608 904 714 931 cessat?
734 903 854 937 Cumque
876 902 1012 930 continuis
1027 900 1048 929 B
1063 907 1126 938 bus.
1151 909 1272 940 possunt.
1291 905 1395 932 Interea
1418 906 1481 933 dum
1500 909 1527 932 et
1549 905 1608 932 ista:
1628 904 1697 932 mori
1723 904 1846 932 alacriter

216 948 385 975 orationibus
407 953 435 975 et
461 948 616 982 psalmodia:
641 948 740 975 fratres
768 948 937 979 insisterent,
966 947 1009 973 ille

218 998 307 1020 tamen
335 993 510 1021 nihilominus
524 994 696 1021 tremefactus
711 993 858 1020 visceribus
883 993 1009 1019 formida-

217 1042 270 1069 ret,
298 1039 405 1065 tandem
428 1038 472 1064 ille
486 1038 532 1072 qui
558 1038 620 1070 sibi,
635 1038 704 1065 sicut
728 1038 827 1064 dictum
847 1042 896 1068 est,
920 1037 946 1063 in
965 1044 1009 1063 vc-

216 1083 325 1109 nalione
345 1090 436 1109 cernes
449 1083 601 1114 exstiterat,
624 1083 753 1109 assistens
780 1082 890 1116 propius
921 1081 1010 1108 excla-

218 1127 302 1154 mavit
317 1135 324 1154 :
340 1127 434 1154 Nonne
458 1128 532 1155 vides
545 1127 617 1162 quod
638 1128 736 1154 mulier
756 1127 798 1153 illa
823 1134 901 1160 quam
922 1130 1008 1152 tecum

216 1171 297 1199 simul
326 1172 360 1199 ad
384 1172 547 1206 aquimolum
568 1172 724 1202 devectavi,
741 1171 929 1198 vestimentum
947 1170 1009 1196 illud

216 1217 288 1251 quod
302 1217 353 1244 sibi
370 1221 434 1244 tunc
460 1217 521 1244 dedi
538 1221 633 1244 tenens
654 1216 680 1243 in
696 1216 829 1247 manibus,
847 1215 968 1247 ventilat,
982 1218 1009 1240 et

217 1270 313 1290 omnes
340 1262 366 1289 in
383 1263 433 1290 hac
448 1263 528 1290 domo
550 1263 687 1290 dazmones
706 1262 839 1288 violenter
866 1260 1009 1287 exturbat?

221 1307 304 1334 Paulo
317 1312 388 1341 post,
399 1314 473 1340 ecce,
486 1307 539 1334 Deo
553 1307 665 1342 gratias,
681 1307 758 1341 cjecti
771 1310 842 1337 sunt,
858 1310 882 1331 et
902 1313 916 1330 a
942 1305 1009 1331 meis

220 1352 370 1384 obtutibus,
386 1352 507 1378 mulieris
520 1352 600 1386 hujus
615 1352 742 1386 impulsu,
761 1358 871 1385 prorsus
894 1358 1010 1377 evanue-

221 1402 295 1424 runt.
311 1397 357 1425 Sic
372 1398 455 1432 igitur
479 1397 523 1424 ille
544 1397 594 1425 sub
618 1397 694 1424 bona:
718 1398 775 1431 spei
801 1396 947 1423 securitate
964 1396 1009 1422 de—

220 1443 329 1470 functus
338 1447 424 1475 est,et
436 1443 627 1470 misericordia:
636 1442 749 1474 fructus,
762 1450 828 1476 quos
841 1442 917 1467 vivus
933 1442 1008 1468 exhi-

220 1488 288 1520 buit,
304 1488 408 1515 oblatos
423 1488 555 1521 sibi,dum
567 1492 726 1521 moreretur,
739 1487 849 1513 invenit.
861 1486 928 1513 Nam
939 1494 1009 1520 swpe

217 1531 351 1568 contingit
363 1537 393 1560 ut
416 1533 486 1560 inter
498 1532 596 1560 inultas
613 1533 762 1560 carnalium
787 1532 923 1559 actionum
938 1536 1009 1558 tene-

1063 951 1142 987 747
1156 951 1257 982 volunt,
1272 955 1298 977 et
1312 950 1349 977 illi
1363 950 1486 977 occidere
1499 955 1645 984 nequeunt,
1656 949 1785 976 carcerali
1799 956 1845 975 cu-

1062 998 1156 1024 stodia":
1182 997 1379 1030 mancipantur.
1405 994 1488 1023 Nocte
1512 1002 1576 1021 vero
1603 993 1650 1020 uni
1668 1000 1772 1025 earum,
1787 999 1846 1027 qum

1062 1041 1139 1075 quasi
1151 1041 1275 1074 superior
1286 1044 1342 1066 erat
1360 1040 1474 1070 caeteris,
1488 1038 1611 1065 Salvator
1625 1036 1758 1072 apparuit,
1768 1037 1845 1070 eique

1063 1087 1130 1113 dixit
1144 1095 1150 1112 :
1164 1086 1220 1112 Noli
1236 1086 1340 1117 timere,
1354 1084 1432 1111 hodie
1445 1083 1585 1111 certamini
1600 1087 1690 1109 vestro
1704 1082 1844 1113 linemiut-

1063 1140 1170 1167 ponam,
1183 1139 1284 1165 vosque
1300 1139 1359 1157 cum
1379 1136 1478 1157 corona
1501 1128 1620 1162 martyrii
1636 1128 1661 1153 in
1676 1127 1766 1161 gloriae
1781 1133 1845 1153 mea:

1063 1179 1220 1205 amoenitate
1239 1177 1393 1211 suscipiam.
1410 1174 1537 1209 Sequenti
1550 1180 1613 1200 vero
1623 1173 1666 1200 die
1679 1172 1712 1199 ad
1727 1171 1845 1199 tribuna-

1062 1224 1097 1250 lia
1118 1223 1216 1256 judicis
1241 1222 1421 1252 deducuntur,
1443 1219 1615 1254 inquisitione
1639 1217 1728 1249 facta,
1748 1217 1843 1243 eadem

1062 1269 1237 1297 nihilominus
1249 1267 1380 1295 sententia
1404 1269 1572 1301 perseverat;
1588 1264 1658 1290 idem
1672 1266 1713 1290 est
1729 1262 1774 1297 qui
1790 1261 1844 1288 fue<

1064 1320 1104 1341 rat
1117 1316 1236 1346 animus;
1257 1319 1283 1340 et
1297 1313 1492 1347 Agareuorum,
1507 1311 1575 1337 sicut
1588 1310 1674 1344 prius,
1693 1316 1740 1343 per
1756 1309 1843 1335 omnia

1062 1361 1230 1387 detestantur
1241 1358 1387 1392 amplexus.
1403 1357 1528 1383 Protinus
1542 1362 1607 1389 ergo
1617 1353 1767 1383 carniﬁces,
1780 1360 1844 1386 quo-

1063 1406 1135 1432 niam
1150 1405 1177 1431 ill
1191 1404 1342 1431 cervicibus
1354 1410 1446 1429 earum
1463 1401 1499 1428 nil
1517 1407 1545 1428 se
1562 1407 1639 1434 posse
1657 1398 1842 1433 probaverant.

1062 1458 1154 1477 earum
1173 1454 1265 1484 guttur
1284 1449 1371 1483 gladio
1389 1447 1520 1474 detineant
1540 1443 1704 1481 [desecant],
1722 1442 1803 1479 748
1819 1447 1844 1468 et

1062 1497 1100 1523 sic
1117 1497 1149 1523 de
1165 1495 1352 1522 meretricibus
1363 1498 1494 1528 martyres
1505 1492 1633 1520 efficiunt.
1651 1491 1703 1518 Sed
1718 1490 1843 1525 quoniam

1063 1542 1167 1576 longius
1187 1548 1267 1574 quam
1283 1537 1433 1573 incipiendo
1448 1538 1612 1568 decreverat,
1625 1535 1679 1569 jam
1694 1534 1778 1569 stylus
1797 1534 1844 1560 ista

218 1578 281 1605 bras
296 1585 378 1605 tmutn
392 1578 456 1605 boni
466 1578 556 1613 operis
573 1577 663 1605 lumen
678 1582 815 1611 erumpat,
842 1577 912 1611 quod
925 1577 1009 1605 homi-

1063 1586 1228 1620 pcrducitnr,
1245 1584 1409 1612 cohibendus
1429 1587 1471 1610 est
1497 1582 1627 1613 calamus,
1643 1585 1669 1607 et
1694 1579 1844 1614 epistolaris

199 1632 202 1635 ί
216 1629 279 1649 nem
295 1622 329 1649 ad
347 1622 447 1650 bonum
461 1622 541 1649 liuent
557 1626 718 1657 portumque
737 1623 877 1656 perducat.

525 1678 639 1706 CAPUT
658 1678 700 1706 Vl.

221 1734 272 1761 Per
289 1743 370 1762 unum
384 1743 449 1770 opus
467 1735 561 1762 bonum
583 1735 629 1762 Dei
651 1736 732 1770 pietas
751 1741 897 1770 peccatores
913 1736 1006 1762 salvat.

253 1781 329 1809 Unde
343 1789 396 1809 non
410 1781 526 1809 otiosum
540 1780 658 1809 arbitror
670 1782 691 1808 si
708 1786 734 1809 et
754 1782 780 1809 id
805 1782 875 1816 quod
894 1781 1009 1816 Stepha-

219 1833 270 1853 nus
287 1825 407 1860 ejusdem
435 1826 535 1860 regina:
552 1825 718 1860 capellanns,
731 1826 772 1853 vir
788 1826 911 1853 videlicet
925 1827 1009 1853 hone-

218 1876 276 1899 stus
296 1876 324 1898 et.
344 1872 478 1906 prudens,
499 1872 647 1904 enarravit,
662 1876 762 1899 attexo.
787 1872 830 1899 Ait
850 1873 921 1899 enim
938 1872 1009 1906 quod

219 1917 398 1945 Stedelandus
419 1917 565 1952 imperator
587 1916 706 1945 Gailicia:
730 1916 832 1948 retulit,
848 1917 919 1951 quod
945 1922 1007 1944 tunc

219 1962 254 1990 ad
269 1962 348 1989 unius
361 1962 495 1995 notitiam,
511 1961 564 1989 alio
573 1962 742 1997 postmodum
756 1961 900 1993 referente,
916 1968 1011 1996 perve-

219 2007 259 2035 nit
273 2016 279 2035 :
293 2008 372 2041 Tres,
389 2008 488 2043 inquit,
504 2008 663 2035 meretrices
683 2012 774 2039 erant,
796 2007 921 2034 obscenis
938 2006 1011 2042 lupa-

218 2054 326 2080 narium
350 2052 518 2081 foeditatibus
531 2052 639 2086 dedite,
652 2056 690 2087 et,
708 2055 738 2079 ut
755 2052 794 2079 ita
814 2051 919 2087 loquar,
935 2050 1010 2079 omni

1062 1631 1211 1665 eompcndii
1242 1630 1380 1665 ponendus
1404 1633 1444 1655 est
1473 1627 1577 1654 tnodus.
1608 1626 1726 1652 Tandem
1750 1623 1844 1651 divina:

1061 1679 1169 1713 pietatis
1182 1677 1294 1711 imploro
1304 1675 1596 1707 cleinentiam,utinter
1608 1677 1703 1699 caetera
1717 1671 1841 1698 virtutum

1060 1730 1087 1753 et
1104 1725 1186 1752 totius
1203 1729 1304 1751 sauctte
1320 1722 1455 1757 religionis
1477 1721 1601 1755 insignia,
1621 1718 1774 1747 inviolabile
1795 1717 1841 1744 tibi

1060 1771 1198 1798 servanda:
1215 1769 1350 1804 pudicitiae
1368 1769 1449 1795 robur
1465 1767 1604 1798 infundat,
1617 1769 1644 1793 et
1655 1763 1790 1792 vasculum
1805 1762 1842 1788 tui

1060 1818 1180 1852 corporis
1195 1817 1222 1843 in
1238 1814 1448 1847 sanctificatione
1463 1818 1490 1840 et
1504 1813 1605 1840 honore
1618 1810 1767 1842 custodiat;
1778 1815 1842 1844 qua-

1060 1868 1137 1890 tenus
1151 1864 1174 1890 is
1186 1862 1231 1896 qni
1245 1861 1310 1888 dicit
1324 1861 1349 1888 in
1364 1860 1481 1893 Cattticis
1494 1867 1500 1885 :
1517 1867 1526 1884 ι
1545 1858 1598 1893 Ego
1618 1856 1666 1884 llos
1679 1854 1766 1890 campi
1777 1874 1784 1886 ,
1795 1861 1842 1889 ego

1059 1909 1143 1936 lilittm
1155 1907 1317 1935 convallium
1337 1905 1425 1941 (Cant.
1440 1906 1487 1939 lt);
1507 1913 1517 1930 ι
1532 1903 1601 1930 sicut
1611 1910 1659 1938 pro
1674 1906 1700 1928 te
1718 1900 1841 1934 dignatus

1062 1958 1102 1983 est
1124 1954 1180 1981 fieri
1199 1952 1269 1979 filius
1285 1951 1410 1986 Virginis,
1434 1951 1473 1977 sic
1493 1948 1574 1976 etiam
1588 1953 1703 1975 vernare
1722 1950 1749 1973 te
1764 1943 1842 1971 faciat

1061 2000 1170 2029 ﬂoribus
1183 1998 1326 2027 castitatis.

1239 2043 1278 2071 Sit
1287 2050 1377 2070 nomen
1386 2040 1490 2069 Domini
1498 2038 1668 2067 benedictum.

227 2158 1835 2183 _________________,____________

263 2238 446 2274 749-750
466 2247 852 2299 OPUSCULUM
874 2203 1454 2308 QUADRAGESIMUM
1474 2235 1803 2292 OCTAVUM.

746 2347 800 2380 DE
819 2326 1116 2380 Sl’lBlTUALlBUS
1142 2346 1323 2378 DELICIIS.

222 2485 420 2513 Attenuatum.
437 2499 472 2504 ——
487 2483 636 2512 Honestum
651 2483 812 2510 monachum
830 2482 970 2509 edacitatis
984 2486 1012 2509 et
1028 2481 1148 2509 ciborum
1165 2480 1267 2507 delectu
1284 2478 1343 2514 plus
1362 2478 1436 2513 justo
1451 2473 1650 2514 studiosiorem,
1662 2474 1841 2514 spiritualium

259 2509 634 2553 dtilceilineepularnnr'atite
644 2509 744 2545 oculos
757 2518 855 2551 posita,
881 2517 914 2543 ad
936 2522 1104 2543 terrenarum
1129 2516 1235 2550 dapiutn
1258 2509 1457 2547 contemptum,
1477 2517 1503 2539 et
1519 2512 1668 2539 ccelestium
1679 2509 1842 2536 deliciarum
1884 2538 1891 2544 ν,

259 2554 461 2581 meditationem
475 2557 502 2579 et
513 2560 632 2581 amorem
648 2553 794 2587 perducere
810 2557 934 2579 conatur.

258 2620 383 2649 [Ionas-ro
402 2618 479 2646 fratri
493 2618 599 2646 Penus
616 2623 748 2653 peccator
768 2618 915 2645 monachus
938 2615 1009 2642 salu-
1025 2620 1048 2649 ι)
1062 2615 1103 2643 nis
1116 2614 1289 2649 opprobrium
1306 2633 1314 2646 ,
1325 2613 1387 2640 dum
1399 2612 1502 2640 obtinet
1515 2618 1547 2638 ex
1561 2611 1658 2637 virtute
1669 2608 1842 2642 triumphum.

223 2670 287 2693 mm-
306 2698 314 2707 '
481 2708 594 2736 CAPUT
614 2708 756 2736 PRIMUM.

381 2755 419 2782 De
437 2754 568 2785 JubiIa-o,
589 2754 694 2789 ejusque
714 2752 853 2789 mysteriis.

259 2803 310 2836 Qui
324 2806 431 2830 coactus
447 2803 472 2828 in
488 2809 562 2828 arma
578 2801 756 2835 progreditur.
774 2798 902 2833 itnpulsus
920 2802 1010 2824 tamen

291 2854 331 2876 ter
352 2848 499 2882 pra-tiatur,
521 2847 632 2882 corrigit
649 2845 830 2882 ignominiosa:
856 2843 1012 2880 trepidatio-

1061 2663 1096 2689 At
1114 2662 1136 2689 si
1150 2665 1177 2688 et
1191 2661 1290 2688 invitus
1306 2660 1407 2693 incipit,
1421 2664 1448 2686 et
1462 2665 1523 2685 mox
1534 2655 1738 2691 occurrentibus
1752 2655 1845 2681 adver-

1062 2708 1141 2735 sariis
1158 2707 1239 2734 corde
1254 2706 1349 2740 pavido
1360 2709 1434 2739 terga
1449 2703 1538 2732 vertit,
1553 2702 1634 2728 etiam
1645 2700 1667 2727 si
1680 2699 1785 2734 fugiens
1800 2699 1845 2724 ho-

1062 2753 1132 2780 stilia
1149 2752 1200 2780 tela
1218 2750 1416 2784 contempserit,
1437 2753 1499 2775 nota
1514 2751 1603 2773 tamen
1618 2745 1759 2780 degeneris
1780 2744 1846 2770 infao

1063 2797 1124 2825 mite
1143 2805 1194 2823 non
1219 2796 1334 2823 carebit.
1352 2794 1391 2821 'l‘u
1413 2800 1530 2828 quoque,
1554 2792 1647 2822 frater,
1670 2790 1698 2817 in
1717 2794 1845 2824 quantum

1063 2844 1141 2870 datur
1156 2840 1280 2875 intelligi,
1299 2847 1352 2866 non
1371 2837 1509 2866 ultroneus
1531 2837 1557 2863 in
1579 2834 1681 2863 militia:
1701 2831 1845 2868 spiritualis
