4054 6184
517 303 618 363 ’117

1411 311 1636 370 OPUSC
1705 313 1933 368 XLVlll.
1971 342 2034 351 -
2073 309 2158 364 DE
2201 299 2588 364 Si‘lRITUAL.
2631 307 2935 364 DELICIIS.

3689 311 3794 368 718

517 445 670 484 arma
694 429 926 496 jurasti;
961 437 1012 482 ct
1043 437 1344 498 postquam,
1398 431 1525 484 dato
1571 431 1810 493 nomine,
1865 427 2093 482 tirocinii
2126 436 2174 488 Α
2202 423 2400 476 littera.
2439 421 2574 476 llinc
2602 431 2684 475 est
2731 422 2872 489 quod
2917 435 2981 483 ex
3028 421 3216 476 eodem
3250 419 3405 490 751
3442 439 3637 477 ntanna
3689 425 3797 478 lle-

517 527 859 574 sacramenta
889 520 1164 588 professus
1193 534 1272 582 es,
1307 519 1380 573 nil
1431 521 1657 588 insigne,
1705 519 1781 572 nil
1827 516 1982 584 forte,
2031 517 2108 571 nil

517 617 666 664 certe
679 607 899 672 dignum
921 608 1076 662 laude
1097 609 1310 678 gessisti
1339 625 1354 674 ;
1383 610 1501 674 sed,
1524 623 1588 662 ex
1603 607 1836 678 .Egypto
1861 621 2108 679 progres-

517 717 629 767 sus,
661 702 902 758 ciborum
933 716 998 756 ac
1038 715 1260 772 pomum
1307 703 1519 772 cmpisti
1551 716 1890 756 murmurare
1937 691 2120 770 penu--

517 794 675 858 riam,
703 803 926 847 cunctas
951 793 1168 863 Egypti
1195 793 1418 848 delicias
1437 793 1714 862 suspirare
1740 791 1938 863 (Exod.
1969 792 2104 862 xw),

515 899 640 938 cum
670 883 761 938 illo
785 884 990 938 carnali
1021 899 1360 953 conquerens
1387 885 1544 938 israel
1571 899 1586 937 :
1618 903 1635 934 ε
1668 883 1884 954 Utinam
1910 883 2106 938 mortui

515 992 758 1032 essemus
805 991 903 1045 per
947 992 1164 1030 manum
1217 977 1428 1031 Domini
1483 977 1536 1030 in
1587 975 1844 1047 Egypto,
1892 975 2108 1044 quando

514 1069 842 1124 sedebanms
886 1083 1051 1138 super
1091 1067 1226 1124 ollas
1268 1069 1543 1130 carnium.
1588 1077 1644 1121 et
1693 1068 2110 1122 comedebamus

515 1175 682 1228 panes
727 1160 780 1212 in
823 1159 1136 1214 saturitate!
1177 1178 1196 1210 ι
1234 1157 1390 1228 (Dan.
1429 1157 1534 1228 ιιι.)
1573 1158 1716 1212 Misit
1757 1173 1888 1227 ergo
1919 1165 1970 1212 te
2011 1173 2108 1212 rex

515 1248 806 1320 Babylonis
836 1249 890 1301 in
933 1249 1206 1302 caminum
1250 1249 1386 1317 ignis
1421 1250 1739 1311 ardentem,
1781 1249 1876 1303 sed
1922 1249 2108 1304 videre

515 1355 620 1396 non
649 1341 822 1411 potuit
851 1341 944 1394 Dei
979 1341 1173 1395 Filium
1219 1350 1398 1396 tecum
1451 1342 1590 1396 inter
1623 1341 1810 1409 globos
1861 1339 2103 1400 (latuitla-

515 1451 636 1490 rum
657 1436 1002 1490 aestuantium
1027 1437 1384 1492 incedentem.
1411 1436 1649 1507 Stuppae,
1674 1439 1948 1508 naphthte,
1971 1440 2108 1507 picis

516 1543 582 1584 ac
618 1526 879 1582 malleolte
907 1528 1220 1597 congeriem
1251 1537 1568 1597 persecutor
1595 1530 1774 1584 intulit
1799 1545 1813 1595 ;
1847 1532 1942 1585 sed
1971 1530 2106 1584 divi-

518 1633 584 1674 na
621 1619 792 1674 virtus
837 1619 996 1689 hujus
1023 1634 1151 1690 erga
1179 1627 1232 1674 te
1259 1621 1406 1675 vires
1429 1620 1662 1676 incendii
1697 1635 1803 1675 non
1853 1621 2110 1677 exstinxit

517 1707 728 1779 (lbid.).
757 1708 930 1763 Porro
964 1710 1030 1764 de
1062 1709 1274 1764 ﬂantma
1322 1709 1413 1764 illa
1456 1710 1656 1766 dicitur
1681 1729 1693 1764 :
1718 1710 1870 1778 Quod
1901 1713 2104 1782 erupit,

517 1809 571 1854 et
609 1809 800 1856 erecta
835 1809 920 1855 est
962 1813 1126 1869 super
1173 1799 1450 1856 fornacem
1501 1802 1700 1857 cubitis
1749 1797 2104 1874 quadraginta

517 1903 728 1946 novem.
777 1890 893 1946 Non
925 1893 1070 1948 enim
1125 1893 1193 1948 ad
1239 1894 1760 1964 quinquagenarium
1793 1911 2102 1961 numerum,

517 1983 571 2037 id
607 1991 688 2038 est
729 1998 901 2054 usque
944 1983 1010 2038 ad
1048 1983 1266 2054 mystici
1297 1981 1528 2048 Jubilazi,
1577 1984 1755 2054 potuit
1801 1984 2106 2054 pertingere

517 2081 937 2129 sacramentum.
960 2072 1219 2130 Jubilteus
1239 2074 1381 2130 enim
1413 2089 1588 2130 annus
1617 2076 1970 2145 requietionis
1997 2085 2104 2142 est,

516 2165 658 2235 ig'nis
685 2179 818 2236 ergo
849 2163 939 2220 ille
981 2147 1218 2220 carnalis
1263 2165 1718 2234 concupiscentiae
1760 2181 1868 2221 non
1904 2167 1972 2220 ad
2021 2181 2106 2221 re-

515 2254 694 2323 quiem
723 2255 979 2323 pertinet,
1022 2254 1116 2310 scd
1159 2255 1414 2308 scandala
1463 2256 1642 2324 potius
1683 2265 1928 2326 generat,
1979 2259 2104 2312 dum

521 2343 802 2412 reprobam
831 2353 1068 2398 mentem
1093 2342 1433 2398 titillantibus
1479 2344 1750 2400 illecebris
1780 2355 2102 2401 aestuantem

479 2439 482 2442 ‘
519 2440 678 2511 vexat
708 2437 874 2501 atque
924 2431 1220 2502 perturbat.
1247 2431 1364 2488 Non
1394 2433 1540 2488 enim
1571 2433 1638 2488 ad
1668 2435 1816 2489 illum
1840 2435 2106 2506 quinqua-

517 2521 706 2592 gesimi
741 2522 844 2576 diei
875 2522 1110 2592 pertinet
1147 2524 1348 2593 ignem,
1389 2525 1458 2580 de
1481 2540 1588 2594 quo
1611 2525 1807 2581 dicitur
1836 2545 1850 2582 :
1884 2545 1902 2578 ι
1937 2526 2108 2584 Totus

519 2620 701 2666 autem
739 2627 896 2668 mons
945 2611 1094 2668 Sinai
1139 2613 1400 2680 fumabat,
1442 2629 1510 2670 eo
1553 2619 1697 2686 quod
1739 2617 2108 2672 descendisset

518 2699 779 2756 Dominus
822 2716 982 2772 super
1011 2718 1134 2758 eum
1185 2703 1238 2758 in
1286 2704 1433 2775 igne,
1477 2715 1534 2760 et
1569 2707 1886 2762 ascenderet
1929 2707 2106 2763 fumus

427 2815 430 2818 ~
517 2806 586 2847 ex
632 2808 698 2850 eo
734 2793 889 2863 quasi
927 2794 994 2850 de
1026 2793 1248 2852 fornace
1290 2796 1488 2866 (Exod.
1518 2797 1658 2866 xix).
1692 2816 1712 2850 ι
1751 2798 1858 2854 Sed
1889 2813 1988 2854 nec
2031 2800 2106 2856 illi

517 2885 766 2956 congruit
809 2887 924 2956 qui,
969 2887 1418 2958 quinquagesimo
1469 2887 1820 2946 nihilominus
1846 2889 1956 2956 die,
1985 2899 2108 2958 post

522 2975 813 3034 Dominicte
841 2979 1254 3036 resurrectionis
1281 2979 1510 3050 gloriam
1545 2995 1710 3050 super
1752 2981 2024 3064 apostolos
2053 2981 2106 3036 in

517 3069 822 3141 linguarum
851 3072 1114 3128 varietate
1142 3071 1421 3128 descendit
1457 3071 1594 3143 (Act.
1627 3073 1712 3144 ιι).
1741 3073 1978 3143 Uterque
2007 3075 2105 3144 igi-

2211 511 2430 566 braicus
2465 510 2551 565 ille
2580 509 2806 579 populus
2835 509 3063 568 turtulas
3085 509 3188 564 sibi
3214 511 3512 566 confecisse
3543 512 3798 567 describi-

2211 611 2299 656 tur
2332 619 2344 654 :
2377 619 2394 653 t
2436 602 2764 671 Frangebat,
2797 600 2987 669 inquit,
3021 600 3248 670 populus
3297 600 3426 655 illud
3471 601 3636 668 mola,
3685 603 3799 658 sive

2211 695 2418 753 terebat
2449 694 2502 747 in
2531 694 2812 758 mortario,
2862 708 3100 761 coquens
3132 694 3184 746 in
3214 693 3316 747 olla
3339 735 3352 757 ,
3381 703 3438 748 et
3481 695 3685 751 faciens
3731 713 3796 752 ex

2209 799 2274 839 eo
2304 785 2534 839 turtulas
2561 785 2786 852 saperis,
2839 785 2990 851 quasi
3034 785 3186 852 panis
3225 783 3384 837 oleati
3417 783 3606 853 (Num.
3641 787 3740 856 xl).
3775 805 3793 836 ι

2211 869 2436 946 Turtula
2469 875 2625 944 plane
2649 871 2753 928 nisi
2790 874 2940 943 prius
2967 875 3229 942 aperitur,
3269 875 3471 943 gustari
3502 891 3608 930 non
3653 876 3798 929 valet

2209 969 2350 1037 quod
2401 967 2540 1022 intra
2588 967 2704 1036 ejus
2759 975 2907 1036 septa
2955 967 3282 1020 reconditur.
3331 966 3562 1022 Oracula
3609 982 3798 1036 ncnqno

2208 1060 2593 1128 prophetarhm
2646 1058 2799 1126 quasi
2832 1059 3073 1126 quaedam
3110 1055 3323 1111 turtula:
3355 1067 3509 1122 sunt,
3539 1072 3658 1125 qua:
3698 1065 3796 1114 Stlh

2209 1149 2442 1218 quadam
2465 1149 2618 1218 quasi
2661 1147 2957 1202 carnalium
2985 1147 3138 1202 theca
3174 1147 3462 1204 verborum
3503 1147 3800 1216 spiritu-alis

2211 1237 2577 1306 intelligentia:
2603 1246 2896 1305 contegunt
2914 1244 3332 1289 sacramentum.-
3355 1233 3508 1288 Hanc
3546 1233 3800 1288 tui-tulani

2208 1331 2420 1400 aperire
2445 1346 2548 1384 non
2573 1338 2805 1399 poterat,
2826 1329 2910 1382 cui
2936 1327 3236 1397 perlsaiam
3261 1326 3576 1381 dicebatur:
3609 1344 3626 1376 ‹
3659 1325 3801 1396 Lege

2208 1419 2406 1474 librum
2463 1420 2648 1488 istum.
2701 1418 2769 1470 Et
2817 1417 3094 1486 respondit
3147 1430 3162 1468 :
3227 1414 3344 1470 Non
3405 1431 3645 1485 possunt.
3721 1417 3800 1469 Si—

2208 1520 2403 1580 gnatus
2450 1517 2532 1564 est
2571 1508 2713 1562 enim
2766 1506 2941 1578 (Isai.
2987 1505 3178 1575 xxix).
3233 1523 3252 1558 ι
3303 1505 3454 1561 liatic
3491 1505 3594 1562 sibi
3628 1515 3800 1560 turtu-

2207 1601 2314 1653 lam
2361 1598 2642 1654 eunuchus
2699 1597 2787 1652 ille
2829 1597 3070 1651 reserari
3131 1594 3320 1664 petiit,
3377 1609 3499 1648 cum
3549 1593 3800 1662 Philippo

2209 1689 2412 1744 dicenti
2441 1687 2544 1743 sibi
2575 1704 2586 1739 :
2616 1707 2634 1739 ι
2689 1686 2926 1740 Putasne
2956 1685 3209 1753 intelligis
3244 1700 3364 1754 qua:
3410 1684 3588 1754 legis?
3633 1703 3651 1734 ι
3688 1685 3797 1739 ite-

2134 1784 2181 1842 Β
2209 1781 2429 1850 spondit
2461 1794 2474 1831 :
2517 1796 2534 1829 ι
2576 1778 2644 1832 Ει
2669 1779 2937 1848 quomodo
2965 1791 3201 1847 possum,
3234 1777 3339 1831 nisi
3387 1776 3584 1850 aliquis
3621 1785 3800 1831 osten-

2209 1871 2350 1926 derit
2379 1869 2546 1924 mihi?
2577 1889 2594 1921 ι
2629 1871 2766 1939 (Act.
2804 1867 2944 1938 vui.)
2975 1867 3050 1921 Ac
3073 1867 3116 1920 si
3147 1867 3292 1922 dicat
3323 1883 3337 1918 :
3367 1865 3646 1919 Turtulam
3677 1867 3799 1934 qui-

2209 1961 2332 2016 dem
2361 1961 2519 2016 istam
2552 1960 2605 2013 in
2637 1959 2886 2012 manibus
2916 1967 3092 2022 teneo,
3138 1957 3230 2012 sed
3263 1971 3368 2012 non
3401 1971 3618 2026 possum
3647 1971 3714 2009 ex
3737 1973 3800 2008 ea

2207 2053 2516 2116 coinedere,
2548 2050 2653 2104 nisi
2679 2064 2796 2104 eam
2829 2050 2986 2104 docta
3015 2061 3208 2102 manus
3230 2049 3478 2116 aperiat,
3510 2056 3566 2101 et
3594 2047 3802 2102 medul-

2209 2133 2316 2198 lam
2347 2143 2480 2198 mihi
2514 2141 2756 2213 spiritus,
2806 2141 2897 2211 qui
2932 2141 2985 2194 in
3032 2139 3182 2210 palea
3231 2139 3426 2194 littera:
3455 2139 3606 2202 latet,
3637 2153 3802 2208 expo—

2209 2246 2321 2289 nat.
2355 2233 2505 2288 lianc
2529 2249 2628 2304 per
2658 2233 2978 2302 semctipsos
3021 2232 3234 2300 aperire
3276 2245 3378 2284 non
3421 2237 3703 2298 poterant,
3735 2231 3799 2283 de

2199 2328 2402 2394 quibus
2434 2325 2698 2380 Jeremias
2727 2325 2906 2379 aiebat
2934 2339 2947 2376 :
2978 2343 2997 2375 ι
3033 2323 3246 2377 Parvuli
3277 2323 3551 2391 petierunt
3579 2337 3798 2392 panem,

2207 2425 2262 2469 et
2295 2432 2401 2469 non
2423 2425 2541 2470 erat
2570 2418 2661 2483 qui
2693 2413 2966 2484 frangeret
3000 2413 3080 2468 eis
3110 2413 3327 2485 (Thren.
3356 2415 3452 2482 ιν).
3489 2430 3508 2463 ι

2278 2507 2392 2562 Hoc
2416 2521 2546 2576 ergo
2570 2520 2790 2570 manna,
2820 2503 3191 2570 dilectissime,
3221 2501 3366 2557 hunc
3406 2503 3584 2557 vitalis
3613 2501 3814 2556 alimo-n

2209 2597 2310 2651 nite.
2343 2595 2522 2650 cibum
2559 2595 2613 2648 in
2665 2593 3030 2648 meditationis
3074 2603 3178 2647 tua:
3225 2592 3483 2647 mortario
3530 2592 3802 2646 subtiliter

2206 2689 2381 2758 pinse,
2413 2687 2466 2740 in
2498 2687 2686 2741 fervidi
2717 2685 2917 2740 amoris
2943 2683 3045 2739 olla
3079 2685 3282 2755 jugiter
3327 2699 3587 2753 excoque,
3631 2693 3690 2738 ut
3733 2699 3800 2737 ex

2209 2779 2311 2831 hoc
2333 2771 2527 2830 animae
2552 2785 2654 2829 tute
2679 2775 2885 2829 viscera
2918 2773 3098 2830 valeas
3124 2774 3268 2828 velut
3291 2777 3323 2827 'a
3351 2775 3522 2828 ruime
3551 2773 3795 2828 celestis

2207 2871 2364 2938 adipe
2389 2867 2656 2939 saginare.
2689 2866 2802 2921 Hoc
2841 2867 3044 2921 intimae
3069 2864 3382 2920 refectionis
3411 2864 3651 2920 edulium
3679 2879 3802 2919 cor-

2210 2959 2292 3013 dis
2329 2957 2406 3014 tui
2435 2957 2622 3013 fauces
2647 2957 2930 3021 obdulcet,
2963 2956 3065 3011 hoc
3093 2956 3332 3010 animum
3359 2963 3511 3010 tuum
3552 2953 3617 3009 ad
3670 2955 3800 3009 illud

2209 3049 2432 3104 caaleste
2464 3048 2768 3104 convivium
2823 3056 3101 3118 provocet.
3150 3045 3250 3100 Hic
3289 3046 3522 3116 denique
3563 3046 3716 3101 cibus
3747 3047 3824 3100 in.-

517 3138 620 3214 tur‘
635 3160 774 3231 ignis
801 3161 905 3217 iste
932 3161 1231 3228 descendit,
1253 3162 1380 3232 quia
1409 3138 1756 3217 nimirum'de
1778 3138 1914 3218 ρωιό
1936 3138 2103 3216 venit.
2134 3141 2176 3202 Ο
2209 3151 2370 3212 Sim“
2419 3141 2618 3196 manus
2657 3149 2760 3195 ιυεθ
2807 3139 3198 3232 άθᾼ¹θ⁰¹³υίί¹ίιθῗ
3233 3139 3446 3214 δδρίηιι
3497 3138 3586 3194 ιιίο
3631 3147 3684 3232 Ψ
3731 3140 3802 3193 ad

516 3254 611 3310 ille
630 3267 808 3310 autem
826 3271 931 3311 non
954 3255 1324 3321 descendisse,
1349 3256 1442 3311 sed
1471 3255 1780 3312 ascendisse
1805 3255 2019 3326 legitur,
2049 3265 2109 3309 ut

518 3347 586 3402 de
621 3347 855 3404 carnalis
885 3347 1338 3420 concupiscentiae
1370 3349 1664 3420 petulantia
1695 3349 1990 3419 procedere
2032 3350 2108 3404 vi-

523 3435 736 3492 deatur.

1135 3523 1363 3584 CAPUT
1414 3528 1477 3583 ll.

735 3613 878 3684 Quid
906 3619 1064 3688 fuerit
1105 3636 1300 3674 manna
1325 3659 1340 3686 ,
1372 3629 1420 3675 et
1462 3620 1588 3690 quid
1617 3619 1892 3690 signiﬁcet.

511 3723 516 3726 ·
591 3705 733 3773 Noli,
752 3707 942 3775 frater,
963 3709 1069 3765 noli
1092 3709 1228 3780 gula:
1258 3711 1342 3764 vel
1369 3711 1550 3766 carnis
1572 3711 1846 3766 deservire
1875 3708 2103 3774 libidini,

517 3799 613 3868 ‘qui
645 3809 697 3854 te
741 3799 965 3855 militem
1004 3801 1340 3871 spopondiSti
1393 3801 1702 3856 sobrietatis
1731 3799 1960 3856 auctori.
1997 3799 2106 3854 Pu-

511 3889 646 3944 deat
685 3899 736 3946 te
765 3890 1062 3946 carnalium
1095 3890 1423 3961 voluptatum
1447 3907 1570 3947 esse
1595 3890 1962 3957 vernaculum,
2007 3905 2110 3946 nec

523 3981 716 4035 collum
752 3991 902 4036 tuum
928 3979 1162 4052 ingenuo
1207 3982 1407 4038 Christi
1433 3983 1566 4052 jugo
1602 3981 1951 4048 submissum,
1991 3981 2106 4035 vin-

523 4070 664 4126 culis
714 4071 969 4140 subjicias
1005 4071 1382 4130 barbarorum.
1426 4071 1542 4126 Non
1597 4071 1768 4142 Eglon
1825 4087 1922 4126 rex
1951 4071 2107 4126 Moab

522 4159 624 4216 sub
651 4177 748 4216 sua
781 4171 833 4218 te
859 4162 1063 4218 ditione
1109 4162 1382 4232 possideat
1409 4160 1610 4232 (Judic.
1645 4162 1754 4231 ιιι),
1785 4163 1882 4218 sed
1927 4170 2105 4217 tecum

523 4255 682 4310 simul
705 4255 846 4311 Aoth
870 4256 1020 4312 illum
1044 4257 1320 4329 inopinato
1351 4257 1584 4328 pugione
1623 4255 1966 4312 transfodiat.
1995 4255 2107 4310 Nec

522 4343 672 4416 Agag
701 4361 800 4400 rex
826 4345 1109 4411 Amalech,
1145 4361 1267 4402 cum
1294 4355 1512 4402 terreno
1556 4345 1719 4402 Israel
1759 4345 1860 4401 sub
1903 4360 2002 4400 suo
2056 4355 2108 4400 te

525 4431 751 4504 imperio
778 4435 1100 4506 comprimat
1123 4433 1172 4506 (1
1253 4433 1381 4505 Reg.
1414 4437 1526 4506 xv),
1574 4435 1668 4490 sed
1715 4450 1838 4490 cum
1887 4428 2104 4502 Samuel

2210 3233 2499 3288 esurienda
2523 3239 2770 3302 supernae
2799 3229 3108 3286 refectionis
3134 3230 3388 3284 alimenta
3417 3231 3727 3286 succendat.

2829 3319 3058 3381 CAPUT
3093 3319 3181 3374 lli.

2283 3413 2438 3481 Quod
2460 3411 2516 3469 in
2545 3413 2656 3469 solo
2683 3413 2794 3466 Deo
2838 3421 2913 3466 est
2947 3421 3249 3466 sanaturum
3287 3428 3402 3480 spes
3425 3423 3472 3466 et
3507 3415 3728 3482 requies.

2283 3507 2552 3577 Repressa
2601 3505 2767 3577 igitur
2814 3503 3154 3559 diversorum
3205 3503 3463 3559 aviditate
3509 3505 3754 3558 ciborum
3782 3538 3799 3570 ,

2209 3615 2349 3656 unus
2392 3600 2654 3656 duntaxat
2679 3596 2973 3660 esuriatur,
3003 3609 3142 3650 unus
3166 3596 3311 3650 omni
3343 3595 3611 3650 deside-rio
3652 3593 3804 3664 flagi-

2212 3695 2388 3746 tetur:
2420 3707 2439 3742 ι
2490 3689 2683 3754 Unam,
2713 3687 2903 3757 inquit,
2933 3685 3061 3756 petii
3107 3699 3137 3739 a
3171 3684 3418 3750 Domino,
3453 3687 3590 3740 hanc
3623 3687 3806 3754 requi-

2209 3797 2324 3837 ram
2373 3779 2546 3853 (Psal.
2593 3781 2766 3852 xxvr).
2804 3799 2823 3831 ι
2859 3779 2985 3835 Haec
3037 3786 3122 3834 est
3159 3778 3304 3833 enim
3355 3779 3534 3834 unitas
3567 3778 3650 3832 illa
3682 3793 3802 3847 qua:

2209 3875 2567 3946 quadraginta
2593 3855 2782 3928 novem
2814 3871 3083 3942 surgentis
3119 3869 3350 3925 flannnas
3380 3870 3579 3926 cubitis
3609 3871 3796 3924 deerat

2208 3967 2498 4038 (Dauni);
2527 3967 2651 4036 quia
2677 3963 2913 4020 carnalis
2935 3963 3224 4032 appetitus,
3253 3963 3377 4016 dum
3399 3977 3495 4032 per
3523 3961 3688 4016 multa
3714 3979 3804 4015 ra-

2209 4065 2390 4128 ptatus
2418 4057 2657 4121 oberrat,
2690 4069 2795 4110 non
2827 4053 2990 4107 habet
3024 4067 3190 4106 unum
3228 4051 3380 4122 illud,
3407 4060 3628 4106 causam
3655 4053 3802 4106 vidc-

2208 4148 2335 4203 licet
2375 4147 2645 4216 finemque
2687 4143 2984 4216 gaudendi,
3025 4143 3079 4197 in
3123 4157 3230 4212 quo
3272 4141 3668 4197 deleCtabiliter
3716 4157 3804 4196 re-

2211 4213 2482 4306 quiescat.
2515 4213 2774 4290 Jubiiteus
2805 4237 2984 4290 autem
3037 4233 3138 4286 hac
3176 4231 3384 4286 unitate
3435 4230 3797 4296 concluditur,

2209 4329 2336 4400 quia
2369 4328 2421 4382 in
2455 4325 2570 4383 solo
2593 4323 2869 4382 Creatoris
2893 4337 3080 4378 amore
3118 4321 3296 4377 omnis
3342 4329 3653 4376 sanctorum
3679 4337 3804 4390 spes

2210 4435 2264 4480 et
2302 4426 2528 4482 intentio
2553 4425 2792 4496 ponitur,
2831 4425 2884 4478 in
2911 4438 2977 4478 eo
3005 4431 3118 4476 tota
3147 4435 3336 4476 eorum
3380 4419 3598 4491 requies
3640 4419 3804 4472 collo-

525 4502 708 4577 coram
737 4531 790 4578 te
810 4502 1082 4594 per—artus
1109 4502 1162 4578 in
1189 4502 1358 4578 frusta
1387 4502 1654 4580 concidat.
1679 4524 1794 4580 Non
1821 4534 1873 4580 te
1893 4526 2096 4581 destru-
2137 4502 2184 4561 ί)
2210 4527 2386 4570 catur.
2409 4515 2513 4570 Per
2537 4529 2696 4570 omne
2723 4514 2866 4585 quod
2894 4521 3082 4584 agunt,
3115 4513 3183 4566 ad
3213 4511 3359 4565 illum
3393 4511 3641 4574 tendunt,
3671 4519 3724 4562 et
3749 4510 3800 4561 in

526 4621 646 4668 ctor
691 4613 780 4668 ille
827 4613 1162 4669 Hierusalem
1209 4614 1441 4670 delectet
1482 4615 1588 4686 (IV
1633 4616 1762 4686 Reg.
1815 4617 1966 4687 xxv),
2013 4618 2103 4685 qui

531 4701 795 4770 profecto,
836 4703 1094 4772 quoniam
1144 4703 1516 4758 illecebrarum
1575 4707 1812 4775 suggerit
1865 4707 2106 4761 oblecta-

532 4803 730 4860 menta,
765 4795 1060 4849 carnalium
1094 4809 1254 4864 super
1283 4809 1484 4864 coquos
1509 4796 1707 4850 habere
1735 4795 1934 4852 dicitur
1957 4797 2108 4864 prin-

529 4884 782 4953 cipatum.
817 4884 872 4938 Si
908 4892 958 4938 te
988 4883 1142 4939 dulce
1181 4885 1310 4953 quid
1337 4885 1660 4939 manducare
1690 4884 1944 4948 delectat,
1975 4885 2110 4938 divi-

531 4989 658 5028 num
685 4974 810 5028 illud
838 4986 902 5027 ac
932 4976 1216 5044 mysticum
1263 4989 1457 5027 manna
1485 4975 1536 5026 in
1587 4975 1766 5028 cordis
1813 4973 1887 5027 tui
1939 4972 2114 5040 palato

531 5065 722 5133 sapiat,
755 5067 821 5120 de
848 5081 954 5134 quo
980 5067 1215 5119 dicitur:
1245 5083 1263 5116 ι
1294 5063 1427 5130 Quia
1457 5074 1643 5134 gustus
1680 5065 1795 5132 ejus
1815 5074 1936 5118 erat
1958 5064 2114 5132 quasi

533 5159 721 5210 simila:
750 5173 872 5211 cum
911 5157 1066 5211 melle
1100 5155 1293 5228 (Exod.
1321 5155 1454 5226 xw).
1494 5175 1512 5206 ι
1551 5157 1736 5209 Simila
1773 5157 1977 5211 scilicet
2013 5157 2112 5210 ista

534 5247 598 5299 de
627 5261 796 5315 grano
833 5247 1089 5304 frumenti
1143 5247 1230 5310 fit,
1279 5247 1420 5316 quod
1464 5247 1514 5299 in
1567 5257 1762 5300 terram
1793 5249 2011 5310 cadens,
2051 5262 2114 5301 ac

534 5349 804 5392 mortuum
842 5379 856 5401 ,
886 5339 1110 5393 multum
1143 5337 1324 5392 attulit
1379 5336 1608 5391 fruetutn
1639 5337 1818 5407 (Joau.
1854 5339 1974 5408 xu).
2005 5337 2110 5392 Sed

536 5427 649 5482 haec
677 5429 854 5483 simila
885 5429 1041 5483 melle
1070 5430 1461 5496 conspergitur,
1507 5427 1632 5498 quia
1662 5429 1969 5484 humanitas
2001 5428 2107 5481 Rc-

489 5523 494 5528 '
533 5517 828 5588 demptoris
858 5519 1014 5589 plena
1059 5529 1143 5574 est
1169 5517 1450 5573 dulcedine
1496 5518 1734 5573 deitatis.
1781 5518 1922 5572 Deus
1965 5519 2108 5571 enim

485 5607 490 5612 '
535 5616 651 5661 erat
673 5607 724 5660 in
747 5607 984 5674 Christo,
1007 5609 1267 5664 mundum
1297 5608 1652 5662 reconcilians
1676 5606 1776 5660 sibi
1807 5603 2007 5675 (llCor.
2031 5607 2106 5672 v).

537 5695 631 5754 Vel
660 5707 808 5758 certe
837 5700 940 5756 mel
989 5701 1040 5756 in
1076 5699 1272 5766 simila,
1322 5698 1548 5758 dulcedo
1593 5705 1674 5754 est
1707 5695 2004 5768 spiritualis
2057 5696 2109 5751 in

2207 4625 2292 4674 co,
2327 4617 2582 4679 tanquam
2603 4609 2656 4662 in
2685 4603 2931 4670 Jubilaeo,
2958 4620 2988 4658 a
3019 4605 3234 4658 cunctis
3257 4603 3437 4657 mundi
3469 4601 3801 4656 vanitatibus

2211 4701 2576 4768 requiescunt.
2610 4697 2900 4751 Enimvero
2931 4696 3068 4749 sicut
3100 4694 3362 4761 septimus
3396 4693 3538 4756 dies,
3583 4691 3674 4759 qui
3706 4705 3804 4760 per

2209 4803 2424 4844 onmem
2453 4786 2756 4841 celebratur
2787 4780 3199 4844 hebdomadam,
3237 4781 3319 4834 vel
3359 4791 3507 4834 certe
3541 4781 3802 4848 septimus

2211 4878 2410 4948 quietis
2436 4890 2632 4939 annus,
2656 4873 2746 4942 qui
2777 4887 2874 4941 per
2896 4885 3054 4925 omne
3076 4870 3428 4923 nihilominus
3455 4869 3794 4938 septennium

2216 4967 2540 5030 celebratur,
2588 4962 2748 5032 hujus
2778 4961 3036 5031 temporis
3067 4957 3372 5031 significant
3403 4957 3666 5028 requiem,
3698 4974 3800 5027 qua
3842 4979 3844 4983 ·

2216 5059 2387 5114 sancti
2431 5057 2606 5112 solum
2651 5056 2818 5109 Deum
2873 5053 3129 5125 diligunt,
3184 5062 3238 5106 et
3285 5053 3338 5105 in
3389 5065 3454 5106 eo
3505 5067 3536 5104 ιι
3590 5051 3800 5103 cunctis

2215 5150 2400 5204 mundi
2439 5145 2934 5218 perturbationibus
2963 5143 3349 5214 requiescunt;
3400 5143 3472 5196 ita
3518 5154 3612 5209 per
3647 5138 3791 5192 Jubi-

2207 5244 2395 5310 laeum,
2428 5241 2929 5313 quinquagesimum
2965 5239 3213 5292 videlicet
3238 5251 3462 5299 annum,
3490 5234 3576 5286 illa
3613 5231 3799 5286 ultima

2220 5336 2432 5404 requies
2455 5335 2786 5403 designatur,
2816 5347 2920 5399 qua
2949 5329 3200 5384 videlicet
3224 5325 3380 5380 electi
3401 5339 3588 5380 omnes
3606 5339 3798 5378 secura

2217 5439 2432 5495 semper
2461 5434 2620 5494 atque
2667 5419 3050 5478 interminabili
3097 5419 3282 5488 requie
3327 5417 3696 5488 perfruuntur.
3748 5417 3800 5468 lu

2219 5517 2322 5571 hac
2353 5516 2496 5569 enim
2537 5515 2643 5568 vita
2675 5513 2786 5567 sola
2818 5511 3104 5579 cujuslibet
3135 5511 3304 5564 sancti
3331 5509 3430 5563 viri
3461 5509 3640 5562 anima
3693 5509 3802 5561 Dm

2219 5625 2314 5678 per
2343 5609 2452 5662 vim
2501 5615 2659 5662 certae
2709 5606 2824 5674 spei
2869 5617 2929 5658 ac
2967 5619 3114 5673 ptime
3165 5603 3469 5659 dilectionis
3510 5603 3796 5658 innititur:

2219 5714 2343 5755 nam
2373 5715 2500 5756 caro
2531 5697 2712 5756 n‘niltis
2742 5695 3130 5760 adversitatum
3165 5696 3562 5752 calamitatibus
3591 5703 3800 5766 pertur-
