4054 6184
329 411 393 470 Ἡ
405 414 438 470 9

795 415 850 469 S.
889 413 1084 468 PETRI
1128 409 1406 466 DAMMNI
1455 408 1606 465 OPP.
1649 412 1885 466 Τί)Μίῐὸ
1925 410 2056 465 SEU
2099 410 2275 466 PARS
2316 411 2398 464 Ill.
2446 439 2498 450 -
2525 409 2888 466 OPUSCULA
2931 409 3163 466 VARIA.

3490 412 3594 466 79.0

330 522 512 582 batur.
587 525 747 595 752
824 526 1166 592 Unaqtnrqne
1239 500 1490 576 nimirum
1572 523 1903 578 hebdomada
1938 525 1983 581 Α
2009 521 2209 574 Annon
2230 536 2287 574 se
2304 520 2560 573 Dominus
2583 521 2722 589 apud
2743 535 2841 574 nos
2866 521 3104 589 requiem
3128 518 3410 589 pollicetur
3427 521 3594 575 habr-

327 613 628 682 Sabbatum
660 615 890 678 dierum,
928 611 1265 682 scptennium
1309 627 1441 668 vero
1473 613 1769 668 Salrbatum
1819 613 1914 666 ha-

329 704 494 760 bebat
538 718 798 758 annorum
845 719 858 767 ;
905 703 1159 758 Jubilzeus
1215 712 1393 758 autem
1444 715 1562 759 erat
1617 703 1911 759 Sabbatum

329 796 709 850 Subbatorum.
759 794 838 848 Ex
882 795 1082 863 septies
1117 795 1262 850 enim
1303 805 1505 866 septem
1552 796 1909 866 quadraginta

324 900 516 940 novem
543 898 750 939 summa
789 883 1090 952 perficitur,
1135 885 1222 939 cui
1267 886 1611 956 superaddita
1661 885 1907 950 uionade,

319 973 818 1044 quinquagenarius
844 989 1121 1037 numerus,
1163 975 1254 1045 qui
1285 985 1369 1030 est
1395 975 1673 1040 Jubil;eus,
1722 975 1911 1044 imple-

319 1069 428 1118 tur.
455 1060 510 1114 lu
540 1076 647 1131 quo
685 1062 940 1116 nimirum
991 1077 1214 1118 numero
1259 1063 1398 1118 sicut
1445 1064 1659 1138 septies.
1700 1075 1904 1132 septem

317 1149 568 1215 dicimus,
599 1151 677 1206 sic
707 1151 760 1204 in
792 1151 1064 1207 intellectu
1091 1161 1274 1207 nostro
1321 1152 1558 1220 requiem
1603 1152 1904 1204 animarum

313 1240 567 1296 videlicet
590 1249 640 1295 et
664 1255 954 1311 corporum
976 1243 1332 1309 geminamus.
1362 1240 1416 1294 ln
1445 1239 1671 1295 Jubilceo
1705 1240 1904 1310 quippe

319 1338 514 1386 nostra:
539 1330 761 1400 quietis,
790 1331 893 1385 hoc
921 1340 1005 1385 est
1038 1330 1090 1384 in
1120 1331 1207 1384 illa
1236 1331 1341 1384 vita
1367 1331 1636 1384 felicitatis
1664 1340 1901 1394 aeternae,

317 1419 397 1474 sic
425 1417 628 1474 electus
655 1419 884 1492 quisque
933 1434 1039 1474 non
1076 1418 1250 1474 solum
1288 1419 1502 1485 animm,
1549 1420 1642 1473 sed
1673 1427 1724 1474 et
1778 1434 1902 1473 cor—

312 1509 464 1576 poris
509 1508 828 1563 immutabili
860 1509 1042 1583 quiete
1076 1509 1389 1587 perfruitur,
1437 1519 1495 1562 ut
1527 1510 1671 1563 nulla
1703 1509 1815 1578 jam
1847 1513 1900 1565 iu

312 1597 570 1652 utralibct
616 1598 916 1653 substantia
953 1597 1240 1667 cujuslibet
1285 1601 1512 1655 turbinis
1543 1601 1900 1655 incommodi-

312 1696 424 1743 tate
452 1698 690 1742 vexetur.
717 1689 781 1762 lui
809 1688 1035 1744 Jubilmo
1064 1690 1205 1745 tubis
1231 1689 1498 1761 (-langitur
1524 1689 1712 1762 (Levii.
1745 1679 1897 1762 xiv),

308 1789 365 1837 et
391 1781 457 1834 ad
483 1781 853 1848 possessiones
877 1798 1003 1836 suas
1027 1781 1392 1850 unusquisque
1418 1783 1704 1837 revertitur
1728 1799 1742 1847 ;
1763 1800 1897 1852 quo-

2015 629 2097 677 re,
2121 611 2280 682 753
2309 627 2428 667 cum
2455 611 2622 666 dicit:
2651 629 2669 662 ι
2707 609 2763 664 Si
2794 612 2916 681 quis
2943 611 3120 681 diligit
3145 625 3258 676 me,
3285 625 3591 666 sermonem

2011 718 2189 759 meum
2238 700 2497 767 servabit,
2542 711 2596 758 et
2623 702 2784 757 Pater
2829 716 2982 758 meus
3034 701 3222 769 diliget
3254 716 3402 767 eum,
3441 711 3495 758 et
3524 705 3594 758 atl
3654 683 3677 701 ’

2009 809 2132 848 eum
2161 793 2463 858 veniemus,
2493 801 2548 848 et
2577 793 2913 847 mansionem
2937 793 3076 861 apud
3105 806 3230 846 eum
3256 793 3585 847 faciemus?»

2009 882 2196 954 (Jaan.
2246 882 2384 954 xxv.)
2437 882 2589 938 Hanc
2631 883 2770 953 apud
2811 897 3140 952 quemquam
3187 897 3296 936 non
3333 896 3392 936 se
3437 898 3591 953 repe-

2007 973 2145 1029 risse
2177 973 2420 1043 requiem
2465 971 2840 1042 conqueritur,
2871 971 3095 1027 dicens:
3123 989 3142 1024 ι
3178 972 3378 1042 Vulpes
3408 972 3592 1030 foveas

2009 1067 2230 1131 habent,
2261 1076 2317 1120 et
2338 1065 2590 1120 volucres
2618 1063 2740 1120 (εωιί
2771 1064 2957 1130 nidos;
2989 1063 3160 1120 Filius
3204 1065 3442 1122 hominis
3479 1083 3586 1120 non

2006 1153 2170 1207 habet
2195 1154 2283 1207 ubi
2312 1162 2472 1221 caput
2497 1168 2654 1206 suum
2683 1152 2910 1208 reclinet
2953 1153 3105 1224 (Luc.
3133 1153 3234 1226 ix).
3269 1173 3288 1222 ε
3334 1155 3588 1225 Quisquis

2005 1259 2135 1313 ergo
2168 1243 2220 1296 in
2251 1246 2414 1298 corde
2443 1258 2542 1296 suo
2577 1242 2865 1310 cujuslibet
2899 1243 3120 1299 malitire
3145 1259 3351 1300 venena
3387 1261 3584 1301 conce-

2003 1333 2116 1403 pit,
2165 1332 2386 1386 festinet
2414 1332 2480 1385 de
2509 1331 2747 1401 pectoris
2780 1332 2862 1387 sui
2893 1331 3045 1387 fovea
3078 1332 3265 1403 vulpes
3307 1344 3582 1400 excutere,

2004 1432 2064 1476 ut
2089 1422 2142 1476 in
2173 1436 2239 1476 eo
2267 1422 2360 1476 Dei
2391 1420 2561 1476 Filius
2588 1430 2751 1492 caput
2778 1437 2936 1477 suum
2964 1423 3160 1479 merito
3187 1423 3382 1480 debeat
3425 1425 3582 1480 recli-

2003 1527 2153 1567 nare.
2181 1511 2225 1568 Ο
2264 1522 2320 1567 ιιι
2346 1513 2592 1582 quisquis
2618 1528 2698 1578 es,
2729 1527 2826 1569 cor
2871 1522 3043 1579 tuum,
3075 1515 3328 1584 spelazum
3372 1516 3583 1574 scilicet

2003 1602 2262 1672 vulpium,
2295 1602 2348 1656 in
2379 1618 2642 1658 arcanum
2680 1612 2844 1658 castae
2874 1605 3240 1661 meditationis
3261 1615 3412 1662 verte
3430 1622 3580 1664 mor-

2002 1691 2196 1745 tarium
2223 1710 2236 1744 ε
2261 1692 2313 1746 in
2343 1708 2452 1762 quo
2481 1691 2733 1748 videlicet
2760 1708 2955 1748 manna
2983 1695 3225 1752 cmlestis
3253 1697 3580 1767 eloquiinon

2002 1783 2221 1839 desinas
2257 1784 2530 1839 subtiliter
2559 1794 2756 1849 terere,
2788 1796 2846 1840 ut
2873 1785 3084 1843 oleatus
3113 1804 3180 1844 ex
3209 1803 3275 1844 en
3302 1790 3456 1860 panis
3483 1792 3578 1847 tibi

309 1869 474 1934 niam,
507 1871 647 1925 sicut
675 1872 805 1926 dicit
829 1871 1136 1940 Apostolus,
1180 1872 1292 1940 ipse
1319 1873 1578 1927 Dominus
1623 1874 1676 1930 in
1714 1873 1891 1942 jussu,
1928 1873 1968 1930 Β
1995 1873 2176 1931 valeat
2219 1875 2524 1944 provenire.
2576 1875 2738 1931 Panis
2781 1875 2928 1932 enim
2973 1877 3184 1934 oleatus
3230 1894 3400 1936 sacra:
3427 1879 3576 1936 Scri-

306 1972 363 2018 et
392 1962 444 2016 in
471 1976 602 2018 voce
630 1961 936 2032 archangeli
963 2002 976 2026 ,
1004 1972 1058 2016 et
1092 1961 1145 2015 in
1196 1963 1324 2016 tuba
1356 1962 1447 2016 Dei
1495 1963 1784 2019 descendet
1827 1967 1893 2020 de

306 2052 447 2108 cmlu
471 2070 484 2106 :
509 2061 560 2106 et
576 2053 771 2108 mortui
788 2053 878 2123 qui
897 2053 948 2108 iu
967 2053 1187 2108 Christo
1200 2063 1344 2119 sunt,
1361 2064 1644 2124 resurgent
1666 2054 1716 2125 (Ι
1738 2054 1889 2111 Thes.

306 2143 403 2213 tv).
434 2143 572 2210 Quid
598 2153 680 2198 est
705 2145 847 2199 enim
879 2144 932 2198 in
961 2159 1094 2200 voce
1139 2146 1445 2215 archangeli
1474 2155 1527 2200 et
1555 2148 1606 2200 in
1638 2147 1731 2201 Dei
1767 2148 1891 2203 tuba

305 2233 653 2298 descendere,
702 2232 805 2287 nisi
837 2235 1233 2304 quodammodo
1270 2237 1690 2291 consonantibus
1739 2238 1892 2291 tuba-

305 2340 424 2379 rum
453 2323 796 2398 clangoribus
824 2325 1114 2382 intonare?
1148 2326 1216 2381 Et
1236 2327 1364 2397 quid
1399 2337 1483 2383 est
1508 2338 1752 2384 mortuos
1797 2330 1888 2399 qui

304 2420 357 2473 in
383 2418 602 2474 Christo
629 2427 772 2483 sunt,
804 2433 1107 2488 resurgere,
1135 2418 1240 2474 nisi
1275 2418 1342 2473 ad
1371 2421 1738 2488 possessiones
1765 2436 1890 2476 suas

302 2524 738 2578 unumquemque
765 2509 1000 2578 redire?
1030 2509 1179 2564 Tunc
1227 2509 1372 2564 enim
1416 2509 1711 2578 Abraham,
1762 2521 1890 2565 tunc

301 2598 537 2670 Moyses,
567 2608 696 2655 tunc
723 2609 870 2654 certe
905 2598 1129 2665 Pilatus,
1169 2607 1296 2655 tunc
1347 2599 1610 2666 Herodes,
1653 2612 1778 2656 tunc
1803 2600 1889 2670 ju-

297 2695 415 2747 slus
460 2691 710 2760 quisque,
759 2693 871 2747 sive
913 2699 1191 2759 peccator,
1239 2691 1304 2744 ad
1339 2692 1737 2760 possessionum
1763 2707 1886 2744 sua-

300 2797 418 2836 rum
441 2782 565 2851 jura
616 2781 908 2836 revertitur
936 2797 951 2846 ;
981 2797 1104 2836 cum
1135 2796 1320 2847 carne,
1355 2798 1518 2850 quam
1558 2784 1624 2835 ad
1674 2791 1890 2851 tempus

298 2872 652 2942 deposuerat,
689 2870 1030 2924 reinduitur:
1065 2878 1130 2923 ιιι·
1170 2885 1291 2924 cum
1341 2872 1458 2940 ipso
1506 2886 1604 2924 suo
1651 2887 1880 2941 corpore

297 2962 664 3030 unusquisque
693 2961 919 3034 recipiat
939 2961 1080 3029 quod
1107 2970 1364 3014 meretur.
1389 2959 1598 3014 Habent
1621 2970 1881 3031 praeterea

295 3067 440 3106 nunc
469 3051 682 3121 reprobi
711 3050 991 3120 utriusque
1021 3051 1337 3106 substantia:
1362 3053 1758 3120 quodaimuodo
1790 3067 1878 3108 re-

293 3140 498 3210 quiem,
528 3140 654 3210 quia
691 3149 746 3195 et
770 3140 1072 3194 animarum
1098 3155 1316 3195 suarum
1347 3151 1402 3196 et
1431 3157 1721 3211 corporum
1751 3158 1875 3213 per-

296 3208 483 3290 liciunt
545 3208 914 3302 voluptatem,
982 3242 1042 3286 ut
1113 3232 1367 3287 nimirum
1430 3208 1948 3303 con—cupisccutimc

291 3327 553 3392 ﬂamma,
620 3342 741 3396 qua:
808 3334 1062 3395 tanquam
1118 3339 1183 3381 ex
1262 3326 1478 3380 camino
1546 3326 1875 3395 Chaldaico,

291 3419 537 3474 :estuanti
570 3431 757 3474 eorum
799 3428 1009 3482 mente,
1039 3417 1399 3489 progreditur,
1446 3417 1513 3472 ad
1566 3419 1763 3488 septies
1790 3435 1877 3474 se-
1938 3465 1948 3478 .

287 3515 436 3577 ptem
463 3507 625 3578 (Dan.
656 3507 759 3576 ιιι),
787 3508 888 3562 hoc
913 3519 996 3562 est
1021 3507 1086 3560 ad
1117 3507 1473 3578 quadraginta
1508 3523 1724 3574 novem,
1749 3525 1878 3565 con-

291 3610 514 3666 surgere
545 3596 830 3670 videatur;
873 3596 965 3650 sed
1009 3597 1260 3665 quoniam
1305 3597 1371 3650 ad
1423 3597 1707 3664 unitatem,
1759 3615 1878 3668 qure

292 3686 433 3741 Deus
467 3695 572 3750 est,
597 3700 661 3738 ex
692 3685 886 3739 utentis
914 3685 1208 3741 intentione
1232 3702 1342 3740 non
1369 3687 1618 3756 tendunt,
1644 3689 1711 3743 ad
1732 3689 1874 3746 beati

289 3775 497 3832 Jubiltei
528 3775 914 3847 plenitudinem
945 3791 1050 3829 non
1077 3775 1409 3844 pervenient.

895 3867 1127 3924 CAPUT
1176 3868 1262 3922 IV.

575 3947 850 4040 Quomodo
884 3963 1021 4020 Deus
1052 3966 1105 4019 in
1150 3964 1298 4018 nobis
1335 3965 1586 4034 quiescat.
1663 3951 1667 3954 ’
1827 4022 1831 4025 _

359 4055 467 4112 Sed
495 4055 584 4127 qui
611 4055 895 4111 Jubilzeum
926 4055 1056 4120 Deo,
1108 4056 1209 4111 huc
1237 4065 1319 4110 est
1368 4057 1632 4126 requiem,
1676 4059 1872 4127 qumri-

289 4162 432 4212 mus,
463 4155 518 4202 et
542 4146 644 4217 ipsi
673 4144 957 4217 Jubilteum
988 4145 1098 4200 Deo
1128 4145 1178 4200 in
1224 4145 1378 4201 nobis
1406 4147 1666 4202 exhibere
1705 4147 1868 4201 debe-

287 4253 424 4294 mus.
457 4237 513 4292 ln
552 4237 706 4306 cujus
731 4237 873 4291 enim
903 4236 1065 4292 corde
1100 4239 1236 4291 Deus
1267 4238 1320 4290 in
1353 4237 1456 4292 hac
1485 4238 1595 4292 vita
1627 4238 1871 4306 requies-

287 4341 414 4383 cere
435 4341 540 4380 non
564 4325 917 4396 permittitur,
941 4324 988 4379 ei
1016 4324 1354 4393 postmodum
1379 4325 1616 4381 emlestis
1635 4329 1759 4381 vita:
1782 4343 1867 4382 re-

282 4417 461 4487 quiem
485 4432 592 4470 nou
635 4413 880 4484 largitur.
910 4413 1157 4483 Nunquid
1203 4414 1344 4468 enim
1386 4414 1440 4469 in
1469 4416 1624 4471 nobis
1657 4415 1863 4473 Jubilaai

283 4503 683 4582 quodammodo
715 4503 950 4572 quietem
988 4518 1092 4557 non
1130 4503 1370 4572 expetit,
1405 4520 1525 4558 cum
1551 4520 1646 4574 per
1670 4505 1861 4561 Isaiam

282 4595 513 4651 dicitur:
544 4614 561 4644 ι
593 4592 766 4664 Super
785 4608 941 4669 quem
973 4593 1277 4663 requiescet
1301 4592 1536 4663 Spiritus
1565 4610 1734 4660 meus,
1760 4597 1862 4652 nisi

280 4697 443 4754 super
467 4683 726 4738 humilem
773 4691 828 4738 et
859 4683 1122 4752 quietum,
1149 4692 1204 4738 et
1233 4693 1554 4738 trementem
1583 4700 1863 4744 sermones

280 4773 470 4828 meos?
509 4792 530 4826 ι
566 4771 728 4843 (Isai.
755 4772 932 4844 uri.)
966 4772 1214 4843 Nunquid
1243 4781 1296 4827 et
1326 4773 1570 4828 columba
1603 4775 1712 4842 illa,
1742 4791 1863 4845 quae

284 4874 416 4918 tunc
448 4863 697 4918 eumdem
736 4863 994 4932 Spiritum
1041 4863 1419 4935 praesignabat,
1465 4864 1704 4934 requiem
1756 4881 1859 4921 non

277 4954 596 5024 quaerebat?
625 4953 701 5008 De
728 4969 832 5022 qua
857 4953 1051 5024 legitur
1079 4971 1092 5009 :
1122 4971 1141 5006 ι
1179 4953 1313 5021 Quia
1334 4969 1458 5009 cum
1489 4970 1595 5034 non
1623 4954 1860 5011 invenis-

275 5056 360 5100 set
393 5045 480 5101 ubi
511 5045 875 5116 requiesceret
897 5060 992 5114 pes
1018 5045 1153 5116 ejus,
1183 5059 1395 5104 reversa
1429 5053 1512 5099 est
1548 5047 1616 5099 ad
1663 5045 1855 5101 Noe'iu

275 5150 458 5190 arcam
510 5133 661 5198 (Gen.
707 5134 848 5204 vm).
908 5133 936 5187 ι’
968 5132 1224 5188 Columba
1274 5135 1468 5202 quippe
1515 5137 1752 5204 requiem
1800 5137 1853 5190 in

275 5223 458 5291 mundi
505 5224 859 5292 periclitantis
882 5239 1020 5292 aqua
1052 5239 1154 5277 non
1197 5223 1422 5287 invenit,
1453 5225 1577 5292 quia
1625 5225 1857 5294 Spiritus

278 5325 504 5369 sanctus
546 5316 598 5369 in
626 5316 708 5368 his
755 5314 848 5384 qui
872 5330 991 5368 eum
1017 5313 1214 5368 mundo
1236 5314 1526 5383 depereunt
1552 5315 1854 5370 nullatenus

277 5405 587 5474 requiescit.
616 5407 696 5460 Ad
726 5420 905 5460 arcam
928 5418 1073 5470 vero,
1107 5403 1285 5473 inqua
1313 5415 1470 5458 erant
1493 5415 1615 5458 octo
1642 5394 1850 5467 animae,

216 5515 219 5519 ·
275 5495 520 5551 oalumba
545 5499 862 5563 revertitur;
893 5496 1019 5568 quia
1043 5497 1094 5551 in
1125 5495 1228 5550 illis
1253 5506 1473 5551 sanctus
1495 5494 1727 5565 Spiritus
1755 5494 1852 5568 ha—

275 5587 449 5642 bitare
474 5588 720 5655 dignatur
775 5591 828 5644 in
860 5589 1057 5660 quibus
1086 5605 1182 5659 per
1210 5589 1483 5643 lavacrum
1515 5588 1854 5656 baptismatis

274 5688 420 5733 certa
467 5694 589 5748 spes
617 5687 700 5734 est
741 5679 910 5735 beatae
941 5679 1370 5735 resurrectionis.
1415 5677 1564 5733 Unde
1590 5679 1850 5747 scriptum

273 5780 355 5825 est
382 5789 393 5824 :
427 5789 445 5823 ι
483 5769 716 5841 Spiritus
743 5771 835 5827 Dei
864 5769 1138 5828 ferebatur
1166 5785 1327 5842 super
1355 5785 1522 5840 aquas
1544 5768 1694 5842 (Gen.
1731 5772 1792 5841 ι).
1827 5789 1846 5822 ι

1996 1973 2172 2034 plura:
2214 1973 2298 2020 est
2347 1963 2692 2029 intellectus,
2759 1963 2995 2034 Spiritus
3063 1967 3235 2022 sancti
3311 1969 3578 2027 suavitate

1994 2055 2262 2110 conditus.
2311 2053 2438 2110 llaec
2486 2054 2603 2120 tibi,
2634 2053 2802 2110 frater
2841 2055 3183 2122 charissime,
3223 2055 3460 2127 Spiritus
3490 2060 3574 2114 in-

1993 2149 2124 2204 fluat
2157 2148 2483 2221 [infundat];
2530 2149 2620 2204 hic
2651 2165 2683 2203 a
2717 2157 2768 2203 te
2795 2163 2917 2204 cum
2948 2149 3178 2204 Samson
3220 2152 3453 2220 torporis
3493 2161 3577 2206 at-

1992 2257 2096 2312 que
2127 2242 2346 2298 desidia:
2373 2256 2569 2297 nexum
2617 2241 3042 2312 abjieiat,atquc
3088 2241 3154 2295 ad
3193 2241 3404 2297 fortiter
3449 2258 3580 2298 cum.

1994 2334 2150 2389 hoste
2197 2334 2515 2389 certandum
2543 2332 2818 2388 ferventer
2846 2333 3107 2388 accendat
3133 2331 3337 2403 (ludia.
3366 2332 3500 2401 xvi).

2060 2424 2116 2478 ln
2141 2423 2443 2494 desperatis
2481 2423 2700 2492 quidem
2731 2422 2894 2477 rebus
2920 2422 3212 2494 gloriosum
3239 2431 3323 2486 est
3354 2421 3573 2478 fortiter

1990 2530 2185 2586 agere;
2223 2514 2451 2585 insignis
2480 2512 2736 2584 praeconii
2771 2521 2857 2568 est
2905 2515 3042 2568 eum'
3080 2513 3172 2581 qui
3203 2522 3487 2568 corruerat
3516 2513 3570 2568 in

1992 2606 2224 2668 ruinam,
2257 2603 2590 2674 inopinatam
2619 2609 2897 2671 reportare
2927 2601 3234 2658 victoriam.
3284 2601 3570 2660 Marcellus

1989 2709 2182 2764 nempe
2209 2695 2577 2750 Romanorum
2621 2691 2834 2759 consul,
2888 2693 3016 2748 dum
3065 2693 3122 2747 in
3167 2708 3360 2749 manus
3383 2693 3566 2750 Gallo-

1987 2800 2108 2839 rum
2134 2784 2468 2854 improvidus
2494 2783 2795 2849 incidisset,
2826 2790 2901 2847 et,
2930 2782 3158 2837 armatis
3188 2783 3435 2839 hostibus
3465 2800 3566 2839 un-

1984 2874 2148 2944 dique
2180 2872 2546 2938 circumfusis,
2582 2871 2784 2943 aufugii
2814 2887 3036 2943 prorsus
3063 2872 3243 2927 aditus
3269 2886 3378 2928 non
3403 2881 3566 2940 .patc-

1986 2974 2088 3029 ret,
2141 2965 2196 3019 in
2225 2965 2594 3020 Vitromarum
2647 2959 3076 3036 [Virdomarum]
3123 2949 3302 3033 regem
3352 2961 3564 3016 illorum

1983 3065 2240 3124 tanquam
2276 3053 2478 3109 fu‘lmen
2525 3052 2958 3109 ferventissimus
3004 3052 3194 3107 irruit:
3224 3066 3398 3122 eoque
3448 3067 3565 3121 per-

1981 3153 2191 3214 empto,
2238 3144 2500 3216 plurimas
2549 3158 2764 3213 quoque
2812 3157 2936 3198 eum
2979 3141 3182 3213 collega
3209 3157 3338 3206 suo,
3383 3141 3564 3197 Marco

1983 3239 2237 3294 videlicet
2276 3237 2552 3308 Scipione,
2591 3237 2829 3292 hostium
2861 3235 3045 3305 copias
3095 3236 3386 3291 interemit.
3425 3235 3561 3302 Quid

1981 3344 2110 3399 ergo
2142 3329 2334 3383 mirum
2363 3329 2408 3383 si
2459 3327 2604 3398 quod
2651 3327 2912 3382 adversus
2957 3326 3226 3393 hominem
3269 3324 3438 3398 fuisse
3466 3340 3562 3394 per

1982 3419 2272 3474 humanam
2323 3418 2691 3473 fortitudinem
2745 3404 3171 3479 constat,'nunc
3210 3424 3398 3471 contra
3444 3417 3558 3484 dia-

1981 3507 2162 3564 bolum
2191 3523 2287 3578 per
2313 3509 2568 3564 virtutem
2605 3506 2778 3563 sancti
2811 3506 3051 3577 Spiritus
3083 3505 3214 3559 fiat?
3239 3505 3558 3562 Excutiatur

1978 3613 2129 3669 ergo,
2160 3598 2483 3654 charissime
2513 3597 2707 3661 frater,
2744 3611 2774 3651 a
2807 3603 2864 3650 te
2889 3596 3125 3666 degener
3176 3595 3335 3666 hujus
3382 3593 3556 3650 inoliti

1979 3689 2212 3759 torporis
2262 3688 2496 3759 ignavia,
2548 3687 2785 3743 viriliter
2831 3701 3026 3742 manus
3075 3679 3224 3767 arma
3273 3686 3553 3766 corripiat,

1976 3789 2032 3835 et
2053 3779 2269 3834 intortis
2293 3778 2720 3849 oppugnantium
2760 3776 2960 3846 jaculis
2988 3775 3151 3848 ’154
3175 3775 3424 3848 clypeum
3471 3775 3546 3831 in-

1976 3871 2122 3925 tima:
2154 3869 2660 3939 circumspectionis
2704 3876 2958 3937 opponat.
3011 3866 3120 3923 Nec
3150 3876 3201 3923 te
3229 3883 3354 3922 cum
3401 3863 3550 3923 [sho-

1975 3961 2094 4017 seth
2127 3961 2179 4015 in
2213 3960 2433 4028 inguine
2479 3958 2791 4028 percussuri
2839 3957 3128 4012 latrunculi
3179 3958 3451 4027 reperiant
3497 3958 3550 4012 in

1973 4052 2168 4106 lectulo
2193 4051 2553 4106 somniantem
2581 4048 2665 4118 (II
2687 4048 2814 4119 Reg.
2843 4048 2940 4118 tv),
2969 4050 3061 4103 sed
3087 4049 3266 4119 potius
3296 4065 3418 4103 cum
3449 4051 3551 4103 Da-

1970 4144 2060 4198 vid
2087 4142 2536 4198 Philisthiuorum
2569 4141 2785 4212 agmina
2833 4140 3072 4196 sentiant
3114 4141 3549 4212 insuperabiliter

1969 4233 2336 4294 obluctantem
2383 4232 2469 4302 (11
2499 4232 2628 4303 Reg.
2673 4233 2756 4310 ιι).
2817 4231 2884 4286 Ut
2927 4248 3057 4304 ergo
3105 4233 3272 4299 hanc,
3325 4243 3548 4290 auctore

1971 4325 2100 4390 Deo,
2151 4323 2411 4378 merearis
2453 4323 2701 4384 obtinere
2743 4323 3045 4388 victoriam,
3097 4338 3212 4396 non
3255 4323 3391 4378 ultra
3421 4338 3545 4378 cum

1968 4398 2172 4468 cainali
2204 4411 2295 4466 illo
2321 4411 2482 4467 Israel
2508 4412 2926 4466 immurmurans
2953 4412 3142 4480 dicas:
3172 4430 3192 4464 ι
3222 4412 3415 4474 Anima
3449 4427 3546 4466 no-

1969 4512 2081 4558 stra
2119 4501 2270 4556 arida
2319 4510 2422 4566 est,
2469 4501 2606 4556 nihil
2651 4499 2796 4556 aliud
2844 4495 3138 4571 respiciunt
3183 4499 3323 4556 oculi
3370 4497 3542 4554 nostrl

1968 4590 2071 4645 nisi
2097 4604 2296 4645 manna
2328 4587 2518 4660 (Nam.
2547 4589 2661 4659 ιι);
2701 4607 2724 4642 ι
2759 4589 2852 4644 sed
2880 4591 3056 4659 potius
3092 4587 3244 4644 laetus
3279 4597 3337 4643 et
3364 4587 3544 4642 alacer

1968 4698 2090 4738 eum
2133 4681 2402 4751 Propheta
2438 4681 2693 4737 decantes
2735 4699 2748 4735 :
2797 4698 2816 4732 ι
2857 4679 3026 4748 Quam
3072 4679 3248 4734 dulcia
3297 4665 3541 4733 faucibus

1968 4773 2102 4830 meis
2112 4773 2324 4842 eloquia
2340 4781 2614 4844 tua,super
2641 4771 2746 4827 mel
2767 4781 2821 4834 et
2844 4770 3022 4825 favum
3051 4771 3133 4826 ori
3160 4761 3281 4826 meo
3296 4771 3308 4823 ι
3323 4789 3342 4822 ι
3361 4767 3538 4846 (Psal.

1963 4863 2183 4933 cxvut.)
2214 4863 2455 4918 Aviditas
2483 4877 2612 4931 ergo
2649 4860 2881 4940 carnalis
2909 4860 3113 4916 deliciae
3141 4847 3307 4914 menti
3341 4869 3540 4914 nostra:

1964 4957 2304 5011 stomachum
2359 4961 2608 5023 vegetare
2663 4967 2768 5007 non
2823 4951 3052 5006 desinat.
3109 4949 3217 5004 lllae
3270 4947 3534 5017 siquidem

1966 5044 2212 5101 carnales
2237 5044 2408 5114 epulze
2435 5043 2566 5097 nihil
2596 5041 2736 5096 aliud
2765 5058 2922 5110 quam
2952 5057 3187 5097 vermem
3224 5040 3530 5104 enutriunt;

1965 5139 2080 5191 istze
2122 5151 2252 5190 vero
2298 5134 2431 5188 mori
2482 5133 2752 5187 hominem
2801 5147 2905 5185 non
2956 5131 3290 5201 permittunt,
3342 5128 3433 5183 sed
3481 5129 3533 5182 in

1962 5227 2148 5281 aeterni
2178 5226 2374 5280 viroris
2403 5225 2719 5278 ammnitate
2746 5223 3075 5276 custodiunt.
3109 5221 3211 5275 Illa:
3241 5221 3321 5274 sui
3351 5219 3535 5272 avidos

1962 5317 2014 5369 in
2052 5317 2173 5386 igne
2214 5330 2337 5370 cum
2373 5312 2537 5368 divite
2564 5297 2768 5383 guttam
2810 5327 2964 5382 aquae
3012 5312 3164 5366 sitire
3206 5308 3535 5379 compellunt

1961 5403 2110 5471 (Luc.
2140 5405 2280 5473 XVI);
2319 5404 2437 5458 ista:
2465 5418 2587 5458 cum
2616 5401 2832 5457 Daniele
2857 5410 3069 5457 secreta
3107 5401 3262 5455 nobis
3291 5398 3531 5470 mysterii

1955 5493 2192 5550 caelestis
2243 5493 2490 5562 aperiunt
2537 5491 2806 5561 (Damus).
2862 5492 2938 5548 De
2984 5491 3088 5546 illis
3134 5505 3299 5545 vero:
3349 5508 3368 5540 ι
3396 5487 3531 5542 Esca

1956 5584 2148 5648 ventri,
2181 5591 2236 5638 et
2265 5591 2458 5638 venter
2483 5583 2653 5647 escis;
2698 5583 2838 5638 Deus
2884 5591 3064 5636 autem
3113 5583 3256 5636 hunc
3304 5589 3359 5634 et
3413 5579 3532 5633 illas

1954 5675 2194 5728 destruet
2222 5670 2272 5740 (I
2296 5670 2420 5726 Cor.
2440 5671 2536 5741 vi).
2568 5691 2588 5723 ι
2622 5671 2697 5726 De
2727 5672 2845 5727 istis
2875 5681 3055 5726 autem
3099 5671 3336 5726 dicitur:
3374 5687 3391 5719 ι
3424 5668 3530 5722 Fa-

1955 5781 2054 5822 vus
2082 5765 2347 5822 distillans
2381 5765 2522 5823 labia
2553 5775 2663 5835 tua,
2695 5781 2925 5838 sponsa;
2957 5767 3062 5826 mel
3090 5778 3147 5824 et
3187 5767 3271 5820 lac
3309 5765 3409 5820 sub
3436 5764 3528 5817 lin-
