4026 6190
463 392 560 451 721

1201 398 1443 456 OPUSC.
1487 400 1670 456 XLIX.
1713 432 1784 441 -ο-
1823 401 1908 455 DE
1947 401 2304 456 PERFECTA
2351 401 2655 458 MONACIII
2695 403 2980 458 INFORM.

3633 402 3740 458 ’ἶεῇ

464 526 564 576 gua
593 515 684 562 tua
713 507 890 580 (Cant.
919 508 1012 576 ιν).
1049 525 1066 559 ι
1121 509 1188 564 Et
1223 511 1419 566 iterum
1451 529 1462 564 :
1496 532 1514 562 ι
1552 512 1696 568 Fons
1743 513 2044 573 hortorum,
2079 519 2124 574 Α
2155 517 2496 580 prudentiam
2546 524 2694 572 tuam
2743 517 2941 588 dirigo,
2974 529 3170 586 rogans
3198 523 3257 568 ut
3289 514 3434 568 illam
3482 527 3587 569 non
3617 529 3748 586 per-

467 607 660 666 puteus
699 613 968 666 aquarum
1011 599 1340 666 viventium,
1384 617 1504 672 qua:
1541 603 1710 659 linunt
1751 606 1954 676 impetu
1985 603 2052 658 de

465 686 675 746 Libano
704 684 918 757 (llud).
963 705 982 738 ι

495 821 500 826 .
541 777 614 830 De
673 778 1038 847 pretiosarum
1095 795 1225 836 vero
1277 782 1509 836 vestium
1576 765 1836 849 vanitate,
1897 783 2054 852 cujus

471 865 659 920 morbo
704 865 904 924 diceris
947 868 1218 936 laborare,
1269 885 1376 944 non
1421 872 1640 940 scribo;
1679 873 1804 944 quia
1853 873 2054 944 stylum

469 960 610 1014 ultra
653 960 978 1042 producere,
1017 963 1160 1018 sicut
1199 963 1316 1034 ipse
1340 966 1654 1042 perpendis,
1683 965 1870 1022 charta
1915 966 2054 1021 defi-

467 1052 668 1117 ciente,
699 1066 806 1112 non
835 1039 1014 1108 valeo.
1053 1052 1136 1108 Ad
1163 1055 1448 1124 epistolam
1477 1039 1612 1128 ergo
1635 1072 1799 1127 quam
1835 1072 2055 1112 venera-

467 1141 558 1198 bili
587 1140 771 1198 abbati
805 1151 896 1198 tuo
923 1143 1204 1200 Mainardo
1229 1160 1392 1216 super
1423 1148 1526 1204 hoc
1563 1149 1802 1203 themate
1840 1149 2052 1218 scripsi.

2155 609 2426 674 functoria
2475 609 2759 665 celeritate
2809 618 3176 671 transcurras,
3227 607 3324 660 sed
3373 605 3661 678 vigilanter
3687 605 3742 660 in

2156 715 2218 756 ea
2255 716 2377 768 quae
2413 699 2670 756 momenti
2710 707 2836 754 sunt
2873 699 3142 752 attendas.
3192 697 3546 766 Omnipotens
3575 697 3744 761 Deus,

2157 791 2512 846 dilectissime
2554 789 2744 856 frater,
2773 787 3016 845 carnalis
3051 804 3245 844 sensus
3287 789 3338 842 iu
3368 799 3418 842 te
3446 789 3590 843 vires
3614 804 3744 844 eva-

2158 891 2304 947 cuet,
2338 891 2394 938 et
2425 890 2662 937 mentem
2700 890 2849 936 tuam
2897 882 2950 936 in
2992 875 3289 950 spiritu‘alis
3328 881 3586 935 desiderii
3619 879 3747 936 soli-

2158 973 2328 1029 ditate
2361 967 2667 1028 conﬁrmet.

2493 1065 2578 1120 Sit
2617 1081 2800 1118 nomen
2835 1063 3044 1116 Domini
3083 1063 3426 1118 benedictmn.

493 1308 3737 1338 m—W

587 1424 970 1562 ⁷⁵⁵⁷⁵⁸
1023 1445 1809 1556 OPUSCULUM
1879 1443 3021 1574 QUADBAGESIMUM
3091 1452 3600 1558 NONUM.

1267 1651 1374 1712 DE
1417 1645 1836 1716 PERFECTA
1866 1652 2240 1714 MONACHI
2295 1652 2935 1715 INFOBMATIONE.

1797 1821 2415 1852 .——————*

469 1903 868 1972 Accusamus.
891 1929 962 1940 --
985 1897 1220 1972 Sanetus
1243 1898 1436 1954 doctor
1465 1897 1714 1972 fratrueli
1748 1912 1848 1972 suo
1883 1897 2158 1972 Classensi
2203 1899 2470 1954 monacho
2497 1899 2724 1957 salutem
2754 1902 2904 1966 dicit,
2935 1917 3168 1972 eumque
3199 1903 3460 1962 adversus
3487 1905 3748 1964 daemonis

543 1969 763 2046 insidias
791 1968 1327 2046 salutarilms_armat
1357 1969 1600 2046 monitis.
1634 1969 1888 2046 omnium
1919 1969 2155 2046 primum
2200 1977 2394 2046 monet
2423 1977 2480 2046 ut
2507 1973 2756 2046 corporis
2785 1974 2838 2046 in
2867 1988 2932 2028 eo
2964 1968 3272 2046 mundities,
3307 1980 3663 2046 temperantia
3693 1980 3748 2034 in

541 2041 707 2118 victu,
737 2040 1000 2118 orationis
1025 2039 1281 2118 studium,
1309 2039 1475 2118 animi
1491 2039 1782 2118 _de_missio,
1811 2039 2135 2118 obedientia:
2162 2039 2335 2094 virtus
2365 2041 2588 2118 en_itea:.
2612 2039 2620 2040 “
2641 2043 3044 2118 Deinde_rogat
3075 2039 3393 2100 muliebrem
3419 2039 3748 2118 'con_victum

538 2111 725 2176 evitet,
773 2109 1040 2188 n_I_Illisq_ue
1076 2110 1366 2188 verborum
1399 2107 1537 2188 fucis
1569 2111 1624 2163 in
1650 2109 2130 2188 congressionibus
2168 2119 2368 2163 utatur.
2423 2111 2774 2188 ltermnorat
2803 2107 3044 2188 amniﬁm
3073 2129 3316 2188 amorem
3347 2107 3658 2188 restringat,
3685 2135 3756 2175 ne

543 2193 740 2249 munus
769 2179 987 2249 aliquod
1023 2179 1264 2244 ambiat,
1301 2180 1370 2234 de
1399 2179 1628 2234 aliorum
1675 2179 1819 2234 fama
1853 2194 1922 2234 ne
1960 2180 2231 2242 detrahat,
2263 2195 2360 2248 per
2389 2182 2562 2235 morbi
2593 2182 2997 2238 simulationem
3038 2185 3120 2238 sui
3161 2186 3430 2241 rationem
3459 2179 3654 2244 haberi
3685 2205 3754 2244 ne

541 2247 742 2319 cupiat.
765 2247 1062 2305 Postremo
1091 2250 1164 2328 illi
1191 2251 1480 2328 suadetne
1507 2250 1960 2319 reprehensiones
1997 2250 2066 2304 ad
2096 2247 2277 2306 aures
2314 2250 2586 2315 admittat,
2617 2252 2802 2321 lapsus
2831 2263 3108 2324 agnoscat,
3135 2269 3450 2328 paucosque
3486 2275 3516 2313 e
3545 2260 3752 2326 multis,

541 2333 744 2390 eosque
772 2329 1030 2388 spectata:
1061 2320 1276 2375 virtutis
1312 2320 1572 2376 imitetur.

543 2413 758 2470 Perses
787 2423 1042 2484 peccator
1077 2415 1375 2470 monachus
1403 2415 1619 2471 Manmo
1649 2416 1874 2486 puerulo
1901 2416 2048 2472 salu-
2082 2417 2127 2478 Β

473 2516 582 2563 tem
617 2507 672 2562 iu
698 2508 962 2564 Domino-

989 2598 1217 2655 CAPUT
1259 2597 1552 2654 PRIMUM.

661 2691 796 2759 Quae
829 2707 958 2746 cura
991 2690 1198 2746 tuenda:
1227 2691 1486 2746 castitatis
1513 2690 1754 2745 habenda
1790 2691 1875 2746 ait.

545 2784 719 2840 Rudis
759 2785 864 2840 tiro
889 2782 1050 2838 facile
1091 2783 1146 2838 in
1173 2783 1350 2860 prima
1377 2783 1499 2838 belli
1531 2785 1914 2854 congressione
1939 2798 2060 2853 pro-

475 2875 756 2940 sternitur,
781 2875 906 2940 nisi,
947 2875 1190 2930 adhibito
1221 2875 1372 2944 prius
1400 2875 1826 2944 campidoctoris
1861 2873 2062 2940 ofﬁcio,

477 2967 789 3038 diligentius
835 2965 1178 3022 informetur.
1211 2966 1292 3020 Tu
1325 2975 1530 3034 autem,
1557 2969 1650 3038 qui
1680 2983 1854 3038 nuper
1901 2969 1952 3022 iu
1983 2969 2063 3022 di-

476 3060 616 3113 vina:
651 3058 856 3113 militia:
893 3067 1233 3113 sacramenta
1269 3057 1492 3125 jurasti,
1523 3059 1616 3128 qui
1649 3057 1702 3112 in
1731 3057 2064 3129 professione
2115 3117 2124 3126 η

478 3148 654 3202 sancti
699 3147 962 3217 propositi
1009 3147 1154 3202 inter
1195 3147 1435 3217 pueriles
1463 3147 1578 3202 ala
1613 3163 1810 3204 nomen
1845 3147 2063 3214 dedisti,

476 3239 624 3294 inter
651 3239 767 3308 ipsa
795 3247 1100 3295 castrorum
1137 3237 1500 3309 spiritualium
1533 3239 1836 3296 rudimenta
1867 3253 2065 3308 cogno-

479 3331 650 3386 sceris
676 3338 828 3386 tanto
853 3329 1176 3400 propensius
1201 3329 1532 3386 salutaribus
1553 3329 1774 3386 monitis
1797 3328 2066 3400 indigere.

481 3427 686 3489 quanto
713 3433 822 3474 non
855 3428 1154 3486 terrenam,
1185 3419 1282 3474 sed
1307 3418 1550 3476 divinam
1593 3418 1776 3488 potius
1813 3419 2064 3474 militiam

484 3511 714 3566 adorans
753 3525 814 3566 es
855 3507 1115 3579 baiulare.
1154 3511 1230 3564 De
1253 3525 1358 3579 qua
1393 3510 1651 3566 nimirum
1682 3511 1814 3566 dicit
1836 3510 2065 3579 Aposto-

481 3600 605 3656 lus:
633 3616 656 3654 ι
685 3600 746 3656 In
791 3615 958 3656 carne
1005 3601 1152 3664 enim
1197 3600 1566 3666 ambulantes,
1614 3615 1724 3658 non
1769 3602 2064 3658 secundum

483 3705 707 3746 carnem
751 3691 1072 3746 militamus.
1121 3689 1258 3746 Nam
1283 3706 1436 3746 arma
1466 3692 1674 3748 militiae
1703 3703 1926 3762 nostra,
1959 3709 2066 3752 non

480 3781 745 3847 «arnalia,
773 3781 869 3836 sed
894 3782 1134 3850 potentia
1159 3783 1270 3838 Deo
1295 3791 1424 3838 sunt
1449 3781 1534 3853 (U
1559 3782 1684 3838 Cor.
1711 3783 1792 3852 x).
1823 3803 1844 3838 ι

554 3873 722 3930 Porro
744 3881 925 3928 autem
951 3875 1080 3944 quia
1101 3875 1739 3946 eonsanguinitatistmihi
1767 3877 2068 3935 necessitu-

491 3963 609 4018 Jinc
629 3963 899 4035 iungeris,
943 3963 1220 4021 fratruelis
1245 3967 1445 4037 quippe
1471 3981 1554 4034 es,
1583 3967 1822 4024 arbitror
1851 3979 1956 4026 tuae
1984 3985 2072 4026 sa-

485 4053 612 4109 lutis
634 4069 822 4109 curam
852 4047 917 4110 eo
945 4056 1076 4112 mihi
1103 4057 1462 4127 periculosius
1487 4057 1824 4127 impendere,
1851 4075 1960 4130 quo
1989 4069 2072 4116 te-

487 4160 616 4199 nera
649 4153 738 4200 tua
771 4145 948 4202 adhuc
973 4143 1344 4214 actam-aliena:
1363 4148 1483 4217 opis
1511 4149 1714 4220 indiga,
1745 4151 1800 4205 id
1822 4152 2070 4206 videatur

488 4245 543 4288 et
581 4251 650 4290 ex
680 4237 862 4292 debito
912 4251 1127 4306 quoque
1171 4238 1592 4308 propinquitatis
1639 4239 1878 4310 exigere.
1931 4239 2068 4296 Nam

485 4341 606 4382 Clllll
627 4327 914 4398 Apostolus
938 4339 1158 4385 censeat
1187 4345 1311 4386 eum
1343 4331 1438 4400 qui
1467 4331 1534 4386 ad
1561 4331 1903 4402 episcopatus
1947 4333 2065 4404 api-

490 4434 608 4474 cem
633 4429 1002 4488 promovetur,
1047 4420 1187 4476 filios
1212 4421 1414 4477 habere
1445 4421 1646 4478 debere
1667 4423 1914 4480 subditos
1944 4439 2067 4480 cum

487 4509 632 4562 omni
655 4509 903 4564 castitate
921 4507 973 4580 (Ι
994 4509 1130 4565 Tim.
1154 4509 1260 4580 lit),
1283 4519 1448 4581 atque
1471 4512 1524 4567 in
1545 4513 1790 4582 catalogo
1809 4513 2066 4570 virtutum
2085 4511 2090 4518 ’

487 4602 806 4664 sacerdotis,
835 4601 998 4656 etiam
1029 4601 1258 4656 ﬁliorum
1277 4601 1594 4671 pudicitiam
1619 4613 1674 4659 et
1705 4605 2070 4662 obedientiam

486 4701 684 4770 ponat;
710 4701 766 4746 tu
792 4693 944 4756 mihi,
969 4693 1094 4748 licet
1115 4709 1220 4748 non
1244 4694 1320 4749 sis
1347 4695 1506 4760 filius,
1529 4709 1559 4747 a
1585 4709 1703 4749 mea
1733 4705 1912 4750 tamen
1938 4711 2067 4750 cura

487 4801 593 4841 non
619 4787 814 4842 merito
831 4787 1096 4857 judicaris
1126 4771 1442 4854 extraneas,
1468 4789 1556 4844 cui
1583 4803 1838 4859 germana
1870 4789 2070 4844 videris

489 4879 751 4936 aﬂiitate
796 4865 1500 4953 propinquusiprzesertim
1547 4869 1673 4937 eum
1721 4891 1774 4936 et
1820 4881 1936 4952 ipse
1971 4883 2068 4936 tibi

488 4971 864 5028 monachicum
915 4972 1232 5027 tradiderim
1281 4972 1546 5035 habitum,
1586 4987 1692 5027 non
1739 4972 1857 5027 sine
1902 4985 2067 5026 causa

490 5077 578 5118 me
641 5077 674 5116 a
733 5061 1221 5120 consultationibus
1272 5063 1379 5118 tuis
1450 5061 1680 5118 dilliteor
1739 5061 2064 5117 absolutum.

2779 2415 3008 2472 CAPUT
3049 2415 3111 2472 ll.

2344 2505 2499 2572 Quod
2537 2507 2797 2562 sobrietas
2839 2519 2915 2562 est
2954 2510 3211 2563 castitatis
3248 2510 3576 2578 prcesldt'um.

2235 2595 2322 2652 Sit
2347 2613 2478 2667 ergo
2509 2597 2604 2652 tibi
2634 2600 2860 2654 castitas
2893 2614 3112 2670 semper
3143 2601 3198 2655 in
3230 2616 3482 2672 corpore,
3514 2603 3586 2658 sit
3611 2617 3755 2660 sem-

2163 2701 2263 2756 per
2291 2688 2345 2742 in
2377 2698 2588 2754 mente;
2639 2699 2908 2758 quatenus
2942 2691 3020 2747 sic
3047 2687 3154 2745 lilia
3189 2692 3758 2764 iridiscipliuatte.car—

2165 2781 2250 2836 nis
2301 2779 2448 2836 velut
2497 2793 2738 2837 exarata:
2795 2791 2956 2838 terra:
3016 2785 3227 2840 cultura
3285 2787 3650 2856 candescant,
3696 2793 3762 2844 ut

2167 2875 2318 2930 radix
2351 2890 2570 2945 quoque
2611 2875 2664 2930 in
2705 2877 2788 2930 sui
2821 2877 3018 2932 viroris
3053 2878 3227 2948 gratia
3277 2877 3590 2934 inconvulsa
3628 2894 3754 2950 per-

2167 2975 2411 3020 maneat.
2461 2966 2656 3022 Carnis
2705 2967 2890 3021 titillat
2939 2968 3217 3036 illecebra,
3246 2979 3477 3042 surgunt
3518 2971 3757 3028 libidinis

2171 3048 2470 3118 incentiva,
2497 3051 2564 3106 ad
2597 3053 2895 3122 apostolica
2924 3069 3048 3108 [nos
3093 3057 3195 3110 tela
3223 3059 3509 3126 prosiliens
3533 3060 3758 3134 (Εριιρε.

2171 3143 2271 3210 vl),
2324 3144 2700 3214 evangelicum
2757 3159 2976 3214 quoque
3048 3147 3287 3215 gladium
3343 3151 3576 3208 bellator
3642 3155 3758 3210 fer-

2170 3236 2328 3290 vidus
2356 3238 2568 3305 arripe;
2601 3243 2656 3290 et
2687 3235 2984 3292 frementes
3013 3251 3220 3292 cuneos
3245 3237 3594 3308 hostiumque
3635 3238 3759 3292 bar-

2168 3325 2402 3391 bariem,
2456 3326 2595 3381 duce
2635 3325 2892 3392 Christo,
2946 3323 3106 3381 facile
3157 3327 3362 3396 poteris
3407 3327 3757 3382 obtruncare.

2175 3417 2352 3473 Unum
2383 3426 2466 3473 est
2495 3425 2556 3472 ut
2585 3417 2858 3473 sobrietas
2901 3418 3145 3487 quotidie
3187 3419 3284 3474 tibi
3328 3434 3514 3476 comes
3565 3421 3638 3476 sit
3677 3421 3760 3474 in-

2169 3507 2410 3572 dividua,
2443 3521 2545 3562 nec
2569 3506 2865 3578 aliquando
2912 3521 2944 3562 a
2976 3515 3070 3564 tuo
3096 3507 3170 3564 sit
3197 3508 3450 3580 collegio,
3479 3509 3602 3580 gula
3631 3524 3758 3578 pru-

2171 3597 2372 3663 riente,
2421 3597 2654 3653 divulsa.
2693 3597 2798 3654 Ubi
2829 3599 2978 3654 enim
3025 3598 3296 3654 viscerum
3345 3598 3465 3669 peri
3510 3599 3756 3655 ciborum

2174 3690 2364 3760 repleti
2391 3701 2542 3757 sunt,
2574 3706 2732 3746 suum
2765 3691 2876 3747 illic
2901 3691 3090 3760 procul
3119 3691 3284 3748 dubio
3313 3693 3480 3748 robur
3509 3691 3612 3746 sibi
3645 3691 3761 3744 vin-

2172 3782 2320 3838 dicat
2359 3782 2578 3838 ﬂamma
2625 3783 2888 3840 libidinis.
2937 3783 3065 3840 Haac
3113 3785 3256 3840 enim
3295 3786 3470 3855 pestis
3505 3785 3762 3839 ariditate

2175 3873 2476 3942 repellitur,
2532 3879 2590 3928 et
2648 3872 2741 3928 ubi
2797 3870 2950 3928 eﬂ'eri
3005 3875 3256 3943 corporis
3311 3874 3510 3929 humor
3550 3873 3759 3938 deﬁcit,

2173 3964 2291 4019 haec
2344 3963 2510 4018 etiam
2556 3961 2857 4018 arescendo
2913 3963 3224 4018 marcescit.
3281 3962 3450 4019 Plane
3503 3971 3562 4018 ut
3618 3961 3761 4034 ignis

2173 4069 2328 4123 aqua:
2354 4094 2370 4120 ,
2415 4056 2495 4110 sic
2537 4055 2756 4109 luxuria
2785 4055 3014 4118 inimica
3058 4063 3143 4112 est
3172 4054 3384 4126 frigori,
3437 4067 3602 4124 atque
3638 4054 3762 4112 ideo

2173 4145 2266 4200 ubi
2319 4145 2610 4214 genuinum
2667 4145 2852 4200 carnis
2909 4145 3159 4201 ardorem
3216 4131 3464 4201 ciborum
3523 4145 3762 4202 fomenta-

2171 4233 2502 4298 destituunt,
2549 4232 2734 4288 fervor
2773 4248 2994 4304 quoque
3023 4233 3252 4290 luxuria:
3294 4249 3520 4291 necesse
3555 4243 3636 4290 est
3664 4251 3760 4290 ex-

2170 4327 2496 4396 stinguatur.
2525 4325 2658 4381 Nolo
2677 4341 2807 4397 ergo
2836 4327 2976 4382 cibis
3002 4326 3324 4384 lautioribus
3345 4327 3520 4382 inhies
3549 4345 3564 4384 :
3594 4327 3757 4398 757

2169 4416 2294 4472 nolo
2320 4419 2446 4474 vino
2485 4415 2774 4474 allluenter
2823 4418 3122 4490 indulgeas,
3165 4418 3282 4475 sive
3313 4419 3530 4490 deejus
3553 4419 3774 4474 coloris.

2172 4507 2450 4577 saporisve
2495 4506 2756 4564 distantia
2806 4507 3094 4578 aliquando
3119 4507 3400 4578 disputare
3441 4523 3757 4578 praesumas.

2173 4597 2286 4654 Hoc
2298 4598 2667 4668 teuuislageos
2690 4599 2886 4652 hor-ror
2904 4608 3212 4669 exasperat,
3236 4599 3364 4654 illud
3387 4601 3762 4656 venachoricm

2170 4690 2464 4746 debilitatis
2479 4699 2704 4744 enervat
2719 4706 2734 4754 ;
2749 4689 2893 4744 istud
2917 4691 3312 4759 porrothasiam
3329 4692 3510 4756 rubet,
3521 4692 3652 4748 illud
3665 4707 3760 4748 auo

2173 4792 2284 4838 tem
2308 4795 2476 4838 aureo
2505 4781 2818 4838 Hareotidis
2835 4782 3030 4836 decore
3046 4780 3322 4848 ﬂavescit;
3345 4782 3663 4852 prohibetur
3681 4783 3758 4838 lc-

2172 4876 2308 4941 ctio;
2334 4875 2616 4930 nauseanti
2639 4889 2808 4944 vappa
2827 4881 2942 4937 est;
2965 4873 3266 4943 baptisnms
3287 4873 3506 4944 irrepsit
3529 4892 3542 4928 :
3567 4889 3758 4944 exspe-

2171 4965 2314 5019 ctavi
2343 4964 2562 5035 quidem
2595 4964 2800 5028 vinum,
2826 4964 2920 5020 sed
2943 4964 3070 5020 huic
3088 4979 3242 5033 aqua:
3263 4965 3616 5036 perexiguum
3647 4965 3760 5019 vini

2171 5059 2386 5114 videtur
2429 5059 2750 5126 admistum;
2791 5059 2918 5114 huic
2953 5073 3083 5114 sane
3109 5059 3235 5114 vino
3265 5057 3504 5112 Auriniam
3539 5057 3756 5126 quidem

487 5151 673 5209 Primo
707 5155 971 5219 omnium,
1003 5153 1354 5210 dilectissime
1384 5151 1484 5220 liii,
1514 5155 1821 5232 castitatem
1851 5169 2068 5209 servare
2101 5179 2147 5238 ι)
2173 5147 2300 5204 vitis
2319 5147 2609 5218 plurimum
2632 5148 2892 5213 contulit,
2923 5149 3018 5212 sed
3069 5148 3307 5202 Rhaetica
3367 5147 3756 5216 propemodum

485 5239 732 5313 vigilanti
777 5243 1000 5301 solertia
1031 5253 1249 5315 satage,
1283 5251 1339 5299 et
1369 5259 1533 5300 omne
1562 5243 1770 5300 crimen
1801 5243 2066 5299 lethiferae

487 5329 802 5404 pollutionis
846 5333 1097 5400 exclude,
1123 5342 1184 5389 ut
1230 5333 1393 5395 scias.
1419 5333 1575 5405 juxta
1597 5331 1941 5403 Apostolum,
1969 5349 2068 5389 vas

488 5432 640 5478 tuum
663 5423 940 5494 possidere
961 5424 1015 5479 in
1039 5424 1466 5480 sanctificatione
1485 5433 1540 5480 et
1560 5425 1766 5480 honore
1781 5423 1830 5496 (ι
1883 5423 2062 5478 Thess.

411 5585 414 5588 _
489 5519 586 5586 tv).
649 5516 777 5571 Haec
826 5525 914 5571 est
957 5517 1104 5572 enim
1152 5517 1545 5584 sanctimonia,
1591 5517 1710 5573 sine
1759 5532 1867 5588 qua
1909 5531 2068 5573 nemo

489 5608 695 5664 videbit
723 5607 912 5662 Deum.
960 5605 1222 5663 Servetur
1253 5609 1446 5664 rutunda
1477 5609 1724 5679 corporis
1751 5610 1830 5665 tui
1863 5609 2063 5675 tunica,

490 5706 546 5751 et
575 5699 626 5752 in
656 5699 792 5754 tanti
820 5697 962 5768 regis
987 5698 1194 5774 nuptiis
1221 5697 1364 5754 nullo
1391 5701 1684 5769 petulantis
1728 5701 1952 5756 luxuria:
1983 5717 2068 5758 rc-

491 5781 732 5860 pctiatur
757 5789 1009 5860 squalore
1039 5787 1260 5845 ftntlata.
1815 5785 1818 5788 ’

2173 5254 2433 5311 superare
2465 5241 2760 5296 contendit.
2791 5239 2912 5295 Noli
2937 5240 3328 5310 itaquecallere
3349 5239 3478 5307 quid
3506 5237 3757 5310 Arigitis.

2171 5333 2301 5402 quid
2332 5332 2541 5387 Rhodia
2567 5333 2770 5402 sapiat;
2803 5345 2966 5401 quem
3023 5332 3308 5386 suavitatis
3357 5345 3603 5386 acrorem
3633 5347 3756 5386 cum
3793 5391 3800 5398 ,

2173 5421 2458 5494 purpureis
2488 5423 2694 5479 Preeiis
2720 5422 3064 5492 Psythiisque
3101 5430 3410 5491 componat.
3467 5421 3590 5476 Haec
3611 5422 3758 5477 enim

2173 5515 2354 5568 omnia
2383 5514 2520 5584 gula:
2574 5512 3002 5582 philosophantis
3036 5521 3164 5568 sunt
3213 5523 3550 5584 argumenta,
3575 5521 3631 5568 et
3673 5513 3754 5566 in-

2176 5605 2554 5679 gurgitationis
2578 5605 2951 5661 abominanda:
2970 5605 3218 5660 materia.
3247 5605 3300 5660 In
3323 5606 3602 5662 sumendis
3620 5619 3760 5673 ergo.-

2177 5697 2446 5752 alimentis
2479 5697 2716 5765 parcitas
2739 5695 3088 5766 asperitatem
3120 5698 3350 5767 mitiget,
3379 5698 3760 5768 vulgaritalem-

2180 5793 2435 5851 delibatio
2457 5793 2723 5864 wstigata
2745 5791 3108 5849 commendet.
3139 5791 3246 5848 Nec
3273 5792 3468 5848 sufﬁcit
3493 5792 3543 5844 in
3598 5803 3752 5842 escu-
