4054 6184
448 573 552 627 725

910 569 963 624 S.
1010 567 1212 624 PETRI
1249 567 1530 623 DAMIANI
1569 567 1714 623 OPP.
1760 566 1994 622 TOMUS
2027 564 2158 623 SEU
2203 567 2376 623 PARS
2416 567 2498 622 ΙΙΙ.
2525 599 2588 606 ——
2613 564 2973 623 OPUSCUIA
3013 549 3238 621 VARIA.
3327 583 3332 590 ν

3595 559 3699 616 724

451 682 770 739 lentioribus
793 681 927 735 cibis
950 683 1201 736 cohibere
1228 680 1528 750 crapulam,
1565 679 1662 735 nisi
1694 691 1748 734 et
1795 681 1848 734 in
1899 680 2027 748 ips'.s
2058 683 2102 738 Α
2134 681 2420 734 comitissa:
2445 679 2707 749 colloquio
2732 719 2747 744 ,
2775 676 3054 734 comitanti
3081 676 3256 730 fertur
3279 673 3472 730 callide
3499 673 3700 732 dixisse

447 773 806 839 gmssioribus
829 773 1036 825 noverit
1057 773 1177 841 quis
1211 783 1393 826 tenere
1415 771 1849 828 mensuratn.Sic
1878 773 2022 825 enim

451 864 658 932 vulgari,
705 862 945 932 quolibet
989 864 1112 918 cibo
1173 863 1501 932 crapulantis
1540 863 1827 932 aliquando
1889 862 2025 932 gulae

458 953 612 1021 culpa
641 953 1168 1015 comn'iittitur,sicut
1200 962 1255 1005 et
1283 953 1333 1005 in
1363 953 1589 1007 deformi
1615 962 1793 1007 scorto
1828 967 2026 1007 coeun-

453 1041 502 1093 di
531 1040 779 1110 voluptas
807 1043 1075 1110 expletur.
1113 1041 1213 1106 Qui
1271 1057 1398 1094 vero
1453 1042 1733 1095 consuevit
1783 1051 2022 1095 ventrem

447 1131 593 1187 brevi
618 1132 770 1202 panis
811 1133 947 1186 aridi
1014 1147 1261 1186 mensura
1313 1132 1599 1198 conficere,
1643 1148 1746 1188 non
1776 1133 1931 1187 facile
1960 1134 2025 1188 de

453 1222 743 1291 inadipatis
771 1222 920 1278 novit
943 1221 1540 1290 eduliisjudic:2re.‘Qui
1573 1224 1723 1278 timet
1753 1237 1943 1292 aquam
1959 1223 2024 1275 ad

448 1315 755 1372 satietatem
787 1316 992 1377 bibere,
1041 1314 1196 1367 mulsi
1243 1330 1300 1369 se
1351 1315 1657 1382 potionibus
1701 1315 2027 1385 ingurgitare

450 1424 552 1460 non
586 1407 797 1475 quarrit.
831 1406 887 1461 Si
914 1407 994 1461 vis
1022 1422 1150 1477 ergo
1175 1407 1314 1461 inter
1341 1407 1562 1461 delicias
1583 1407 1683 1460 sub
1712 1406 2028 1461 sobrietatis

448 1495 531 1563 lt‘g
555 1495 655 1549 bus
684 1495 888 1560 vivere,
911 1511 1043 1550 cave
1065 1511 1277 1564 quoque
1320 1497 1457 1550 inter
1493 1496 1607 1565 ipsa
1640 1494 1900 1562 simplicia
1930 1494 2032 1550 ali-

449 1591 628 1635 menta
663 1583 944 1636 edacitatis
974 1583 1124 1636 frena
1163 1582 1364 1637 laxare.
1396 1584 1626 1638 Suavem
1679 1598 1805 1637 vero
1847 1583 2024 1638 cibum

449 1689 548 1730 cur
568 1673 859 1728 debeamus
890 1674 1184 1742 expetere?
1212 1675 1334 1742 qui,
1365 1675 1713 1743 quantislibet
1739 1683 2030 1744 apparetur

453 1764 760 1832 impendiis,
787 1773 839 1818 et
861 1771 1149 1832 antequam
1178 1765 1230 1818 in
1254 1779 1316 1819 os
1337 1766 1517 1832 intret,
1538 1765 1693 1819 nobis
1718 1781 1821 1819 non
1851 1765 2024 1832 sapit;

455 1861 510 1904 et
559 1858 863 1920 postquam,
908 1851 1128 1906 flumine
1167 1852 1447 1922 glutiente,
1496 1851 1782 1920 trajicitur,
1816 1862 2026 1915 venter,

448 1941 532 1993 cui
567 1940 786 2010 iLlapsus
819 1952 931 2006 est,
965 1958 1069 1997 non
1106 1943 1382 1997 discernit.
1411 1942 1597 1998 Totins
1626 1954 1803 1998 autem
1833 1953 2029 1998 nostrae

2130 769 2432 838 discipulo:
2473 769 2642 836 Quam
2677 769 2958 840 elegantis,
3007 768 3102 830 ait,
3163 776 3218 820 et
3265 764 3478 820 venusti
3523 764 3702 819 vultus

2127 860 2347 926 femina,
2374 861 2498 926 nisi,
2528 862 2660 930 proh
2686 859 2866 916 dolor!
2911 859 3071 913 unius
3099 857 3241 911 oculi
3289 855 3573 925 dispendio
3623 855 3700 909 la-

2124 952 2366 1006 bnraret!
2387 952 2481 1006 Cui
2505 951 2827 1020 discipulus:
2847 949 3027 1004 Absit!
3050 949 3325 1018 magister,
3347 937 3540 1014 inqnit,
3561 947 3701 999 sicut

2126 1043 2320 1097 decora
2346 1051 2490 1096 certe
2517 1041 2704 1106 facies,
2729 1042 2801 1094 ita
2827 1054 3040 1109 quoque
3061 1038 3222 1101 oculi,
3251 1045 3409 1107 prout
3436 1035 3701 1106 sagaciter

2125 1132 2476 1202 deprehendi,
2509 1131 2856 1185 nihilominus
2907 1129 3204 1184 incolumes
3262 1128 3463 1196 vigent.
3525 1124 3698 1190 Quem

2127 1220 2386 1291 magister
2411 1221 2678 1274 acerrima
2719 1221 2962 1289 protinus
3017 1217 3481 1272 animadversione
3523 1215 3700 1270 corri~

2126 1311 2325 1381 piens:
2377 1311 2443 1364 Et
2472 1310 2593 1380 quis
2647 1318 2720 1374 te,
2780 1309 2976 1379 inquit,
3024 1308 3077 1363 in
3129 1309 3319 1362 faciem
3375 1307 3696 1362 feminarum

2127 1405 2398 1472 respicere
2424 1402 2642 1458 docuit?
2685 1402 2836 1456 Tunc
2865 1401 2953 1455 ille
2995 1401 3428 1456 circumventum
3474 1413 3550 1454 se
3577 1412 3697 1454 esse

2129 1493 2442 1561 respiciens,
2474 1493 2792 1562 paenitentia
2820 1493 3012 1547 ductus
3031 1492 3269 1553 erubuit,
3298 1497 3353 1545 et
3381 1491 3450 1544 de
3493 1480 3697 1546 caetero

2128 1584 2420 1638 cautiorem
2447 1600 2504 1638 se
2526 1583 2642 1638 fore
2669 1583 3090 1639 obstinatissima
3133 1581 3514 1651 pollicitatione
3537 1581 3698 1634 devo-

2129 1674 2226 1749 vit.
2277 1673 2536 1728 Versutus
2579 1689 2812 1742 namque
2851 1673 3193 1728 adversarius
3233 1672 3406 1741 pictor
3453 1679 3558 1735 est,
3603 1671 3698 1725 sed

2129 1764 2220 1833 qui
2253 1763 2410 1819 facile
2424 1764 2640 1834 quidem
2665 1763 2833 1834 possit
2857 1764 2921 1817 ad
2947 1762 3262 1817 memoriam
3288 1761 3398 1816 visa
3416 1760 3696 1822 reducere,

2130 1855 2214 1908 vix
2251 1865 2431 1907 autem
2467 1854 2519 1907 in
2550 1854 2850 1922 parietibus
2903 1853 3101 1908 mentis
3149 1861 3347 1906 nostra:
3393 1850 3694 1918 ignotarum

2133 1946 2287 2000 nobis
2311 1944 2610 2014 specierum
2635 1944 2958 1999 lineamenta
2998 1941 3250 1996 formare.
3283 1939 3339 1994 Si
3394 1939 3474 1994 vis
3519 1939 3698 2006 itaque

448 2029 742 2097 voluptatis
769 2029 893 2096 iter,
926 2031 1010 2085 cui
1030 2039 1176 2092 tanta
1200 2031 1494 2088 ambitione
1518 2033 2024 2097 servimus,brevis-
2061 2014 2104 2071 Β
2131 2039 2195 2090 ad
2227 2035 2573 2105 perfectionis
2627 2033 2896 2103 fastigium
2942 2030 3198 2102 provehi,
3247 2027 3441 2085 amodo
3480 2041 3699 2082 necesse

449 2117 583 2172 sima
629 2120 788 2174 unius
838 2119 998 2189 palmi
1043 2136 1252 2176 summa
1303 2122 1663 2184 concluditur,
1721 2121 1822 2189 Qui
1883 2123 2026 2179 enim

451 2207 723 2261 Christum
755 2210 1041 2274 desiderat,
1070 2219 1125 2264 et
1151 2211 1267 2280 ipso
1294 2227 1432 2282 pane
1464 2213 1700 2267 vescitur
1726 2254 1739 2275 ,
1773 2213 2027 2268 nimirum

453 2298 542 2362 qui
569 2297 633 2350 de
669 2296 808 2352 caelo
829 2297 1108 2352 descendit
1136 2299 1317 2369 (.Ioau.
1352 2299 1450 2368 vr),
1482 2301 1548 2354 de
1585 2317 1746 2372 quam
1781 2302 2030 2370 pretiosis

454 2385 590 2441 ribis
639 2394 850 2442 stercus
903 2387 1153 2443 conﬁciat
1206 2403 1531 2460 magnopere
1587 2407 1691 2446 non
1747 2390 2026 2447 discernit.

453 2476 722 2545 Quidquid
746 2491 876 2546 ergo
907 2492 1010 2531 non
1066 2479 1300 2532 sentitur
1333 2489 1453 2548 post
1497 2480 1698 2550 gulam,
1752 2480 1891 2536 idem
1933 2480 2029 2536 tibi

460 2567 529 2618 sit
560 2567 698 2636 quod
725 2568 879 2636 panis
926 2578 975 2623 el
1000 2569 1169 2623 olera.
1200 2568 1330 2622 Nam
1357 2569 1403 2623 si
1454 2571 1576 2640 gula
1618 2585 1725 2624 non
1762 2571 1861 2625 sibi
1907 2571 2027 2626 tbc-

455 2659 710 2724 saurizat,
741 2661 833 2714 sed
863 2662 1068 2726 ventri;
1095 2677 1193 2717 cur
1228 2663 1339 2732 ipsa
1368 2661 1499 2730 quid
1552 2661 1706 2729 quasi
1749 2659 2031 2714 delicatius

455 2748 623 2818 eligit,
653 2750 796 2817 quod
819 2758 1010 2808 venter
1041 2750 1181 2804 idem
1211 2749 1583 2804 indifferenter
1611 2749 1890 2804 admittit?

1046 2839 1274 2894 CAPUT
1310 2839 1394 2894 ΙΙΙ.

563 2973 568 2978 .
621 2923 779 2990 Quod
805 2927 987 2980 mortis
1009 2927 1256 2996 cogitatio
1287 2936 1460 2996 turpes
1487 2927 1650 2997 abigit
1676 2941 1866 2982 morus.

529 3011 598 3066 Ut
619 3029 746 3080 ergo
767 3031 871 3069 non
899 3018 1101 3070 sentiat
1148 3018 1408 3086 pudicitia
1463 3019 1763 3086 periclitata
1820 3021 2032 3074 naufra-

458 3103 624 3166 gium,
655 3104 797 3159 inter
823 3105 1134 3161 ﬂuctuantis
1195 3107 1356 3178 hujus
1412 3109 1537 3162 vitze
1586 3109 1898 3165 discrimina
1947 3127 2028 3166 so-

455 3191 656 3245 brietas
689 3193 944 3262 magistra
976 3194 1048 3246 tui
1074 3196 1316 3264 corporis
1345 3197 1770 3252 teneatelavum.
1792 3199 2028 3270 Abigen-

456 3279 537 3331 dis
558 3293 771 3363 quoque
797 3280 1221 3349 cogitationibus
1251 3283 1517 3338 sollicitus
1545 3300 1758 3357 semper
1783 3287 2028 3358 invigila,

457 3371 584 3439 quia
610 3355 713 3454 non
743 3372 956 3427 enixius
977 3375 1193 3442 expedit
1216 3391 1431 3432 carnem
1463 3377 1529 3431 ab
1559 3355 1872 3435 illecebrosa
1901 3355 2030 3434 titil-
2058 3355 2100 3415 (ἶ

458 3460 658 3515 latione
689 3462 1002 3530 reprimere,
1031 3479 1190 3532 quam
1223 3475 1456 3520 mentem
1481 3482 1691 3537 quoque
1733 3484 1765 3521 a
1794 3471 2029 3538 turpium

460 3553 844 3620 cogitationum
871 3555 1250 3622 phantasmate
1279 3558 1570 3612 custodire.
1621 3559 1753 3613 Novi
1808 3559 2029 3615 fratrem

462 3641 514 3692 iu
543 3641 780 3706 Christo,
813 3643 903 3710 qui
933 3642 1234 3699 districtam
1263 3646 1402 3701 hanc
1433 3649 1626 3702 mentis
1649 3665 1758 3703 sure
1794 3651 2030 3720 regulam

457 3734 571 3801 jugi
605 3750 668 3788 ac
706 3735 952 3804 pervigili
1003 3745 1184 3789 servat
1231 3737 1464 3803 intuitu;
1507 3748 1565 3792 ut
1611 3740 2034 3810 quotiescunque

462 3823 700 3878 libidinis
742 3825 1013 3894 suggestio
1063 3825 1324 3894 subrepit,
1382 3843 1505 3881 mox
1553 3829 1862 3898 cogitationi
1900 3845 2032 3898 suae,

460 3913 607 3968 velut
643 3915 924 3984 expeditus
955 3917 1020 3970 ad
1071 3917 1538 3985 proﬁciscendum,
1569 3918 1750 3974 dicat:
1814 3919 2030 3986 Eamus,

457 4003 652 4072 inquit,
693 4004 759 4058 ad
790 4004 1028 4069 circum;
1062 4005 1205 4060 illico
1237 4007 1416 4060 omnia
1435 4009 1740 4062 coemeneria
1771 4025 1832 4063 ac
1858 4009 2035 4079 sepul-

459 4106 608 4148 turas
636 4094 978 4163 imaginando
1021 4095 1378 4164 perlustrans,
1427 4101 1848 4164 putrescentium
1889 4101 2034 4157 virus

459 4184 773 4252 saniemque
803 4185 1148 4249 cadaverum,
1173 4195 1440 4240 scatentes
1461 4202 1678 4257 quoque
1728 4205 1940 4246 vermes
1979 4200 2034 4244 et

456 4273 738 4327 fetentium
781 4274 871 4343 jus
931 4275 1176 4327 carnium
1232 4277 1448 4330 curioso
1504 4279 1730 4332 rimatur
1789 4280 2029 4334 intuitu:

454 4379 686 4434 eumque
713 4362 876 4432 758
903 4363 1209 4417 considerat
1239 4366 1365 4434 quia
1410 4364 1537 4418 olim
1583 4381 1779 4423 carnes
1816 4367 1941 4432 illae,
1973 4370 2025 4424 in

455 4471 552 4506 sua
587 4454 858 4508 viriditate
905 4452 1180 4519 florentes,
1217 4453 1302 4508 his
1354 4454 1670 4522 subjacuere
1721 4458 1982 4515 molestiis
2013 4501 2029 4526 ,

461 4561 660 4614 corpus
690 4547 854 4600 etiam
905 4561 1061 4600 suum
1108 4545 1268 4615 paulo
1325 4555 1447 4616 post
1499 4545 1737 4602 futurum
1766 4564 1886 4604 esse
1925 4565 2031 4605 non

457 4637 681 4707 ambigit
721 4636 864 4706 quod
909 4634 1027 4691 illas
1083 4650 1204 4690 esse
1230 4635 1343 4705 jam
1393 4637 1586 4692 cernit.
1643 4638 2030 4707 Compendium

459 4729 552 4781 dat
575 4725 818 4790 luxuriae,
843 4726 932 4795 qui
958 4726 1160 4796 praebet
1191 4725 1402 4781 oculum
1427 4727 1778 4796 corruptela};
1821 4744 1921 4784 nec
1944 4739 2028 4784 est

460 4819 668 4874 libidini
699 4820 1075 4882 diversorium,
1105 4820 1156 4873 in
1199 4836 1304 4890 qua
1333 4832 1585 4875 versatur
1634 4831 1812 4878 mente
1862 4825 2036 4894 sepul-

454 4909 929 4978 crum.0quoties
985 4909 1074 4963 ille
1119 4907 1289 4964 frater
1335 4911 1652 4966 candentem
1702 4911 1931 4966 cultrum
1979 4924 2034 4968 et

455 5015 749 5061 vomerem,
816 5000 967 5067 quasi
1027 5001 1325 5054 cauterium
1371 5002 1661 5070 quoddam,
1709 5000 2034 5071 genitalibus

455 5089 767 5159 impressit?
791 5089 863 5142 ita
892 5101 966 5152 ut,
1001 5091 1298 5157 crepitante
1359 5093 1751 5159 quodammodo
1795 5094 2027 5162 praefixae

454 5179 635 5236 carnis
666 5179 1011 5244 incendio,ad
1040 5194 1200 5234 nares
1230 5195 1398 5250 usque
1423 5181 1601 5238 fumus
1629 5199 1726 5252 per
1747 5185 2023 5254 euargiaut

451 5271 704 5325 exhalare
745 5271 1034 5324 videretur.

521 5361 654 5415 Cum
709 5361 1051 5415 necessitatis
1114 5359 1401 5432 aliquando
1453 5378 1612 5417 casus
1667 5364 1907 5433 exegerit
1969 5374 2028 5420 ut

453 5461 600 5505 tuum
629 5453 841 5506 femina:
865 5452 1188 5522 colloquium
1220 5466 1416 5521 negare
1466 5468 1572 5506 non
1632 5454 1827 5520 possis,
1879 5453 2020 5509 limis

452 5555 662 5610 semper
682 5543 872 5606 oculis,
900 5552 955 5598 et
1003 5541 1398 5596 velutaliorsus
1442 5541 1700 5605 intentus,
1738 5531 2020 5597 absentem

458 5635 532 5686 tui
563 5635 899 5701 przesentiam
931 5635 1126 5687 exhibe
1164 5651 1176 5686 :
1205 5634 1527 5702 longinquus
1548 5632 1821 5701 alloquere
1847 5672 1862 5696 ,
1895 5649 2024 5688 con-

454 5727 722 5781 fabulator
745 5726 967 5790 absiste,
996 5734 1257 5793 terrasque
1287 5714 1474 5778 deﬁxis
1521 5724 1820 5788 obtutibus,
1849 5739 2021 5793 neque

454 5819 740 5884 pallentem
771 5830 941 5882 neque
972 5815 1250 5868 rubentem
1289 5813 1404 5882 ejus
1433 5812 1627 5866 faciem
1683 5814 1853 5884 possis
1875 5811 2020 5880 judi-

455 5924 598 5961 Ltlt’c.
624 5905 820 5961 Beatus
845 5903 1128 5971 aliquando
1161 5902 1486 5956 ltomualdus
1515 5903 1726 5957 rediens
1752 5918 1778 5956 ει
1812 5901 2020 5970 Sibyllte

2129 2140 2205 2182 est
2234 2128 2285 2182 in
2319 2127 2532 2182 cunctis
2553 2127 2806 2181 virtutum
2860 2125 3053 2181 studiis
3109 2123 3352 2178 exerceri
3382 2139 3396 2176 :
3452 2119 3699 2176 videlicet

2128 2221 2255 2274 dum
2278 2228 2411 2275 aetas
2441 2229 2528 2274 tua
2554 2234 2712 2274 cerea
2740 2226 2842 2280 est,
2880 2217 3003 2272 dum
3029 2230 3206 2270 mores
3232 2214 3400 2270 teneri
3436 2214 3489 2267 in
3514 2227 3699 2282 quam-

2131 2309 2260 2364 libet
2282 2320 2490 2379 partem
2515 2309 2694 2362 valent
2726 2305 3094 2362 indifferenter
3120 2303 3335 2360 adduci.
3385 2301 3517 2358 Cum
3567 2299 3697 2370 ipsis

2129 2417 2258 2474 ergo
2287 2399 2661 2469 corporalibus
2687 2397 3031 2453 incrementis
3058 2409 3237 2452 coaeva
3263 2394 3522 2450 virtutum
3548 2406 3700 2445 exer-

2131 2497 2256 2551 citia
2287 2494 2613 2554 coalescant.
2655 2499 2713 2544 ut
2747 2489 3077 2545 consuetudo
3109 2486 3304 2556 leviget
3363 2483 3505 2553 quod
3543 2481 3702 2537 (Μή-η

2132 2584 2252 2638 litas
2272 2584 2520 2636 humanae
2547 2578 2854 2658 fragilitatis
2879 2576 3156 2631 abhorret.
3185 2573 3340 2628 Nunc
3378 2573 3560 2640 itaque
3584 2570 3697 2625 exi-

2129 2687 2234 2741 guo
2268 2671 2387 2726 cibo
2414 2670 2605 2738 exigua
2651 2665 3000 2721 nihilominus
3028 2678 3088 2718 se
3133 2661 3510 2717 intestinorum
3546 2673 3696 2712 meu-

2130 2775 2256 2816 sura
2281 2768 2529 2830 coaptet;
2557 2766 2616 2812 ut
2635 2757 2761 2812 dum
2789 2756 2901 2826 ipsa
2929 2754 3202 2808 viriditate
3247 2766 3344 2806 sua
3372 2747 3576 2805 vasculi
3625 2747 3699 2802 si-

2132 2867 2232 2906 nus
2273 2849 2816 2916 attraliitur,‘modica
2841 2847 3183 2918 postmodum
3198 2857 3424 2901 annonae
3446 2854 3698 2898 mensura

2133 2940 2290 2995 facile
2314 2939 2604 3010 repleatur.

2728 3024 2955 3081 CAPUT
2993 3023 3081 3078 Ν.

2370 3117 2522 3182 Quod
2546 3115 2810 3170 silentium
2837 3126 2909 3169 est
2926 3113 3170 3184 loquendi
3193 3113 3456 3181 magister.

2204 3211 2492 3262 Assuescat
2522 3205 2701 3273 lingua
2763 3204 2864 3259 sub
2908 3203 3289 3258 taciturnitatis
3343 3215 3401 3256 se
3445 3196 3698 3254 cohibere

2133 3314 2380 3364 censura,
2405 3306 2460 3351 et
2479 3297 2706 3352 tacendo
2733 3295 2908 3353 discat
2954 3293 3098 3364 quod
3155 3292 3423 3360 loquendo
3460 3297 3702 3361 postmo-

2132 3391 2256 3442 dum
2282 3387 2518 3458 graviter
2537 3385 2796 3456 proferat,
2815 3399 2902 3448 ne,
2933 3383 2976 3438 si
2995 3396 3137 3437 nunc
3158 3381 3460 3437 districtum
3482 3377 3700 3450 negligit

2133 3479 2403 3534 custodire
2430 3478 2699 3532 silentium
2724 3516 2739 3540 ,
2782 3469 3034 3541 loquendi
3091 3469 3429 3541 postmodum
3468 3476 3700 3537 nequeat

2131 3571 2346 3624 frenare
2399 3569 2684 3638 pruritum.
2714 3565 3036 3621 Lentescant
3081 3576 3223 3619 nunc
3265 3574 3434 3632 genua
3494 3556 3701 3612 crebris

2134 3659 2318 3713 attrita
2351 3657 2654 3722 metanoeis,
2684 3657 2792 3710 imo
2815 3664 3009 3710 caatera
3033 3653 3271 3708 membra
3301 3648 3528 3705 diversis
3546 3662 3702 3701 exer-

2132 3751 2478 3807 citationibus
2507 3752 2826 3804 edomentur
2851 3788 2865 3811 ,
2893 3761 2961 3801 ne
2991 3745 3347 3816 quorumdam
3403 3758 3556 3797 more
3602 3741 3702 3794 du-

2134 3858 2224 3896 rus
2254 3840 2590 3911 postmodum
2621 3847 2767 3893 stare
2808 3836 3042 3891 videaris
3075 3845 3130 3890 et
3167 3833 3401 3904 rigidus;
3445 3840 3502 3886 et
3527 3829 3698 3885 mani-

2135 3930 2445 3993 mumlulus,
2470 3937 2531 3982 ut
2554 3929 2726 3991 aiunt,
2757 3925 2911 3995 quasi
2941 3928 3115 3979 'sacra
3154 3921 3368 3978 Cereris
3400 3919 3698 3976 oblaturus.

2134 4021 2264 4075 Esto
2289 4019 2548 4074 sollicitus
2576 4017 2642 4070 ad
2684 4015 3046 4070 exhibendum
3100 4011 3397 4068 sedulitatis
3447 4007 3699 4071 cilicium,

2133 4119 2189 4163 et
2218 4117 2496 4179 promptus
2537 4119 2753 4173 semper
2788 4103 2855 4158 ad
2902 4103 3158 4172 obsequia
3207 4100 3380 4155 delata
3423 4109 3698 4179 respuere,

2134 4178 2252 4268 ipse
2281 4206 2464 4266 satage
2492 4195 2742 4250 onmibus
2792 4192 3119 4247 ministrare.
3161 4186 3374 4257 Aliquid
3405 4183 3584 4255 parari
3617 4178 3702 4233 vel

2135 4287 2317 4344 afferri
2353 4286 2703 4356 praecipitur,
2742 4293 2964 4354 repente
3023 4291 3312 4348 consurge,
3358 4282 3412 4329 et
3468 4272 3701 4327 festinus

2133 4379 2394 4443 accelera,
2445 4385 2506 4430 ut
2528 4374 2768 4444 jubentis
2811 4389 2912 4428 vox
2945 4371 3108 4442 759
3153 4370 3208 4424 in
3258 4377 3312 4422 te
3357 4363 3699 4435 petissimum

2135 4467 2300 4522 fuisse
2325 4467 2528 4521 directa
2550 4465 2813 4520 videatur.
2839 4463 2972 4517 lllud
2999 4470 3178 4515 autem
3223 4468 3276 4513 te
3325 4455 3596 4527 praecipue
3647 4457 3707 4505 et

2133 4556 2234 4612 sub
2263 4555 2505 4611 districta
2527 4567 2747 4622 prorsus
2774 4549 3240 4606 animadversione
3263 4558 3604 4618 praamonco,
3633 4553 3706 4596 ne

2133 4644 2495 4718 quorumlibet
2519 4657 2572 4698 te
2610 4643 2838 4697 fratrum
2893 4640 3164 4696 offendant
3220 4639 3427 4708 privata
3463 4631 3699 4702 jejunia.

2140 4737 2273 4792 Novi
2295 4735 2435 4790 enim
2461 4732 2817 4804 quorumdam
2860 4730 2991 4784 mihi
3043 4728 3295 4783 similium
3351 4725 3503 4778 vitia.
3552 4720 3702 4775 Non-

2138 4825 2265 4881 nulli
2292 4838 2524 4893 namque
2552 4822 2672 4876 aliis
2693 4820 3057 4890 jejunantibus
3118 4827 3266 4871 tanto
3310 4813 3493 4869 livoris
3539 4820 3704 4881 atque

2137 4915 2352 4972 invidiae
2378 4913 2498 4968 felle
2537 4920 2879 4980 torquentur,
2911 4917 2971 4963 ut
2999 4909 3210 4964 illorum
3235 4906 3460 4962 salutem
3487 4903 3702 4957 sibimet

2132 5004 2183 5057 in
2205 5002 2494 5072 perniciem
2522 5009 2754 5064 vertant,
2775 5008 2847 5061 et,
2875 5007 2932 5052 ut
2959 4999 3032 5051 ita
3057 4999 3266 5066 loquar,
3289 5012 3385 5065 per
3406 4993 3562 5047 alieni
3581 5008 3705 5061 pro-

2136 5090 2528 5147 fectusscalam
2581 5088 2682 5158 ipsi
2722 5088 2774 5141 in
2829 5087 3182 5157 praecipitium
3237 5093 3507 5139 corruant.
3563 5079 3698 5140 Non,

2139 5181 2404 5251 inquiunt,
2430 5180 2554 5233 licet
2583 5193 2742 5248 agere
2787 5177 2888 5232 nisi
2918 5176 3059 5245 quod
3089 5173 3390 5229 communis
3427 5178 3700 5225 monaste-

2131 5271 2196 5325 rii
2229 5269 2406 5340 regula
2467 5267 2555 5321 vel
2579 5266 2841 5334 majorum
2868 5266 3219 5320 cohortantur
3262 5258 3528 5328 exempla.
3576 5255 3704 5323 Qui.

2129 5362 2229 5417 bus
2261 5360 2514 5415 nimirum
2565 5356 2720 5412 facile
2748 5356 3097 5425 respondetur
3131 5353 3252 5421 quia
3275 5351 3319 5406 si
3355 5347 3534 5419 regula
3566 5363 3597 5401 a
3619 5362 3703 5401 re-

2133 5452 2305 5522 gendo
2328 5451 2542 5515 dicitur,
2572 5447 2750 5519 potius
2779 5448 2845 5500 ad
2876 5445 3264 5502 districtiunem
3301 5441 3491 5513 jejunii
3540 5453 3700 5508 quam

2126 5523 2196 5594 ad
2219 5539 2620 5595 dissolutionem
2678 5537 2762 5592 vel
2804 5537 3006 5589 ventris
3035 5534 3303 5605 pertinere
3353 5532 3564 5586 videtur
3620 5530 3700 5581 in-

2131 5629 2392 5696 gluviem;
2425 5638 2586 5694 atque
2615 5624 2733 5678 ideo
2763 5622 2836 5677 illi
2867 5625 3010 5677 inter
3033 5637 3126 5677 eos
3148 5637 3254 5675 non
3295 5619 3563 5674 immerito
3587 5633 3700 5670 ma-

2123 5719 2271 5788 jores
2301 5725 2425 5772 sunt
2460 5715 2734 5783 judicandi
2781 5729 3072 5784 eorumque
3128 5704 3370 5783 exetnpla
3423 5711 3698 5772 sectanda,

2126 5810 2238 5876 qui,
2279 5823 2374 5876 per
2401 5815 2680 5876 angustam
2705 5806 3064 5875 ingredientes
3104 5813 3337 5874 portam,
3360 5803 3459 5858 sub
3491 5801 3699 5856 sobrie-

2133 5900 2257 5952 tatis
2307 5898 2511 5968 legibus
2561 5906 2613 5952 et
2660 5897 2876 5968 arqtiori
2931 5895 3108 5951 crucis
3151 5895 3349 5950 Christi
3407 5903 3695 5949 noscuntur
