4054 6184
419 329 556 412 725.
931 351 942 358 ”
1142 353 1384 410 OPUSC.
1427 353 1608 409 XLIX.
1644 386 1712 394 —
1763 354 1850 410 DE
1891 350 2248 408 PERFECTA
2293 356 2600 416 MUNACHI
2637 359 2934 419 INFORM.
3557 364 3667 421 726

417 471 602 524 vivere
657 455 959 536 disciplina.
1025 463 1393 534 Quapropter,
1442 482 1564 520 cum
1615 467 1682 522 de
1731 467 1992 542 vocabulo
2021 468 2070 526 Α
2095 483 2188 536 ges
2220 467 2372 534 Sani,
2391 485 2512 526 cum
2542 487 2642 543 ego
2667 473 2989 542 pmjecerim
3015 490 3160 544 eum,
3187 491 3252 532 ne
3281 487 3467 550 regnet
3508 494 3669 548 super
3705 527 3712 536 .

423 561 618 629 regula:
637 557 918 616 conﬂictus
941 557 1206 620 oboritur,
1232 557 1310 611 illi
1369 560 1540 627 magis
1563 559 1760 613 debent
1807 559 1872 618 ad
1911 557 1996 626 je—
2097 558 2294 614 Israel!
2323 579 2343 614 ι
2375 561 2429 632 (1
2465 560 2590 632 Reg.
2613 563 2752 632 xvi.)

369 679 375 684 τ
415 657 630 726 junium
685 651 968 724 provocari
1021 665 1180 718 quam
1225 649 1310 705 isti
1361 649 1430 704 ab
1489 652 1690 720 arrepti
1735 650 1994 719 propositi
2703 653 2929 710 CAPUT
2971 653 3056 710 Ἦν,

428 751 602 818 rigore
623 741 913 814 compesci.
937 740 1316 811 Correptiones
1343 751 1544 806 autem,
1576 741 1870 810 quamlibet
1895 741 2018 794 du-

411 837 518 892 ras
565 835 680 890 sive
707 831 1047 903 multiplices,
1097 831 1205 885 noli
1261 831 1574 896 abhorrere,
1629 833 1724 887 sed
1772 832 2002 887 libenter

427 925 806 996 complectere.
858 921 1009 977 Sicut
1047 921 1190 976 enim
1229 936 1422 980 aurum
1471 923 1558 976 vel
1609 933 1891 991 argentum
1932 921 2000 976 ad

430 1015 698 1071 claritatis
727 1013 988 1084 speciem,
1011 1012 1138 1066 lima
1173 1011 1429 1081 poliente,
1453 1011 1804 1081 perducitur;
1835 1013 1908 1066 ita
1945 1019 2002 1068 et

434 1107 613 1160 anima
643 1115 848 1170 nostra,
881 1101 1313 1172 correptionibus
1353 1117 1510 1158 erasa
1534 1141 1548 1165 ,
1597 1117 1627 1155 a
1657 1113 2003 1170 peccatorum

431 1211 654 1252 suorum
700 1194 839 1248 vela
869 1193 1178 1263 rubiginoso
1215 1193 1450 1263 quodam
1503 1193 1754 1264 squalore
1806 1209 2004 1264 purga-

435 1299 540 1343 tur.
566 1287 710 1341 Cave
737 1285 898 1339 etiam
930 1299 1021 1349 ne,
1043 1283 1398 1352 quorttmdam
1423 1283 1697 1352 exemplo,
1722 1284 1846 1337 dum
1875 1285 2006 1338 obe-

434 1379 550 1432 dire
582 1377 872 1438 detrectas,
905 1375 958 1428 in
987 1375 1362 1445 negligentem,
1395 1373 1538 1441 quod
1561 1373 1728 1426 absit!
1755 1374 2010 1443 praeposi-

435 1475 548 1523 tum
570 1465 890 1521 calumniam
917 1463 1136 1533 querula
1189 1464 1542 1517 mordaeitate
1587 1463 1858 1518 devolvas.
1913 1463 2010 1518 Sa-

434 1557 578 1613 muel
605 1573 733 1628 ergo
771 1557 837 1610 ad
859 1557 1172 1610 memoriam
1221 1555 1426 1621 redeat,
1454 1557 1544 1625 qui
1575 1555 1816 1610 desidem
1869 1555 2010 1608 iner-

439 1659 656 1717 temque
706 1649 1020 1719 magistrum
1058 1657 1166 1704 tam
1215 1649 1510 1718 patienter,
1561 1655 1674 1701 tam
1729 1647 2010 1702 humiliter

436 1739 631 1802 coluit,
665 1747 724 1794 ut
749 1740 1082 1809 intempesta:
1105 1740 1280 1795 noctis
1307 1737 1522 1794 silentio
1554 1745 1639 1794 ter
1657 1745 1884 1793 vocatus
1919 1752 2011 1792 ac-

2133 743 2244 798 Cur
2267 743 2480 800 Davidis
2509 747 2764 816 confessio
2800 748 3001 804 veniam
3047 748 3271 812 meruit,
3306 765 3410 802 non
3439 747 3636 804 Saulis.

2167 837 2304 904 Quid
2333 847 2418 893 est
2445 853 2574 908 ergo
2601 839 2742 906 quod
2787 839 3010 894 alterius
3055 839 3371 908 poenitentia
3421 841 3510 908 pie
3553 854 3676 895 sus-

2099 941 2288 1000 cepta;
2328 930 2549 986 alterius
2586 941 2766 984 autem
2810 931 2910 986 sub
2959 931 3220 985 districta:
3259 930 3566 986 severitatis
3592 937 3678 986 est

2102 1022 2350 1078 examine
2397 1021 2742 1090 reprobata'i
2772 1021 2875 1076 nisi
2925 1020 3068 1089 quod
3120 1020 3208 1074 ille
3259 1019 3437 1074 scelus
3490 1017 3678 1074 inobo-

2102 1114 2338 1177 dientiaa,
2363 1113 2555 1182 spiritu
2579 1112 2866 1182 superbire,
2895 1111 3308 1182 parvipendens,
3335 1123 3682 1179 nequaquam

2103 1204 2260 1274 pleno
2290 1205 2453 1258 corde
2479 1203 2758 1273 pamituit;
2791 1201 2880 1258 hic
2908 1209 3086 1258 autem
3121 1214 3288 1270 pauca
3313 1199 3528 1268 quidem
3559 1212 3681 1267 pro-

2097 1295 2246 1372 _tulit,
2273 1296 2368 1350 sed
2395 1295 2512 1363 ejus
2540 1295 2750 1350 viscera
2771 1292 2936 1348 divini
2969 1291 3178 1346 timoris
3214 1290 3392 1362 gladio
3425 1285 3680 1344 transﬁxa

2104 1385 2218 1439 veri
2251 1385 2426 1438 luctus
2455 1384 2760 1438 amaritudo
2801 1381 3045 1452 replevit.
3099 1379 3242 1444 Haec,
3281 1393 3484 1452 quasso,
3509 1378 3685 1434 consi-

2108 1476 2298 1530 derare
2327 1489 2433 1529 non
2489 1473 2764 1546 negligant
2790 1473 2904 1544 qui,
2953 1488 3078 1528 cum
3123 1470 3504 1526 inobedientiae
3559 1469 3686 1524 obc-

2109 1565 2276 1631 diam,
2301 1566 2366 1620 de
2404 1566 2712 1636 graviorum
2741 1579 2802 1620 se
2847 1563 3186 1618 immunitate
3229 1562 3520 1616 criminum
3557 1575 3685 1630 pro-

2109 1657 2310 1712 caciter
2342 1657 2570 1727 jactant.
2627 1656 2866 1722 Quorum
2918 1654 3160 1724 profecto
3212 1651 3496 1707 nonnullos
3547 1664 3691 1720 saepe

2113 1747 2357 1802 videmus
2385 1747 2451 1801 ad
2481 1747 2702 1816 agendae
2741 1743 3098 1800 confessionis
3137 1742 3398 1814 judicium
3441 1740 3692 1810 frequen-

440 1840 704 1896 curreret,
737 1833 998 1903 totiesque
1041 1831 1326 1902 interrupti
1371 1830 1582 1902 soporis
1607 1831 1868 1888 excubias
1905 1847 2012 1886 non
2043 1823 2088 1882 Β
2117 1845 2253 1902 tare,
2279 1836 2394 1892 solo
2415 1849 2476 1892 se
2503 1836 2698 1891 devote
2717 1843 3090 1904 prosternere,
3112 1832 3336 1888 tinuulis
3356 1847 3415 1887 se
3446 1840 3500 1906 et
3531 1846 3692 1886 accu-

441 1920 664 1974 dolcret.
693 1919 908 1976 Poterat
933 1921 1078 1975 enim
1106 1921 1267 1976 modo
1295 1920 1440 1976 velut
1486 1918 1846 1988 expostulanti
1871 1919 2009 1990 obji-

441 2025 564 2067 cere
594 2029 608 2066 :
638 2010 765 2076 Cur,
795 2011 1042 2080 inquiens
1074 2049 1091 2078 ,
1151 2025 1259 2066 non
1299 2011 1502 2066 vereris
1550 2018 1810 2066 extraneo
1863 2017 2012 2066 tanta

442 2103 764 2158 auctoritate
790 2102 1100 2173 praecipere,
1136 2101 1228 2173 qui
1261 2101 1444 2171 segnis
1467 2117 1528 2158 es
1549 2101 1674 2158 ﬁliis
1703 2101 2013 2172 imperare?

443 2193 534 2262 qui
567 2203 766 2258 tamen,
789 2193 1067 2264 Scriptura
1095 2201 1254 2258 teste,
1273 2207 1378 2248 non
1407 2194 1626 2260 tumuit,
1659 2209 1766 2248 non
1817 2205 2013 2263 queru-

446 2285 531 2337 lus
567 2283 866 2354 sugillavit;
910 2285 1004 2340 sed
1034 2283 1100 2338 ad
1129 2281 1370 2352 iubentis
1411 2283 1695 2353 imperium
1724 2283 2017 2354 perniciter

446 2375 750 2444 pervolans,
779 2375 1092 2446 simpliciter
1119 2375 1228 2431 ait:
1259 2393 1278 2428 ι
1307 2375 1448 2432 Ecce
1470 2390 1593 2448 ego,
1617 2375 1826 2432 vocasti
1867 2375 2012 2430 enim

450 2481 537 2519 tne
566 2464 618 2538 (I
646 2463 776 2535 Reg.
847 2459 952 2536 in).
987 2483 1006 2519 ι

1069 2555 1296 2612 CAPUT
1333 2555 1399 2610 ν.

697 2645 848 2714 Quod
868 2649 1064 2718 peccati
1091 2649 1372 2702 remedium
1393 2659 1466 2702 est
1493 2648 1770 2718 confessio.

521 2737 759 2794 Peccasti
781 2739 1100 2809 aliquando?
1129 2739 1242 2794 Non
1264 2748 1349 2794 est
1370 2739 1516 2794 enim
1555 2739 1732 2796 homo‘
1766 2738 1856 2810 qul
1911 2755 2019 2794 non

455 2839 668 2898 peccet;
697 2837 748 2883 et
771 2829 907 2885 forte
961 2831 1014 2884 in
1063 2830 1306 2884 notitiam
1357 2830 1504 2883 venit
1553 2830 1678 2900 quia
1701 2831 1873 2900 prima
1902 2839 2024 2899 post

457 2920 792 2990 naufragium
822 2919 996 2975 tabula
1030 2929 1114 2974 est
1139 2921 1352 2989 culpam
1398 2920 1714 2990 simpliciter
1739 2920 2018 2985 conﬁteri;

453 3018 696 3079 prompta
718 3010 984 3065 confessio
1009 3009 1220 3066 facilem
1249 3012 1425 3080 pariat
1455 3011 1695 3075 veniam;
1728 3028 1820 3075 ne,
1851 3011 1897 3065 si
1933 3013 2024 3066 de-

457 3099 630 3152 fensio
661 3098 908 3154 falsitatis
929 3100 1235 3164 accesserit,
1274 3101 1416 3168 quod
1445 3115 1544 3155 acu
1573 3101 1802 3156 fortasse
1847 3101 2022 3155 fuerat

2115 1928 2247 1982 ratis
2265 1925 2448 1982 verbis
2479 1924 2651 2002 magis
2673 1924 2850 1980 facete
2873 1939 3038 1994 quam
3083 1923 3359 1978 humiliter
3395 1934 3691 1986 accusare;

2113 2025 2278 2086 atque
2307 2016 2428 2072 ideo
2461 2029 2739 2085 nunquam
2771 2029 2959 2076 eorum
3012 2027 3194 2068 mores
3239 2011 3306 2068 ad
3337 2011 3544 2068 idonea:
3569 2026 3693 2066 cor-

2115 2101 2376 2177 reptionis
2400 2106 2764 2162 emolumenta
2794 2105 3108 2175 procedere,
3139 2103 3268 2174 quia
3297 2101 3546 2158 videlicet
3567 2115 3690 2156 cum

2115 2197 2244 2252 Saul
2263 2209 2360 2252 ore
2386 2195 2670 2265 potnitent,
2699 2195 2863 2250 corde
2893 2203 3122 2249 tument.

2183 2285 2318 2342 Cum
2362 2285 2648 2340 incolumis
2702 2285 2922 2354 vigeas,
2972 2283 3081 2340 noli
3153 2291 3344 2354 sponte
3413 2279 3694 2352 languere.

2115 2373 2435 2430 Advertisne
2462 2372 2591 2442 quid
2637 2373 2862 2444 loquor?
2889 2372 3018 2426 illud
3051 2387 3284 2442 namque
3335 2371 3467 2426 mihi
3495 2371 3546 2425 in
3583 2369 3698 2440 ple-

2119 2467 2302 2535 risque
2334 2463 2677 2520 monasteriis
2705 2479 2812 2518 non
2861 2462 3210 2518 mediocriter
3254 2460 3528 2530 displicet,
3553 2459 3696 2530 quod

2117 2551 2360 2608 nonnulli
2389 2561 2578 2622 vegeto
2604 2566 2850 2622 corpore,
2874 2552 3074 2620 quique
3111 2564 3335 2620 prorsus
3355 2546 3698 2604 medicinalis

2119 2644 2400 2700 lndustriae
2424 2659 2531 2698 non
2563 2642 2860 2713 indigeant,
2893 2643 3052 2698 hodie
3095 2639 3459 2711 vaporandam
3513 2639 3694 2692 Nemi-

2122 2735 2226 2790 tori
2253 2749 2446 2788 venam
2477 2734 2749 2802 praebent;
2807 2747 2928 2788 cras
2959 2733 3176 2786 sibimet
3223 2730 3503 2786 hirudines
3545 2727 3698 2782 adhi-

2119 2822 2284 2887 bent;
2331 2821 2544 2876 diversa
2597 2821 2855 2890 perendie
2906 2819 3328 2875 medicaminum
3376 2824 3702 2875 construunt

2123 2910 2373 2968 artificia.
2434 2911 2646 2966 Interea
2710 2911 2956 2982 similago
3015 2909 3378 2974 commolitur,
3439 2909 3701 2978 placentas

2121 3001 2450 3056 examussim
2497 2999 2806 3056 fabrefacta:
2835 3001 3237 3070 tepescentibus
3269 3009 3474 3054 tantum
3504 2997 3702 3054 cineri-

2125 3089 2228 3144 bus
2271 3099 2676 3165 escoquuntur;
2707 3087 2986 3144 fluminum
3031 3088 3181 3142 sinus
3218 3087 3333 3144 sive
3374 3095 3430 3142 et
3472 3088 3702 3141 marium

459 3189 691 3241 tmmiter
713 3196 988 3257 punctum,
1017 3189 1123 3242 lata
1145 3189 1388 3244 videatur
1410 3189 1632 3260 cuspide
1665 3189 2014 3258 perforatum.

2125 3189 2564 3252 perscrutantur;
2598 3179 2882 3234 macellum
2914 3194 3127 3248 quoque
3151 3179 3506 3248 vacare,quia
3538 3177 3706 3249 piscis

459 3275 594 3331 lliuc
617 3285 700 3331 est
727 3277 867 3331 enim
893 3279 1054 3346 quod,
1101 3293 1228 3333 cum
1273 3279 1439 3332 David
1483 3279 1780 3348 perpetrati
1841 3291 2025 3334 reatus

461 3371 720 3438 arguitur,
749 3387 870 3424 mox
899 3379 958 3426 ut
994 3371 1046 3426 in
1073 3385 1260 3426 vocem
1305 3371 1662 3427 confessionis
1706 3371 1904 3441 erupit.
1949 3371 2026 3427 di-

461 3473 592 3512 cens
639 3477 650 3511 :
702 3477 720 3511 ι
769 3459 991 3514 Peccavi
1060 3460 1284 3516 Domino
1327 3459 1412 3528 (Il
1429 3459 1552 3530 Reg.
1597 3460 1720 3529 in),
1755 3479 1774 3514 ι
1801 3463 1886 3515 iex
1933 3476 2028 3515 ore

375 3545 378 3550 ’
463 3550 733 3622 propheta:
793 3553 1037 3621 protinus
1083 3554 1334 3607 audivit:
1369 3571 1388 3605 ι
1429 3555 1686 3610 Dominus
1753 3555 2030 3612 transtulit

465 3649 737 3706 peccatum
763 3649 942 3706 tuum;
971 3657 1078 3695 non
1107 3643 1373 3697 morieris.
1406 3661 1426 3696 ι
1458 3643 1524 3697 Et
1572 3644 1700 3711 quia
1729 3657 1789 3697 se
1815 3644 2030 3699 occasio

465 3728 709 3795 praebuit,
733 3729 834 3784 hoc
857 3729 1019 3782 etiam
1052 3739 1102 3784 te
1125 3729 1358 3784 fraudari
1391 3745 1498 3785 non
1521 3731 1719 3800 patiar,
1743 3732 1870 3800 quia
1893 3747 2029 3786 non-

469 3815 620 3882 nulli,
654 3833 680 3869 a
717 3819 898 3886 pueris
945 3820 997 3872 in
1047 3819 1320 3886 religionis
1357 3821 1546 3876 ordine
1576 3822 1874 3887 constituti,
1919 3821 2030 3878 sola

469 3905 828 3960 inobedientia
855 3909 1120 3977 superbia:
1149 3909 1308 3964 mista
1342 3911 1664 3978 depereunt;
1697 3925 1818 3964 cum
1847 3910 1900 3964 in
1924 3925 2030 3964 εαξη

467 3996 590 4048 culo
615 3997 848 4064 plurimi,
889 4007 1008 4067 post
1035 3999 1348 4054 immanium
1401 3999 1688 4054 criminum
1725 4008 2032 4069 perpetrata

467 4085 686 4156 ﬂagitia.
714 4104 810 4156 per
837 4089 1156 4144 humilitatis
1197 4091 1434 4144 studium
1473 4090 1860 4160 indulgentiam
1910 4104 2034 4160 pro-

469 4187 760 4233 merentur.
827 4179 968 4235 Ecce
1015 4181 1158 4234 enim
1211 4180 1379 4235 David
1431 4180 1756 4236 adulterium
1811 4179 2034 4236 homici-

468 4268 720 4338 diumque
746 4271 1010 4326 commisit
1033 4269 1106 4336 (If
1119 4269 1244 4340 Reg.
1269 4271 1348 4342 xl)
1381 4289 1394 4325 :
1434 4269 1563 4326 Saul
1587 4285 1716 4328 vero
1745 4271 1908 4342 760
1935 4269 2036 4332 Sa-

471 4359 630 4415 tnueli
667 4361 977 4416 inobcdiens
1021 4361 1228 4415 exstitit
1274 4359 1324 4431 (1
1367 4359 1492 4430 Reg.
1532 4361 1672 4431 xm).
1719 4360 1826 4416 Sed
1882 4360 2034 4430 quid,

469 4447 612 4516 quod
632 4447 740 4514 ille,
774 4447 918 4504 nullo
949 4448 1358 4512 interveniente,
1391 4449 1474 4504 vel
1505 4449 1558 4504 in
1586 4459 1783 4518 puncto
1823 4449 2032 4504 veniam

471 4539 694 4604 meruit;
739 4539 970 4592 alterum
1013 4553 1144 4593 vero
1203 4554 1300 4592 nec
1348 4539 1562 4608 propria
1601 4540 1890 4604 confessio,
1935 4552 2035 4594 nec

471 4635 744 4702 propheta:
799 4641 912 4688 tam
965 4633 1202 4704 lugubris
1259 4641 1316 4687 et
1380 4647 1567 4688 amara
1616 4642 1779 4702 atque
1829 4631 2036 4701 prolixa

472 4724 791 4795 supplicatio
821 4724 1223 4780 reconciliavit?
1263 4723 1426 4777 Plane
1459 4723 1505 4777 si
1546 4723 1840 4792 Scriptura
1869 4723 2038 4777 series

471 4816 755 4886 utrobique
797 4815 1138 4876 discutiatur,
1185 4813 1452 4884 copiosior
1479 4812 1606 4866 Saul
1659 4825 1820 4879 quam
1872 4809 2038 4863 David

473 4906 530 4958 in
556 4907 734 4960 verbis
775 4905 1106 4974 paenitentiae
1135 4903 1418 4972 reperitur.
1451 4903 1556 4957 Iste
1594 4900 1858 4969 siquidem
1899 4898 2040 4978 dum

474 5005 624 5051 taxat
670 4995 745 5060 id,
785 4997 924 5064 quod
957 4995 1290 5065 praemissum
1315 5001 1426 5046 est:
1450 5010 1468 5043 ι
1488 4990 1712 5046 Peccavi
1735 4987 1987 5052 Domino;
2013 5004 2032 5038 ι

475 5085 562 5139 tlle
581 5096 760 5140 autem
783 5103 798 5138 :
829 5103 846 5135 ι
875 5084 1112 5143 Peccavi.
1141 5084 1336 5151 inquit,
1355 5081 1480 5149 quia
1501 5079 1892 5150 praevaricatus
1919 5092 2038 5132 sum

474 5191 752 5230 sermones
774 5176 983 5231 Domini
1021 5183 1076 5229 et
1118 5173 1278 5226 verba
1314 5183 1424 5236 tua,
1463 5173 1656 5226 timens
1685 5169 1960 5239 populum,
1986 5177 2042 5223 et

475 5264 732 5318 obediens
759 5265 874 5319 voci
915 5277 1098 5318 eorum
1129 5261 1180 5332 (I
1207 5261 1337 5331 Reg.
1369 5259 1481 5330 xv).
1529 5279 1546 5310 ι
1587 5267 1750 5328 atque
1780 5258 1829 5311 id
1863 5258 2036 5326 ipsum

475 5355 816 5424 postmodum
873 5361 1156 5422 repetens,
1207 5353 1282 5422 a_it
1325 5366 1340 5406 :
1385 5369 1404 5402 ‹
1448 5351 1672 5412 Peccavi
1730 5349 1964 5420 (Ibid.).
2014 5369 2032 5403 ι

476 5445 721 5499 Accessit
748 5453 926 5498 autem
953 5452 1007 5498 et
1033 5443 1352 5513 longanimis
1373 5443 1526 5496 valde
1553 5435 1820 5500 Samuelis
1844 5441 2037 5505 oratio,

477 5539 544 5593 de
565 5555 672 5608 quo
701 5536 954 5592 videlicet
999 5537 1234 5600 dicitur:
1267 5555 1286 5588 ι
1315 5534 1782 5604 Contristatusque
1830 5541 1914 5588 est
1943 5531 2044 5587 Sa-

479 5630 640 5692 muel,
665 5641 718 5683 et
747 5627 1000 5684 clamavit
1019 5628 1086 5682 ad
1117 5627 1398 5681 Dominum
1433 5633 1542 5680 tota
1565 5636 1720 5680 nocte
1746 5625 1866 5691 illa;
1898 5645 1915 5676 ι
1947 5623 2042 5678 sed

482 5723 660 5782 divina
691 5735 818 5778 voce
843 5733 1154 5790 responsum
1197 5729 1282 5772 est
1311 5735 1324 5772 :
1365 5735 1383 5768 ι
1421 5717 1726 5794 Usquequo,
1755 5715 1852 5782 ait,
1882 5723 1938 5794 tu
1963 5713 2046 5768 lu-

2123 3274 2298 3344 pelagi
2331 3271 2592 3342 profunda
2641 3273 2888 3342 petierat,
2939 3287 3044 3324 non
3107 3280 3364 3325 meretur.
3402 3269 3513 3324 Ιιιιο
3559 3269 3704 3324 infe-

2125 3365 2198 3418 lix
2245 3363 2598 3420 infortunium
2649 3363 2892 3418 creditur
2947 3364 2992 3418 si
3053 3363 3300 3432 piscosus
3366 3378 3494 3432 ager
3546 3359 3708 3416 steri-

2125 3457 2192 3510 lis
2235 3457 2535 3519 invenitur,
2577 3456 2665 3509 ubi
2715 3455 2969 3509 nimirum
3026 3467 3080 3510 et
3131 3457 3430 3511 necessitas
3483 3458 3706 3510 uberta-

2129 3556 2235 3600 tem
2285 3557 2340 3600 et
2383 3545 2597 3599 ubertas
2649 3545 2792 3614 parit
2839 3545 3096 3614 inopiam.
3159 3543 3370 3599 interea
3425 3546 3707 3614 quodcun-

2128 3650 2232 3704 que
2282 3635 2395 3690 sive
2443 3644 2600 3688 terra:
2627 3635 2740 3689 sive
2780 3636 2947 3690 maris
2977 3633 3175 3689 animal
3207 3635 3271 3688 ad
3302 3635 3577 3688 victimam
3603 3635 3707 3690 du-

2128 3729 2286 3788 citur,
2323 3727 2528 3796 peritus
2547 3742 2750 3798 coquus
2796 3741 3017 3782 necesse
3060 3735 3142 3781 est
3189 3727 3558 3800 perquiratur,
3615 3725 3708 3800 qui

2131 3819 2382 3872 videlicet
2405 3817 2617 3888 ignibus
2641 3826 2791 3874 tanto
2832 3817 3174 3876 discretionis
3206 3817 3494 3872 libramine
3520 3817 3708 3872 mode-

2133 3918 2304 3980 retur,
2328 3917 2596 3980 quatenus
2634 3909 2828 3962 artifici
2853 3917 2908 3962 et
2930 3909 3188 3978 magistra
3215 3909 3473 3978 temperie
3497 3909 3565 3964 ad
3586 3923 3711 3964 ossa

2132 3999 2430 4072 perveniat,
2463 4007 2519 4053 et
2548 4007 2726 4052 tamen
2759 3997 3100 4069 superficiem
3140 3998 3385 4054 carnium
3421 4015 3528 4052 non
3551 4015 3708 4053 com-

2131 4090 2309 4154 burat,
2343 4099 2594 4160 tanquam
2630 4091 2954 4161 quibusdam
2985 4092 3273 4164 priestigiis
3321 4093 3571 4150 videatur
3614 4107 3711 4146 va-

2137 4193 2235 4248 por
2288 4188 2344 4236 et
2383 4179 2694 4234 transiliens
2741 4179 3009 4236 exteriora
3039 4195 3142 4234 non
3175 4189 3392 4250 tangere
3441 4189 3497 4236 et
3543 4195 3715 4250 pene-

2135 4278 2286 4324 trans
2306 4269 2372 4324 ad
2391 4271 2646 4348 interiora
2672 4271 2924 4326 transire.
2941 4271 3078 4338 Quid
3100 4271 3286 4342 plura?
3310 4271 3715 4328 discumbentes

2137 4361 2376 4426 tandem,
2412 4361 2569 4432 761
2619 4361 2728 4416 imo
2752 4359 3030 4430 iacentes,
3066 4361 3350 4416 stomacho
3395 4367 3714 4426 nauseante,

2138 4449 2416 4521 liguriunt,
2441 4459 2496 4506 et
2524 4452 2676 4507 edaci
2704 4451 2923 4507 fastidio
2959 4451 3048 4506 vix
3080 4451 3345 4524 imperant
3383 4459 3440 4506 ut
3481 4435 3714 4522 probent

2136 4555 2258 4596 esse
2282 4557 2412 4596 vera
2440 4557 2559 4611 qua:
2592 4541 2818 4612 fingunt.

2203 4629 2507 4684 Ad-locum
2554 4645 2720 4698 porro
2764 4630 3044 4698 regiminis
3091 4645 3367 4700 nunquam
3397 4629 3716 4686 ambitiosus

2137 4718 2378 4783 anheles,
2425 4719 2572 4782 dum,
2612 4719 2666 4771 in
2702 4719 2950 4788 proximo
2986 4719 3351 4788 digressurus,
3397 4720 3538 4774 diem
3591 4735 3718 4789 pro—

2135 4806 2267 4875 priae
2293 4806 2590 4862 vocationis
2637 4807 2870 4876 ignores.
2910 4807 2965 4860 ln
3012 4809 3202 4866 eodem
3253 4809 3412 4877 plane
3441 4807 3732 4866 Classensi.

2138 4899 2388 4954 cwnobio
2437 4897 2580 4965 quod
2609 4913 2752 4951 nunc
2807 4898 3020 4959 incolis,
3067 4907 3228 4954 aetate
3277 4909 3460 4954 nostra
3493 4901 3716 4970 quidam

2146 4987 2441 5044 monachus
2465 4987 2638 5040 vicem
2670 4989 2864 5057 prioris
2915 4989 3170 5054 obtinuit,
3220 4991 3310 5058 qui
3361 4989 3527 5046 abbas
3568 4990 3712 5044 idem

2146 5077 2264 5134 fieri
2317 5077 2696 5132 ardentissime
2755 5079 3104 5149 concupivit;
3158 5081 3252 5135 sed
3299 5079 3425 5134 dum
3475 5077 3716 5146 satagit,

2146 5171 2272 5225 dum
2300 5168 2658 5226 conciliabula
2706 5171 2870 5246 cogit,
2916 5172 3041 5225 dum
3093 5170 3342 5234 fabricat,
3369 5178 3423 5224 et
3467 5171 3716 5224 versutia:

2148 5259 2371 5314 malleos
2405 5257 2806 5332 infatigabiliter
2852 5270 3050 5324 versat,
3111 5259 3162 5312 in
3215 5259 3529 5328 languorem
3569 5259 3718 5314 deci-

2147 5348 2280 5404 dens
2310 5349 2378 5408 ad
2421 5359 2663 5402 extrema
2694 5350 2984 5420 perductus
3018 5357 3129 5414 est;
3163 5349 3370 5403 dehinc»
3401 5349 3454 5402 in
3487 5349 3718 5418 phrene-

2147 5441 2247 5498 sim
2273 5450 2492 5512 repente
2521 5457 2831 5504 conversus,
2855 5442 2996 5510 quod
3028 5443 3204 5496 sciens
3234 5453 3714 5513 mente’concepe-

2150 5540 2379 5596 rat,,ore
2410 5533 2654 5588 nesciens
2683 5531 2948 5586 eminebat.
2981 5533 3140 5596 Ecce,
3164 5519 3356 5601 inquit,
3387 5534 3439 5588 in
3469 5535 3726 5605 proximo

2150 5605 2620 5694 comprehendam,
2660 5621 2787 5675 mihi
2837 5621 3049 5675 dabitur
3091 5623 3474 5677 monasterium
3501 5666 3515 5690 ,
3565 5625 3720 5680 adest
3760 5655 3762 5658 -

2152 5711 2334 5782 virga;
2391 5711 2676 5782 accipiam,
2731 5719 2786 5764 et
2833 5711 3149 5782 prtevalebo.
3205 5711 3349 5768 inter
3392 5715 3504 5769 hate
3549 5715 3712 5784 igitur
