4054 6184
426 341 534 396 7‘27

892 337 952 397 s.
978 339 1184 396 Ριετιιι
1221 326 1507 398 nisum
1544 339 1695 400 ore.
1737 337 1973 398 TOMLTS
2017 337 2145 394 seu
2188 334 2954 397 nutent—opuscma
3000 339 3230 396 VARIA.

3591 342 3697 399 7%

433 455 594 508 verba
647 451 951 520 defunctus,
992 454 1268 510 sinistram
1314 455 1382 511 de
1435 470 1495 510 se
1553 456 1813 511 fratribus
1865 468 2013 523 spent
2048 458 2091 511 Α
2188 451 2357 507 Totus
2383 461 2500 507 esto
2528 467 2743 520 semper
2789 452 2841 507 in
2884 454 3197 523 prophetis,
3248 462 3395 510 totus
3437 454 3489 510 in
3521 456 3697 512 Evan-

432 544 671 616 reliquit.

1042 635 1271 692 CAPUT
1319 638 1425 693 Vll.

612 721 921 791 Exemplum
950 723 1205 779 Zeuxidis
1238 728 1290 778 in
1319 728 1578 798 pingendo
1626 725 1836 781 Venere.

504 810 850 882 Negligentes
877 814 1111 884 denique
1140 815 1479 887 negligenter
1501 818 1702 887 aspice,
1745 817 2016 871 studiosos

439 910 621 955 antem
668 902 812 957 circa
867 904 1105 959 animam
1158 921 1311 962 suam
1353 923 1417 963 ac
1491 908 1681 979 vigiles
1730 907 2017 980 vigilanter

435 991 674 1044 attende.
699 990 829 1046 illud
860 993 1147 1063 siquidem,
1174 1012 1240 1051 ne
1264 990 1437 1051 aliena
1468 998 1607 1051 mala
1631 998 1848 1052 curiose
1876 996 2015 1066 diju-

434 1083 613 1149 dices;
646 1084 749 1138 hoc
780 1095 983 1151 autem,
1008 1095 1063 1139 ut
1090 1088 1431 1157 temetipsum
1455 1088 1521 1142 ad
1548 1089 1810 1143 bonorum
1836 1101 2015 1142 exem-

434 1174 551 1241 plar
578 1176 923 1231 aemulatione
953 1186 1158 1233 sanctae
1201 1179 1522 1235 imitationis
1561 1180 1839 1234 informes.
1883 1177 2015 1233 Pro-

432 1281 573 1335 pone
602 1266 782 1335 itaque
807 1268 900 1322 tibi
927 1267 1161 1339 aliquos,
1180 1271 1425 1341 egregios
1438 1271 1688 1327 videlicet
1708 1270 1926 1333 fratres,
1944 1283 2011 1324 ex

435 1356 595 1409 totius
634 1366 904 1413 conventu
938 1360 1191 1424 cmnobii,
1211 1376 1439 1431 quorum
1476 1371 1622 1416 recta
1646 1360 1873 1430 vestigia
1899 1368 2014 1414 tuto

430 1447 611 1501 valeas
633 1449 831 1503 imitari
859 1458 945 1504 :ct
964 1461 1023 1505 ut
1041 1451 1250 1507 facilius
1274 1453 1447 1522 possis
1469 1452 1710 1523 aspirare
1729 1466 1834 1521 quo
1850 1451 2010 1518 duco,

428 1537 734 1605 cxcrnpltlm
760 1539 853 1593 tibi
875 1541 942 1595 de
969 1542 1243 1597 veteribus
1268 1543 1428 1597 dabo.
1448 1541 1794 1597 Heracleotes
1815 1540 2012 1596 Zeuxis

429 1627 671 1693 (Ciceno,
714 1628 747 1682 Ι.
793 1644 833 1683 ιι
871 1629 951 1685 De
996 1631 1310 1701 inventione)
1368 1647 1563 1701 magno
1602 1648 1633 1686 a
1680 1632 2011 1689 Crotoniatis

426 1720 726 1773 ι-οιιιιιιριιιε
757 1730 842 1775 est
879 1724 1082 1792 pretio,
1111 1731 1167 1777 ut
1198 1723 1380 1777 Dianae
1409 1724 1759 1779 simulacrum
1802 1723 2010 1793 insigne

2121 542 2304 612 geliis;
2361 556 2562 612 occupa
2616 557 2711 597 cor
2768 552 2917 597 tuum
2954 544 3193 613 undique
3246 543 3697 605 diversissacne

2120 631 2413 701 Scriptura;
2468 632 2792 698 sententiis,
2857 641 2915 687 ut
2985 633 3130 687 nulla
3192 634 3491 707 ejuspars
3544 647 3697 692 vacet

2117 723 2463 779 admittendis
2501 723 2887 795 Cogitationum
2919 724 3159 779 inanium
3190 725 3512 794 phantasiis.
3543 724 3695 792 Quod

2118 814 2162 866 si
2197 828 2377 868 sermo
2409 804 2657 869 fortassis
2682 814 2869 869 horret
2920 815 3154 869 incultus
3180 856 3195 878 .
3232 825 3313 870 et,
3340 816 3471 875 mel,
3503 816 3595 871 Dei
3644 818 3695 872 in

2116 905 2296 961 cordis
2330 906 2406 960 tui
2435 905 2593 961 fauce
2622 921 2729 961 non
2777 907 2991 976 sapiat:
3057 924 3077 959 ι
3105 908 3278 975 Quam
3322 909 3498 965 dulcia
3530 911 3695 975 enim,

2116 996 2193 1050 ait
2228 996 2517 1066 Propheta,
2547 996 2796 1053 faucibus
2848 998 2985 1053 meis
3033 997 3245 1068 eloquia
3296 1009 3410 1065 tua,
3450 1002 3694 1069 Domine,

2115 1104 2279 1158 super
2304 1088 2408 1143 mel
2442 1097 2498 1144 et
2540 1087 2752 1144 favum!
2786 1108 2804 1141 ι
2853 1087 3027 1158 (Psal.
3074 1090 3289 1159 cxvm.)
3327 1107 3445 1158 ora,
3480 1092 3692 1162 jejuna,

2115 1189 2275 1247 atque
2322 1195 2514 1235 onmes
2543 1196 2573 1235 a
2617 1189 2668 1235 te
2714 1181 2999 1237 illecebras
3042 1189 3273 1237 terrenae
3321 1183 3697 1242 delectationis

2114 1271 2412 1336 abscinde,
2464 1281 2524 1326 ut
2567 1272 2711 1341 quod
2753 1288 2862 1328 non
2898 1288 2967 1329 ex
3010 1272 3217 1345 se,sed
3265 1287 3331 1327 ex
3384 1284 3436 1328 te
3486 1275 3695 1330 videtur

2114 1362 2426 1433 insipidum,
2456 1366 2511 1418 in
2544 1372 2636 1419 tuo
2661 1364 2834 1434 possit
2866 1380 2963 1420 ore
2992 1365 3330 1421 duleescere.
3356 1366 3518 1421 Pueri
3546 1383 3694 1422 nam-

2112 1469 2217 1523 quc
2244 1453 2317 1508 illi
2351 1454 2442 1523 qui
2475 1469 2535 1510 se
2582 1454 2726 1523 regis
2756 1455 3114 1511 decreverant
3159 1455 3335 1527 epulis
3382 1455 3693 1524 abstinere,

2111 1546 2353 1601 omnium
2402 1545 2661 1600 librorum
2712 1547 3034 1615 sapientiam
3095 1556 3150 1603 et
3197 1547 3483 1602 scientiam
3543 1558 3696 1618 grata

2112 1646 2428 1693 meruerunt
2479 1636 2679 1693 talione
2732 1638 2992 1707 recipere.
3047 1637 3249 1694 Danieli
3290 1652 3525 1708 quoque,
3565 1639 3691 1710 quia

2113 1740 2358 1785 censurae
2406 1728 2566 1798 huius
2594 1738 2784 1785 auctor
2833 1730 3135 1795 exstiterat,
3191 1731 3297 1789 hoc
3339 1740 3424 1787 est
3474 1731 3694 1801 insuper

424 1810 739 1880 άυιιῑηιςθνθι
768 1851 787 1879 9
846 1823 900 1868 ει
948 1814 1064 1883 eius
1120 1815 1409 1885 imaginem
1458 1817 1524 1870 ad
1574 1815 2008 1884 Probatissilllam
2042 1802 2086 1863 Β
2114 1822 2357 1876 additum
2398 1831 2459 1876 ut
2487 1822 2755 1876 visionum
2778 1821 3019 1876 omnium
3061 1831 3222 1891 atque
3244 1822 3581 1877 somniorum
3601 1838 3693 1877 no-
3742 1828 3745 1831 '

424 1916 533 1956 sua:
562 1905 1062 1963 artis'industriam
1112 1909 1228 1964 sine
1268 1910 1675 1979 comparatione
1724 1908 2005 1963 formaret.

423 1990 681 2061 Poposcit
712 2006 892 2051 autem
920 2012 1109 2053 omnes
1133 1998 1283 2053 urbis
1312 1999 1548 2068 virgines
1580 1999 1630 2053 in
1658 2013 1764 2053 uno
1796 2005 2008 2067 specta-

421 2086 545 2140 ‘cn’lo'
580 2086 881 2158 colligi,‘nt
926 2084 1091 2144 futuri
1128 2074 1458 2162 elegantiam
1500 2091 1688 2159 ‘op’cris
1714 2106 1781 2145 ex
1819 2105 2006 2145 earum

422 2187 607 2246 posset
634 2181 813 2250 specie
836 2181 1091 2237 mutuari.
1126 2181 1230 2238 Sed
1256 2183 1384 2253 quia
1416 2176 1640 2252 pudicas
1660 2191 1718 2236 et
1749 2182 2007 2236 lienestas

420 2270 659 2340 virgines
683 2272 755 2327 ‘in
783 2273 1057 2344 publicum
1106 2275 1324 2345 prodire
1368 2273 1469 2329 liis
1496 2290 1603 2328 non
1637 2282 1785 2337 erat,
1814 2288 2004 2327 earum

417 2360 615 2416 fratres
647 2362 791 2417 ducti
822 2371 949 2417 sunt
972 2362 1039 2417 ad
1070 2363 1372 2432 palaestram
1392 2404 1407 2428 ,
1437 2372 1498 2417 ut
1522 2377 1591 2417 ex
1615 2377 1803 2417 eorum
1829 2363 2008 2431 pictor

410 2450 614 2510 decor’e
641 2451 921 2526 colligeret
972 2456 1100 2524 quid
1131 2457 1196 2512 de
1240 2470 1489 2511 sororum
1525 2455 1819 2510 venustiori
1849 2455 2005 2509 nimi-

408 2536 540 2597 ‘rmn
591 2544 992 2613 pulchritudine
1023 2546 1313 2616 iudicaret.
1348 2546 1455 2602 Sed
1504 2546 1759 2616 quoniam
1808 2552 2004 2598 natura

400 2647 524 2688 tuon
576 2649 766 2690 omnes
810 2635 899 2690 uni
951 2622 1373 2705 pulchritudinis
1423 2635 1578 2690 dotes
1629 2633 1894 2697 attribuit,
1945 2641 2005 2687 ut

416 2724 563 2793 quod
593 2728 684 2781 uni
712 2727 957 2781 membro
983 2728 1387 2797 prterogat,‘alii
1412 2742 1556 2796 saepe
1587 2726 1797 2788 demat;
1831 2739 2004 2794 eoque

400 2805 499 2881 'lit,
552 2827 612 2871 ut
644 2834 811 2872 unum
860 2818 1109 2887 idemque
1164 2820 1400 2873 hominis
1449 2833 1691 2887 corpus,
1727 2815 1868 2885 quod
1913 2817 2004 2872 hic

416 2907 754 2965 formositate
786 2908 1128 2978 praeeminet,
1181 2909 1291 2964 illic
1340 2908 1684 2964 deformitate
1725 2906 1999 2972 laborat;

415 3013 485 3050 cx
511 2984 658 3051 omni
704 2997 795 3051 illo
828 3012 1117 3068 puerorum
1152 3000 1404 3054 examine
1450 2998 1692 3069 quinque
1738 2997 2001 3051 duntaxat

390 3069 591 3159 ipictor
619 3087 802 3157 elegit,
850 3102 987 3156 quos
1028 3089 1094 3143 ad
1143 3088 1540 3158 compilandam
1586 3087 1847 3157 cujusque
1874 3084 1998 3155 pul-

411 3177 736 3233 chritudinis
764 3178 1086 3247 elegantiam
1115 3196 1226 3251 prae
1254 3181 1426 3235 oculis
1457 3180 1663 3234 habuit.
1698 3179 1804 3234 Sed
1829 3194 1995 3248 quor-

411 3284 533 3333 sum
560 3268 675 3324 haec
708 3279 813 3323 tam
845 3270 1001 3342 longa
1033 3271 1343 3327 narratione
1368 3270 1684 3341 protracta?
1726 3271 1995 3326 Nimirum

411 3372 551 3418 utet
578 3371 637 3418 tu
672 3376 741 3419 ex
765 3362 1008 3433 pluribus
1029 3350 1233 3435 paucos
1250 3352 1458 3435 eligas,
1494 3354 1575 3419 ad
1609 3380 1839 3435 quorum
1873 3380 1998 3419 nor-

414 3466 562 3507 mam
609 3450 889 3509 interioris
950 3454 1187 3509 hominis
1246 3455 1705 3522 pulchritudinem
1757 3452 1997 3523 effigiare

411 3538 730 3594 contendas.
761 3539 923 3596 Verbi
954 3558 1118 3597 causa
1138 3584 1152 3608 ,
1180 3544 1321 3598 sicut
1350 3543 1438 3598 ille
1463 3545 1530 3598 ab
1557 3543 1664 3597 alio
1688 3542 1997 3598 relucentes

409 3629 749 3694 oculos,‘ab
780 3632 886 3687 alio
916 3633 1211 3689 subductas
1262 3648 1444 3699 aures,
1492 3633 1562 3689 ab
1614 3635 1718 3689 hoc
1761 3634 1996 3702 denique

376 3716 609 3783 lacteas
647 3740 711 3781 ac
739 3726 938 3783 rubore
972 3726 1204 3783 suffusas
1241 3737 1519 3782 mutuatus
1565 3738 1649 3782 est
1690 3741 1887 3796 genas;
1920 3727 1995 3780 ita

411 3809 768 3873 nihilominus
799 3817 967 3873 etiam
1024 3827 1079 3874 tu
1134 3819 1201 3874 ah
1251 3818 1357 3874 alio
1394 3827 1702 3889 promptam
1742 3818 1995 3873 obedien-

368 3900 371 3903 ’
408 3907 564 3973 tiam,
606 3904 673 3962 ab
728 3909 831 3966 alio
878 3909 1335 3967 ferventissimam
1370 3910 1692 3966 charitatem
1717 3950 1732 3973 ,
1786 3909 1852 3964 ab
1891 3909 1995 3964 isto

364 4072 365 4075 η
409 4002 834 4070 pcrnoctationis
883 4002 1178 4068 excubias,
1234 4004 1302 4059 ab
1359 4003 1451 4057 illo
1502 4002 1739 4057 diuturni
1794 4001 1994 4059 silentii

410 4092 560 4147 disce
610 4090 941 4161 etiamnam;
996 4104 1286 4165 quatenus,
1318 4094 1458 4149 sicut
1514 4094 1605 4148 ille
1653 4093 1992 4148 diversorum

408 4178 697 4253 corporum
730 4185 1074 4240 habitudines
1122 4186 1186 4239 ad
1223 4184 1382 4239 unius
1431 4183 1707 4238 simulacri
1755 4183 1991 4252 speciem

404 4262 730 4337 transtulit,
774 4274 852 4327 sic
884 4285 939 4327 et
975 4282 1030 4327 tu
1062 4289 1129 4328 ex
1176 4275 1343 4328 variis
1392 4284 1705 4329 sanctorum
1748 4274 1988 4326 virorum

412 4348 704 4417 virtutibus
736 4363 895 4415 unius
924 4362 976 4416 in
1008 4371 1060 4418 te
1086 4362 1198 4417 veri
1231 4362 1325 4417 Dei
1358 4371 1635 4416 restaures
1676 4360 1987 4429 imaginem,

407 4460 469 4504 ιιι
494 4450 560 4503 ad
582 4451 833 4505 eumdem
862 4452 1021 4526 762
1045 4451 1387 4522 postmodum
1410 4452 1639 4507 feliciter
1659 4466 1987 4522 cognoscen-

404 4540 531 4600 dum
560 4544 854 4597 revertaris
892 4552 1194 4599 auctorem.

993 4632 1221 4689 CAPUT
1258 4631 1392 4689 Vill.

676 4725 828 4792 Quod
860 4727 1035 4781 cordis
1063 4726 1344 4797 duplicitas
1369 4724 1623 4796 fugienda
1642 4727 1729 4780 sit.

476 4817 619 4872 Cave
668 4816 1075 4886 duplicitatem;
1127 4827 1246 4873 esto
1301 4818 1530 4887 simplex
1582 4816 1631 4889 (1
1666 4816 1903 4888 Co‘r.v),
1932 4826 1992 4871 ut

404 4909 548 4977 quod
596 4908 773 4977 lingua
823 4909 1199 4980 depromitur,
1251 4921 1433 4965 mente
1480 4916 1749 4965 versetur.
1781 4910 2023 4982 Azyma'

406 5018 641 5076 namque
693 5003 962 5058 soliditate
1008 5002 1307 5065 statuitur,
1359 5002 1680 5058 fermentum
1738 5002 1984 5058 cavernis

402 5093 897 5149 scaturesccntihus
918 5090 1161 5146 vitiatur.
1190 5090 1246 5146 ln
1281 5108 1470 5162 azyma
1498 5094 1696 5148 veritas
1726 5102 1780 5148 et
1808 5093 1983 5147 since-

402 5186 563 5252 ritas;
600 5186 652 5240 in
686 5185 954 5240 fermento
984 5183 1191 5238 malitia
1227 5192 1311 5238 est
1337 5193 1387 5238 et
1416 5184 1676 5252 nequitia.
1711 5183 1810 5249 Qui
1854 5184 1986 5238 sim~

400 5276 614 5345 pliciter
656 5279 948 5348 gradiens,
1005 5290 1229 5346 azymus
1276 5285 1401 5342 est,
1460 5291 1657 5331 novum
1709 5275 1981 5330 hominem

403 5365 613 5430 induit;
651 5366 742 5437 qui
793 5382 858 5424 ex
908 5366 1220 5437 duplicitate
1269 5364 1593 5421 fermentum
1626 5374 1730 5430 est,
1786 5366 1837 5419 in
1881 5381 1977 5421 ve-

403 5458 623 5513 tustatis
648 5472 831 5514 errore
863 5459 1196 5529 permansit,
1246 5472 1310 5513 ac
1354 5472 1452 5528 per
1503 5457 1605 5511 hoc
1634 5456 1698 5510 ad
1726 5457 2011 5511 novitatis’

397 5547 627 5617 gratiam
655 5563 760 5602 non
789 5549 1050 5619 pervenit.
1089 5548 1228 5617 Quid
1275 5547 1420 5604 enim
1472 5546 1691 5617 prodest
1714 5544 1982 5601 Christia-

398 5653 530 5693 num
556 5639 726 5693 verbo
746 5648 899 5695 tenus
920 5655 978 5697 se
1002 5640 1264 5713 profiteri,
1293 5649 1348 5696 et
1379 5653 1437 5695 re
1466 5637 1581 5709 ipsa
1608 5636 1979 5693 antichristia-

398 5744 528 5785 num
552 5742 670 5783 esse
682 5728 707 5779 ‘.’

2112 1912 2286 1966 tiliam
2312 1911 2791 1982 perciperetwun.
2817 1911 2880 1981 ι).
2906 1910 3075 1981 Digno
3100 1911 3353 1967 videlicet
3376 1912 3686 1968 retributio-

2109 2002 2195 2056 nis
2216 2000 2410 2056 divinze
2437 2002 2787 2065 commercio,
2806 2009 2872 2056 [ut
2896 2002 2989 2072 qui
3012 2016 3071 2057 se
3093 2017 3122 2058 a
3151 2001 3387 2065 carnalis
3412 2001 3577 2058 edulii
3602 2017 3690 2058 vo-

2109 2092 2327 2161 luptate'
2366 2092 2772 2161 reprimerent,
2832 2091 2901 2147 ad
2963 2092 3260 2161 spiritualis
3326 2091 3688 2164 intelligentiae

2107 2186 2272 2255 dapes
2295 2186 2494 2239 mentis
2521 2200 2617 2239 ora
2648 2185 2910 2239 laxarent.
2956 2185 3181 2242 Arescat
3226 2184 3391 2256 igitur
3437 2199 3587 2253 caro,
3628 2194 3686 2240 ut

2095 2286 2262 2333 ‘mens
2276 2279 2537 2347 saginata
2565 2277 2906 2350 pinguescat.

2719 2409 2947 2467 CAPUT
2983 2411 3072 2466 IX.

2176 2523 2236 2581 S.
2268 2523 2550 2579 Romualdi
2590 2524 2867 2579 consilium
2901 2536 2955 2579 tu
2981 2525 3311 2579 sobrietatem
3336 2542 3614 2589 servem“,

2518 2604 2567 2649 et
2613 2594 2927 2665 hypocrisin:
2981 2596 3271 2665 fugiamus.

2172 2726 2325 2783 Cibi
2371 2728 2463 2797 qui
2521 2727 2916 2783 esculentiores
2980 2737 3113 2783 sunt
3169 2727 3565 2793 excludantur,
3627 2735 3687 2784 ut

2104 2819 2546 2875 intestinabella
2594 2820 2800 2875 arbiter
2844 2818 3091 2877 occultus
3143 2820 3437 2890 inspiciat,
3484 2829 3540 2875 ct
3588 2834 3689 2891 pro

2101 2898 2362 2962 stercoris
2386 2922 2535 2963 esca
2558 2947 2575 2975 ,
2633 2906 2872 2964 caelestis
2918 2906 3163 2963 alimenti
3195 2907 3352 2963 nobis
3392 2908 3688 2963 suavitates

2078 3005 2358 3067 apponat.
2414 2996 2527 3054 Nec
2575 2997 2795 3068 ineptus
2853 2998 3091 3069 applices
3169 2998 3312 3067 quod
3363 3012 3509 3069 saipe
3576 2999 3685 3053 suis

2102 3089 2384 3158 discipulis
2413 3090 2496 3143 vir
2529 3089 2740 3145 Domini
2772 3089 3103 3146 Romualdus
3150 3090 3329 3145 aiebat
3364 3108 3380 3144 :
3414 3089 3642 3145 Fratres
3662 3130 3679 3156 ,

2103 3178 2301 3247 inquit,
2329 3194 2451 3233 cum
2485 3178 2539 3233 in
2570 3178 2941 3248 quorumlibet
2963 3189 3234 3235 conventu
3266 3178 3408 3252 [vos]
3435 3180 3683 3245 reficitis,

2100 3267 2326 3323 intentis
2356 3268 2423 3323 ad
2460 3269 2640 3324 cibum
2678 3270 2909 3334 ceteris,
2956 3270 3009 3325 in
3037 3270 3157 3340 ipso
3192 3270 3505 3327 refectionis
3534 3271 3684 3326 initio

2101 3357 2312 3427 parcite
2334 3376 2348 3412 :
2368 3367 2445 3413 .et
2469 3373 2591 3412 cum
2609 3359 2720 3429 jam
2745 3360 2850 3414 illis
2870 3375 2933 3414 ex
2958 3371 3110 3429 parte
3132 3360 3469 3417 satisfactum
3498 3361 3680 3426 fuerit,

2100 3461 2198 3501 vos
2223 3447 2496 3513 inchoate,
2527 3458 2794 3517 quatenus
2818 3458 2874 3503 et
2908 3449 3212 3517 hypocrisis
3253 3459 3439 3505 notam
3464 3449 3683 3521 possitis

2097 3538 2334 3594 evadere
2370 3548 2427 3593 et
2452 3539 2771 3595 sobrietatis
2814 3540 3056 3609 regulam
3102 3540 3222 3597 sine
3250 3539 3548 3596 offensione
3573 3554 3685 3597 ser-

2097 3628 2431 3684 vare.Porro
2446 3638 2625 3684 autem
2650 3627 3070 3698 vidiPomposite
3090 3631 3414 3685 monachum
3439 3631 3679 3701 apprime

2097 3720 2435 3791 divinzelegis
2454 3718 2729 3793 [scientia]
2745 3730 2799 3775 et
2821 3720 3121 3789 disciplinis
3142 3720 3480 3790 regularibus
3502 3722 3683 3775 crudi-

2098 3820 2232 3875 tum,
2256 3811 2372 3880 qui,
2398 3819 2459 3865 ιιι
2485 3810 2781 3877 ferebatur,
2808 3810 2912 3866 hoc
2935 3826 3058 3867 cum
3086 3811 3360 3866 assidente
3388 3810 3490 3866 sibi
3516 3810 3681 3866 fratre

2096 3901 2255 3972 parili
2300 3902 2660 3959 conventione
2710 3903 3032 3973 pepigerat,
3088 3911 3149 3956 ut
3196 3902 3442 3972 apposita
3488 3902 3682 3972 cuique

2094 3995 2227 4060 vini,
2250 3994 2390 4050 sicut
2414 4009 2533 4049 mos
2560 4002 2664 4059 est,-
2682 3992 3040 4063 personalitcr
3060 3991 3223 4058 obba,
3249 4002 3477 4061 uterque
3505 3991 3680 4061 quoti-

2094 4086 2184 4141 die
2226 4084 2534 4141 utriuslibet
2573 4098 2827 4139 mensura
2875 4092 3164 4139 contentus
3193 4092 3355 4139 esset.
3411 4081 3678 4136 Nimirum

2096 4186 2153 4230 ut
2178 4190 2247 4231 ex
2272 4190 2337 4231 eo
2372 4175 2531 4246 rquo‘d
2552 4175 2660 4230 iuni
2689 4184 3046 4245 competeret,
3080 4173 3199 4233 duo
3230 4188 3293 4229 se
3331 4173 3433 4229 sub
3475 4171 3683 4227 sobrie-

2095 4267 2225 4322 tatis
2249 4267 2624 4322 moderamine
2645 4276 3053 4329 sustentarent;
3079 4280 3202 4321 cum
3225 4278 3354 4320 vero
3379 4263 3564 4319 socius
3586 4262 3681 4323 ille

2094 4360 2331 4423 deesset,
2368 4358 2422 4411 in
2474 4358 2591 4427 ipso
2635 4358 2842 4413 aestatis
2886 4356 3122 4420 ardore,
3175 4355 3270 4426 qui
3308 4354 3585 4411 nimirum.
3614 4367 3677 4407 eo

2094 4447 2256 4519 763
2290 4446 2393 4503 loci
2424 4448 2722 4503 ferventior
2750 4446 3037 4511 incumbit,
3060 4459 3127 4501 eo
3164 4458 3338 4514 usque
3366 4443 3418 4497 in
3458 4442 3675 4513 propria

2091 4539 2230 4593 obha
2258 4538 2440 4591 vinum
2469 4551 2723 4592 acescere
2749 4536 3115 4607 permittebat,
3143 4543 3203 4588 ut
3247 4542 3678 4590 scaturescentes

2099 4630 2152 4685 in
2180 4637 2245 4684 ea
2270 4642 2483 4685 vermes
2508 4628 2708 4699 sapius
2752 4628 3035 4697 reperiret.
3080 4625 3344 4682 Martinus
3379 4626 3561 4693 itaque
3589 4625 3679 4679 de-

2093 4718 2356 4783 calvatus,
2385 4711 2487 4774 hoc
2512 4720 2710 4789 quippe
2734 4718 2783 4771 ei
2813 4715 3130 4773 vocabulum
3161 4725 3302 4781 erat,
3333 4714 3401 4771 ad
3425 4724 3671 4769 extrema

2054 4836 2059 4841 σ
2091 4810 2412 4880 perveniens
2439 4849 2454 4877 ,
2501 4824 2624 4865 cum
2674 4807 2791 4878 ejus
2829 4817 2999 4863 totum
3053 4823 3250 4877 corpus
3287 4806 3546 4879 hydropis
3573 4807 3673 4860 bn-

2092 4918 2245 4959 more
2294 4903 2611 4958 immaniter
2661 4902 3047 4956 intumesceret
3076 4938 3092 4964 ,
3144 4912 3333 4954 omnes
3384 4914 3482 4953 nos
3511 4938 3526 4963 ,
3584 4896 3673 4965 qui

2088 4993 2282 5049 lectulo
2310 4992 2629 5047 videbamur
2656 4990 2932 5053 assistere,
2966 4989 3119 5059 petiit
3153 4996 3212 5042 ut
3249 5002 3374 5041 cum
3427 4988 3672 5057 dignare-

2090 5100 2212 5139 mur
2239 5084 2418 5151 scopis
2459 5081 2773 5153 singillatim
2818 5080 3046 5151 quilibet
3086 5082 3396 5135 verberare.
3432 5077 3675 5146 Cumque

2087 5176 2167 5229 sic
2208 5175 2260 5229 in
2314 5174 2419 5229 ﬁde
2464 5172 2705 5245 perfecta
2760 5180 2815 5225 et
2848 5180 3039 5225 sancta
3066 5169 3283 5226 fuisset
3331 5165 3675 5223 confessione

2089 5265 2394 5330 defunctus,
2442 5265 2665 5320 cuidam‘
2699 5262 3047 5333 postmodum
3070 5261 3225 5315 fratri
3259 5261 3313 5314 in
3344 5259 3559 5313 visione
3582 5273 3675 5327 ap-

2080 5359 2291 5428 paruit.
2341 5358 2474 5416 Erat
2543 5366 2724 5412 autem
2777 5355 2830 5409 in
2884 5354 3163 5425 cujusdam
3224 5344 3675 5423 splendidissima:

2091 5448 2327 5519 regionis
2372 5447 2621 5501 vernanti
2649 5454 2706 5500 et
2740 5443 2933 5499 ﬂorido
2961 5457 3209 5508 nemore,
3240 5441 3471 5497 candida
3522 5441 3675 5496 deco-

2090 5551 2242 5596 ratus
2263 5538 2421 5602 stola,
2453 5545 2509 5592 et
2531 5536 2735 5608 fulgida
2756 5534 3055 5607 praeclarus
3082 5540 3303 5604 aspectu
3334 5548 3349 5596 ;
3394 5530 3673 5586 recumbe-

2090 5635 2184 5687 bat
2210 5642 2390 5686 autem
2425 5630 2478 5684 in
2509 5628 2706 5684 lectulo
2737 5627 3064 5698 tegumentis
3106 5622 3411 5695 insignibus
3440 5629 3495 5677 et
3525 5620 3673 5677 miri-

2094 5725 2209 5781 ficis
2238 5723 2500 5779 adornato
2525 5762 2538 5787 ,
2585 5721 2659 5779 de
2684 5734 2789 5792 quo
2816 5717 3069 5777 videlicet
3110 5717 3391 5787 hucusque
3423 5708 3669 5774 sulliciat.
