4054 6184
446 300 547 355 729

1186 306 1428 366 OPUSC.
1464 308 1650 366 XLIX.
1682 342 1752 353 —-
1784 311 1871 368 DE
1909 311 2276 371 PERFECTA
2317 315 2622 391 MONACIII
2663 316 2951 375 lNFORM.

3606 327 3712 382 750

444 409 533 459 ne,
564 393 693 449 dum
724 394 1007 452 historiam
1065 399 1296 458 terimus
1318 442 1335 470 ,
1361 403 1670 475 epistolaris
1718 406 2023 476 compendii
2054 412 2101 470 Α
2128 410 2505 483 aequanimiter
2558 412 2889 479 sustinemus
2915 451 2933 478 ,
2989 424 3150 487 quem
3200 413 3286 469 vel
3340 427 3714 485 summotenus

442 488 641 544 limites
666 489 1013 547 excedamus.

1068 579 1299 641 CAPUT
1340 583 1407 640 Χ.

514 667 671 735 Quod
719 686 891 726 sermo
930 672 1021 727 de.
1051 674 1203 731 rebus
1264 677 1609 735 swcularibus
1668 681 1956 736 monachos

1086 810 1087 813 η
1105 746 1369 827 dedecent.

513 852 868 910 Decreveram
900 856 1118 926 quidem
1148 859 1261 930 jam
1293 861 1505 918 calamo
1548 863 1817 935 imperare
1860 867 2023 923 silen-

440 943 617 1010 tium;
658 947 754 1001 sed
778 962 939 1017 quem
975 948 1133 1019 longa
1170 950 1263 1006 siti
1293 951 1538 1008 videmus
1568 969 1849 1024 arescere,
1898 973 2024 1028 per-

441 1049 665 1090 avarum
696 1046 781 1092 est
806 1037 880 1092 illi
911 1040 1166 1110 cyathum
1195 1043 1506 1113 propinare.
1545 1044 1688 1102 Cave
1714 1046 1919 1118 itaque,
1948 1048 2025 1105 ﬁli

440 1126 782 1194 charissime,
809 1131 889 1185 'ne
921 1132 1158 1202 quando,
1191 1133 1334 1188 intra
1364 1135 1660 1192 claustrum
1710 1140 2026 1197 monasterii

440 1220 791 1287 constitutus,
829 1222 895 1277 de
931 1224 1283 1281 saecularibus
1313 1229 1546 1297 negotiis
1589 1230 1857 1301 colloquia
1899 1248 2023 1291 cum

440 1310 792 1367 saecularibus
822 1314 1091 1370 misceas:
1128 1325 1185 1371 et
1230 1316 1371 1373 sicut
1420 1319 1626 1376 referre
1652 1361 1668 1387 ,
1711 1322 1785 1377 ita
1830 1323 2026 1379 nihilo—

442 1401 620 1455 minus
646 1403 913 1458 etaudire
939 1414 1279 1462 contemnas.
1319 1408 1468 1465 illico
1518 1410 1677 1481 plane
1725 1413 2026 1485 indignatio

440 1499 625 1546 sancta
675 1494 1022 1564 reSpondeat,
1072 1504 1128 1550 et
1179 1496 1253 1566 pii
1302 1497 1404 1554 zeli
1456 1498 1638 1556 fervor
1676 1512 2026 1574 erumpentes

438 1595 564 1637 mox
602 1581 867 1638 inconditi
920 1586 1189 1641 sermonis
1234 1588 1465 1658 ineptias
1502 1590 1716 1663 frangat
1754 1608 1769 1648 :
1827 1613 1845 1647 ι
1872 1594 2023 1662 Qum,

440 1674 671 1743 inquies,
723 1687 809 1732 est
863 1678 1207 1751 participatio
1252 1680 1477 1751 justitiae
1522 1699 1645 1739 cum
1692 1686 2026 1757 iniquitate?

438 1775 532 1820 aut
561 1782 681 1836 quae
710 1768 944 1825 societas
970 1770 1106 1826 lucis
1135 1772 1203 1845 ad
1233 1770 1546 1831 tenebras?»
1568 1771 1648 1841 (11
1671 1777 1796 1833 Cor.
1827 1780 1925 1851 vr.)
1957 1780 2023 1835 Et

422 1874 631 1912 .revera
654 1861 783 1930 quid
809 1863 1077 1921 monacho
1092 1879 1227 1919 cum
1251 1865 1604 1923 saecularibus
1630 1869 1861 1925 nzeniis?
1884 1871 2022 1938 Quid

440 1951 575 2005 mihi
610 1954 1082 2024 ,perstrcpentium
1133 1954 1493 2025 juridicorum
1540 1958 1680 2025 fora,
1732 1958 2021 2018 tribunalia

416 2040 705 2111 ‘judicum,
731 2043 882 2099 aulas
915 2060 1125 2118 regum,
1178 2048 1323 2103 intra
1371 2052 1824 2109 monaSteriorum
1869 2065 2020 2126 septa

442 2135 796 2203 pertrahere?
821 2136 960 2203 Quid
988 2149 1203 2195 mortuo
1226 2140 1429 2196 homini
1459 2155 1686 2199 narrare
1707 2146 1775 2201 de
1800 2148 2018 2217 praeliis,

415 2224 652 2283 ,dotales
684 2226 898 2283 tabulas
947 2229 1092 2284 inter
1142 2229 1295 2296 tales,
1342 2232 1575 2288 divortio
1607 2235 2018 2305 interveniente,

439 2319 903 2385 rescissasyiilos
943 2320 1112 2376 titulis
1158 2321 1355 2378 eﬂ'erre
1400 2325 1702 2391 natalium,
1758 2327 2022 2384 infamare

438 2407 576 2463 alios
611 2410 848 2465 novitate
876 2410 1212 2466 cerdonum?
1244 2412 1338 2469 liis
1385 2413 1573 2485 itaque
1621 2427 1677 2471 et
1710 2417 2018 2487 huiusmodi

438 2499 599 2571 nugis
641 2500 878 2556 inaniter
914 2502 1200 2572 occupari,
1260 2504 1415 2574 quid,
1460 2514 1644 2574 quaaso
1691 2515 1804 2574 est,
1858 2509 1962 2563 nisi
1989 2525 2018 2563 a

439 2590 728 2660 perspicuo
782 2590 931 2647 fonte
978 2592 1172 2648 divina:
1217 2592 1394 2650 laudis
1442 2594 1624 2651 fauces
1658 2606 1939 2665 avertere,
1967 2609 2022 2654 et

418 2681 643 2751 caenosi
690 2682 787 2737 luti
827 2683 1120 2754 spurcitias
1155 2698 1251 2740 ore
1278 2687 1530 2743 versare?
1563 2686 1716 2744 Unde
1759 2704 1866 2745 non
1919 2690 2023 2747 im-

437 2773 636 2829 merito
665 2788 760 2846 per
786 2773 1079 2845 iet-entiam
1107 2774 1368 2833 Dominus
1394 2778 1771 2847 conqueritur,
1793 2780 2018 2836 dicens:

443 2882 463 2915 ι
486 2863 600 2919 Duo
630 2864 770 2919 mala
802 2864 1188 2943 fecitpopulus
1237 2881 1427 2931 meus,
1458 2874 1545 2922 tne
1587 2868 2019 2939 dereliquerunt,

438 2953 643 3009 fontem
672 2969 828 3027 aquae
851 2955 1009 3035 vivae,
1030 2964 1086 3016 et
1105 2953 1365 3033 foderunt
1384 2956 1492 3029 st‘bi
1508 2957 2023 3032 dsternwgcister-

416 3060 547 3105 .nas
585 3045 935 3123 dissipatas,,
974 3067 1098 3123 qua:
1145 3053 1427 3115 continere
1475 3070 1582 3111 non
1633 3056 1817 3112 valent
1854 3072 2022 3128 aquas

416 3138 577 3211 ,(Jer.
620 3141 738 3213 11).»
796 3141 1101 3203 Enimvero.
1131 3144 1575 3215 ipsamclaustri
1635 3148 1711 3202 tui
1757 3147 2024 3206 fabricam

439 3232 650 3303 respice
672 3247 688 3287 :
713 3248 842 3289 ecce
860 3235 1013 3292 enim
1058 3235 1367 3305 quadrifida
1404 3247 1507 3303 est,
1526 3248 1592 3293 ut
1615 3239 1873 3294 nimirum
1910 3240 2026 3310 ipse

417 3324 551 3387 ,loci
593 3326 732 3385 situs
772 3326 1053 3383 evidenter
1104 3328 1328 3383 edoceat
1397 3330 1541 3398 quod
1597 3330 1833 3401 undique
1881 3339 1934 3387 te
1994 3347 2025 3386 a

442 3418 726 3473 mundanre
748 3420 1179 3476 conversationis
1199 3420 1426 3489 strepitu
1447 3431 1716 3476 semotum
1750 3437 1869 3477 esse
1895 3439 2025 3478 con-

438 3510 644 3566 veniat.
675 3510 846 3567 Porro
876 3513 1012 3568 satis
1047 3513 1302 3569 indecens
1336 3523 1420 3570 est
1460 3523 1516 3570 et
1561 3516 1926 3581 inhonestum,
1962 3532 2027 3572 ac

441 3616 543 3670 per
563 3601 748 3656 omnia
772 3601 1035 3672 probatur
1065 3602 1385 3673 absurdum,
1427 3613 1485 3657 ut
1517 3605 1662 3674 quod
1691 3604 1745 3659 in
1784 3606 2025 3660 tabernis

440 3693 725 3748 wnsuevit
779 3693 902 3763 quis
943 3703 1196 3750 eructare
1239 3709 1545 3764 cauponum
1571 3734 1586 3760 ,
1625 3696 1769 3764 quod
1820 3696 2024 3765 passim

438 3791 691 3840 versatur
729 3782 874 3838 inter
917 3799 1168 3855 gynaecea
1223 3787 1549 3850 textricum,
1607 3786 1661 3840 in
1710 3796 2023 3841 sanctorum

418 3875 614 3929 choro
636 3874 815 3929 locum
842 3875 1093 3931 invenire
1119 3875 1300 3931 valeat
1328 3878 1740 3932 monachorum.
1768 3875 1912 3932 Sane
1933 3876 2023 3931 ubi

418 3966 734 4036 prophetas
764 3972 853 4021 .et
912 3965 1449 4036 apostolos‘alloqui
1506 3980 1595 4021 me
1651 3965 2023 4023 desiderantes

440 4055 667 4125 aspicio,
695 4054 786 4112 ubi
815 4056 1088 4113 Christum
1120 4071 1279 4111 suum
1320 4056 1452 4111 mihi
1481 4056 1810 4126 pandentem
1843 4056 2020 4111 Evan-
2050 4128 2053 4135 ι

438 4145 636 4215 gelium
663 4159 830 4200 cerno
856 4185 873 4211 ,
902 4160 1004 4216 ego
1051 4145 1261 4203 relictis
1285 4146 1424 4211 illis,
1461 4145 1734 4215 inquiram
1772 4136 1818 4200 Si
1851 4161 2025 4215 nuper

436 4236 659 4291 Adriani
714 4235 1130 4291 transfretantes
1171 4237 1347 4291 adhuc
1398 4235 1775 4306 applicuerunt
1819 4234 2025 4290 naves?

419 4329 631 4400 .quauti
660 4329 741 4384 sal
771 4329 1018 4385 vreueat?
1049 4338 1226 4383 utrum
1262 4343 1493 4383 annonae
1525 4327 1762 4382 modium
1809 4337 2020 4382 taxema

2054 3108 2097 3171 C

2093 4239 2268 4309 iquod
2340 4238 2395 4293 in
2469 4247 2519 4292 te
2586 4237 2790 4293 sentire
2866 4236 3136 4292 desidero.

2102 514 2478 587 accusantem
2525 502 2771 575 perferre
2804 520 2931 569 non
2974 520 3285 575 possumus.
3312 507 3483 580 Exige
3511 510 3607 565 tibi
3655 518 3717 565 ut

2132 593 2344 649 animus
2371 602 2491 649 tuus
2538 608 2603 648 ex
2654 593 2865 649 abbatis
2905 592 3109 665 jugiter
3158 597 3339 669 animo
3380 600 3629 668 pendeat,
3660 609 3711 655 et

2130 701 2404 757 nunquam
2452 685 2657 757 proprii
2702 687 2881 743 cordis
2928 688 3241 761 arbitrium,
3267 691 3360 747 sed
3388 689 3505 758 ejus
3533 692 3712 747 humi-

2094 770 2099 777 ’
2129 774 2253 829 liter
2277 778 2524 846 sequaris
2554 792 2768 847 semper
2803 778 3110 848 imperium.
3159 778 3268 835 Ora
3316 780 3500 851 itaque
3542 782 3712 837 Deum

2094 858 2099 865 ’
2131 876 2185 920 ιιι
2214 882 2310 936 per
2334 881 2457 922 eum
2488 867 2608 933 tibi,
2640 867 2786 923 velut
2812 884 3075 941 organum
3112 870 3320 945 scilicet
3363 887 3477 927 sua:
3514 874 3716 927 verita-

2131 958 2219 1021 tis,
2250 958 2461 1027 aperiat
2503 958 2635 1028 quid
2662 959 2756 1014 tibi
2787 960 3054 1031 agendum
3080 974 3202 1016 esse
3224 976 3324 1032 pro
3354 962 3435 1017 sui
3461 962 3713 1034 benepla-

2128 1053 2224 1110 citi
2253 1054 2604 1124 dispositione
2626 1055 2903 1110 decernat.

2741 1144 2971 1201 CAPUT
3009 1145 3102 1202 XI.

2172 1237 2355 1307 Quod
2397 1236 2723 1305 Christiana,
2761 1238 3005 1293 nobilitas
3041 1242 3105 1293 ea:
3149 1236 3378 1306 Christo,
3432 1255 3536 1295 non
3578 1255 3643 1295 ea:

2661 1310 2770 1365 avis
2818 1312 3041 1379 petenda
3088 1319 3186 1364 est.

2160 1418 2316 1475 .Noli
2375 1418 2710 1491 phaleratam
2762 1419 3063 1489 aliquando
3124 1436 3448 1492 proavorum
3516 1422 3713 1477 lineam

2128 1518 2333 1578 texere,
2375 1520 2434 1565 ut
2462 1512 2528 1566 de
2568 1526 2706 1565 vana
2752 1521 2804 1566 te
2844 1510 2978 1566 velis
3026 1511 3183 1565 alieni
3225 1513 3457 1568 nominis
3485 1528 3714 1584 genero-

2127 1602 2288 1657 sitate"
2306 1603 2535 1673 jactare.
2562 1590 2738 1657 ‘Plaue
2776 1602 2868 1672 qui
2920 1602 3095 1658 hazres
3125 1602 3241 1669 Dei,
3278 1611 3332 1658 et
3359 1604 3601 1659 cohaeres
3630 1611 3717 1659 est

2126 1699 2350 1765 Christi,
2390 1713 2604 1754 omnem
2648 1696 2852 1753 terreni
2891 1697 3195 1753 stemmatis
3222 1697 3530 1767 prosapiam
3559 1708 3717 1768 supe-

2058 1759 2101 1819 B
2128 1797 2233 1844 rat.
2264 1787 2662 1844 Verumtamen
2708 1802 2828 1844 esse
2875 1786 3242 1843 Christianum
3293 1803 3546 1858 magnum
3595 1798 3711 1851 est,

2129 1895 2235 1935 non
2263 1880 2436 1935 videri
2466 1878 2550 1934 vel
2582 1879 2720 1946 dici;
2761 1889 2817 1935 et
2843 1879 2932 1935 ille
2960 1879 3078 1949 plus
3104 1894 3243 1950 szepe
3270 1877 3446 1950 placet
3487 1879 3711 1942 mundo.

2128 1972 2220 2043 qui
2246 1968 2497 2045 displicet
2532 1970 2661 2026 Deo.
2695 1970 3062 2041 Quorumdam
3093 1984 3223 2025 sane
3258 1979 3478 2025 versuta
3503 1968 3715 2024 callidi-

2130 2072 2252 2126 tas,
2305 2060 2461 2131 quasi
2513 2059 2859 2131 derogando,
2917 2059 3181 2131 majorum
3248 2074 3469 2115 suorum
3517 2073 3715 2113 nomen

2127 2150 2496 2221 exaggerant;
2540 2157 2616 2215 et,
2650 2158 2977 2220 utpotentes
3023 2158 3187 2220 atque
3233 2147 3501 2221 magnifici
3550 2148 3717 2203 fuisse

2129 2239 2430 2300 videantur,
2483 2239 2751 2308 superbia:
2787 2240 2882 2294 eos
2942 2237 3412 2294 vei'crudelitatis
3458 2248 3712 2310 arguunt.

2129 2329 2304 2385 'l‘enes
2329 2330 2471 2398 quod
2500 2328 2660 2383 dico?
2683 2314 2898 2385 Accusa
2933 2329 3197 2384 Achillem
3241 2329 3397 2383 multi
3440 2328 3718 2400 sanguinis

2127 2436 2279 2477 reum
2305 2462 2319 2486 ,
2353 2428 2413 2475 ut
2447 2429 2502 2475 tu
2535 2419 2807 2491 intelligas
2856 2420 3119 2475 bellormn
3176 2420 3356 2476 studio
3408 2429 3712 2476 strenuum.

2126 2506 2544 2579 Arguoltalica‘.
2573 2509 2908 2587 pervasionis
2935 2508 3294 2587 Annibalem,
3346 2520 3406 2565 ut
3450 2520 3505 2565 tu
3549 2511 3714 2567 auda-

2128 2614 2247 2657 cem
2278 2614 2384 2654 non
2432 2584 2669 2666 dubites,
2699 2608 2755 2653 et
2794 2600 3094 2656 robustum.
3128 2584 3436 2656 Memineris
3464 2600 3718 2673 frequen-

2098 2718 2105 2724 ν
2130 2699 2214 2746 ter
2237 2688 2503 2746 orandum
2531 2701 2613 2756 ut,
2640 2705 2869 2761 corpore
2912 2698 3073 2746 teme
3102 2700 3398 2762 prostrato.
3432 2706 3585 2749 mens
3614 2692 3718 2748 eri-

2128 2792 2285 2853 gatur
2307 2784 2375 2838 ad
2398 2783 2618 2838 etei-im.
2646 2781 2851 2840 Ventre
2876 2798 3050 2839 vacuo
3078 2783 3276 2853 saepius
3305 2783 3479 2838 dormi
3504 2800 3521 2850 ;
3566 2783 3714 2840 sitim

2130 2886 2183 2929 te
2228 2874 2297 2929 ad
2344 2873 2598 2929 lectulum
2640 2875 2991 2929 comitantem
3046 2888 3209 2944 sopor
3269 2872 3494 2943 mitiget.
3538 2872 3725 2930 Mode‘

2131 2976 2248 3027 rata
2276 2966 2459 3042 vigilia
2483 2982 2628 3042 purae
2656 2956 2920 3027 Orationis
2943 2974 3235 3041 estcausa,
3278 2966 3572 3026 indiscreta
3613 2981 3720 3026 au-

2132 3068 2238 3116 tem
2268 3072 2321 3116 et
2346 3062 2519 3117 otiosa
2567 3060 2819 3132 loquendi
2868 3061 3112 3131 iit‘srepe
3164 3063 3422 3128 materia;
3470 3058 3598 3133 quia
3628 3062 3721 3117 cui

2128 3154 2518 3225 palpitantibus
2568 3153 2759 3217 oculis,
2791 3152 3353 3227 oscitantibns‘labiis
3395 3153 3575 3223 legere
3620 3162 3718 3207 aut

2124 3259 2287 3305 orare
2337 3258 2442 3297 non
2494 3238 2671 3305 licet,
2704 3236 3251 3313 aliquando'vacare
3304 3241 3500 3297 fabulis
3557 3240 3713 3297 libet.

2098 3330 2466 3403 'Quapropter
2508 3347 2632 3388 sero
2662 3331 2915 3388 lectulum
2946 3342 3099 3409 pete,
3130 3334 3196 3387 ad
3226 3333 3438 3403 vigilias
3466 3334 3719 3389 modera-

2094 3424 2232 3477 ‘tius
2261 3438 2442 3493 surge.
2484 3420 2789 3478 vaeniat
2835 3423 3101 3492 siquidem
3132 3439 3354 3479 somnus
3382 3424 3721 3491 accubitum,

2124 3508 2229 3569 non
2259 3514 2540 3569 accubitus
2566 3502 2815 3568 somnum
2844 3529 2858 3579 ;
2893 3524 2952 3569 ut
2986 3528 3092 3583 quo
3124 3512 3392 3569 diiiicilius
3421 3514 3721 3571 necessitas

2123 3597 2285 3662 dilata
2311 3605 2655 3671 conceditur,
2688 3620 2717 3659 a
2746 3603 2907 3661 fessis
2935 3606 3195 3661 membris
3219 3606 3428 3661 avidius
3452 3607 3714 3676 rapiatur.

2096 3692 2332 3752 'lnterea
2361 3696 2723 3761 rumusculos,
2751 3707 2804 3750 et
2832 3692 3090 3767 gloriolas
3116 3736 3132 3761 ,
3177 3706 3232 3751 et
3280 3695 3560 3767 palpantes
3584 3698 3716 3752 adu-

2098 3786 2341 3851 latores,
2373 3798 2630 3856 tanquam
2674 3786 2967 3856 scrpentini
3000 3786 3231 3841 morsus
3260 3801 3468 3842 venena
3512 3789 3722 3854 devita,

2122 3884 2180 3931 et
2205 3874 2351 3930 velut
2378 3874 2583 3944 abjecta
2626 3874 2867 3929 theriaca
2910 3873 3169 3945 protinus
3198 3876 3456 3929 audiant:
3504 3893 3523 3926 ι
3546 3876 3716 3930 Aver-

2100 3966 2310 4020 ‘tantur
2329 3964 2512 4020 statim
2540 3964 2945 4029 erubescentes,
2978 3964 3069 4035 qui
3111 3964 3300 4019 dicunt
3342 3964 3511 4018 mihi:
3544 3965 3719 4035 Euge,

2123 4056 2288 4131 euge!
2330 4072 2349 4107 ι
2386 4052 2561 4124 (Psal.
2590 4052 2737 4122 unt)
2765 4050 2908 4107 Nihil
2945 4053 3203 4108 mediocri
3234 4054 3287 4107 in
3330 4062 3385 4107 te
3427 4063 3725 4111 contentus,

2122 4142 2265 4211 sum,
2316 4144 2433 4213 ﬁli;
2476 4140 2662 4201 totum
2716 4150 3008 4217 summum,
3064 4152 3232 4200 totum
3288 4146 3586 4214 perfectum
3631 4156 3718 4201 est

3219 4224 3473 4308 Deposita
3548 4237 3715 4310 igitur

2122 4326 2302 4382 omnis
2386 4326 2593 4383 inertia).
2672 4334 2729 4380 et
2802 4325 3035 4396 torporis
3113 4326 3323 4395 ignavia
3366 4366 3381 4392 ,
3454 4327 3723 4383 adversus.

436 4422 623 4476 carius
679 4408 941 4477 vendat?
993 4420 1250 4475 Facessat
1310 4418 1475 4490 igitur
1553 4419 1622 4473 ab
1678 4432 1774 4475 ore
1834 4418 2021 4473 militis
2051 4419 2467 4506 Dtemetipsum
2513 4417 2626 4489 ipse
2681 4417 3053 4487 congredere,
3110 4426 3287 4471 tecum
3341 4418 3581 4484 dimica,
3631 4426 3721 4472 tea

414 4513 641 4568 Christi
674 4512 852 4568 omnis
903 4512 1025 4566 vani
1056 4509 1221 4583 764
1249 4509 1481 4565 rumoris
1534 4509 1771 4580 ineptia;
1819 4500 1889 4563 et
1922 4508 2023 4563 lin-

412 4620 565 4674 .‘gua.
618 4620 741 4675 quae
792 4603 1127 4659 immaculati
1185 4603 1309 4672 agni
1340 4641 1355 4668 ,
1419 4603 1528 4657 imo
1582 4602 1779 4657 summi
1859 4602 2023 4658 Verbi

442 4696 607 4767 rubet.
646 4695 942 4764 sanguine,
993 4693 1314 4762 dedignetur
1350 4692 1527 4748 otiosi
1588 4692 1856 4748 sermonis
1903 4706 2023 4748 sese

439 4787 664 4843 fazcibus
706 4787 1011 4857 inquinare.
1051 4783 1168 4841 Noli
1203 4785 1454 4854 cuiquam
1485 4784 1804 4850 detrahere,
1833 4785 1928 4841 sed
1956 4798 2024 4840 ne

441 4885 498 4931 tu
527 4891 712 4931 aurem
737 4877 954 4947 quidem
978 4875 1197 4945 dignum
1225 4874 1392 4929 ducas
1414 4874 1823 4929 detrahentibus
1852 4874 2023 4944 appli-

422 4978 589 5019 care.
620 4963 752 5020 Cum
791 4963 1210 5028 detractoribus,
1248 4962 1325 5016 it
1354 4961 1607 5017 Salomon
1631 5002 1645 5027 ,
1693 4978 1762 5016 ne
1796 4963 2024 5017 commi-

420 5054 687 5118 seearis;
728 5054 984 5122 quoniam
1014 5062 1234 5122 repente
1268 5053 1445 5106 veniet
1472 5051 1703 5122 perditio
1730 5067 1937 5117 eorum,
1968 5062 2020 5108 et

424 5143 655 5198 .ruinam
685 5152 1043 5214 utrorumque
1071 5144 1193 5213 quis
1229 5142 1411 5197 novit?
1440 5152 1548 5198 tam
1598 5142 1850 5199 videlicet
1880 5143 2023 5199 illius

439 5233 533 5303 qui
572 5234 829 5301 detrahit,
883 5250 1046 5304 quam
1097 5233 1217 5303 ejus
1271 5234 1361 5305 qui
1416 5248 1601 5290 aurem
1650 5236 2024 5290 accommodat

441 5325 769 5381 detrahenti.
818 5326 934 5397 ipse
963 5327 1174 5396 potius,
1219 5326 1263 5381 si
1312 5327 1455 5381 ratio
1499 5327 1762 5397 postulat,
1821 5326 2025 5397 peracti

444 5417 669 5472 sceleris
695 5430 880 5486 argue,
908 5418 1076 5473 durus
1114 5417 1401 5481 invehere,
1434 5432 1541 5473 non
1572 5428 1765 5473 verens
1788 5428 2051 5487 praesens

441 5519 553 5563 tem
609 5508 881 5565 austerius
951 5508 1274 5580 increpare;
1334 5508 1615 5565 absentem
1675 5517 1855 5564 autem
1921 5524 2028 5563 non

444 5600 670 5664 laceres,
704 5614 807 5656 nec
846 5599 988 5671 apud
1032 5599 1171 5655 alios
1218 5599 1384 5656 livido
1426 5600 1586 5655 dente
1631 5600 2027 5656 commordeas.

442 5689 599 5759 Smpe
628 5692 794 5757 enim,
837 5689 1024 5748 nescio
1053 5704 1161 5763 quo
1203 5697 1383 5762 pasto,
1424 5690 1667 5751 severius
1711 5698 2025 5762 arguentem

2126 4518 2251 4565 cum
2312 4524 2491 4578 pugna
2537 4524 2551 4561 :
2605 4506 2682 4572 et,
2749 4517 2969 4577 arrepto
3025 4507 3353 4579 evangelicae
3418 4508 3721 4580 disciplina:

2125 4596 2286 4668 765
2318 4610 2594 4658 mucrone,
2638 4596 2830 4650 omnes
2875 4594 3432 4669 circumfrementium
3464 4597 3725 4659 vitiorum

2100 4684 2375 4742 ‘ce‘rviCes
2427 4686 2727 4749 obtrunea;
2784 4684 2918 4739 dura
2976 4692 3205 4755 quaeque
3255 4694 3310 4739 et
3344 4701 3561 4756 aspera
3618 4698 3719 4756 pro

2094 4772 2324 4831 "Christi
2355 4774 2572 4845 semper
2593 4787 2780 4830 amore
2816 4774 3122 4844 perferens,
3152 4775 3369 4830 virtutis
3395 4775 3716 4832 exercitium

2126 4866 2309 4922 crede.
2384 4860 2653 4935 Quidquid
2723 4862 2874 4919 carni
2948 4864 3328 4937 voluptuosum
3401 4858 3614 4923 videtur
3662 4876 3719 4923 et

2112 4956 2406 5022 ‘biandum,
2445 4964 2506 5011 ut
2553 4970 2741 5010 revera
2764 4955 2959 5011 diaboli
2991 4956 3307 5023 viscarium,
3340 4959 3714 5028 perhorresce.

2128 5050 2383 5119 Quisquis
2410 5049 2554 5104 enim
2584 5048 2637 5103 in
2663 5049 2981 5104 monachica
3012 5050 3191 5122 regula
3216 5051 3411 5106 carnis
3449 5064 3507 5105 se
3535 5058 3719 5120 sperat

2126 5141 2419 5198 blanditias
2451 5140 2716 5207 invenire,
2747 5141 2888 5195 velut
2917 5156 2985 5195 ex
3015 5141 3167 5197 arido’
3194 5136 3337 5211 ligno
3372 5156 3593 5196 succum
3622 5157 3716 5196 co-

2132 5241 2289 5285 natur
2344 5228 2675 5300 exprimere.
2727 5229 2986 5286 Scnrrilia
3036 5245 3297 5299 quaeque,
3358 5230 3715 5296 urbanitates,

2129 5323 2291 5388 sales,
2343 5322 2571 5380 facetias
2619 5322 2939 5394 leporesque
2981 5322 3269 5377 verborum
3317 5337 3345 5374 a
3396 5321 3556 5377 labiis
3610 5323 3718 5379 tuis

2132 5422 2389 5485 tanquam
2438 5412 2758 5485 gentilitatis
2803 5410 3073 5482 quoddam
3120 5411 3439 5481 praeputium
3485 5412 3719 5469 circum.

2129 5505 2270 5561 cide.
2300 5502 2639 5562 Piscatorum
2670 5518 2905 5574 namque
2935 5518 3121 5559 sumus
3149 5502 3418 5572 discipuli,
3450 5519 3556 5561 non
3586 5520 3716 5561 ora-

2129 5590 2331 5665 torum,
2362 5606 2423 5653 ut
2448 5614 2512 5654 ex
2542 5614 2639 5654 ore
2666 5599 2960 5655 Christiani
3001 5613 3107 5653 non
3143 5595 3383 5653 latinitas
3414 5597 3594 5665 Tullii,
3622 5598 3719 5657 sed

2128 5688 2451 5764 simplicitas
2488 5700 2702 5747 resonet
2731 5689 2954 5747 Christi.
2993 5691 3195 5749 Omnes
3226 5690 3390 5767 766
3416 5690 3719 5752 voluntates
