4054 6184
418 396 519 453 ’151

874 397 930 453 S.
970 397 1171 453 PETRI
1211 401 1488 455 DAMIANI
1527 402 1693 459 ΟΡΡ..
1720 403 1951 458 TOMUS
1992 402 2118 458 SEU
2152 403 2327 458 PARS
2367 402 2541 458 ill.—
2568 403 2929 461 OPUSCULA
2971 404 3199 459 VARIA.

3558 408 3664 463 75?.

420 513 666 581 proprias
715 494 928 583 frange,
980 514 1214 582 undique
1258 523 1311 569 te
1351 530 1472 570 cum
1507 518 1746 588 apostolo
1779 518 1979 573 Christi
2010 531 2057 586 Α
2086 516 2215 569 mihi
2268 518 2495 582 fratres,
2553 514 2816 572 Boninum
2862 527 2914 574 ct
2950 519 3187 585 Petrum,
3225 519 3270 574 si
3315 520 3473 577 solito
3515 539 3665 579 more

423 605 836 666 uprtiticatione
896 606 1201 675 praecinge;
1268 607 1501 677 undique
1570 611 1826 680 impressa
1890 611 1985 664 tibi

421 694 674 763 stigmata
702 695 881 748 crucis
910 698 1150 759 Ostende,
1200 704 1259 751 ut
1303 713 1409 765 quo
1454 716 1593 755 nunc
1619 702 1820 755 arctius
1842 700 1988 768 judi-

418 784 527 836 cati
556 784 775 854 vestigia
804 786 1067 854 sequeris,
1109 800 1173 841 eo
1215 796 1337 856 post
1383 788 1665 843 sublimius
1699 791 1992 859 judicantis

419 879 691 926 consortio
724 872 1034 943 perfruaris.
1077 876 1275 933 Omnes
1317 888 1494 933 autem
1533 890 1750 935 sanctos
1800 880 1993 935 fratres

420 965 729 1018 monasterii
772 966 843 1019 tui
876 982 992 1020 mea
1038 968 1157 1025 vice
1204 970 1398 1032 saluta,
1432 971 1778 1027 t-harissimos
1811 981 1992 1026 autem

2091 606 2292 660 videris
2338 608 2624 676 aliquando
2674 609 2938 665 excelsius
2988 625 3205 671 canere.
3256 611 3359 666 hoc
3397 612 3667 682 distichon

2094 712 2215 751 meo
2245 699 2461 750 nomine
2484 698 2537 751 in
2563 713 2750 753 eorum
2778 700 3026 754 manibus
3053 714 3191 769 pone
3216 718 3229 753 :
3290 764 3295 767 _

2166 809 2265 882 Qui
2295 809 2660 865 Philomelinis
2685 812 3001 882 depromitis
3030 828 3230 882 organa
3254 813 3426 879 libris,

2166 879 2358 933 intima
2396 896 2493 932 vox
2519 882 2698 936 cordis
2734 879 2963 936 modulis
2987 879 3123 936 bene
3152 888 3402 938 concinat
3432 883 3566 940 oris.

2428 970 2506 1026 Sit
2538 990 2721 1027 nomen
2746 974 2958 1027 Domini
2989 976 3331 1029 benedictum.

753 1252 1113 1323 ⁷⁶⁷“⁷⁶⁸
1167 1269 1937 1375 OPUSCULUM

2135 1271 3251 1396 UINQUAGESIMUM.

580 1478 1035 1540 INSTITUTiO
1078 1476 1483 1538 MONIALIS.
1529 1477 1637 1537 AD
1682 1446 2061 1540 BLANCAM
2102 1480 2212 1539 EX
2266 1480 2693 1542 COMITISSA
2732 1481 3470 1545 SANCTIMONIALEM.

428 1776 1589 1854 Ancuusn_'ruu.-—Blancammobilissimam
1634 1777 1922 1842 feminam,
1964 1777 2360 1854 qute'divitiis,
2390 1776 2574 1831 liberis
2606 1779 3221 1854 et.charissimis__rcbus
3263 1784 3560 1854 quibusque
3607 1804 3684 1844 re.

496 1848 738 1922 lictis,_in
760 1847 1151 1922 ‘tnonasterium
1184 1847 2393 1922 Deo_servitura_secesserettprudentissimis
2425 1848 2705 1922 prarccptis
2746 1858 2800 1922 et
2824 1849 3152 1922 salutaribus
3190 1847 3408 1908 monitis
3445 1847 3683 1922 instruit,

499 1918 624 1987 quid
662 1916 967 1988 fugiendum
989 1917 1039 1988 ei
1072 1916 1161 1988 sit.
1183 1917 1309 1985 quid
1333 1917 1882 1988 appetendm_n,_qua_si
1907 1916 2074 1986 digito
2102 1925 2550 1988 comtnonstrans.
2592 1918 2667 1970 Ac
2703 1918 2933 1987 primum
2973 1920 3189 1988 quidem
3213 1923 3397 1976 rudem
3418 1924 3594 1980 adhuc
3632 1916 3686 1982 et

502 1984 837 2054 iitexpertem
869 1984 1229 2053 spiritualium
1261 1984 1616 2038 certaminum
1645 1984 1997 2047 bellatricem,
2033 1994 2286 2054 tanquam
2316 1985 2421 2039 telo
2452 1984 2742 2050 acerrimo,
2774 1984 3089 2055 praemunit;
3121 1989 3247 2043 dum
3272 2005 3392 2045 eam
3441 1994 3689 2050 hortatur

501 2067 559 2136 ut
584 2064 961 2136 paupertatem
997 2062 1049 2136 et
1076 2056 1427 2136 angustiaset
1454 2055 1852 2136 tribulationes,
1885 2070 2001 2123 qua:
2024 2055 2135 2136 l_)eo_
2168 2055 2526 2136 militantibus
2553 2054 3055 2136 perferendarsunt,
3086 2057 3305 2136 fortiter
3328 2063 3601 2136 ercipiat;
3630 2074 3689 2122 et

503 2129 573 2181 ita
588 2124 703 2179 sibi
730 2125 1054 2194 persuadeat
1079 2126 1187 2178 Deo
1209 2124 1436 2179 dilectos
1459 2125 1625 2179 variis
1662 2124 1717 2194 in
1752 2125 1855 2179 hoc
1881 2128 2078 2179 mundo
2119 2124 2425 2194 turbinibus
2452 2125 2717 2193 tantisper
2759 2124 3045 2194 exagitari,
3081 2130 3251 2183 donec
3282 2129 3334 2183 in
3363 2124 3690 2189 felicissima

502 2197 688 2266 patriae
714 2193 921 2270 portum
953 2195 1202 2270 ingressi.
1230 2203 1435 2249 aeterna
1467 2193 1871 2270 tranquillitate
1893 2194 2173 2270 _fruantur.
2208 2193 2345 2270 :l‘um
2377 2208 2512 2270 vero
2538 2193 2887 2270 eamndem‘ad
2918 2196 3314 2270 perfectioremg
3334 2209 3532 2255 statum
3564 2218 3686 2270 per—

504 2262 965 2334 ilttcere'cnpiens,
993 2262 1059 2318 a'd
1090 2264 1252 2317 Deum
1288 2265 1572 2318 amandum
1592 2273 1709 2334 tota
1745 2263 1937 2334 mentis
1985 2263 2327 2334 contentione
2377 2262 2608 2334 invitat.
2644 2262 2848 2334 Deinde
2890 2262 2957 2318 ad
3004 2268 3380 2334 prascavendas
3428 2262 3688 2327 daemonis

504 2336 744 2396 insidias,
773 2331 963 2387 mortis
984 2333 1454 2400 contemplationis
1482 2334 1532 2386 ei
1555 2333 1798 2403 clypeum
1825 2333 2177 2403 demonstrat.
2218 2331 2408 2403 Adhuc
2451 2331 2802 2387 validioribus
2831 2331 3152 2389 armis'eam
3184 2336 3376 2403 induit,
3426 2341 3553 2394 dum
3598 2357 3690 2395 ex-

506 2406 662 2459 tremi
696 2403 887 2471 judicii
929 2404 1215 2475 imaginem
1240 2418 1337 2475 'ex_
1354 2419 1525 2457 sacrae
1560 2400 1850 2475 scriptura:
1888 2400 2651 2475 penetralibusdepromptant
2691 2410 2816 2475 ante
2853 2403 3062 2458 oculos.
3091 2400 3372 2475 pr0ponit,
3396 2417 3450 2463 et
3478 2418 3534 2462 ut
3557 2411 3692 2465 assi-

504 2476 607 2529 due
636 2474 941 2536 meditetur,
973 2470 1284 2527 inﬂammat.
1313 2473 1613 2543 Postremo,
1646 2470 1855 2543 timoris
1884 2471 2132 2543 praesidio
2168 2471 2304 2524 satis
2346 2479 2403 2524 et
2436 2471 2667 2543 abunde
2696 2470 2949 2543 vallatam
2984 2470 3152 2539 ratus,
3181 2470 3276 2543 per
3318 2470 3519 2532 amoris
3547 2480 3688 2533 viam

506 2560 693 2599 rursus
721 2544 770 2596 in
799 2545 1032 2611 patriam
1073 2543 1281 2598 reducit
1306 2544 1372 2595 ad
1416 2542 1724 2596 felicitatem
1767 2541 1906 2594 illius
1941 2542 2281 2608 sempiterna:
2322 2540 2814 2609 contemplationis,
2840 2557 3004 2611 quam
3043 2557 3144 2599 nec
3179 2540 3367 2601 oculus
3398 2548 3551 2612 vidit,
3587 2564 3689 2605 nec

506 2615 653 2667 auris
690 2614 915 2677 audivit,
944 2626 1044 2667 nec
1075 2613 1126 2668 in
1158 2628 1253 2666 cor
1289 2612 1522 2666 hominis
1551 2611 1810 2666 ascendit.

506 2756 733 2809 Braneus
756 2753 884 2807 olim
907 2751 1213 2811 comitisszn,
1248 2764 1387 2801 nunc
1413 2747 1621 2801 cmlesti
1647 2745 1852 2814 Sponso
1880 2758 2011 2797 con-
2040 2754 2083 2813 Β
2111 2741 2289 2810 ruptio
2313 2742 2573 2807 nascitur,
2606 2743 2699 2798 sed
2729 2744 3050 2815 integritatis
3080 2746 3257 2815 potius
3278 2746 3516 2802 clausula
3542 2763 3693 2818 repa-

437 2849 657 2916 juncta),
703 2842 919 2895 Psraus
965 2848 1214 2907 peccator
1250 2838 1544 2890 monachus
1576 2834 1805 2903 juhilum
1835 2834 2014 2888 cordis

441 2952 495 2989 ιιι
526 2933 728 3002 Spiritu
762 2941 966 2985 sancto.

956 3018 1185 3074 CAPUT
1227 3015 1511 3070 PRIMUM.

440 3111 696 3166 Blancam
735 3110 1002 3180 angustias
1051 3120 1117 3230 et,
1148 3118 1497 3176 paupertatem
1547 3105 1751 3174 fortiter
1786 3104 2019 3170 excipere

1115 3188 1360 3230 tortatur.

1115 3188 1360 3231 tortatur.

514 3270 596 3331 Ad
629 3269 834 3340 regales
879 3267 1095 3340 nuptias
1138 3267 1450 3339 epulaturus
1497 3265 1715 3329 accedo,
1753 3264 2023 3320 thalamos

448 3377 579 3416 auro
609 3361 939 3430 genunisque
984 3358 1323 3414 radiantibus
1351 3358 1641 3412 adornatos
1672 3356 1852 3409 videre
1883 3356 2023 3412 desi-

448 3458 605 3527 dero;
637 3455 962 3531 nuptialibus
1011 3455 1241 3530 saginari
1293 3454 1515 3528 dapibus
1563 3452 1869 3515 avidissime
1897 3469 2024 3514 con-

449 3554 689 3622 cupisco.
724 3553 969 3621 Undique
1003 3553 1163 3621 igitur
1210 3552 1429 3620 mystica
1480 3550 1791 3604 deferantur
1830 3548 2018 3610 xenia;

451 3644 765 3714 prophetica
795 3642 953 3695 simul
987 3652 1040 3695 et
1069 3642 1361 3710 apostolica
1409 3657 1515 3694 non
1564 3640 1742 3694 desint
1789 3648 1896 3691 tam
1925 3652 2023 3691 ex-

453 3736 773 3789 cellentibus
820 3736 1019 3805 nuptiis
1056 3744 1395 3788 ornamenta.
1446 3733 1799 3804 Evangelicus
1847 3733 2027 3801 itaque

454 3836 639 3881 noster
660 3827 822 3880 Isaias
844 3827 955 3895 jam
986 3826 1243 3895 procedat
1278 3825 1343 3877 ad
1376 3825 1632 3888 medium,
1665 3833 1720 3878 et
1746 3824 2028 3879 munificus

455 3917 708 3971 exhibeat
746 3918 887 3985 quod
936 3917 1179 3984 paravit,
1224 3924 1469 3969 ornatum
1522 3914 1772 3969 videlicet
1823 3914 2030 3968 calcea-

455 4021 781 4072 mentorum,
820 4008 1044 4069 lunulas,
1074 4018 1291 4077 torques
1329 4016 1490 4076 atque
1519 4005 1754 4068 monilia,
1794 4005 2031 4059 armillas

456 4108 512 4151 ct
545 4100 751 4159 mitras,
779 4098 1163 4151 discriminalia
1214 4105 1268 4150 et
1312 4096 1676 4165 periscelides,
1725 4094 2033 4149 murenulas

2119 2841 2286 2886 ratur.
2345 2832 2456 2888 illic
2499 2833 2656 2888 Jesus
2710 2850 2902 2903 aquam
2945 2837 3210 2891 convertit
3255 2837 3307 2890 in
3352 2838 3566 2902 vinum;
3608 2840 3695 2895 hic

2116 2919 2257 2973 idem
2293 2918 2450 2975 Iesus
2490 2931 2547 2975 et
2587 2922 2769 2975 vinum
2818 2924 3164 2993 semetipsum
3210 2924 3341 2980 fecit
3386 2934 3441 2980 et
3493 2926 3693 2981 cibum.

2116 3006 2308 3063 (libum
2362 3010 2653 3073 videlicet.
2700 3012 2824 3081 quia
2877 3014 2992 3085 ipse
3048 3022 3132 3069 est
3186 3016 3342 3083 panis
3393 3013 3546 3073 vivus
3606 3020 3697 3087 qui

2119 3098 2185 3153 de
2242 3097 2380 3154 coelo
2433 3099 2708 3155 descendit
2761 3101 2952 3173 (Joan.
2999 3102 3121 3172 vt);
3163 3105 3346 3159 vinum
3384 3121 3515 3161 vero
3554 3109 3698 3177 quod

2121 3186 2355 3242 [mtillcat
2414 3204 2509 3243 cor
2558 3190 2790 3246 hominis
2837 3192 3021 3262 (Psal.
3089 3210 3232 3260 cm;
3289 3194 3523 3259 Spiritus
3579 3197 3698 3266 ejus

2120 3288 2207 3334 est
2267 3279 2335 3334 de
2384 3293 2492 3349 quo
2554 3280 2747 3336 iterum
2793 3282 2923 3339 dicit
2967 3301 2982 3338 :
3036 3303 3055 3337 ι
3096 3283 3348 3341 Poculum
3416 3296 3564 3341 tuum
3619 3288 3701 3341 in-

2122 3369 2337 3425 ebrians
2360 3408 2375 3433 ,
2397 3369 2560 3439 769
2585 3385 2747 3438 quam
2776 3371 3089 3441 praeclarum
3134 3374 3246 3428 est!
3280 3392 3299 3425 ›
3332 3374 3507 3443 (Psal.
3542 3376 3698 3443 xm.)

2121 3457 2357 3534 Spiritus
2379 3459 2523 3520 enim
2583 3460 2676 3516 Dei
2724 3461 3001 3521 hominum
3048 3473 3255 3525 mentes
3300 3464 3559 3535 inebriat,
3615 3475 3690 3535 ut,

2128 3564 2387 3623 tanquam
2443 3569 2473 3609 a
2522 3556 2635 3611 suis
2683 3557 2930 3613 sensibus
2978 3558 3218 3623 alienati,
3268 3560 3484 3614 divitias
3540 3560 3699 3626 hujus

2126 3646 2334 3709 mundi,
2382 3646 2616 3701 honores
2657 3655 2712 3700 et
2742 3646 2966 3716 gloriam
2999 3658 3281 3715 respuant,
3333 3650 3398 3702 ad
3429 3650 3699 3703 snluumda

2127 3751 2259 3789 vero
2287 3751 2384 3804 pro
2421 3736 2530 3791 Deo
2578 3751 2803 3805 quaeque
2846 3739 2977 3791 dura
3018 3738 3099 3792 vel
3149 3754 3340 3806 aspera
3383 3738 3702 3793 ﬂammanti-

2127 3826 2228 3880 bus
2255 3825 2534 3879 desideriis
2561 3826 2918 3880 lnardescant.
2958 3826 3069 3881 Hoc
3098 3837 3274 3882 musto
3303 3828 3563 3883 dcebriati
3594 3828 3703 3882 fuev

2132 3924 2258 3968 rant
2303 3915 2498 3982 quibus
2525 3913 2694 3969 Judaei
2724 3930 2852 3970 vere
2901 3918 3175 3971 dementes
3228 3933 3290 3972 ac
3330 3916 3519 3972 furiosi
3563 3902 3704 3973 dice-

2131 4005 2266 4060 bant
2306 4022 2319 4059 :
2358 4022 2376 4055 ι
2411 4003 2588 4060 Musto
2614 4005 2757 4074 pleni
2788 4014 2912 4059 sunt
2942 4006 3028 4059 isti
3059 4006 3194 4074 (Act.
3225 4005 3308 4076 ιι).
3346 4025 3363 4058 ι
3396 4006 3507 4061 Hoc
3532 4016 3704 4061 musto

2138 4094 2333 4164 plenus
2376 4105 2494 4149 erat
2526 4096 2606 4149 vir
2636 4096 2727 4150 ille
2771 4097 2836 4151 de
2868 4095 2991 4150 ﬁliis
3020 4097 3424 4177 prophetarum,
3453 4113 3613 4168 quem
3641 4097 3709 4152 ad

456 4199 511 4242 ct
563 4188 921 4252 olfaetoriola,
970 4188 1187 4241 inaures
1239 4196 1294 4240 et
1338 4185 1562 4239 annulus
1604 4192 1659 4237 et
1696 4196 1936 4252 gemmas
1982 4183 2035 4237 in
2064 4168 2109 4229 C
2142 4183 2447 4253 ungendum
2502 4184 2637 4238 Hieu
2691 4199 2871 4254 regem
2924 4168 3146 4239 miserat
3187 4186 3438 4251 Eliseus,
3487 4186 3556 4241 de
3605 4201 3711 4256 quo

463 4282 637 4334 fronte
667 4283 979 4350 pendentes,
1008 4279 1298 4332 mutatoria
1339 4288 1393 4332 ct
1421 4278 1576 4346 pallia
1612 4284 1668 4329 et
1701 4275 2036 4338 linteamina,

466 4387 594 4425 acus
632 4380 689 4427 et
721 4370 935 4439 specula
967 4378 1021 4421 et
1049 4370 1318 4428 sindones.
1351 4369 1512 4421 vittas
1552 4376 1717 4434 atque
1761 4364 2035 4419 theristra.

461 4460 589 4513 Haec
629 4458 997 4528 igitur-omnia
1026 4455 1395 4524 spiritualihns
1427 4453 1749 4509 conferenda
1780 4461 1907 4508 sunt
1935 4467 2039 4505 nu-

460 4550 609 4618 ptiis,
641 4564 703 4604 ac
742 4563 891 4604 nova:
919 4562 1129 4616 sponsae
1174 4546 1458 4615 diligenter
1496 4544 1745 4613 aptanda,
1777 4558 1885 4614 quo
1928 4554 2045 4608 veri

464 4640 659 4709 Sponsi
688 4640 900 4710 placere
924 4640 1091 4712 possit
1118 4638 1412 4693 obtutibus.
1445 4637 1539 4692 [lis
1575 4636 1830 4691 nimirum
1857 4633 2042 4689 infulis

465 4738 764 4791 venustata,
815 4731 916 4785 hac
954 4738 1392 4784 ornamentorum
1436 4734 1552 4781 erat
1593 4725 1859 4779 varietate
1889 4720 2043 4779 com-

464 4823 639 4893 posita
688 4821 871 4892 regina
914 4821 1001 4876 illa
1027 4862 1042 4886 ,
1088 4835 1252 4890 quam
1298 4818 1581 4873 Psalmista
1627 4814 2045 4885 contemplatus,

466 4913 690 4967 aiebat:
730 4930 748 4962 ι
785 4913 971 4966 Astitit
1017 4913 1198 4981 regina
1247 4925 1277 4963 a
1327 4910 1545 4983 dextris.
1588 4908 1694 4963 tuis
1741 4908 1796 4962 in
1846 4906 2043 4983 vestitu

467 5004 746 5069 deaurato,
778 5003 1182 5056 circumamicta
1231 5002 1491 5054 varietate
1548 4996 1732 5069 (Psal.
1784 4998 1960 5065 xuv).
2012 4996 2031 5050 ι

469 5094 681 5167 Nuptiae
720 5093 873 5147 facta:
901 5103 1029 5147 sunt
1076 5095 1128 5146 in
1170 5093 1311 5147 Cana
1343 5092 1559 5147 Galileae
1587 5109 1600 5145 :
1631 5101 1683 5146 et
1715 5093 1854 5145 sicut
1876 5092 2047 5145 Evan-

470 5185 661 5253 g.lista
693 5194 942 5247 testatur,
969 5194 1190 5237 vocatus
1229 5192 1315 5236 est
1354 5181 1511 5236 Jesus
1554 5183 1619 5234 ad
1663 5184 1877 5250 nuptias
1925 5198 2048 5235 cum

472 5274 750 5344 discipulis
792 5274 905 5328 suis
956 5272 1137 5341 (Joan.
1186 5271 1277 5341 tl);
1330 5272 1422 5325 sed
1460 5280 1712 5339 tanquam
1753 5271 2048 5339 pronubus,

475 5382 577 5418 non
608 5375 665 5418 nt
694 5381 951 5433 sponsus;
988 5364 1140 5433 quasi
1170 5378 1488 5431 pransurus,
1532 5377 1635 5414 non
1669 5372 1726 5414 ut
1763 5370 2046 5428 mtpturus.

474 5453 595 5508 istic
624 5468 752 5507 vero
784 5455 980 5523 nuptiae
1029 5464 1178 5507 tanto
1228 5452 1345 5506 illas
1386 5452 1665 5520 privilegio
1695 5458 1967 5519 superant,
1993 5458 2049 5503 ut

2030 4967 2078 5009 Γ

2141 4276 2396 4330 dixerunt
2442 4291 2641 4332 vesane
2681 4278 2956 4347 sapientes
3001 4280 3066 4331 ad
3119 4293 3241 4331 cum
3276 4297 3289 4331 :
3328 4298 3346 4330 ι
3378 4278 3514 4345 Quid
3565 4279 3711 4332 venit

2144 4369 2364 4423 insanus
2410 4369 2511 4423 iste
2559 4371 2625 4424 ad
2677 4370 2763 4424 te?
2806 4389 2824 4420 ι
2878 4370 2983 4439 (IV
3034 4369 3161 4439 Reg.
3203 4371 3302 4440 ιι.)
3345 4370 3483 4436 Quid
3530 4381 3711 4424 autem

2142 4450 2339 4512 mirum
2385 4459 2428 4511 si
2463 4458 2554 4522 hi,
2587 4459 2677 4527 qui
2708 4459 2828 4528 pttri
2887 4468 3014 4513 sunt
3062 4459 3330 4524 homines,
3359 4450 3480 4513 cum
3510 4457 3713 4529 Spiritu

2144 4548 2326 4603 divino
2354 4548 2645 4619 replentur,
2680 4548 2748 4603 ab
2776 4548 2935 4617 hujus
2965 4550 3149 4602 mundi
3173 4547 3528 4619 sapientibus,
3556 4556 3717 4617 atque

2144 4639 2265 4696 ideo
2293 4655 2421 4696 vere
2447 4640 2854 4709 desipientibus,
2891 4639 3203 4708 iudicentur
3247 4639 3467 4695 insani?
3505 4653 3632 4693 cum
3664 4646 3720 4692 et

2145 4729 2261 4799 ipse
2300 4729 2393 4798 qui
2417 4728 2677 4798 magister
2704 4739 2788 4785 est
2825 4729 3136 4798 angelorum
3164 4729 3341 4786 dictus
3370 4728 3443 4783 sit
3466 4727 3720 4782 habuisse

2145 4819 2465 4874 daemonium
2496 4817 2677 4889 (Joan.
2709 4817 2881 4888 vnn);
2913 4818 3041 4879 imo,
3072 4827 3133 4877 ut
3158 4817 3367 4872 Marcus
3394 4815 3720 4886 evangelista

2147 4918 2413 4975 testatur,
2458 4910 2752 4965 mstimatus
2799 4910 2870 4965 sit
2923 4910 3087 4966 etiam
3134 4908 3298 4963 fuisse
3348 4907 3715 4976 phreneticus.

2153 5017 2171 5049 ι
2221 4997 2402 5063 Venit,
2436 4998 2629 5065 inquit,
2674 4999 2920 5063 donmm,
2949 5008 3004 5053 et
3033 5000 3287 5053 convenit
3314 4997 3508 5051 iterum
3540 4998 3719 5059 turba,

2148 5090 2219 5141 ita
2252 5098 2306 5143 ut
2353 5105 2459 5143 non
2507 5097 2689 5157 posset
2731 5103 2835 5143 nec
2870 5102 3063 5158 panem
3111 5089 3469 5152 manducare;
3501 5094 3558 5140 et
3599 5101 3719 5141 cum

2149 5182 2425 5235 audissent
2458 5180 2562 5243 sui,
2589 5180 2837 5234 exierunt
2867 5188 3051 5235 tenere
3073 5194 3196 5233 eum
3226 5196 3239 5232 :
3274 5179 3525 5233 dicebant
3550 5176 3716 5239 enim,

2148 5274 2401 5341 quoniam
2432 5272 2483 5325 in
2526 5270 2762 5325 furorem
2808 5285 2997 5326 versus
3034 5278 3116 5324 est
3141 5268 3334 5337 (Marc.
3359 5267 3464 5335 ιιι).
3508 5284 3527 5319 ι
3572 5264 3723 5319 Hanc

2149 5363 2319 5416 sancti
2351 5362 2583 5430 Spiritus
2617 5361 2933 5416 ebrietatem
2978 5368 3032 5414 et
3064 5368 3150 5424 tu,
3183 5377 3215 5414 ο
3255 5356 3583 5413 venerabilis
3629 5355 3723 5409 doc

2155 5453 2320 5515 mina,
2357 5465 2489 5504 sana
2521 5458 2700 5504 mente
2727 5463 3054 5518 conceperas
3093 5463 3215 5503 cmn
3258 5447 3514 5502 sarculum
3566 5443 3724 5498 relin-

480 5542 880 5611 hic'Jcsusjurc
908 5545 1158 5597 credatur
1191 5558 1296 5597 non
1334 5542 1537 5594 amicus
1580 5554 1723 5599 esse.
1773 5539 1865 5592 sed
1891 5553 2052 5608 spon-
2082 5514 2128 5570 D
2156 5557 2321 5610 quem
2346 5539 2631 5595 decrevisti
2679 5555 2692 5592 :
2732 5547 2806 5604 et,
2836 5538 2980 5593 velut
3008 5537 3268 5593 columba:
3308 5533 3569 5604 simplicis
3614 5531 3721 5585 alas

478 5648 591 5686 διε.
642 5632 708 5685 Et
751 5634 1003 5699 quoniam
1049 5632 1139 5701 qui
1182 5632 1420 5686 adhmret
1470 5630 1696 5684 Domino
1726 5627 1776 5697 (1
1814 5626 1936 5680 Cor.
1979 5626 2052 5696 vx)

482 5740 620 5776 unus
668 5724 889 5792 spiritus
938 5732 1039 5789 est,
1090 5738 1318 5793 sponsus
1362 5724 1462 5776 iste
1500 5736 1605 5774 non
1656 5720 1813 5774 modo
1848 5734 2059 5787 sponsae

482 5814 743 5884 jungitur,
774 5814 866 5869 scd
894 5813 1094 5880 unitur,
1133 5824 1292 5882 atque
1335 5830 1399 5868 ex
1441 5813 1541 5867 hac
1573 5811 1759 5882 copula
1801 5826 1905 5864 non
1944 5824 2058 5863 cor-

2157 5634 2459 5695 cxcntiens,
2501 5629 2568 5684 ad
2598 5629 2961 5685 innocentium
3007 5639 3174 5696 atque
3211 5625 3533 5694 simplicium
3562 5621 3721 5676 nidu-

2160 5722 2268 5774 lum
2296 5719 2613 5782 cumulasti,
2639 5729 2767 5772 tunc
2793 5719 2979 5775 dicens
3008 5736 3020 5770 :
3055 5738 3071 5768 ι
3108 5716 3235 5781 Quis
3269 5714 3419 5768 dabit
3442 5711 3574 5766 mihi
3597 5724 3719 5780 pen:

2162 5826 2257 5865 nas
2283 5810 2415 5863 sicut
2439 5808 2715 5873 columbas,
2743 5815 2797 5861 et
2824 5806 3096 5872 volabo,ct
3120 5802 3524 5874 requiescam?»
3546 5796 3712 5869 (Paci.
