4054 6184
377 455 480 511 733

378 567 509 636 ιιν.)
548 564 700 623 Nunc
731 564 894 619 etiam
941 575 1131 620 secure
1177 561 1471 617 decantans
1514 581 1527 616 :

376 657 496 728 gavi
551 656 797 725 fugiens,
846 661 903 709 et
949 645 1124 708 mansi
1175 652 1228 706 in
1282 651 1590 714 solitudine,
1633 662 1952 722 exspectans

377 765 523 814 eum,
545 749 636 816 qui
660 762 746 801 me
772 745 976 801 salvam
1000 743 1162 799 faciat
1182 758 1212 796 a
1242 743 1686 813 pusillanimitate
1707 743 1952 811 spiritus,

378 847 434 894 et
458 844 776 907 tempestate
806 833 978 906 (Paul.
998 834 1129 902 Liv).
1165 854 1183 886 ι
1211 833 1337 887 Haec
1362 842 1414 888 te
1439 832 1694 886 nimirum
1716 831 1954 886 ebrietas

336 967 343 973 -
377 927 592 998 impulit
637 923 814 994 ampla
861 924 994 978 satis
1049 932 1212 990 atque
1246 921 1535 976 uberrimis
1564 920 1790 974 fecunda
1831 935 1954 990 pro-

376 1017 630 1071 ventibus
667 1014 789 1083 jura
841 1021 1218 1078 contemnere,
1250 1011 1458 1066 munita
1510 1010 1740 1064 turrium
1793 1018 1955 1078 atque

378 1107 680 1162 Castrorum
711 1101 1109 1174 pr0pugnacula
1137 1100 1431 1164 declinare,
1472 1097 1704 1156 dulcium
1735 1099 1954 1169 propin-

380 1211 609 1266 quorum
655 1193 1106 1250 necessitudinem
1166 1207 1230 1246 ae
1285 1190 1692 1246 vernaculorum
1732 1188 1955 1244 affectus

380 1286 615 1353 abjicere
637 1324 652 1347 ,
676 1283 928 1354 quodque
953 1283 1146 1338 horum
1169 1281 1408 1336 omnium
1434 1280 1822 1352 permaximum
1846 1289 1951 1345 est,

381 1378 602 1431 unicum
635 1375 834 1440 filium,
864 1388 1099 1442 eumque
1129 1373 1392 1443 ephebum
1435 1371 1610 1426 adhuc
1661 1379 1822 1438 atque
1853 1370 1958 1425 im-

381 1469 664 1536 puberem,
695 1465 811 1521 sine
839 1463 1136 1534 coniugalis
1169 1463 1360 1520 solatio
1404 1461 1624 1518 foederis
1667 1461 1952 1526 abdicare,

383 1558 458 1617 e‘t,
492 1568 612 1622 qua:
654 1553 974 1622 constipatis
1002 1550 1198 1605 vallata
1229 1551 1484 1606 clientum
1528 1548 1718 1604 cuneis
1745 1548 1954 1603 solebas

385 1643 662 1706 incedere,
706 1641 818 1710 jam
866 1641 1100 1696 didicisti
1146 1640 1200 1694 in
1246 1639 1444 1708 angulo
1489 1637 1801 1694 monasterii
1831 1651 1953 1690 cum

384 1730 710 1801 pauperibus
768 1729 1004 1800 Spiritus
1078 1728 1252 1782 sancti
1319 1725 1635 1781 mulieribus
1681 1723 1955 1778 humiliter

387 1824 645 1878 residere.
677 1821 804 1876 Haec
833 1830 886 1877 te
921 1821 1131 1884 sobria,
1166 1828 1221 1876 ut
1253 1819 1324 1872 ita
1351 1817 1560 1888 loquar,
1589 1815 1825 1872 ebrietas
1864 1815 1952 1869 do-

1325 448 1565 506 OPUSC.
1608 449 1667 504 L.
1708 480 1776 490 —
1811 448 2201 512 lNSTiTUTIO
2240 459 2584 517 MONIALIS.

3406 440 3678 514 ’πει

1584 578 1604 614 ι
1639 563 1775 620 Ecce
1803 564 1950 621 elon-
1977 572 2022 628 A
2054 571 2292 642 impulit;
2341 575 2435 631 sed
2481 574 2754 646 speciosus
2797 571 2965 627 forma
3011 585 3123 643 pra:
3167 570 3291 626 filiis
3342 571 3622 626 hominum

2053 665 2223 736 (Paul.
2260 667 2406 737 xuv)
2451 666 2698 722 Christus
2727 664 2794 719 ad
2829 679 2937 718 sua
2984 661 3271 719 dotationis
3317 662 3619 730 amplexum

2053 774 2150 828 per
2177 757 2412 812 afflatum
2458 756 2629 812 sancti
2678 753 2911 825 Spiritus
2945 751 3256 824 provocavit
3301 767 3316 804 :
3369 770 3387 801 ι
3425 750 3620 822 Surge,

2055 851 2243 920 inquit,
2260 851 2430 905 amica
2461 863 2808 918 mea,sponsa
2835 862 2973 910 mea,
2995 854 3050 900 et
3075 845 3224 899 veni:
3247 842 3490 899 columba
3503 859 3620 896 mea

2054 941 2107 995 in
2136 941 2487 996 foraminibus
2530 949 2714 1010 petrae,
2750 939 2803 993 in
2832 951 3060 992 caverna
3085 934 3369 990 maceriae:
3399 934 3624 989 ostende

2054 1031 2184 1084 mihi
2215 1029 2406 1084 faciem
2442 1038 2608 1090 tuam,
2649 1035 2802 1082 sonet
2847 1041 2949 1081 vox
2981 1033 3068 1078 tua
3100 1025 3153 1078 in
3196 1021 3415 1077 auribus
3441 1022 3576 1077 meis
3606 1037 3620 1074 :

2053 1134 2153 1173 vox
2177 1120 2320 1174 enim
2350 1129 2438 1172 tua
2468 1117 2660 1182 dulcis,
2688 1125 2742 1172 et
2764 1115 2928 1170 facies
2953 1125 3038 1169 tua
3067 1114 3260 1168 decora
3286 1112 3461 1182 (Cant.
3483 1111 3566 1181 ιι).
3598 1129 3618 1162 ι

2053 1209 2245 1264 Anima
2280 1207 2476 1277 quippe
2505 1213 2693 1261 sancta
2729 1204 2853 1275 jure
2889 1203 3088 1259 Christi
3119 1202 3290 1257 amica
3337 1209 3394 1256 et
3428 1215 3624 1270 sponsa

2055 1306 2308 1362 vocatur,
2361 1297 2486 1366 quia
2524 1294 2597 1349 illi
2643 1308 2741 1365 per
2783 1291 2941 1347 fidem
2989 1291 3440 1358 dilectionemque
3491 1303 3623 1344 con-

2047 1385 2312 1457 jungitur.
2365 1385 2472 1441 Sed
2503 1386 2616 1440 haec
2644 1398 2840 1451 sponsa
2885 1383 3041 1452 quasi
3086 1380 3260 1436 adhuc
3286 1379 3451 1449 jacet,
3497 1379 3622 1434 dum

2054 1475 2106 1529 in
2137 1475 2420 1530 mundanis
2442 1473 2742 1529 actionibus
2768 1470 3099 1541 implicatur;
3131 1479 3258 1524 tunc
3285 1468 3479 1539 surgit,
3500 1484 3623 1523 cum

2054 1564 2120 1617 ad
2175 1564 2508 1633 procinctum
2543 1563 2736 1618 divinae
2778 1561 3054 1616 servitutis
3086 1559 3330 1630 erigitur.
3361 1560 3436 1614 Ac
3461 1559 3506 1614 si
3541 1559 3625 1614 di-

2054 1653 2314 1719 cat:Quae
2343 1653 2397 1707 in
2425 1651 2702 1706 saecularis
2722 1652 2844 1704 vitae
2871 1650 3095 1704 mollitie
3115 1650 3287 1719 jaces,
3307 1648 3419 1718 jam
3445 1664 3623 1719 surge,

2055 1751 2215 1810 atque
2258 1740 2326 1796 ad
2373 1739 2634 1796 familiare
2682 1737 3090 1795 contubernium
3122 1751 3255 1791 meae
3298 1735 3628 1806 contempla-

2059 1831 2219 1886 tionis
2246 1831 2474 1901 erigere.
2517 1847 2538 1882 ι
2579 1827 2832 1884 Columba
2878 1842 2997 1882 mea
3042 1826 3096 1881 in
3144 1825 3498 1881 foraminibus
3534 1839 3628 1894 pe-

384 1913 498 1967 cuit
529 1920 588 1966 nt
635 1926 734 1981 pro
763 1910 1060 1966 carbasinis
1094 1909 1284 1974 lanea,
1316 1923 1414 1977 pro
1457 1906 1742 1985 purpureis
1794 1913 1955 1974 atque
1987 1897 2032 1958 Β
2063 1932 2178 1975 πω,
2239 1937 2258 1972 ,
2299 1897 2357 1975 δῖ
2384 1960 2401 1986 ,
2453 1917 2610 1988 juxta
2658 1916 2971 1988 Aposlohnn
2998 1956 3014 1981 ,
3059 1924 3211 1986 pem,
3251 1913 3497 1970 Christus
3543 1922 3630 1968 εει

386 2000 632 2054 nitidnlis
673 1999 818 2068 pulla
863 2014 926 2054 ac
965 1998 1307 2069 despicabilia
1344 1996 1571 2068 eligeres
1621 1995 1952 2050 indumenta.

386 2091 510 2146 Haec
541 2100 592 2143 te
622 2089 892 2160 persuasit
933 2089 1170 2143 ebrietas
1200 2096 1258 2142 ut
1305 2086 1577 2156 siligineas
1629 2084 1856 2155 pollines
1893 2099 1958 2138 ac

385 2178 591 2234 fercula
621 2178 846 2248 dapibus
889 2176 1086 2232 referta
1115 2185 1495 2245 postponeres,
1522 2183 1684 2243 atque
1711 2175 1777 2228 ad
1808 2173 1958 2228 librae

386 2267 648 2336 pensilem
679 2275 730 2320 te
764 2279 1070 2318 mensuram
1097 2263 1251 2332 panis
1278 2261 1800 2336 cibarii_cohiberes.
1833 2260 1959 2315 Hzec

389 2329 442 2411 te
492 2357 650 2426 plane
678 2356 848 2424 perita
881 2364 933 2408 et
958 2329 1153 2424 pudica
1187 2353 1425 2409 ebrietas
1453 2329 1699 2407 incitavit
1728 2361 1805 2418 ut,
1834 2368 1956 2406 cum

386 2446 561 2514 primo
591 2445 966 2499 adolescentia!
1009 2442 1142 2498 ﬂore
1184 2443 1398 2508 frueris,
1444 2443 1562 2498 viro
1611 2443 1844 2498 obeunte
1873 2459 1959 2498 re-

386 2534 542 2597 licta,
575 2550 680 2589 non
715 2544 822 2588 tam
853 2533 1016 2588 claris
1062 2543 1282 2602 tamque
1312 2532 1610 2604 magnificis
1654 2532 1834 2602 procis
1863 2546 1960 2586 an-

387 2638 601 2688 nueres,
634 2638 760 2686 non,
793 2631 851 2677 ut
874 2623 1054 2678 omnia
1083 2623 1403 2678 videbantur
1433 2621 1662 2687 hortari,
1689 2621 1959 2676 thalamos

389 2715 651 2780 iterares;
694 2713 812 2779 sed,
854 2713 952 2768 soli
978 2711 1087 2779 jam
1110 2711 1326 2769 Christo
1367 2711 1650 2775 victuram,
1675 2711 1876 2766 mundo
1906 2719 1960 2765 te

388 2816 655 2860 mortuam
700 2802 1345 2864 exhiberes-Enimvero,
1368 2811 1626 2871 tanquam
1653 2802 1824 2870 perita
1869 2813 1961 2854 ne-

387 2895 640 2963 gotiatrix
665 2893 916 2946 nundinis
939 2893 1140 2962 intenta
1165 2891 1467 2955 venalibus,
1496 2889 1770 2960 proiecisti
1802 2905 1958 2944 mun-

389 2983 537 3045 dum,
569 2990 624 3035 ut
654 2981 962 3050 acquireres
996 2979 1222 3045 coelum;
1268 2979 1573 3049 praevenisti
1599 2987 1850 3044 mortem,
1899 2988 1958 3033 ut

392 3070 715 3124 sententiam
761 3069 954 3125 mortis
1013 3070 1297 3132 evaderes;
1353 3068 1560 3139 elegisti
1607 3069 1960 3138 pauperiem,

392 3173 454 3222 ιιι
483 3163 788 3220 divitiarum
814 3178 920 3218 non
949 3161 1287 3233 pereuntium
1312 3162 1520 3231 copiam
1547 3161 1874 3230 possideres.

917 3273 1080 3343 πο
1113 3271 1340 3328 CAPUT
1377 3273 1440 3327 ιι.

395 3382 546 3450 Quod
596 3383 878 3452 aliquando
941 3383 1073 3452 justi
1119 3384 1182 3436 ab
1233 3383 1444 3452 injustis
1503 3383 1697 3437 idcirco
1749 3384 1960 3453 permit-

464 3463 642 3504 tuutur
668 3453 843 3532 a/ﬂigi,
876 3463 930 3506 ut
957 3463 1189 3507 statuant
1217 3455 1284 3510 (ad
1317 3454 1481 3507 Deum
1509 3453 1588 3507 vel
1631 3469 1695 3507 ea:
1739 3454 1958 3508 necessi-

464 3531 568 3575 ιιιιε
595 3531 840 3575 converti.

464 3631 653 3702 Atqui,
695 3640 752 3687 ut
791 3631 1084 3686 mirabilior
1115 3641 1204 3685 tua
1235 3632 1482 3687 videatur
1509 3648 1629 3688 esse
1651 3647 1958 3696 conversuo,

396 3738 499 3775 non
533 3735 584 3778 te
630 3725 862 3777 mundus
891 3738 920 3776 ιι
951 3738 1008 3777 se
1039 3723 1256 3798 repulit,
1286 3725 1380 3778 sed
1411 3724 1558 3779 solus
1605 3724 1766 3778 ardor
1791 3723 1958 3778 divini

393 3813 629 3882 Spiritus
678 3814 939 3870 incitavit.
974 3815 1276 3878 Enimvero,
1315 3816 1451 3870 sicut
1496 3816 1830 3884 previdentia
1879 3816 1951 3869 di-

391 3907 514 3956 vina
545 3903 809 3974 disposuit
837 3906 901 3960 ad
921 3906 1252 3960 educendum
1275 3905 1341 3960 de
1354 3904 1585 3975 [Egypto
1605 3904 1957 3960 lsrseliticum

394 3992 645 4061 populum
681 3991 877 4062 (Exod.
912 3995 1016 4063 ιιι),
1072 4003 1198 4048 tunc
1227 4003 1311 4048 est
1355 3993 1564 4063 Moyses
1594 3994 1809 4059 missus,
1835 4009 1956 4048 cum

386 4083 494 4149 jam
514 4082 723 4136 Pharao
737 4083 804 4136 ad
826 4083 1228 4151 opprimendum
1248 4083 1395 4137 illum
1407 4084 1557 4137 duris
1580 4083 1834 4152 operibus
1847 4082 1960 4136 fue-

399 4183 484 4226 rat
506 4173 791 4236 excitatus,
821 4182 1080 4239 quatenus
1100 4173 1464 4226 lsraelitarum
1493 4182 1702 4226 mentes
1727 4173 1958 4244 Egypto

394 4260 706 4314 deformiter
751 4259 1094 4324 inhterentes,
1148 4261 1285 4316 alius
1334 4261 1460 4315 dum
1500 4269 1758 4324 vocaret,
1805 4263 1958 4330 quasi

393 4361 470 4403 trs.
482 4353 663 4414 heret;
693 4351 829 4405 alius
841 4351 987 4406 velut
1013 4351 1333 4420 impelleret,
1357 4353 1482 4406 dum
1495 4352 1728 4414 sazviret,
1752 4361 1808 4404 ut
1833 4352 1958 4405 dum

393 4442 544 4509 plebs
585 4442 638 4495 in
682 4442 904 4497 servitio
933 4444 1160 4511 turpiter
1188 4443 1390 4512 figitur,
1419 4443 1500 4496 vel
1529 4443 1686 4497 malis
1709 4445 1958 4512 impulsa,

394 4531 475 4624 vel
510 4532 663 4588 bonis
691 4544 978 4603 provocata
1010 4543 1302 4589 moveatur.
1336 4534 1450 4588 Hoc
1475 4535 1638 4588 etiam
1669 4534 1723 4590 in
1763 4534 2034 4624 populoD

391 4619 486 4674 Dei
544 4623 876 4691 frequentius
927 4623 1120 4692 agitur,
1161 4641 1315 4687 cum,
1366 4625 1668 4693 praedicatis
1723 4625 1959 4679 ctelesti-

389 4710 493 4767 bus
522 4714 776 4781 prtetttiis,
799 4715 988 4768 smvire
1009 4715 1063 4768 in
1087 4715 1286 4769 electos
1307 4715 1515 4784 reprobi
1542 4715 1956 4784 permittuntur;

390 4809 449 4854 ut
474 4801 541 4866 si,
566 4803 761 4867 vocati,
793 4804 860 4856 ad
909 4812 1106 4856 terram
1136 4803 1526 4872 promissionis,
1555 4804 1704 4857 exire
1732 4803 1957 4873 negligi—

391 4905 532 4954 mus,
581 4893 851 4960 pressaris
897 4893 1082 4947 saltem
1113 4894 1450 4947 szevientibus
1482 4880 1834 4960 impellamur.
1865 4893 1959 4948 At-

391 4997 494 5050 que
527 4984 638 5034 htec
664 4981 951 5052 Egyptus,
987 4984 1090 5036 vita
1118 4982 1358 5036 videlicet
1405 4997 1658 5050 prtesens,
1700 4998 1818 5052 quae
1860 4997 1960 5037 nos

391 5071 656 5139 oppressit
704 5071 1018 5136 blandiens,
1067 5069 1278 5138 adjuvet
1319 5085 1600 5139 premens;
1651 5081 1953 5140 quatenus,

390 5174 529 5226 qme,
564 5166 687 5212 dum
745 5161 970 5217 foveret.
1015 5159 1142 5228 jngo
1190 5174 1284 5213 nos
1331 5159 1606 5213 servitutis
1654 5160 1954 5222 attriverat,

391 5249 654 5302 .ibertatis
703 5249 862 5314 viam,
889 5251 1014 5304 dum
1056 5246 1260 5318 affligit,
1302 5248 1569 5304 ostendat.
1615 5247 1736 5302 llaec
1775 5249 1958 5317 itaque

391 5352 548 5390 causa
577 5349 660 5393 est
689 5339 829 5408 quod
873 5341 939 5394 ab
969 5338 1182 5407 injustis
1214 5339 1342 5409 justi
1385 5339 1633 5394 simnitur
1660 5339 1842 5408 affligi,
1877 5347 1955 5403 ut,

391 5429 516 5479 dum
567 5427 744 5482 futura
800 5429 1022 5484 audiunt
1067 5429 1203 5484 bona
1239 5445 1356 5498 quze
1388 5430 1651 5500 diligunt,
1686 5431 1960 5498 patiantur

389 5518 552 5569 etiam
575 5517 712 5570 mala
742 5520 1022 5585 prtesentia
1047 5535 1165 5588 qua:
1204 5518 1648 5587 perhorrescunt,
1699 5527 1859 5586 atque
1889 5519 1956 5571 ad

389 5602 688 5659 faciliorem
735 5609 935 5660 exitum
963 5647 978 5669 ,
1011 5609 1134 5661 dum
1165 5622 1316 5661 amor
1359 5615 1649 5675 provocat,
1685 5607 1957 5661 cruciatus

390 5693 652 5762 impellat.
703 5695 820 5749 Tibi
861 5706 1038 5749 autem
1070 5712 1188 5750 cum
1221 5696 1342 5749 vitae
1367 5695 1523 5764 hujus
1567 5696 1802 5765 undique
1828 5712 1952 5765 pro-

390 5787 617 5861 speritas
639 5788 918 5856 arrideret,
952 5803 1056 5844 non
1089 5798 1138 5843 te
1167 5789 1416 5854 mundus,
1445 5790 1534 5858 qui
1561 5787 1952 5854 blandiebatnr,

2059 2009 2110 2080 (Ι
2149 2010 2272 2064 Cor.
2305 2010 2384 2080 χ),
2412 2008 2678 2064 foramina
2713 2016 2878 2077 petrae
2903 2006 3123 2060 vulnera
3153 2015 3276 2060 sunt
3308 2003 3630 2075 Redempto-

2059 2101 2156 2163 ris,
2179 2115 2296 2170 quae
2324 2099 2568 2170 profecto
2618 2115 2725 2155 non
2777 2115 2906 2155 casu
2951 2100 3188 2170 quinque
3237 2106 3382 2165 sunt,
3431 2097 3629 2154 lanceae

2057 2193 2263 2248 scilicet
2290 2201 2347 2247 et
2385 2192 2691 2256 clavorum;
2727 2192 2821 2247 sed
2862 2192 2988 2260 quia
3028 2205 3128 2245 nos
3171 2189 3448 2244 fueramus
3473 2189 3632 2258 quin.

2056 2296 2161 2350 que
2189 2295 2445 2336 sensuum
2489 2278 2802 2334 vulneribus
2849 2277 3096 2342 sauciati,
3138 2292 3236 2346 per
3269 2277 3368 2330 has
3393 2277 3629 2345 quinque

2058 2371 2241 2442 plagas
2285 2371 2448 2426 saluti
2497 2385 2683 2426 sumus
2729 2377 3001 2440 perpetuae
3029 2367 3285 2422 restituti.
3314 2366 3435 2420 Istae
3463 2363 3631 2433 siqui-

2059 2463 2177 2516 dem
2209 2469 2376 2530 portte
2405 2469 2562 2516 erant
2587 2475 2684 2530 per
2716 2475 2852 2530 quas
2876 2459 2964 2514 die
2993 2457 3212 2514 Sabbati
3246 2456 3530 2527 prapheta,
3557 2467 3628 2509 ne

2060 2549 2390 2604 inferrentur
2428 2565 2594 2604 onera
2635 2549 2843 2619 gravia,
2891 2547 3229 2618 prohibebat.
3274 2545 3330 2599 lu
3371 2545 3457 2598 his
3501 2556 3631 2612 ergo

2060 2641 2414 2697 foraminibus
2474 2640 2568 2696 Dei
2619 2639 2866 2695 columba
2926 2636 3212 2702 consistit,
3258 2635 3384 2705 quia
3443 2641 3628 2688 sancta

2058 2732 2308 2802 quzelibet
2353 2733 2530 2786 anima
2567 2739 2732 2788 totam
2765 2731 2993 2800 proprize
3029 2727 3219 2783 salutis
3249 2741 3398 2796 spem
3447 2724 3503 2779 in
3545 2723 3629 2778 sui

1987 2850 2006 2870 ι
2063 2823 2435 2893 Redemptoris
2477 2823 2728 2893 passione
2773 2819 3070 2876 constituit.
3112 2817 3187 2873 lbi
3216 2816 3364 2872 velut
3389 2816 3456 2870 ab
3484 2813 3630 2868 acci-

2062 2913 2215 2982 pitris
2247 2912 2465 2966 incursu
2496 2909 2830 2975 defenditur,
2861 2907 2987 2978 quia
3033 2921 3063 2960 a
3112 2905 3320 2961 cunctis
3371 2902 3632 2973 maligno-

2020 3065 2024 3070 _
2063 3018 2180 3056 rum
2228 3002 2513 3072 spirituum
2543 2999 2755 3055 insidiis
2799 2996 3120 3053 custoditur.
3152 2993 3226 3048 lbi
3275 2993 3429 3062 plane
3456 2990 3632 3045 nidifi-

2063 3103 2173 3155 cat,
2198 3091 2324 3162 quia
2357 3091 2466 3145 illic
2495 3089 2636 3146 fetus
2669 3091 2932 3145 bonorum
2976 3100 3198 3156 operum
3227 3089 3526 3138 coacervat.
3556 3081 3635 3135 De

2065 3185 2165 3238 hac
2193 3192 2348 3254 petra
2374 3197 2470 3254 per
2493 3182 2831 3237 Psalmistam
2876 3180 3071 3234 dicitur
3103 3191 3118 3231 :
3154 3197 3171 3228 ι
3203 3175 3409 3232 Montes
3437 3173 3632 3228 excelsi

2061 3274 2257 3339 cervis,
2278 3282 2431 3344 petra
2455 3272 2717 3343 refugium
2740 3271 2898 3342 7³11,
2922 3267 3223 3324 herinaceis
3245 3263 3417 3336 (Paul.
3444 3264 3577 3333 CIII).
3603 3283 3624 3317 ι

2061 3363 2196 3430 Quid
2226 3363 2370 3418 enim
2399 3363 2501 3417 hoc
2525 3362 2641 3417 loco
2667 3374 2761 3430 per
2806 3369 3036 3422 montes,
3084 3357 3184 3412 nisi
3227 3355 3348 3410 altae
3381 3353 3628 3422 Scriptu-

2061 3469 2240 3508 rarum
2276 3453 2630 3523 intelligenda;
2671 3459 2796 3506 sunt
2823 3447 3251 3520 profunditates?
3281 3447 3343 3500 Hi
3372 3445 3628 3498 nimirum

2059 3548 2150 3617 qui
2176 3548 2286 3618 jam
2326 3547 2456 3602 dare
2483 3543 2950 3614 contemplationis
2979 3541 3147 3596 saltus
3179 3543 3462 3599 noverunt,
3491 3535 3630 3590 altos

2059 3638 2448 3692 sententiarum
2510 3635 2814 3689 divinarum
2865 3633 3100 3687 vertices
3147 3631 3298 3700 quasi
3345 3628 3628 3684 cacumina

2060 3735 2314 3781 montana
2344 3723 2728 3801 conscendunt.
2759 3723 2853 3790 Ad,
2884 3738 3002 3791 quae
3049 3723 3296 3792 profecto
3349 3717 3628 3773 cacumina

2059 3815 2183 3883 quia
2213 3813 2412 3868 infirmi
2442 3813 2746 3883 pertingere
2785 3822 3079 3881 nequeunt,
3121 3821 3264 3865 recte
3308 3808 3415 3863 illic
3444 3807 3628 3862 subdi-

2061 3918 2147 3960 tur
2177 3923 2189 3958 :
2225 3924 2243 3955 ι
2281 3904 2441 3961 Petra
2473 3903 2734 3974 refugium
2766 3902 3086 3956 hcrinaceis.
3135 3920 3153 3951 ι
3200 3900 3333 3966 Quia
3383 3897 3631 3952 videlicet

2059 3997 2321 4052 invalidos
2367 4010 2606 4065 quosque
2634 4009 2738 4048 non
2783 3991 3137 4061 intelligentia
3186 3989 3429 4044 sublimis
3474 4003 3631 4042 excr-

2057 4095 2162 4148 cet,
2216 4087 2308 4140 sed
2357 4085 2470 4138 sola
2508 4085 2559 4138 in
2611 4083 2829 4138 Christo
2871 4082 3000 4136 fides
3048 4079 3320 4134 humiliter
3368 4079 3626 4133 continet.

2059 4175 2211 4242 Quod
2245 4182 2424 4228 autem
2457 4173 2566 4227 illic
2591 4173 2806 4227 additur
2836 4189 2849 4225 :
2885 4191 2902 4222 ι
2937 4170 2993 4223 lu
3027 4184 3259 4224 caverna
3296 4167 3572 4230 maceriae;
3605 4185 3624 4217 ι

2057 4265 2230 4320 solent
2252 4280 2317 4320 ex
2347 4263 2612 4333 lapidibus
2647 4262 2901 4318 maceriae
2931 4261 3066 4322 fieri,
3109 4261 3175 4314 ad
3205 4258 3502 4314 custodiam
3549 4257 3630 4310 vi-

2058 4373 2303 4422 nearum,
2353 4358 2494 4412 sicut
2535 4372 2629 4426 per
2680 4355 2874 4411 Isaiam
2918 4354 3160 4409 dicitur:
3205 4369 3223 4404 ι
3271 4349 3436 4405 Vinea
3491 4348 3630 4402 facta

2058 4459 2142 4504 est
2169 4449 2366 4505 dilecto
2394 4465 2517 4505 meo
2546 4449 2598 4504 in
2629 4465 2793 4504 cornu
2827 4449 2880 4503 in
2930 4448 3046 4503 loco
3077 4443 3259 4509 uberi,
3299 4453 3354 4498 et
3395 4440 3628 4495 maceria

2060 4537 2414 4593 circumdedit
2461 4546 2516 4592 et
2560 4536 2902 4593 circumfudit
2951 4551 3068 4590 eam
3121 4532 3274 4604 (lsai.
3304 4531 3379 4601 v).
3428 4547 3448 4582 ι
3487 4527 3628 4597 Quid

2060 4642 2188 4697 ergo
2237 4642 2332 4694 per
2378 4628 2666 4681 maceriam
2713 4625 2987 4696 lapidum,
3042 4623 3144 4677 nisi
3209 4620 3512 4691 praesidium
3575 4626 3630 4672 et

2062 4718 2316 4772 excubias
2354 4717 2698 4786 intelligimus
2743 4715 3092 4786 angelorum?
3130 4711 3334 4779 Quibus
3381 4710 3629 4766 videlicet

2063 4807 2237 4858 anima
2296 4807 2348 4859 in
2397 4806 2693 4861 certamine
2741 4805 2912 4872 posita
2941 4843 2956 4868 ,
3013 4801 3139 4856 dum
3191 4799 3423 4853 vallatur
3465 4808 3628 4866 atque

2062 4896 2468 4960 circumdatur,
2518 4910 2548 4948 a
2600 4895 2812 4949 cunctis
2878 4891 3275 4948 adversantium
3340 4889 3624 4960 spirituum

2065 4983 2455 5038 tentationibus
2527 4983 2850 5037 custoditur.
2909 4981 3077 5035 Porro
3137 4979 3280 5050 quod
3333 4977 3621 5047 sequitur:

2067 5093 2084 5122 ι
2127 5073 2360 5127 Ostende
2385 5072 2514 5127 mihi
2544 5070 2737 5126 faciem
2773 5080 2950 5136 tuam;
2990 5088 3008 5121 ι
3052 5079 3179 5124 tunc
3209 5067 3389 5122 anima
3418 5064 3624 5120 cmlcsti

2063 5163 2272 5231 Sponsa
2323 5161 2515 5217 faciem
2571 5177 2723 5216 suam
2772 5161 3059 5217 ostendere
3096 5160 3312 5224 dicitur,
3345 5171 3465 5211 cum
3510 5153 3626 5223 ejus

2061 5251 2294 5320 speciem
2373 5252 2600 5306 internis
2669 5249 2946 5306 obtutibus
2995 5251 3146 5319 quasi
3204 5249 3438 5304 revelata
3489 5244 3626 5300 facie

2061 5342 2474 5412 contemplatur.
2532 5362 2549 5394 ι
2581 5342 2768 5405 Sonet,
2815 5343 3008 5412 inquit,
3056 5356 3158 5394 vox
3189 5352 3276 5395 tua
3305 5341 3358 5394 in
3404 5339 3626 5394 auribus

2063 5435 2196 5488 meis
2229 5452 2242 5486 :
2275 5450 2377 5487 vox
2403 5435 2545 5488 enim
2576 5442 2663 5487 tua
2692 5433 2886 5498 dulcis,
2928 5441 2982 5486 et
3025 5430 3190 5486 facies
3218 5440 3304 5485 tua
3335 5433 3548 5486 decora.
3597 5450 3616 5482 ι

2061 5523 2102 5574 υ
2135 5538 2292 5590 quam
2321 5537 2482 5576 suave
2504 5521 2906 5584 commercium,
2938 5520 3042 5574 imo
3061 5534 3222 5588 quam
3247 5518 3620 5574 inenarrabilis

2059 5611 2282 5665 dulcedo
2312 5611 2362 5664 in
2394 5611 2642 5664 humanis
2686 5609 2986 5664 visceribus
3009 5609 3212 5663 oritur!
3247 5623 3368 5662 cum
3399 5608 3624 5661 Creator

2057 5711 2110 5755 et
2143 5711 2390 5756 creatura
2446 5700 2666 5755 alternis
2718 5699 2768 5752 in
2801 5713 2860 5771 se
2904 5699 3132 5752 invicem
3175 5697 3453 5752 affectibus
3479 5695 3621 5748 dele-

2058 5802 2270 5847 ctantur
2295 5832 2309 5858 ,
2345 5792 2479 5847 sicut
2513 5806 2607 5862 per
2647 5789 2966 5862 Prophetam
2996 5789 3226 5845 dicitur:
3265 5807 3283 5841 ι
3316 5785 3508 5842 Suavis
3549 5782 3621 5836 sit
