4054 6184
306 3134 327 3171 \

470 385 575 445 755

468 598 640 670 (Psal.
670 597 811 664 CIII).
842 598 866 647 ἰ

1080 683 1309 740 CAPUT
1348 682 1434 739 lll.

470 797 621 864 Quod
644 796 858 865 quisque
880 803 1199 863 contemptor
1242 784 1424 848 smeuli
1450 795 1519 847 ad
1548 795 1643 848 hoc
1670 795 1816 849 debet
1846 810 2048 865 semper

735 866 884 929 eniti,
918 875 971 917 ut
1000 864 1261 934 perveniat
1291 865 1358 917 ad
1387 881 1617 919 amorem
1651 865 1768 921 Dei.

536 972 599 1029 Et
632 962 753 1028 haec
772 983 856 1027 est
879 987 1088 1027 summa
1113 971 1398 1041 cujuslibet
1419 982 1619 1028 sanctte
1640 974 1836 1033 animus
1859 975 2042 1029 mundi

464 1065 691 1119 nexibus
740 1064 1005 1134 expeditae
1051 1070 1211 1131 atque
1234 1062 1328 1117 hic
1358 1071 1466 1118 tota
1514 1064 1719 1118 versari
1772 1063 1931 1119 debet
1962 1066 2045 1118 in-

464 1155 679 1222 tentio,
727 1160 786 1210 ut
839 1156 907 1209 ad
960 1170 1201 1209 amorem
1261 1156 1351 1209 Dei
1392 1170 1488 1224 per
1541 1157 1780 1211 omnium
1823 1171 2042 1211 suorum

463 1262 686 1316 cperum
740 1246 1076 1302 incrementa
1134 1247 1462 1313 contendat,
1511 1255 1565 1300 et
1610 1247 1934 1316 quandoque
1988 1248 2042 1301 in

441 1336 577 1390 veri
628 1334 825 1404 Sponsi
871 1334 1261 1391 delectabiliter
1320 1336 1663 1404 amplexibus
1718 1337 2040 1405 requiescat.

464 1427 616 1482 Sicut
658 1427 800 1483 enim
827 1428 950 1498 quis
979 1427 1045 1483 ad
1092 1426 1196 1483 hoc
1229 1427 1612 1483 ecclesiasticis
1640 1426 1910 1497 gradibus
1940 1428 2045 1483 ini-

461 1521 721 1575 tiatur'ut
763 1520 829 1574 ad
857 1516 1144 1576 sacerdotii
1172 1519 1385 1576 culmen
1417 1520 1676 1588 attingat,
1710 1519 1793 1574 vel
1830 1521 2041 1590 potius,

464 1620 528 1663 ut
563 1618 651 1664 tua
676 1608 938 1672 dicamus,
968 1610 1035 1662 ad
1056 1609 1161 1663 hoc
1187 1610 1338 1679 virgo
1380 1608 1659 1664 dotatione
1685 1608 2045 1663 subarrhatur

461 1683 523 1754 ut
544 1698 712 1753 nubat
731 1740 745 1763 ,
773 1699 846 1752 ita
870 1699 1125 1753 nimirum
1144 1700 1340 1753 omnes
1369 1697 1623 1753 sarculum
1650 1697 2042 1766 relinquentes

408 1790 422 1797 ‘
461 1787 530 1841 ad
562 1788 663 1842 hoc
706 1786 904 1841 debent
948 1802 1163 1855 semper
1191 1787 1321 1841 eniti
1355 1795 1413 1840 ut
1440 1786 1649 1841 auctori
1697 1801 1797 1841 suo
1832 1786 2043 1842 valeant

410 1879 419 1885 '
462 1876 667 1933 arctius
703 1877 755 1930 in
805 1890 991 1931 amore
1016 1853 1287 1947 conjungi.
1337 1875 1588 1946 Alioquin
1634 1877 1763 1947 quid
1792 1878 2043 1945 proderat
2076 1853 2370 1947 Βὲξδῗθδθί
2404 1855 2457 1909 ί¹¹
2484 1869 2747 1925 corpore,
2791 1855 2907 1947 ξιῖυθ
2932 1871 2989 1910 se
3018 1855 3353 1947 δίεηειευιυιη
3388 1857 3591 1911 habere
3618 1855 3732 1925 ἕίο·

455 1966 644 2041 jugum
682 1964 1041 2040 'Aigyptiacae
1088 1970 1365 2025 servitutis
1410 1971 1752 2039 abrumpere,
1796 1969 2041 2025 Rubrum

406 2060 411 2063 ⁷
462 2054 615 2115 mare
640 2061 891 2124 transire,
922 2060 966 2117 si
1012 2070 1213 2116 terram
1262 2060 1417 2116 lactis
1459 2076 1525 2115 ac
1575 2061 1749 2116 mellis
1787 2061 2042 2131 irriguam

461 2160 735 2218 nunquam
780 2150 1007 2204 daretur
1059 2149 1301 2205 intrare?
1332 2149 1445 2205 Lac
1485 2150 1685 2219 quippe
1722 2149 1930 2205 fructus
1961 2158 2045 2205 est

408 2242 413 2247 ⁴
462 2240 666 2303 carnis.
700 2234 805 2295 mel
838 2238 1042 2295 labitur
1069 2241 1137 2297 de
1164 2240 1433 2311 supernis.
1468 2240 1536 2295 Et
1566 2242 1692 2310 quia
1716 2240 2047 2311 Redemptor

460 2342 647 2388 noster
679 2333 745 2388 de
769 2320 909 2389 εωιο
934 2334 1161 2390 veniens
1187 2348 1406 2390 carnem
1456 2335 1694 2405 suscepit
1719 2349 1784 2390 ex
1812 2334 2043 2405 virgine,

400 2420 415 2426 ’
462 2424 579 2479 haec
630 2430 717 2479 est
746 2433 900 2480 terra
946 2424 1036 2480 illa
1066 2426 1361 2480 viventium
1392 2468 1407 2490 ,
1472 2426 1537 2479 ad
1584 2440 1743 2493 quam
1789 2427 2046 2480 debemus

458 2514 936 2586 iutentis'semper
982 2516 1181 2571 amoris
1232 2518 1508 2586 gressibus
1556 2515 1833 2572 festinare.
1888 2516 2044 2573 Hunc

399 2596 407 2699 ζ
461 2604 756 2675 Sponsum,
788 2606 1113 2662 venerabilis
1163 2598 1357 2671 soror,
1409 2620 1551 2662 veras
1580 2607 1865 2662 charitatis
1903 2608 2046 2664 ulnis

459 2690 823 2764 ainpleCtere,‘
848 2702 1010 2765 super
1036 2695 1142 2750 hoc
1159 2696 1363 2766 jugiter
1392 2696 1686 2762 delectare,
1709 2697 1925 2766 inquam
1945 2736 1961 2760 ,
1991 2696 2044 2753 in

400 2782 407 2791 ’
460 2783 692 2842 Domino
720 2825 736 2852 ,
787 2786 845 2839 et
872 2784 1022 2840 dabit
1072 2785 1167 2839 tibi
1220 2786 1506 2857 petitiones
1534 2786 1817 2842 cordis’tui
1866 2785 2043 2856 (Ptal.

400 2872 405 2873 “
463 2874 683 2943 xxxvi).
730 2872 926 2939 ‘ilujus
990 2888 1191 2944 corpus
1263 2870 1318 2928 et
1369 2877 1695 2945 sanguinem
1735 2876 1898 2931 etiam
1952 2890 2048 2931 ore

400 2958 409 2961 “
446 2965 646 3019 carnis
678 2963 923 3019 crebrius
954 2964 1281 3034 suscipe,'ut
1314 2965 1454 3020 hanc
1483 2964 1599 3033 ejus
1644 2978 1825 3020 vocem
1854 2968 2046 3023 merito

462 3055 637 3125 possis
671 3054 856 3109 audire
886 3060 957 3107 εἰ
993 3053 1170 3109 Favus
1190 3054 1458 3110 distillans
1502 3056 1644 3111 labia
1679 3066 1788 3123 tua,
1818 3071 2040 3126 sponsa,

456 3144 572 3200 ’mel
619 3148 675 3200 et
735 3143 818 3199 lac
871 3144 970 3199 sub
1019 3143 1198 3215 lingua
1258 3154 1349 3199 tua
1400 3143 1594 3217 (Cant.
1624 3144 1739 3217 tv).
1772 3165 1791 3199 ι
1843 3144 2041 3202 Terre-

462 3597 906 3651 iustrumentum.
950 3596 1202 3651 Christus
1246 3612 1375 3666 ergo
1415 3608 1511 3666 per
1534 3597 1860 3666 mysterium
1894 3611 2048 3657 suum

402 3678 407 3699 ⁵
465 3688 562 3745 tibi
587 3684 833 3742 videatur
851 3687 904 3742 in
927 3689 1042 3753 'o're,
1071 3695 1127 3742 et
1147 3688 1396 3743 Christus
1416 3702 1513 3757 per
1535 3688 1623 3743 sui
1641 3687 1842 3743 amoris
1870 3688 2051 3741 incen-

466 3778 612 3833 dium
658 3776 753 3832 tibi
784 3779 930 3832 vivat
961 3792 1178 3847 semper
1205 3778 1260 3833 in
1289 3778 1472 3842 corde,
1500 3786 1559 3831 ut
1582 3782 1861 3845 Econgruat
1887 3778 2049 3832 etiam

454 3870 564 3924 tibi
605 3869 747 3939 quod
782 3872 1003 3939 ‘SponSa
1058 3870 1190 3926 dicit
1240 3871 1296 3926 in
1346 3869 1589 3926 Canticis
1623 3887 1637 3923 :
1676 3876 1703 3921 ι
1742 3869 2052 3924 Fasciculus

464 3959 733 4029 myrrhae,
763 3958 993 4017 dilectus
1020 3975 1170 4016 meus
1202 3959 1331 4015 mihi
1353 4000 1370 4027 ,
1401 3960 1542 4015 inter
1570 3960 1733 4013 ubera
1762 3973 1879 4013 mea
1906 3973 2052 4012 com-

465 4046 773 4107 nimbum
799 4048 975 4123 (Cant.
1003 4051 1062 4120 ι).
1088 4072 1104 4103 ι
1138 4050 1275 4118 Quid
1298 4051 1441 4106 enim
1464 4065 1560 4122 per
1583 4051 1882 4120 myrrham,
1910 4064 2054 4102 ama-

465 4141 741 4197 rissimam
796 4140 1050 4195 videlicet
1098 4140 1356 4194 aromatis
1406 4140 1677 4209 speciem,
1734 4154 1842 4208 qua
1890 4138 2053 4191 etiam

404 4226 411 4233 ’
466 4229 843 4289 defunctorum
863 4229 1127 4284 cadavera
1152 4228 1626 4294 condiuntur,‘nisi
1650 4226 1855 4283 Christi
1873 4226 2056 4296 passio

892 386 948 442 S.
992 384 1192 441 PETRI
1232 383 1510 440 DAMIANI
1550 384 1700 451 OPP.
1741 384 1975 440 TOMUS
2014 384 2144 440 SEU
2184 385 2364 442 PARS
2404 387 2486 441 lli.
2518 417 2586 427 ——
2631 382 2991 441 OPUSCULA
3027 382 3257 438 VARIA.

406 576 414 586 θ
467 510 517 565 ei
568 506 803 562 laudatio
854 520 971 559 mea
1003 544 1018 569 ,
1066 517 1166 573 ego
1196 516 1328 557 vero
1358 501 1666 557 delectabor
1714 502 1766 556 in
1819 500 2045 556 Domino
2072 504 2118 561 Α
2147 480 2409 571 operibus
2427 500 2638 554 videtur
2661 498 2921 563 intentus,
2949 497 3041 551 sed
3064 513 3094 551 a
3116 496 3286 551 divini
3315 496 3516 552 amoris
3545 504 3725 567 torpet

3613 386 3722 440 736

2148 590 2401 645 incendio
2430 589 2721 660 virigidus;
2766 588 2876 658 jam
2918 588 3029 641 iste
3076 588 3384 642 sanctitatis
3434 588 3724 657 imaginem

2146 695 2310 749 super
2339 680 2619 734 brachium
2651 679 2865 748 posuit.
2905 678 3000 731 sed
3029 678 3206 731 adhuc
3231 677 3300 735 .in
3331 678 3493 732 corde
3520 678 3725 734 Christi

2146 769 2483 839 signaculum
2538 784 2645 823 non
2698 768 2987 838 expressit.
3040 766 3112 824 Ut
3159 782 3291 838 ergo
3318 776 3509 822 sancta
3541 769 3724 823 anima

2143 861 2347 916 Christi
2375 862 2698 917 charactere
2720 859 3007 927 utrobique
3035 857 3301 929 signetur,
3327 874 3452 914 eum
3484 859 3539 914 in
3560 861 3729 915 corde

2104 978 2107 985 ι
2141 968 2243 1009 suo
2266 954 2598 1025 signaculum
2619 961 2785 1023 ponat
2802 992 2816 1015 ,
2845 960 2905 1005 ut
2925 952 3129 1006 amoris
3145 950 3263 1022 ejus
3287 952 3497 1007 facibus
3518 951 3730 1007 medul—

2143 1044 2268 1100 litus
2294 1044 2622 1100 inardescat.
2664 1043 2839 1099 Ponat
2877 1040 3041 1095 etiam
3068 1047 3478 1111 consequenter
3510 1041 3570 1095 in
3601 1043 3731 1096 bra-

2142 1132 2267 1187 chio
2289 1135 2393 1195 ,ἰιι
2418 1131 2524 1201 piis
2546 1131 2805 1200 operibus
2841 1128 3087 1184 valenter
3110 1128 3343 1187 insistat.
3377 1128 3727 1200 Signacuium

2142 1223 2343 1279 Paulus
2367 1223 2422 1278 in
2456 1236 2683 1293 corpore
2714 1236 2846 1285 suo,
2878 1221 3023 1276 velut
3053 1221 3104 1275 iu
3134 1221 3393 1286 brachio,
3418 1220 3601 1276 .lesum
3632 1237 3729 1291 po-

2142 1321 2349 1378 suerat,
2376 1328 2497 1368 cum
2520 1312 2735 1367 dicebat
2766 1329 2780 1366 :
2811 1330 2830 1363 ι
2855 1312 2965 1382 Ego
2985 1312 3241 1381 stigmata
3262 1310 3389 1367 Jesu
3419 1312 3472 1365 in
3498 1325 3730 1380 corpore

2144 1416 2265 1458 meo
2290 1412 2446 1473 porto
2475 1400 2620 1473 (Gal.
2652 1403 2751 1472 vt).
2785 1420 2804 1454 ι
2838 1402 3185 1472 Signaculum
3222 1417 3386 1472 super
3423 1418 3518 1456 eor
3542 1401 3727 1457 Jcsum

2145 1503 2435 1563 posuerat,
2484 1493 2767 1548 cum'aiibi
2815 1491 3243 1564 gratulabundus
3284 1490 3506 1547 aiebat:
3544 1511 3562 1543 ι
3599 1491 3726 1544 Mihi

2143 1592 2325 1637 autem
2348 1581 2493 1637 absit
2513 1582 2757 1654 gloriari,
2783 1582 2884 1637 nisi
2907 1584 2961 1636 in
2982 1597 3147 1638 cruce
3169 1582 3381 1638 Domini
3406 1582 3577 1637 nostri
3598 1579 3726 1635 Jesu

2143 1669 2391 1735 Christi,
2419 1686 2517 1742 per
2561 1671 2885 1741 quemmibi
2918 1671 3153 1727 mundus
3195 1672 3489 1729 cruciﬁxus
3517 1680 3640 1736 est,
3672 1680 3730 1725 ct

2142 1777 2245 1831 ego
2271 1762 2490 1817 mundo!
2525 1780 2546 1815 ι
2586 1762 2777 1834 (Ibid.)
2801 1761 2968 1832 Cujus
3006 1776 3153 1817 sane»
3183 1762 3437 1833 stigmata
3467 1776 3729 1831 expressa

2146 1944 2390 2000 riabatur
2439 1946 2493 2000 in
2548 1955 2752 2000 mente.
2791 1946 2964 2002 Porro
3008 1955 3189 2001 autem
3237 1956 3292 2001 et
3338 1946 3453 2016 ipse
3488 1947 3732 2003 caelestis

2146 2035 2427 2104 Sponsus,
2482 2035 2713 2092 electum
2758 2052 3029 2108 quemque
3072 2054 3229 2094 suum
3261 2038 3362 2094 sibi
3388 2038 3731 2110 signaculum

2126 2128 2317 2197 ponit,-
2347 2142 2579 2197 eumque
2606 2137 2759 2198 grata
2784 2129 2903 2184 vice
2928 2169 2943 2194 ,
2973 2138 3231 2198 tanquam
3268 2143 3336 2183 ne
3371 2130 3438 2184 de
3466 2128 3730 2183 memoria

2144 2216 2410 2282 deleatur,
2433 2218 2682 2274 attendit.
2704 2217 2867 2272 Juxta
2896 2220 3037 2288 quod
3057 2217 3359 2273 Zorobabel
3385 2218 3507 2272 duci
3528 2216 3729 2271 Judzeae

2146 2306 2426 2375 pollicetur
2447 2348 2461 2370 ,
2493 2306 2680 2362 dicens
2709 2324 2723 2362 :
2757 2326 2776 2359 ι
2804 2308 2860 2362 in
2892 2308 2979 2362 illa
3013 2309 3099 2364 die
3128 2309 3418 2378 suscipiam
3451 2317 3520 2370 te,
3551 2307 3725 2363 Zoro-

2144 2396 2297 2452 babel
2324 2410 2479 2452 serve
2507 2412 2692 2464 meus,
2723 2406 2777 2453 et
2802 2414 2998 2468 ponam
3031 2408 3083 2455 te
3110 2401 3252 2455 sicut
3290 2398 3635 2470 signaculum
3667 2399 3727 2454 in

2142 2497 2436 2557 conspectu
2467 2504 2588 2544 meo
2612 2489 2812 2560 (Λειθωὶ
2840 2491 2923 2558 ιι).
2959 2510 2978 2543 ι
3015 2491 3264 2555 Econtra,
3295 2491 3362 2546 de
3388 2491 3623 2561 quodam
3649 2500 3730 2546 rc-

2145 2583 2316 2652 probo
2338 2596 2463 2654 rege
2484 2582 2743 2638 Dominus
2766 2583 2928 2639 dicit:
2954 2585 3040 2639 «Si
3064 2584 3227 2640 fuerit
3247 2568 3563 2649 Jechonias,
3588 2582 3733 2640 ﬁlius

2145 2671 2526 2744 Joacim‘regis
2555 2672 2692 2729 Juda
2720 2694 2737 2739 ,
2784 2675 3017 2729 annulus
3049 2673 3240 2730 dexter
3281 2673 3334 2730 in
3376 2687 3537 2729 manu
3568 2686 3687 2730 mea
3710 2710 3733 2742 ,

2146 2765 2269 2821 inde
2290 2765 2516 2822 evellam
2539 2780 2663 2824 eum
2694 2766 2829 2837 (Jer.
2859 2766 3018 2837 xxii).
3051 2786 3070 2821 ι

2760 2854 2987 2911 CAPUT
3023 2855 3113 2912 IV.

2146 2966 2483 3034 Exhortatio,
2522 2976 2578 3022 ut
2611 2968 2668 3023 in
2695 2954 2929 3050 caelestis.
2953 2960 3144 3037 Sponsi
3183 2983 3385 3038 semper
3407 2964 3731 3037 amplexibus

2784 3047 3095 3089 reautescat.

2784 3053 3095 3108 requiescat.

2216 3126 2296 3180 Ad
2327 3114 2468 3181 hanc
2493 3140 2624 3196 ergo
2663 3135 2741 3193 tu,
2768 3126 3091 3183 venerabilis
3116 3140 3292 3193 soror,
3324 3126 3540 3182 assidue
3569 3126 3732 3182 vicis-

400 3236 405 3243 ·
463 3246 556 3291 ιω.
624 3236 767 3291 enim
857 3193 1199 3292 adversas“
1224 3276 1240 3303 ,
1326 3193 1447 3291 εαξη
1529 3193 1822 3292 οιπίείίεηί
1901 3238 2044 3294 labia
2074 3193 2119 3256 (ἶ
2148 3218 2435 3273 situdiuem
2464 3225 2670 3289 satage.
2700 3227 2761 3273 ut
2783 3229 2838 3273 et
2867 3219 3104 3275 cmlestis
3132 3219 3375 3291 Sponsus
3410 3235 3509 3290 per
3536 3221 3734 3275 amoris

406 3314 664 3380 "Christi
736 3325 884 3379 videt
959 3332 1163 3380 cruore
1225 3325 1493 3381 rubentia.
1562 3325 1835 3397 Agnoscit,
1902 3326 2046 3381 enim

2148 3310 2229 3364 sui
2264 3311 2496 3380 gratiam
2535 3320 2588 3365 te
2631 3325 2848 3381 semper
2874 3311 3143 3381 accipiat,
3186 3320 3242 3367 et
3270 3320 3327 3365 tu
3358 3313 3426 3365 ab
3456 3326 3522 3367 eo
3570 3310 3738 3381 (quod

400 3410 407 3414 ’
432 3400 627 3491 ⁷772
655 3424 850 3485 ριίεειο
878 3424 999 3470 suae
1014 3415 1335 3487 perditionis
1364 3415 1725 3483 indicium,‘et
1749 3416 1943 3471 divinae
1969 3416 2050 3471 vi-

2148 3404 2343 3472 absit!)
2376 3416 2474 3473 per
2500 3416 2742 3458 amorem
2775 3401 3142 3471 quorumlibet
3168 3402 3544 3469 temporalium
3598 3417 3736 3457 ocu-

404 3496 405 3499 l
463 3508 687 3571 ctorite,
734 3522 837 3577 qua
883 3508 1184 3577 captivatus
1213 3508 1669 3571 cstetobrutus,
1700 3522 1808 3562 non
1856 3507 2099 3561 tolerat“

2148 3496 2228 3550 los
2253 3510 2360 3549 non
2386 3503 2641 3559 avertas;
2673 3494 2834 3564 773
2862 3501 3130 3562 quatenus
3159 3500 3213 3548 et
3254 3492 3345 3548 ille
3375 3503 3427 3548 te
3456 3494 3736 3547 subtiliter

2150 3588 2391 3649 intuens,
2438 3584 2748 3653 nullamque
2787 3582 3100 3638 oﬂ'ensionis
3145 3582 3383 3637 illuviem
3424 3583 3739 3652 deprehen-

2150 3678 2305 3738 dens.
2330 3675 2476 3729 dicat
2503 3690 2517 3727 :
2549 3690 2568 3725 ι
2598 3671 2735 3728 Tota
2774 3672 2996 3742 pulchra
3026 3687 3110 3736 es,
3145 3672 3318 3726 amica
3350 3687 3493 3736 mea,
3527 3680 3584 3725 et
3615 3686 3735 3726 ma-

2151 3770 2269 3823 cula
2302 3782 2407 3822 ιιοιι
2436 3774 2521 3821 est
2554 3766 2608 3820 in
2646 3776 2699 3821 te
2744 3765 2924 3836 (Cant.
2965 3764 3040 3831 tv)
3068 3781 3082 3830 ;
3112 3785 3131 3818 ι
3181 3775 3237 3820 et
3270 3774 3354 3828 tu,
3391 3756 3510 3833 ejus
3548 3780 3739 3821 amore

2096 3874 2097 3877 η
2154 3854 2595 3911 inenarrabiliter
2618 3864 2876 3918 aestuans,
2902 3855 3006 3909 hoc
3031 3854 3221 3908 intima
3248 3869 3381 3908 voce
3400 3854 3695 3921 depromas
3720 3868 3737 3907 :

2159 3963 2179 3997 ι
2211 3946 2447 4001 Dilectus
2475 3960 2626 4001 meus
2654 3945 2917 4000 candidus
2944 3952 2999 3998 et
3050 3944 3403 4007 rubicundus,
3439 3945 3644 3999 electus
3668 3960 3738 3999 ex

2156 4037 2425 4101 millibus;
2469 4045 2635 4106 caput
2667 4034 2784 4102 ejus
2813 4049 3003 4089 aurum
3040 4035 3325 4105 optimum,
3370 4043 3555 4103 guttur
3595 4033 3743 4089 illius

2154 4126 2559 4190 suavissimum,
2583 4135 2638 4179 et
2660 4135 2805 4180 totus
2835 4124 3208 4181 desiderabilis
3230 4124 3409 4194 (Cant.
3441 4127 3519 4195 v).
3541 4145 3558 4177 ι
3596 4126 3746 4180 Dile-

2155 4228 2276 4272 ctus
2320 4217 2586 4286 siquidem
2620 4217 2883 4271 candidus
2912 4217 3243 4287 virginitate,
3278 4216 3617 4271 rubicundus
3655 4227 3745 4272 est

402 4502 403 4505 “
466 4501 524 4561 in
555 4512 771 4555 arcano
792 4500 875 4555 sui
902 4501 1081 4555 cordis
1123 4500 1498 4570 amplectitur,
1527 4499 1774 4570 quisquis
1805 4499 2054 4554 imitandi

468 4320 821 4394 designatur?
850 4320 989 4389 Quid
1018 4322 1160 4375 aliud
1187 4322 1327 4375 inter
1356 4322 1545 4385 ubera,
1574 4320 1677 4376 nisi
1702 4321 1851 4375 locus
1877 4319 2050 4375 cordis

2154 4308 2426 4378 passione.
2466 4306 2760 4373 Candidus,
2800 4307 3086 4375 quiadicit
3125 4324 3139 4361 :
3185 4326 3204 4358 ι
3245 4306 3357 4377 Ego
3401 4307 3571 4361 lilium
3615 4322 3745 4362 con-

466 4411 816 4483 agnoscitur?
842 4410 1099 4481 Quisquis
1121 4411 1284 4480 igitur
1303 4425 1488 4467 amore
1511 4411 1768 4466 continuo
1781 4409 2050 4465 Christum

2157 4398 2376 4450 vallium
2418 4395 2593 4465 (Cant.
2616 4396 2696 4461 It).
2741 4414 2760 4448 ι
2814 4395 3191 4461 Rubicuudus,
3242 4397 3309 4451 de
3355 4411 3464 4465 quo
3499 4395 3745 4452 Joannes

2159 4487 2290 4541 dicit
2321 4504 2345 4540 ε’
2379 4506 2397 4538 ι
2430 4485 2533 4553 Qui
2557 4484 2685 4539 lavit
2712 4500 2812 4541 nos
2836 4503 2866 4540 a
2898 4486 3132 4556 peccatis
3157 4485 3358 4539 nostris
3391 4486 3443 4538 in
3476 4485 3745 4553 sanguine

555 4547 749 4555 —--—-~
792 4547 875 4555 --ς-
905 4547 1080 4555 νν--η-
1124 4547 1457 4570 mur-"ww-
1484 4547 1498 4563 .
1531 4547 1773 4570 των-ν

481 4590 653 4661 gratia
685 4589 952 4659 passionis
981 4590 1295 4660 mysterium
1322 4589 1525 4657 jugiter
1549 4590 1844 4644 meditatur
1867 4630 1882 4654 ,
1932 4590 2050 4645 huic

2158 4592 2257 4631 suo
2282 4547 2563 4645 (Apuani).
2604 4594 2622 4629 ι
2672 4547 2989 4631 Electus-ex
3019 4575 3288 4639 millibus;
3326 4576 3392 4630 de
3433 4590 3543 4644 quo
3579 4547 3744 4629 Salo-

400 4673 409 4685 ’
438 4674 445 4686 ’
468 4678 712 4749 profecto
735 4679 970 4748 myrrha:
998 4678 1288 4734 fasciculus
1308 4677 1558 4735 Christus
1583 4675 1831 4743 edicitur,
1856 4689 2020 4747 atque
2038 4717 2054 4741 ,

400 4767 411 4847 ί
465 4769 627 4843 juxta"
644 4769 940 4842 Scriptura:
974 4780 1145 4825 "sacrae
1175 4770 1497 4825 sententiam
1521 4811 1536 4835 ,
1566 4771 1713 4825 inter
1741 4768 1857 4837 ejus
1888 4770 2057 4824 ubera
2110 4811 2115 4816 .

469 4871 863 4917 commoratur.
908 4860 1063 4917 Unde
1096 4871 1152 4916 et
1198 4863 1336 4915 idem
1370 4852 1619 4932 Sponsus
1658 4860 1723 4916 ad
1755 4876 2008 4932 sponsam
2041 4862 2081 4915 :'

404 4950 407 4957 ’
476 4971 497 5005 ι
527 4953 677 5010 Pone
715 4970 822 5020 me,
853 4955 946 5017 ait,
996 4964 1054 5007 ut
1076 4953 1410 5024 signaculum
1442 4967 1609 5022 super
1636 4968 1731 5008 cor
1761 4962 1908 5007 tuum
1934 4992 1950 5016 ,
1998 4960 2059 5007 ut

406 5046 409 5047 ⁷
471 5040 804 5117 signaculum
822 5060 982 5113 super
1012 5045 1292 5099 brachium
1321 5053 1467 5099 tuum
1497 5043 1674 5113 (Cant.
1699 5044 1870 5113 νιιι).ι
1899 5041 2055 5112 Smpe

471 5153 610 5204 nos,
640 5137 711 5190 ob
750 5136 825 5191 rei
858 5136 1170 5190 inemoriam
1203 5151 1364 5205 quam
1408 5135 1664 5190 oblivioni
1695 5134 1911 5189 tradere
1953 5142 2079 5190 ιιι)-Δ

410 5282 445 5299 θ
472 5226 672 5293 iunius,
694 5225 859 5296 digito
906 5235 1088 5281 nostro
1117 5224 1198 5279 vel
1225 5222 1444 5278 brachio
1479 5224 1689 5294 signum
1724 5224 1941 5295 aliquod
1974 5224 2057 5278 in—

476 5320 764 5385 nodamus;
785 5326 864 5383 ut,
888 5315 1013 5369 dum
1037 5315 1247 5385 signum
1272 5315 1585 5385 frequenter
1605 5315 1921 5380 attenditur,
1946 5330 2054 5378 res,

474 5427 638 5482 quam
663 5404 989 5483 intercipere
1020 5408 1290 5480 potuisset
1324 5409 1558 5475 oblivio,
1591 5408 1793 5478 jugiter
1838 5407 1892 5462 in
1936 5414 2073 5462 me-'

414 5492 415 5495 “
472 5502 649 5558 moria
700 5512 965 5557 teneatur.
1023 5500 1278 5570 Quisquis
1328 5508 1508 5555 autem
1567 5498 1841 5553 Christum
1898 5497 2053 5567 quasi

478 5600 646 5659 amat,
665 5592 756 5647 sed
778 5592 989 5663 operari
1015 5590 1152 5647 bona
1174 5590 1501 5653 dissimulat,
1519 5590 1629 5659 jam
1662 5588 2058 5658 quodammodo

478 5699 736 5753 sponsum
772 5699 934 5753 super
977 5699 1071 5738 cor
1111 5681 1445 5754 signaculum
1497 5680 1714 5749 posuit,
1756 5679 1850 5734 sed
1897 5692 2060 5748 super

483 5776 763 5837 brachium
804 5776 1023 5836 omnino
1063 5790 1167 5829 non
1213 5775 1410 5846 posuit.
1461 5772 1699 5845 Quisque
1740 5786 1867 5829 vero
1903 5773 2060 5828 bouis

2161 4683 2313 4721 tuon:
2352 4684 2371 4718 ι
2396 4664 2606 4728 Virmn,
2641 4666 2834 4736 inquit,
2869 4668 2935 4721 de
2962 4666 3107 4720 mille
3136 4681 3301 4718 unum
3337 4665 3510 4733 reperi
3535 4663 3742 4735 (Eccle.

2159 4760 2278 4827 vn).-
2332 4775 2351 4809 ι
2394 4757 2724 4811 Millcnarius
2764 4758 2961 4826 quippe
3002 4772 3261 4811 tutnierus
3306 4757 3471 4809 totius
3512 4755 3741 4808 hummii

2158 4851 2373 4920 generis
2412 4858 2495 4904 est
2530 4849 2876 4917 intelligenda
2918 4850 3199 4919 perfectio,
3243 4851 3298 4904 in
3337 4865 3442 4918 quo
3488 4848 3742 4903 Salvator

2161 4952 2420 5012 tanquam
2464 4956 2653 5013 passer
2693 4951 2775 4997 est
2817 4944 3011 4998 unicus
3045 4944 3097 4997 in
3138 4943 3372 4998 aedilicio
3411 4940 3586 5011 (Psul.
3636 4942 3742 5007 cr).

2160 5030 2335 5102 Caput
2385 5032 2503 5103 ejus
2546 5048 2738 5087 aurum
2789 5034 3095 5103 optimum,
3148 5036 3273 5102 quia
3326 5042 3489 5105 caput
3536 5031 3745 5087 Christi

2161 5123 2302 5178 Deus
2333 5123 2380 5193 (1
2412 5121 2535 5177 Cor.
2570 5124 2667 5194 xi);
2707 5123 2798 5193 qui
2831 5123 3112 5189 nimirum,
3141 5124 3285 5179 sicut
3325 5139 3515 5179 aurum
3545 5120 3744 5177 metal-

2159 5213 2257 5280 lis,
2307 5215 2399 5278 ita,
2437 5214 2561 5268 licet
2601 5214 3121 5287 incomparabiliter,
3153 5216 3404 5269 omnibus
3438 5212 3742 5283 superemi-

2160 5315 2254 5362 net
2308 5306 2594 5363 creaturis.
2647 5306 2812 5378 Cujus
2862 5314 3048 5377 guttur
3091 5306 3470 5361 suavissimum
3520 5303 3745 5370 dicitur,

2160 5398 2285 5468 quia
2329 5412 2549 5452 suorum
2589 5396 2840 5452 mellillua
2886 5399 3154 5452 suavitate
3193 5398 3481 5452 verborum
3531 5405 3742 5450 mentes

2160 5490 2488 5543 audientium
2511 5489 2887 5544 obdulcantur.
2925 5508 2944 5539 ι
2973 5489 3146 5556 Quam
3176 5487 3375 5551 dulcia,
3408 5488 3601 5557 inquit,
3621 5485 3740 5539 fau-

2160 5586 2315 5641 cibus
2358 5586 2492 5641 meis
2541 5584 2754 5654 eloquia
2814 5587 2931 5640 tua!
2978 5601 3142 5657 super
3188 5586 3292 5640 mel
3338 5597 3393 5641 et
3435 5586 3617 5639 favum
3659 5582 3741 5639 ori

2162 5692 2282 5731 meo
2310 5676 2481 5747 (Ρεαι.
2513 5676 2725 5746 cxvm).
2757 5696 2777 5729 ι
2808 5675 2978 5734 Totus
3006 5678 3167 5733 etiam
3189 5676 3584 5739 desiderabilis,
3611 5674 3741 5744 quia

2161 5770 2215 5826 in
2239 5785 2380 5834 eum,
2413 5777 2645 5828 testante
2673 5768 2854 5837 Petro,
2875 5771 3185 5828 desiderant
3225 5770 3399 5843 angeli
3428 5768 3739 5841 prospicere
