4054 6184
334 365 435 421 757

1303 424 1307 427 _
1353 358 1596 415 OPUSC.
1638 358 1699 412 L.
1743 389 1810 398 —
1844 358 2235 415 INSTITUTIO
2271 358 2616 417 MONIALIS.

3467 365 3573 422 738

333 483 381 547 (Ι
413 477 559 531 Petr.
607 474 679 543 ι)η;
729 473 814 527 vel
861 473 987 543 quia
1027 471 1381 526 humanitatis
1409 472 1527 540 ejus
1562 472 1906 542 mysterium,
1936 486 1982 539 Λ
2010 473 2338 536 concutitur,
2382 472 2601 541 quantis
2644 469 2914 525 mordacis
2950 472 3296 528 conscientia:
3343 475 3578 531 stimulis

332 580 492 621 onme
533 563 859 618 desiderium
896 562 1145 617 accendit
1184 562 1556 615 intuentibus
1589 561 1904 625 electorum,

335 669 393 714 ut
424 672 518 713 eos
544 655 795 710 videlicet
820 671 926 707 non
952 652 1113 708 modo
1138 651 1553 706 resurrectionis
1576 650 1911 721 gloriapro-

332 753 519 808 vocet,
569 743 666 798 sed
712 743 779 796 ad
826 740 1151 795 imitationis
1184 738 1485 808 exemplum
1533 739 1648 809 ipsa
1697 752 1909 807 quoque

333 834 628 904 ignominia
681 831 951 902 passionis
999 829 1212 884 invitet.
1260 827 1316 883 ln
1364 828 1469 883 hoc
1508 828 1675 898 igitur
1712 840 1910 896 sponso

336 936 453 990 tuo,
502 922 807 979 veneranda
860 934 1040 984 soror,
1094 918 1651 983 assidue”delectare,
1701 918 1757 972 in
1800 918 1911 971 hoc

335 1012 517 1068 omnia
559 1010 739 1065 cordis
783 1009 859 1061 tui
898 1017 1023 1062 vota
1069 1007 1362 1071 constitue,
1408 1006 1461 1061 in
1504 1004 1663 1076 htg'us
1696 1016 1911 1073 semper

337 1104 675 1176 amplexibus
699 1103 766 1156 ab
788 1101 934 1155 omni
957 1100 1129 1169 sopita
1157 1098 1345 1153 mundi
1370 1098 1583 1153 turbine
1607 1097 1909 1168 requiesce.

958 1213 1186 1271 CAPUT
1224 1212 1290 1268 ν.

342 1313 420 1365 Ad
452 1309 708 1364 cautelam
736 1316 1001 1377 provocat,
1040 1314 1093 1357 ut
1127 1313 1308 1377 contra
1346 1303 1645 1357 tentationis
1689 1302 1909 1355 insidias

446 1390 447 1393 ‘
582 1408 585 1409 ν
664 1392 667 1395 ·
737 1374 745 1377 ⁷
837 1378 1131 1445 sit‘semper
1165 1374 1419 1426 accincta.

412 1468 518 1525 Sed
543 1467 778 1529 interim,
810 1466 936 1519 dum
967 1463 1310 1533 amplecteris
1340 1478 1616 1532 sponsum,
1647 1478 1777 1517 cave
1819 1478 1911 1517 so-

346 1558 509 1612 lerter
542 1555 911 1611 adversarium
948 1571 962 1605 :
1005 1553 1181 1608 adhuc
1209 1552 1354 1607 enim
1402 1553 1457 1605 in
1497 1552 1611 1606 salo
1650 1552 1908 1612 versaris.

344 1664 443 1704 nec
465 1650 595 1702 dum
621 1654 809 1716 portus
832 1643 1065 1699 statione
1088 1641 1401 1713 perfrueris.
1430 1641 1743 1696 Procinctus
1766 1641 1910 1693 enim

326 1738 446 1791 iste
474 1745 773 1790 castrorum
810 1749 915 1787 non
947 1731 1147 1802 quietis
1181 1739 1263 1786 est
1296 1730 1680 1800 municipium;
1717 1730 1797 1782 via
1831 1736 1914 1783 est

2010 561 2298 615 laceratur.
2328 559 2536 615 Recolit
2561 559 2725 615 vetita
2757 573 2877 624 qua:
2915 561 3216 617 commisit;
3248 559 3393 612 videt
3428 573 3581 613 man-

2009 648 2132 702 data
2160 662 2279 717 qua:
2314 647 2658 717 negligenter
2692 644 2917 713 implere
2946 646 3286 715 contempsit.
3320 645 3474 700 Dolet
3498 647 3583 700 in-

2009 739 2154 794 dulta
2192 737 2523 807 pauitantia:
2551 738 2791 806 tempora
2823 748 2945 791 sese
2970 727 3205 791 inaniter
3237 738 3577 806 percepisse;

2008 827 2186 896 plorat
2212 826 2544 881 immobilem
2575 824 2835 880 districta
2859 824 3076 880 ultionis
3097 827 3384 881 articulum
3415 829 3585 881 inevi-

2011 919 2249 974 tabiliter
2288 919 2595 973 imminere.
2640 917 2859 973 Manere
2900 919 3118 988 satagit,
3176 919 3256 973 ire
3307 919 3582 987 compelli-

2011 1018 2130 1072 tur;
2157 1022 2480 1077 recupetare
2502 1006 2616 1062 vult
2636 1007 2866 1076 perdita,
2893 1022 3001 1063 non
3022 1008 3258 1063 auditur.
3280 1007 3409 1063 Post
3434 1018 3582 1079 terga

2011 1096 2328 1164 respiciens,
2358 1097 2522 1151 totius
2545 1104 2831 1151 transacta:
2857 1097 2981 1151 vitae
3010 1111 3226 1153 cursum
3249 1096 3396 1153 velut
3418 1113 3584 1153 unum

2009 1185 2383 1241 brevissimum
2415 1187 2639 1256 deputat
2679 1186 2886 1242 itineris
2912 1202 3163 1257 passum;
3201 1196 3329 1242 ante
3362 1203 3422 1243 se
3458 1203 3586 1243 ocu-

2009 1274 2092 1330 los
2115 1275 2319 1344 dirigit,
2354 1286 2409 1330 et
2436 1275 2657 1331 inﬁnitae
2692 1276 3047 1346 perennitatis
3080 1276 3253 1346 spatia
3288 1276 3589 1348 deprehen-

2010 1365 2107 1419 dit.
2151 1364 2332 1419 Plorat
2377 1366 2577 1435 itaque,
2626 1365 2754 1435 quia
2802 1367 2947 1421 intra
2993 1376 3101 1421 tam
3142 1368 3310 1423 breve
3353 1366 3587 1436 spatium

2013 1456 2296 1526 acquirere
2317 1457 2558 1512 laetitiam
2585 1459 2761 1528 potuit
2782 1458 3024 1513 omnium
3053 1460 3403 1527 saeculorum;
3431 1459 3591 1515 deﬂet

2011 1548 2198 1613 etiam,
2230 1562 2290 1602 se
2314 1556 2534 1618 propter
2578 1556 2691 1601 tam
2731 1549 2914 1602 brevis
2954 1548 3216 1605 illecebrae
3238 1550 3590 1619 voluptatem,

2013 1636 2427 1690 inenarrabilem
2468 1645 2737 1705 perpetuae
2762 1636 3041 1690 suavitatis
3069 1638 3319 1691 amisisse
3349 1638 3589 1693 dulcedi-
3653 1654 3661 1662 ·

2014 1740 2158 1780 nem.
2217 1725 2521 1791 Erubescit,
2568 1726 2694 1794 quia
2721 1734 2993 1795 ,propter
3038 1726 3185 1779 illam
3230 1727 3593 1793 substantiam

346 1826 472 1890 ista,
526 1840 629 1878 non
684 1824 887 1892 patria;
942 1820 1301 1885 ambulamus,
1348 1828 1404 1874 et
1444 1836 1548 1873 non
1587 1820 1910 1873 habitamus.
1947 1816 1990 1874 Β
2017 1829 2137 1885 quae
2175 1815 2450 1870 vermibus
2496 1824 2616 1869 erat
2686 1815 2944 1881 obnoxia,
3001 1815 3145 1869 illam
3191 1815 3429 1886 neglexit
3475 1832 3597 1886 quas

345 1912 591 1969 Tentatio
619 1914 761 1966 enim
793 1921 878 1965 est
914 1911 1022 1964 vita
1070 1909 1305 1963 hominis
1349 1922 1513 1977 super
1545 1917 1747 1962 terram
1794 1905 1917 1977 (Job

345 2004 465 2071 vn).
500 2000 840 2070 Quapropter
880 2000 925 2053 si
956 1998 1310 2053 tentationum
1339 1997 1476 2051 bella
1501 1997 1715 2063 desunt,
1745 1996 1918 2065 gaude

344 2091 582 2160 quidem,
624 2090 732 2143 noli
770 2098 949 2143 tamen
984 2088 1208 2142 nimium
1249 2101 1439 2142 secura
1484 2087 1791 2151 confidere;
1820 2085 1914 2140 sed

344 2181 603 2234 adversus
644 2178 951 2249 repentinos
976 2186 1031 2231 et
1059 2175 1362 2247 inopinatos
1400 2176 1774 2231 insidiatorum
1823 2178 1920 2232 ho-

347 2270 511 2325 stium
552 2270 781 2338 impetus
822 2278 874 2323 te
909 2260 1193 2337 vigilanter
1230 2268 1470 2337 accinge.
1508 2266 1660 2336 Saepe
1690 2283 1918 2337 namque

346 2358 585 2414 nonnulli
615 2359 681 2411 ad
727 2359 891 2412 Deum
921 2357 987 2412 de
1026 2356 1227 2411 mundo
1263 2356 1528 2421 conversi,
1568 2356 1624 2409 in
1658 2356 1775 2425 ipso
1809 2372 1919 2411 suae

346 2446 709 2502 incltoationis
735 2446 901 2509 aditu,
922 2446 1327 2515 pacatissimam
1355 2445 1533 2499 carnis
1555 2445 1919 2514 tranquillita-

348 2550 457 2593 tem
502 2537 997 2607 eogitationumque
1041 2535 1379 2606 percipiunt;
1430 2534 1752 2604 procedente
1788 2550 1917 2591 vero

349 2641 608 2697 tempore,
650 2626 799 2681 duris
840 2626 1192 2681 tentationum
1238 2626 1645 2696 probationibus
1687 2627 1918 2698 fatigan-

349 2728 454 2771 tur.
476 2717 627 2784 Quod
650 2719 833 2785 utique
855 2717 970 2771 lieri
996 2717 1174 2771 divina
1207 2714 1612 2786 dispensatione
1639 2719 1920 2787 COgnosci-

350 2816 456 2872 tur,
506 2821 577 2862 ne
620 2804 673 2860 in
722 2807 838 2876 ipso
887 2820 999 2860 sua:
1044 2806 1298 2861 novitatis
1350 2805 1506 2860 initio
1560 2810 1917 2863 tentationum

350 2897 639 2967 asperitate
666 2896 998 2967 frangantur.
1030 2895 1164 2949 Nam
1211 2897 1258 2951 si
1287 2911 1381 2951 eos
1406 2897 1582 2952 adhuc
1610 2906 1823 2952 teneros
1851 2912 1916 2951 ac

352 2989 526 3041 intimi
552 2985 829 3042 conﬂictus
876 2987 1096 3056 ignaros
1128 2986 1432 3040 amaritudo
1467 2986 1787 3041 tentationis
1823 3002 1918 3042 ex-

348 3081 572 3149 ciperet,
624 3081 692 3133 ad
744 3094 808 3133 ea
880 3079 1089 3134 scilicet
1154 3093 1185 3131 a
1235 3077 1430 3147 quibus
1482 3077 1709 3131 necdum
1760 3077 1918 3161 longe

2016 1904 2197 1957 choris
2230 1912 2351 1961 erat
2392 1902 2651 1970 angelicis
2684 1901 2993 1958 inserenda.
3029 1902 3147 1957 Jam
3186 1905 3367 1959 radios
3397 1905 3595 1959 mentis

2017 1994 2233 2060 attollit,
2295 2003 2349 2049 et
2395 2009 2533 2051 cum.
2565 1994 2879 2049 divitiarum
2930 1995 3316 2050 immortalium
3367 1996 3593 2065 gloriam

2017 2086 2430 2156 contemplatur,
2467 2101 2587 2141 eam
2613 2097 2834 2156 propter
2857 2087 2981 2141 vitae
3015 2088 3172 2158 hujus
3197 2088 3433 2158 inopiam
3469 2104 3594 2159 per-

2017 2174 2218 2229 didisse
2244 2175 2611 2230 confunditur.
2653 2176 2896 2244 Cumque
2924 2177 3026 2232 sub
3057 2192 3116 2232 se
3143 2176 3371 2233 reﬂectit
3403 2180 3591 2235 oculos

2016 2265 2089 2318 ad
2130 2264 2288 2337 hujus
2336 2266 2522 2320 mundi
2568 2267 2872 2321 convallem
2919 2276 3222 2337 tetratnque
3265 2268 3593 2339 caliginem,

2016 2370 2180 2424 super
2213 2370 2271 2409 se
2302 2354 2530 2409 miratur
2550 2357 2738 2410 aeterni
2768 2356 2989 2412 luminis
3021 2356 3360 2421 claritatem,
3391 2358 3594 2428 liquido

2018 2445 2423 2514 comprehendit
2450 2445 2578 2514 quia
2615 2461 2720 2501 nox
2763 2456 2880 2502 erat
2921 2455 2977 2501 et
3005 2447 3237 2502 tenebrae
3263 2449 3406 2517 quod
3445 2464 3596 2503 ama-

2017 2534 2113 2587 vit.
2147 2533 2192 2589 O
2235 2535 2282 2589 si
2313 2534 2611 2590 redivivum
2647 2536 2982 2606 ptenitentiaa
3024 2545 3235 2606 tempus
3271 2521 3466 2591 mereri
3499 2555 3592 2607 po-

2020 2626 2233 2690 tuisset,
2286 2638 2448 2694 quam
2498 2625 2648 2680 durae
2694 2625 3121 2681 conversationis
3175 2625 3593 2700 [conversionis]

2020 2714 2123 2768 iter
2146 2714 2430 2783 arriperet!
2461 2716 2644 2784 qualia
2674 2724 2729 2770 et
2754 2726 2954 2786 quanta
2985 2718 3346 2786 promitteret!
3374 2721 3592 2787 quantis

2018 2818 2076 2857 se
2123 2805 2523 2858 devotationum
2570 2806 2800 2862 vinculis
2831 2806 3145 2861 innodaret!
3196 2809 3427 2874 Interea,
3466 2810 3595 2864 dum

2020 2891 2368 2947 hebescentes
2386 2892 2528 2947 oculi
2550 2895 2960 2962 contabescunt,
2986 2895 3114 2950 dum
3136 2905 3323 2967 pectus
3348 2898 3595 2968 palpitat,

2020 2996 2240 3039 raucum
2270 2990 2456 3052 guttur
2480 2983 2723 3051 anhelat,
2755 2986 2947 3041 dentes
2992 2986 3254 3056 paulatim
3282 2988 3599 3057 nigrescunt

2019 3084 2073 3124 et
2099 3072 2387 3139 quamdam
2419 3073 2562 3126 velut
2585 3074 2879 3144 aeruginem
2903 3076 3261 3142 contrahunt;
3295 3076 3599 3147 pallescunt

349 3170 726 3233 discesserant,
752 3166 910 3223 facile
937 3176 1262 3222 remearent.
1304 3164 1457 3220 Unde
1487 3168 1747 3237 scriptum
1774 3176 1857 3222 est
1898 3181 1914 3220 :
1945 3164 1989 3225 C
2019 3175 2137 3228 ora,
2170 3163 2410 3218 membra
2444 3174 2641 3219 cuncta
2675 3167 2978 3236 rigescunt;
3003 3169 3129 3221 dum
3159 3171 3275 3223 haec
3326 3173 3507 3240 itaque
3542 3180 3600 3228 et

355 3278 374 3312 ι
412 3261 543 3316 Cum
580 3261 853 3316 emisisset
884 3259 1098 3314 Pharao
1136 3257 1415 3328 populum,
1448 3272 1553 3313 non
1579 3271 1672 3313 eos
1698 3257 1919 3313 deduxit

351 3350 608 3406 Domi:.us
635 3364 729 3420 per
753 3350 891 3403 viam
921 3347 1449 3413 terrzePhilisthiim,
1474 3363 1594 3418 qua:
1614 3348 1788 3402 vicina
1812 3354 1917 3412 est,

354 3447 608 3512 reputans
658 3456 725 3495 ne
770 3439 909 3495 ferte
937 3440 1371 3509 pteniteret-eum
1403 3438 1446 3492 si
1482 3438 1703 3493 vidisset
1730 3438 1921 3491 adver.

350 3549 468 3589 sum
492 3548 550 3587 se
573 3532 708 3587 bella
729 3545 1072 3600 consurgere,
1095 3540 1147 3584 et
1170 3538 1534 3585 reverteretur
1556 3530 1617 3583 in
1630 3529 1918 3617 Egyptum

352 3622 551 3694 (Exod.
593 3625 737 3692 xm).
782 3640 801 3674 ›
833 3622 909 3676 Ex
937 3621 1168 3693 [Egypto
1205 3621 1385 3690 itaque
1420 3619 1583 3691 774
1621 3619 1922 3674 recedenti-

349 3713 474 3778 bus,
505 3727 535 3766 e
571 3712 746 3766 vicino
772 3727 948 3781 pugna
979 3710 1352 3777 subtrahitur;
1386 3711 1508 3778 quia
1541 3710 1921 3779 derelinquen-

350 3803 494 3858 tibus
519 3802 769 3856 sm‘culum
798 3802 1041 3871 quaedam
1066 3801 1213 3871 pacis
1242 3800 1606 3868 tranquillitas
1633 3802 1811 3865 datur,
1830 3814 1918 3864 ne,

352 3894 406 3946 in
436 3894 546 3962 ipsa
584 3892 969 3947 teneritudinis
1012 3892 1251 3945 novitate
1284 3892 1669 3960 turbati'atque
1700 3900 1918 3946 conter-

353 3983 441 4036 riti
480 3983 547 4037 ad
601 3996 663 4037 ea
708 3995 826 4051 qua:
882 3991 1316 4051 contempserant
1369 3991 1728 4037 revertantur.
1765 3982 1922 4036 Prius

352 4084 480 4141 ergo
524 4072 830 4126 securitatis
875 4073 1140 4125 suavitate
1188 4071 1518 4137 mulcentur,
1566 4072 1714 4140 prius
1766 4074 1917 4142 pacis

351 4164 539 4229 quiete
557 4161 899 4226 nutriuntur;
929 4170 1049 4231 post
1077 4162 1348 4231 cognitam
1386 4177 1515 4216 vero
1555 4163 1919 4229 dulcedinem,

354 4253 630 4322 tantojam
669 4254 1001 4309 tolerabilius
1029 4256 1383 4308 tentationum
1418 4255 1717 4309 certamina
1758 4255 1920 4308 suSti-

352 4338 505 4402 ncnt,
530 4352 730 4410 quanto
758 4342 811 4395 in
833 4342 940 4397 Deo
967 4342 1125 4397 altius
1154 4357 1419 4413 agnovere
1440 4345 1581 4413 quod
1603 4352 1806 4398 ament.
1839 4343 1919 4397 Tu

351 4444 482 4501 ergo
513 4432 592 4487 sic
619 4432 672 4485 in
708 4432 793 4487 his
836 4448 957 4503 qua:
987 4432 1127 4487 forte
1162 4450 1300 4489 nunc
1327 4444 1714 4504 prosperantur
1742 4434 1920 4489 exsul-

2022 3253 2324 3323 lmjusmodi
2370 3262 2627 3325 tanquam
2668 3256 2860 3310 vicinae
2910 3257 3077 3313 morti
3112 3259 3468 3327 praecedentia
3510 3260 3595 3315 fa-

2021 3342 2293 3398 mulantur
2311 3341 2506 3410 olﬂcia,
2534 3345 2730 3399 adsunt
2757 3346 3113 3415 omnia-gesta
3138 3346 3298 3401 simul
3322 3358 3379 3403 et
3406 3352 3592 3405 verba.

2021 3429 2130 3487 Nec
2152 3432 2318 3487 etiam
2357 3433 2487 3501 ipsa:
2524 3434 2879 3502 cogitationes
2907 3435 3119 3499 desunt,
3148 3444 3203 3504 et
3238 3447 3430 3492 cuncta
3475 3440 3593 3494 haec

2019 3537 2265 3578 amarum
2305 3522 2563 3579 adversus
2607 3533 2880 3580 auctorem
2923 3527 3288 3582 testimonium
3330 3531 3583 3586 reddunt.

2019 3612 2417 3668 Coacervantur
2444 3616 2627 3670 omnia
2655 3626 2777 3671 ante
2808 3618 3146 3686 respicientis
3182 3620 3343 3690 775
3383 3621 3591 3687 oculos,

2020 3713 2075 3757 et
2098 3718 2219 3772 qua:
2247 3705 2562 3774 conSpicere
2593 3705 2809 3775 refugit,
2863 3716 3084 3762 coactus
3113 3718 3169 3764 et
3195 3712 3394 3765 invitus
3422 3720 3597 3767 atten-

2021 3794 2118 3848 dit.
2149 3795 2315 3850 Adest
2345 3804 2602 3864 prmterea
2634 3798 2760 3853 hinc
2781 3799 3048 3853 horrenda
3080 3800 3383 3855 dzcmouum
3414 3804 3594 3869 turba,

2021 3884 2166 3940 illinc
2194 3887 2364 3940 virtus
2388 3886 2651 3955 angelica.
2676 3886 2733 3940 ln
2766 3888 2875 3952 illo,
2899 3890 2991 3958 qui
3019 3891 3229 3945 medius
3254 3900 3358 3957 est,
3390 3892 3592 3962 liquido

2021 3979 2437 4048 deprehenditur
2471 3979 2559 4034 cui
2607 3981 2745 4050 parti
2779 3980 2901 4049 jure
2944 3982 3214 4051 possessio
3270 3984 3595 4039 vindicetur.

2020 4070 2153 4126 Nam
2196 4071 2239 4125 si
2278 4071 2492 4141 pietatis
2519 4073 2570 4125 in
2596 4088 2660 4127 eo
2697 4074 2944 4128 videntur
2973 4076 3224 4143 insignia,
3264 4077 3604 4134 invitationis

2022 4164 2274 4233 angelicae
2310 4164 2586 4218 blanditiis
2613 4165 2890 4243 Oblinitur,
2930 4175 3091 4236 atque
3130 4168 3457 4224 harmoniae
3485 4185 3601 4225 me-

2021 4252 2175 4307 lodiaa
2224 4254 2505 4310 dulcedine
2545 4267 2603 4310 ut
2636 4266 2793 4311 exeat
2826 4268 3180 4327 provocatur;
3226 4261 3369 4329 quod
3398 4261 3442 4315 si
3472 4278 3606 4317 eum-

2021 4345 2257 4399 sinistrae
2282 4347 2420 4415 parti
2450 4347 2764 4401 meritorum
2814 4348 3036 4417 nigredo
3066 4357 3121 4403 et
3153 4348 3409 4405 lteditatis
3435 4367 3607 4422 squa-

2022 4433 2104 4489 lor
2147 4434 2441 4504 adjudicet,
2479 4434 2801 4490 intolerabili
2847 4452 2969 4491 mox
3018 4446 3225 4494 terrore
3266 4441 3595 4506 concutitur,

354 4535 464 4587 tes,
508 4534 567 4577 ut
596 4525 680 4591 ab.
707 4524 789 4578 bis
826 4539 943 4593 quae
981 4526 1247 4593 posterius
1310 4526 1588 4580 imminent
1634 4542 1740 4581 non
1792 4528 1919 4581 dor—
1951 4522 1997 4581 D
2025 4528 2288 4596 repentini
2316 4528 2546 4595 impetus
2574 4529 2829 4584 violentia
2852 4531 3214 4599 perturbatur,
3241 4534 3588 4601 prteeipitan-

352 4614 530 4669 mites.
565 4614 690 4670 Esto
729 4615 890 4685 igitur
919 4625 1076 4670 cauta
1111 4626 1163 4671 et
1218 4615 1453 4685 undique
1492 4618 1916 4686 circumspecta;

353 4706 539 4776 sicque
573 4714 626 4760 te
680 4707 859 4775 praebe
900 4707 1210 4776 pervigilem
1249 4717 1306 4760 ut
1342 4722 1614 4777 nunquam
1653 4715 1704 4761 te
1736 4708 1920 4763 hostes

352 4796 630 4851 inveniant
684 4798 1023 4851 oscitantem.
1074 4797 1500 4853 Confmderanda
1549 4809 1673 4853 sunt
1721 4800 1919 4869 quippe

352 4889 633 4941 adversum
654 4896 715 4942 te
742 4898 795 4943 et
833 4892 1078 4959 prosapia
1112 4891 1326 4959 generis
1354 4900 1409 4945 et
1460 4890 1560 4945 llos
1595 4892 1797 4956 artatis,
1828 4906 1916 4947 ve-

340 4986 537 5033 nustas
588 4977 773 5033 formae
811 4989 864 5033 et
909 4983 1165 5035 memoria
1230 4980 1502 5035 facultatis
1549 4983 1790 5051 abjectzn.
1833 4985 1915 5037 Ad

351 5068 597 5123 evitanda
624 5085 754 5124 sane
785 5072 1007 5125 istorum
1049 5074 1151 5127 tela
1180 5074 1557 5138 certaminum,
1588 5074 1762 5128 nullus
1787 5076 1915 5129 mihi

352 5153 562 5210 videtur
598 5157 826 5212 validior
865 5159 1082 5229 clypeos
1118 5177 1279 5232 quam
1319 5161 1595 5217 meditatio
1634 5164 1824 5218 mortis
1854 5179 1918 5218 ac

351 5249 577 5303 extremi
608 5257 780 5304 terror
809 5254 1089 5307 examinis.

951 5363 1177 5418 CAPUT
1218 5364 1299 5419 Vl.

350 5445 427 5499 De
453 5448 651 5513 am’ma,
691 5465 805 5502 cum
836 5452 1119 5519 egreditur,
1159 5454 1345 5522 quibus
1374 5448 1614 5508 d070rum
1640 5457 1917 5510 anxietati-

918 5522 1011 5573 bus
1044 5534 1350 5576 coarctctur.

422 5602 755 5659 Pensandum
786 5609 982 5677 quippe
1007 5619 1109 5673 est,
1142 5626 1262 5665 cum
1287 5611 1399 5679 jam
1428 5614 1701 5684 peccatrix
1733 5615 1912 5669 anima

349 5710 380 5748 a
406 5694 631 5752 vinculis
657 5698 843 5767 incipit
863 5701 1041 5755 carnis
1061 5701 1284 5768 absolvi,
1310 5719 1470 5773 quam
1496 5720 1681 5762 amaro
1708 5714 1915 5763 terrore

2024 4628 2107 4673 ter
2133 4620 2425 4685 invaditur,
2456 4635 2520 4675 ac
2550 4622 2616 4675 de
2643 4624 2853 4676 miserae
2881 4623 3061 4676 carnis
3095 4624 3369 4691 ergastulo
3395 4626 3598 4678 violen-

2022 4718 2105 4764 ter
2132 4710 2398 4773 evellitur,
2430 4718 2486 4764 ut
2506 4711 2571 4763 ad
2593 4721 2791 4766 aeterna
2817 4712 3207 4782 supplicia'jam
3236 4729 3360 4768 cum
3387 4718 3590 4768 amari-

2021 4801 2207 4856 tudine
2233 4802 2596 4871 pertrahatur.
2626 4800 2744 4855 Jam
2779 4818 2926 4865 vero,
2959 4812 3081 4871 post
3119 4805 3482 4873 egressionem
3528 4808 3594 4861 de

2021 4905 2266 4959 corpore,
2290 4892 2410 4960 quis
2446 4890 2720 4960 explicare
2746 4891 2924 4945 valeat
2958 4902 3091 4962 quot
3125 4900 3349 4948 armatae
3385 4894 3592 4963 iniquo-

2020 4994 2140 5033 rum
2162 4979 2443 5047 spirituum
2464 4980 2608 5033 acies
2628 4980 2681 5033 in
2699 4980 2914 5035 insidiis
2943 4980 3166 5047 lateant,
3189 4991 3328 5052 quot
3359 4981 3592 5038 tremen-

2023 5078 2102 5123 tes
2132 5070 2287 5123 cunei
2323 5068 2581 5124 feralibus
2609 5070 2731 5125 telis
2762 5074 3007 5128 instructi
3043 5074 3148 5127 iter
3173 5074 3488 5138 obsideant,
3514 5085 3589 5139 et,

2021 5176 2089 5215 ne
2122 5160 2355 5217 transire
2382 5160 2555 5218 libera
2581 5164 2749 5231 possit
2777 5164 2976 5227 anima,
3013 5165 3156 5219 velut
3192 5165 3409 5219 militari
3443 5180 3592 5220 more

2021 5252 2333 5322 constipata:
2367 5251 2625 5323 legiones,
2660 5256 3006 5325 oppugnant?
3044 5254 3169 5309 Βίης
3199 5263 3254 5310 et
3286 5255 3590 5325 hujusmndi

2021 5341 2334 5412 frequenter
2374 5343 2427 5396 in
2464 5344 2626 5397 corde
2678 5358 2917 5404 versare.
2962 5345 3087 5411 quid
3127 5354 3212 5397 est
3248 5343 3390 5398 aliud
3428 5359 3592 5413 quam,

2020 5432 2381 5487 lenocinantia
2395 5434 2516 5488 vita:
2534 5433 2689 5503 hujus
2702 5434 3065 5489 blandimenta
3086 5450 3362 5504 respuere,
3388 5439 3591 5491 mundo

2014 5524 2299 5593 repudium
2336 5525 2481 5587 dare.
2517 5524 2684 5580 illices
2720 5534 2898 5580 motus
2926 5526 3105 5580 carnis
3132 5526 3349 5590 elidere,
3392 5528 3593 5583 solum-

2020 5630 2125 5685 que
2152 5614 2496 5685 perfectionis
2526 5616 2885 5687 adipiscendce
2920 5617 3255 5687 propositum
3295 5616 3590 5674 indeclina-

2018 5703 2199 5759 biliter
2225 5704 2535 5759 custodire?
