4054 6184
470 292 573 349 739

1062 394 1287 451 CAPUT
1330 394 1432 447 VII.

692 489 968 546 Sentenlim
990 487 1382 553 Scripturarum
1404 483 1467 536 de
1489 483 1573 536 die
1578 482 1792 551 judicii.

539 579 634 632 llis
654 576 925 630 addendus
951 583 1034 625 est
1067 575 1229 624 etiam
1256 572 1482 625 extremi
1515 581 1695 626 terror
1715 569 1927 640 judicii,
1965 575 2024 621 ut

470 666 608 718 illius
632 661 987 716 amaritudine
1021 658 1193 710 valeat
1220 657 1399 710 mundi
1440 657 1598 726 hujus
1625 657 1756 710 falsa
1799 657 2025 711 dulcedo

469 749 756 805 contemni.
804 746 884 799 Ad
933 745 1211 798 evitandas
1252 759 1483 812 namque
1523 744 1799 798 diabolica
1838 758 2027 812 pugna:

467 838 737 891 molestias
758 834 995 887 valenter
1015 832 1367 900 assurgimus,
1394 832 1439 884 si
1470 831 1806 885 necessitatis
1827 831 2029 885 ultimae

467 924 758 993 periculum
787 923 1009 990 provide
1045 928 1455 990 pertractemus.
1482 919 1614 972 Nam
1641 919 1686 973 si
1718 920 2028 988 repentinus

466 1013 553 1067 ille
599 1022 760 1080 atque
795 1011 1049 1064 terribilis
1075 1011 1335 1063 adventus
1361 1007 1560 1063 Christi
1603 1009 1763 1078 digne
1798 1022 2038 1076 perpen-i

464 1106 630 1168 ditur,
684 1104 813 1173 quid
870 1104 976 1157 erit
1015 1105 1064 1155 in
1107 1102 1303 1156 mundo
1347 1101 1435 1155 ubi
1481 1115 1634 1155 mens
1675 1103 1906 1154 humana
1946 1098 2029 1153 vel

463 1192 733 1262 desipiens
768 1192 1097 1247 delectetur?
1133 1192 1225 1245 Ille
1256 1204 1447 1260 nempe
1485 1191 1601 1244 dies
1641 1198 1726 1244 est
1773 1190 1838 1244 ad
1867 1205 2027 1258 quem

463 1283 637 1336 eumis
669 1281 1084 1351 praecedentium
1115 1280 1431 1334 saeculorum
1475 1279 1703 1333 intentio
1730 1293 1795 1333 ac
1818 1293 2029 1333 summa

463 1374 745 1444 colligitur,
784 1374 869 1426 cui
906 1381 1101 1427 cuncta
1141 1386 1416 1425 sacrarum
1448 1369 1845 1438 Scripturarum
1876 1368 2029 1423 volu-

463 1464 607 1517 mina
645 1463 991 1528 famulantur,
1019 1463 1084 1517 de
1113 1477 1217 1533 quo
1244 1463 1434 1515 beatus
1460 1461 1672 1526 Petrus,
1713 1469 1773 1514 ut
1805 1460 2031 1513 audien-

464 1553 595 1606 tium
621 1553 786 1607 corda
826 1554 986 1623 digno
1028 1561 1234 1606 terrore
1271 1559 1586 1605 concuteret
1618 1567 1630 1602 :
1668 1569 1687 1601 ι
1735 1548 2026 1613 Adveniet,

464 1642 660 1709 inquit,
695 1640 809 1694 dies
845 1639 1055 1693 Domini
1097 1640 1236 1693 sicut
1279 1638 1388 1703 fur,
1427 1639 1480 1691 in
1518 1654 1624 1707 quo
1663 1637 1786 1691 εωιί
1833 1650 2029 1706 magno

463 1729 665 1797 impetu
715 1727 998 1791 transient,
1044 1725 1307 1781 elementa
1353 1740 1483 1780 vero
1524 1725 1703 1780 calore
1749 1723 2025 1779 solventur
2052 1711 2101 1769 Β

462 1818 546 1888 (II
576 1818 720 1873 Pelr.
752 1820 857 1888 ιιι).
893 1836 910 1868 ι
945 1816 1099 1871 Unde
1127 1826 1183 1871 et
1210 1831 1333 1870 mox
1363 1815 1639 1870 subdidit:
1687 1833 1706 1867 ‹
1750 1815 1884 1870 Cum
1914 1814 2026 1869 haec

462 1907 643 1961 omnia
688 1908 849 1977 igitur
876 1906 1221 1961 dissolvenda
1268 1905 1398 1968 sint,
1441 1904 1626 1973 quales
1663 1913 1875 1974 oportet
1908 1918 2027 1958 esse

467 2010 581 2058 vos,
608 1996 660 2051 in
686 1995 889 2050 sanctis
915 1992 1413 2049 conversationibus
1438 2002 1492 2047 et
1517 1991 1807 2062 pietatibus
1837 2006 2027 2059 exspe-

462 2095 691 2150 ctantes,
719 2095 775 2139 et
815 2093 1165 2154 properantes
1211 2083 1264 2136 in
1311 2082 1597 2136 adventum
1641 2079 1748 2135 diei
1791 2080 2021 2142 Domini,

462 2190 558 2245 per
603 2190 760 2247 quem
799 2176 919 2230 coeli
952 2176 1204 2229 ardentes
1246 2172 1540 2235 solventur,
1582 2170 1846 2225 elementa
1894 2184 2025 2224 vero

462 2268 604 2336 ignis
628 2265 820 2321 ardore
855 2266 1162 2320 tabesceut?
1206 2282 1225 2316 ι
1260 2263 1449 2335 (Ibid.)
1498 2263 1571 2316 De
1611 2276 1717 2330 quo
1760 2270 1815 2316 et
1852 2260 2020 2315 Iudas

460 2356 592 2409 dicit
622 2355 892 2425 apostolus
935 2372 948 2407 :
997 2371 1015 2404 ‹
1064 2355 1202 2408 Ecce
1230 2352 1409 2407 veniet
1442 2352 1699 2405 Dominus
1735 2350 1789 2403 in
1819 2350 2023 2404 sanctis

461 2442 696 2497 millibus
720 2442 831 2496 suis
871 2440 1048 2496 facere
1071 2440 1333 2511 judicium
1364 2448 1553 2493 contra
1589 2452 1795 2502 omnes,
1836 2437 2023 2491 redar-

459 2544 622 2601 guere
644 2545 834 2585 omnes
862 2531 1053 2598 impios
1076 2529 1143 2583 de
1170 2530 1419 2583 omnibus
1449 2526 1701 2596 operibus
1729 2526 2024 2596 impietatis

458 2636 663 2686 eorum,
686 2622 880 2691 quibus
909 2622 1067 2690 impie
1105 2629 1349 2687 egerunt,
1396 2620 1543 2674 etde
1569 2618 1819 2673 omnibus
1872 2618 2023 2673 duris

459 2726 579 2779 quae
605 2710 766 2764 locuti
805 2720 930 2764 sunt
957 2719 1144 2763 contra
1180 2724 1301 2763 eum
1341 2718 1652 2777 peccatores
1690 2708 1836 2775 impii
1867 2707 2016 2775 (Jud.

458 2806 521 2870 ι).
556 2820 575 2851 ι
610 2800 686 2855 De
714 2802 815 2855 hoc
838 2810 893 2855 et
915 2798 1149 2854 Joannes
1176 2800 1230 2853 in
1261 2798 1576 2868 Apocalypsi
1604 2815 1656 2851 ε(
1679 2798 1816 2853 Ecce
1845 2799 2021 2853 veniet

458 2908 579 2946 cum
612 2891 863 2955 nubibus,
899 2900 954 2945 et
992 2891 1194 2945 videbit
1226 2905 1349 2945 eum
1382 2890 1559 2944 omnis
1599 2888 1806 2952 oculus,
1837 2897 1890 2944 et
1926 2890 2018 2959 qui

458 2996 577 3035 eum
610 2989 968 3052 pupugerunt,
993 2992 1048 3035 et
1073 2981 1325 3051 plangent
1362 2995 1421 3035 se
1446 2994 1606 3048 super
1626 2994 1684 3034 sc
1709 2996 1896 3037 omnes
1920 2982 2019 3036 tri-

929 288 988 343 S.
1028 285 1230 341 PETRI
1270 282 1548 337 DMIIANI
1589 236 1736 337 OPP.
1780 277 2013 335 TO‘MUS
2051 276 2180 332 SEU
2222 276 2399 331 PARS
2436 276 2496 330 Ill
2532 277 2971 333 v-OPUSCULA
3009 277 3238 339 VARIA.

3593 283 3702 338 7ιο

2056 395 2103 446 Α
2131 397 2184 441 et
2213 388 2303 441 ira:
2349 388 2675 457 furorisque,
2706 392 2770 444 ad
2798 393 3163 460 deponendam
3194 402 3395 446 terram
3426 410 3477 448 tn
3510 399 3705 451 solun.

2132 477 2277 540 dine,
2301 487 2356 531 et
2381 488 2688 546 peccatores
2708 479 2822 548 ejus
2848 481 3204 535 conterendos
3225 497 3292 535 ex
3318 496 3415 547 ea;
3444 487 3702 552 quoniam

2131 566 2300 621 stellae
2348 576 2404 621 et
2459 569 2713 637 splendor
2769 585 2958 624 earum
3000 586 3106 625 non
3159 571 3461 639 expandent
3514 574 3700 633 lumen

2129 669 2310 718 suum,
2348 658 2734 711 obtcnebratus
2757 667 2841 712 est
2868 656 2947 711 sol
2980 644 3032 710 in
3066 667 3189 710 ortu
3217 672 3335 722 suo,
3360 669 3414 714 et
3437 660 3561 715 luna
3588 680 3699 718 non

2131 742 2431 809 splendebit
2459 744 2511 797 in
2542 746 2742 799 lumine
2789 761 2919 809 suo;
2952 754 3007 800 et
3048 746 3281 801 visitabo
3320 764 3482 818 super
3509 751 3697 805 orbem

2131 829 2306 894 mala,
2352 839 2409 883 et
2457 841 2646 885 contra
2700 832 2889 900 impios
2937 832 3250 901 iniqui-tates
3293 849 3481 890 eorum
3533 838 3697 906 (leui.

2130 923 2268 987 xm).
2301 938 2320 971 ι
2352 920 2421 973 Ει
2445 920 2637 975 iterum
2662 935 2677 975 :
2715 938 2733 972 ι
2762 922 2921 987 Ecce,
2947 923 3043 989 ait,
3073 923 3282 977 validus
3308 934 3363 979 et
3400 924 3564 981 fortis
3593 929 3699 983 Do—

2131 1009 2309 1062 minus
2351 1009 2494 1064 sicut
2536 1010 2766 1079 impetus
2789 1012 3088 1080 grandinis,
3134 1014 3292 1067 turbo
3319 1014 3696 1086 confringens,

2129 1096 2270 1150 sicut
2298 1097 2527 1166 impetus
2571 1114 2829 1167 aquarum
2876 1102 3165 1155 multarmn
3222 1103 3593 1159 inundantium
3635 1116 3696 1162 et

2129 1185 2446 1239 emissarutn
2472 1202 2635 1255 super
2660 1196 2860 1241 terram
2891 1188 3044 1256 (lsai.
3069 1191 3281 1261 xxvm).
3304 1210 3322 1242 ι
3356 1191 3499 1245 Idem
3522 1193 3645 1248 alibi
3672 1210 3693 1250 :

2136 1291 2155 1324 ι
2184 1273 2323 1327 Ecce
2365 1291 2557 1329 nomen
2594 1274 2802 1330 Domini
2836 1280 2980 1331 venit
3029 1280 3095 1333 de
3127 1280 3461 1349 longinquo:
3493 1286 3695 1338 ardens

2128 1360 2279 1415 furor
2314 1361 2429 1429 ejus
2466 1373 2522 1419 et
2574 1366 2751 1434 gravis
2789 1367 2853 1420 ad
2888 1369 3228 1436 portandum,
3260 1368 3401 1423 labia
3435 1368 3552 1440 ejus
3601 1386 3696 1427 re-

2127 1451 2271 1520 pleta
2310 1460 2436 1505 sunt
2478 1452 2861 1523 indignatione,
2888 1466 2942 1509 et
2982 1457 3160 1525 lingua
3190 1458 3305 1524 ejus
3350 1461 3502 1528 quasi
3552 1461 3693 1531 ignis

2129 1538 2411 1600 devorans,
2440 1549 2494 1593 et
2519 1540 2739 1609 spiritus
2762 1543 2878 1611 ejus
2907 1544 3052 1597 velut
3088 1554 3297 1600 torrens
3325 1546 3588 1601 inundans
3620 1551 3690 1601 ad

2131 1628 2431 1697 perdendas
2468 1638 2653 1698 gentes
2692 1631 2747 1684 in
2779 1633 3002 1686 nihilum
3036 1634 3190 1705 (Isai.
3219 1637 3369 1705 xxx).
3392 1656 3409 1688 ι
3445 1636 3545 1704 Qui
3572 1654 3695 1693 rut-

2128 1731 2220 1770 sus
2248 1718 2325 1771 ait
2348 1736 2361 1772 :
2398 1736 2417 1770 ‹
2439 1719 2661 1788 Eritqne
2690 1733 2909 1791 repente
2932 1726 3210 1781 confestim
3236 1742 3266 1780 a
3298 1727 3522 1784 Domino
3539 1712 3696 1785 exer-

2129 1808 2355 1872 cituum,
2378 1810 2683 1865 visitabitur
2706 1811 2759 1865 in
2785 1814 3017 1868 tonitruo
3048 1825 3101 1869 et
3137 1817 3491 1874 commotione
3511 1828 3688 1885 terrm,

2128 1906 2184 1950 et
2214 1912 2343 1951 voce
2373 1914 2566 1968 magna
2620 1902 2849 1957 turbinis
2889 1913 2944 1958 et
2987 1907 3343 1974 tempestatis.
3370 1918 3421 1965 et
3470 1907 3689 1965 ﬂamma

2130 1986 2268 2055 ignis
2298 1988 2607 2044 devorantis
2638 1990 2789 2059 (Isai.
2812 1993 2983 2062 χχιιι).
3006 2012 3023 2044 ι
3057 1994 3132 2048 Ι)ε
3159 2011 3263 2065 quo
3291 1997 3540 2053 videlicet
3567 2000 3690 2070 igne

2126 2073 2317 2130 I’etrus
2345 2077 2422 2132 ait
2445 2096 2458 2131 .
2489 2096 2507 2129 ι
2530 2077 2662 2135 Caeli
2690 2091 2866 2136 autem
2893 2085 2981 2153 qui
3004 2100 3145 2139 nunc
3168 2095 3311 2149 sunt,
3332 2096 3385 2141 et
3411 2097 3573 2152 terra,
3598 2107 3687 2146 eo-

2125 2163 2246 2217 dem
2279 2169 2441 2220 verbo
2473 2170 2693 2236 repositi
2738 2181 2885 2236 sunt,
2917 2174 3022 2243 igni
3054 2178 3311 2230 reservati
3337 2178 3389 2231 in
3420 2178 3504 2233 die
3542 2177 3689 2247 judio

2124 2252 2193 2305 cii
2219 2264 2273 2306 et
2316 2257 2633 2324 perditionis
2660 2260 2941 2329 impiorum
2971 2264 3244 2319 hominum
3268 2265 3352 2336 (II
3377 2265 3521 2322 Petr.
3542 2269 3680 2339 ιιι).›

2126 2342 2200 2396 De
2226 2344 2326 2400 hoc
2348 2355 2401 2400 et
2426 2351 2684 2417 propheta
2714 2352 2879 2405 dicit:
2910 2370 2928 2403 ι
2958 2354 3206 2407 And-itam
3237 2355 3397 2411 faciet
3425 2356 3686 2416 Dominus

2122 2434 2345 2503 gloriam
2377 2439 2523 2493 vocis
2554 2456 2683 2506 sum,
2712 2451 2765 2496 et
2797 2453 3052 2498 terrorem
3078 2447 3284 2503 brachii
3312 2449 3392 2503 sui
3437 2453 3684 2507 ostendet

2122 2525 2175 2579 in
2203 2529 2616 2584 comminatione
2656 2532 2852 2586 furoris
2886 2544 2937 2587 et
2965 2532 3192 2589 flammae
3218 2536 3358 2604 ignis
3378 2538 3685 2595 devorantis

2123 2614 2277 2682 (1ιαὶ.
2302 2619 2449 2683 xxx).
2482 2637 2500 2669 ι
2545 2619 2618 2673 De
2668 2622 2769 2675 hac
2798 2623 2960 2676 etiam
3005 2624 3210 2679 ultione
3259 2627 3537 2681 tremenda
3581 2643 3681 2698 per

2121 2702 2336 2774 Moysen
2368 2707 2622 2762 Dominus
2652 2711 2780 2763 dicit
2806 2728 2819 2764 :
2853 2731 2870 2762 ‹
2900 2711 3122 2768 Gladius
3155 2730 3305 2770 meus
3334 2717 3683 2774 manducahit

2118 2807 2310 2850 carnes
2353 2796 2533 2865 (Deut.
2556 2794 2749 2869 xxxii).
2773 2818 2792 2852 ι
2830 2800 2904 2856 Ι)ε
2933 2803 3033 2857 hac
3054 2801 3313 2859 Jeremias
3353 2805 3430 2860 ait
3460 2824 3475 2860 :
3511 2825 3531 2859 ι
3552 2805 3683 2861 Gla-

2118 2884 2239 2939 dius
2268 2883 2479 2940 Domini
2505 2887 2780 2944 devorabit
2826 2890 2893 2944 ab
2933 2900 3174 2948 extremo
3219 2904 3376 2949 terra:
3417 2909 3586 2965 usque
3615 2896 3683 2950 ad

2120 2983 2419 3030 extremum
2464 2975 2604 3047 ejus,
2635 2993 2741 3033 non
2780 2989 2863 3035 est
2906 2996 3007 3051 pax
3043 2982 3306 3040 universae
3346 2984 3497 3055 carni
3543 2984 3680 3056 μιν.

456 3072 557 3126 bus
580 3044 735 3125 terr—te
756 3044 939 3141 (Apoc.
964 3070 1023 3141 ι).
1059 3044 1089 3122 ι,
1104 3071 1172 3125 Et
1200 3044 1489 3125 Βιδιειειιὶίιδ
1512 3044 1591 3125 ait
1614 3088 1629 3123 :
1664 3089 1682 3121 ι
1712 3071 1851 3129 Ecce
1873 3073 2020 3126 Venit
2046 3044 2091 3107 ο
2122 3067 2242 3137 XII).
2274 3085 2294 3119 ι

457 3161 715 3215 Dominus
745 3161 1098 3225 exercituum,
1131 3169 1188 3215 et
1224 3160 1345 3229 quis
1372 3160 1567 3230 poterit
1605 3162 1845 3229 cogitare
1874 3160 2016 3215 diem

456 3253 716 3306 adventus
726 3248 861 3317 ejus,
873 3258 928 3305 et
947 3250 1067 3320 quis
1087 3249 1251 3305 stabit
1266 3250 1333 3304 ad
1346 3249 1630 3304 videndum
1645 3249 1800 3305 eum?
1820 3268 1840 3302 ι
1857 3249 2013 3319 (Mal.

454 3342 565 3410 ιιι.)
588 3338 836 3409 Etpaulo
854 3348 977 3409 post
998 3357 1025 3409 ς,
1040 3357 1057 3391 ι
1078 3339 1217 3395 Ecce
1238 3339 1355 3395 dies
1368 3339 1567 3404 veniet,
1584 3353 1840 3395 succensa
1864 3340 2015 3408 quasi

453 3429 720 3495 caminus,
737 3437 793 3484 et
818 3436 979 3484 erunt
999 3443 1187 3485 omnes
1214 3430 1427 3499 superbi
1469 3437 1523 3484 et
1550 3444 1738 3484 omnes
1758 3427 2019 3484 facientes

456 3517 785 3586 impietatem
827 3517 968 3573 sicut
1007 3517 1224 3586 stipula,
1270 3526 1326 3572 et
1376 3515 1723 3572 inﬂammabit
1763 3532 1857 3572 eos
1904 3518 2018 3571 dies

454 3605 619 3676 776
659 3604 903 3670 veniens,
931 3619 1051 3673 qua:
1100 3620 1205 3660 non
1253 3606 1520 3676 relinquet
1561 3607 1643 3661 eis
1676 3606 1914 3659 radicem
1963 3615 2018 3660 et

454 3709 670 3764 germen
694 3694 851 3763 (Mal.
870 3703 965 3765 ιν).
991 3714 1010 3747 ι
1043 3694 1110 3750 Et
1138 3710 1235 3765 per
1257 3696 1419 3750 alium
1444 3696 1756 3765 prophetam
1786 3696 2011 3755 dicitur:

458 3804 479 3836 ι
501 3784 689 3841 Adhuc
714 3800 877 3841 unum
908 3785 1173 3840 modicum
1202 3793 1305 3850 est,
1327 3793 1383 3840 et
1408 3799 1507 3855 ego
1533 3783 1880 3839 commovebo
1907 3798 2013 3838 coc-

454 3876 564 3931 lum
608 3886 665 3932 et
714 3885 946 3943 terram,
995 3885 1051 3932 et
1083 3891 1254 3941 mare,
1300 3884 1355 3930 et
1402 3875 1637 3938 aridam,
1687 3883 1742 3929 et
1790 3875 2017 3929 movebo

453 3983 643 4025 omnes
662 3976 870 4040 gentes,
890 3976 947 4023 et
970 3967 1147 4023 veniet
1181 3966 1513 4022 desideratus
1537 3965 1743 4020 cunctis
1772 3956 2018 4036 gentibus

455 4059 657 4130 (Aggm'
697 4058 834 4130 vm).
880 4076 900 4110 ι
931 4057 1062 4114 Item
1089 4058 1223 4112 alius
1249 4074 1262 4110 :
1300 4075 1318 4107 ι
1346 4056 1506 4111 Juxta
1532 4066 1615 4112 est
1644 4056 1758 4111 dies
1805 4056 2017 4111 Domini

456 4167 713 4222 magnus,
742 4151 926 4220 juxta,
975 4162 1030 4206 et
1078 4151 1229 4206 velox
1274 4151 1464 4217 nimis;
1507 4165 1611 4205 vox
1653 4148 1755 4203 diei
1806 4147 2017 4202 Domini

454 4255 673 4303 amara,
707 4240 1052 4315 tribulabitur
1085 4239 1157 4293 ibi
1198 4238 1387 4306 fortis,
1434 4239 1549 4293 dies
1587 4238 1702 4299 irae,
1744 4236 1859 4291 dies
1902 4237 2016 4303 illa,

456 4335 573 4389 dies
609 4333 961 4388 tribulationis
1001 4340 1053 4385 et
1100 4331 1389 4402 angustiae,
1444 4331 1557 4386 dies
1600 4328 1920 4385 calamitatis
1964 4338 2019 4384 et

457 4426 706 4489 miseriae,
731 4426 843 4478 dies
872 4422 1078 4478 nebulae
1114 4434 1170 4477 et
1198 4422 1449 4486 turbinis,
1477 4421 1590 4476 dies
1612 4420 1753 4474 tubae
1799 4430 1852 4474 et
1876 4420 2020 4475 clan-

453 4522 602 4592 goris
640 4520 897 4589 (Sopkou.
934 4519 995 4589 ι).
1022 4538 1041 4569 ι
1098 4518 1199 4572 Ubi
1234 4518 1545 4579 notandum,
1586 4515 1844 4569 tremendi
1876 4516 2015 4569 diem

451 4611 661 4681 judicii,
690 4624 845 4679 quam
895 4608 1153 4679 proxime,
1186 4621 1452 4677 quamque
1486 4606 1775 4674 perniciter
1821 4606 2018 4661 adven-

454 4712 573 4757 tare
616 4702 874 4771 propheta
916 4699 1246 4762 considerat,
1285 4699 1351 4753 ad
1398 4697 1550 4766 cujus
1589 4698 1883 4768 agilitatem
1926 4713 2020 4753 ex-

450 4794 689 4865 pressius
732 4793 1099 4848 inculcandam
1137 4802 1215 4847 tot
1258 4791 1590 4847 acceleraudi
1624 4791 1867 4845 .nomiua
1927 4805 2017 4845 co—

449 4893 707 4938 acervat:
736 4884 823 4937 ubi
855 4883 1059 4938 scilicet
1079 4884 1145 4935 ad
1175 4882 1414 4936 auxesim
1446 4880 1718 4942 dictionis,
1763 4880 1844 4934 bis
1872 4882 2021 4948 ponit

448 4974 625 5043 juxta,
650 4972 843 5027 deinde
887 4974 1050 5033 velox,
1086 4981 1139 5024 et
1163 4972 1337 5034 nimis,
1369 4979 1427 5023 ut
1457 4969 1656 5036 liquido
1685 4969 1873 5023 doceat
1893 4968 2018 5037 quia

451 5060 624 5117 oculis
661 5061 784 5115 fidei
827 5064 876 5115 id
904 5060 1015 5128 jam
1045 5062 1255 5115 videtur
1285 5061 1337 5115 in
1385 5060 1585 5122 limine,
1616 5060 1756 5128 quod
1790 5058 2019 5112 inﬁdeli-

452 5154 555 5205 bus
587 5158 643 5204 et
669 5151 825 5205 cateia
872 5150 1033 5204 corde
1072 5159 1288 5216 putatur
1330 5149 1515 5218 procul
1564 5150 1753 5203 abesse
1797 5166 1809 5200 :
1840 5156 1895 5201 et
1928 5148 2016 5200 isti

444 5242 556 5311 jam
584 5240 939 5294 tribunalibus
964 5240 1159 5309 judicis
1184 5240 1577 5308 quodammodo
1608 5247 1896 5292 trementes
1931 5253 2018 5292 as-

448 5331 662 5391 sistunt,
685 5343 842 5397 quem
875 5329 948 5382 illi
975 5345 1070 5397 per
1099 5329 1364 5383 diuturnae
1392 5328 1797 5398 longinquitatis
1823 5329 2015 5382 absen-

449 5422 577 5473 tiam
608 5419 1017 5489 parvipendunt.
1052 5422 1125 5474 De
1154 5422 1258 5475 hoc
1290 5419 1491 5473 ultimae
1523 5428 1574 5473 et
1606 5418 2016 5473 irremediabilis

451 5509 786 5562 necessitatis
827 5509 914 5562 die
966 5517 1301 5576 prwconatur
1341 5507 1535 5570 Isaias,
1576 5506 1794 5559 dicens:
1825 5524 1841 5555 ι
1876 5506 2017 5560 Ecce

454 5595 567 5647 dies
599 5594 809 5649 Domini
844 5598 987 5652 venit
1018 5596 1270 5660 crudelis,
1310 5606 1363 5649 et
1394 5594 1754 5665 indignatione
1803 5595 2010 5662 plenus,

2174 3154 2411 3212 ’Gladius
2454 3158 2597 3213 enim
2644 3161 2903 3219 devorare
2963 3172 3162 3219 terram
3216 3163 3431 3229 dicitur,
3476 3175 3531 3220 et
3574 3179 3680 3234 pax

2121 3247 2383 3303 universae
2431 3250 2580 3304 carni
2629 3250 2816 3308 deesse
2874 3254 3216 3324 perhibetur,
3264 3257 3386 3326 quia
3434 3257 3680 3327 quisquis

2119 3350 2261 3389 nunc
2294 3337 2580 3394 carnaliter
2623 3352 2991 3409 conversatur,
3022 3345 3105 3401 vel
3150 3353 3364 3401 terrena
3410 3345 3677 3401 immole-

2120 3426 2289 3480 ratius
2316 3427 2526 3483 ambire
2568 3432 2928 3496 convincitur,
2957 3432 3154 3490 ultimae
3183 3435 3531 3489 districtionis
3580 3452 3676 3491 ne-

2118 3530 2271 3571 cesse
2294 3526 2381 3572 est
2420 3517 2601 3587 gladio
2642 3522 2958 3589 perimatur.
2988 3524 3062 3577 De
3087 3540 3193 3594 quo
3219 3526 3469 3580 nimirum
3504 3526 3681 3595 gladio

2119 3619 2214 3673 per
2240 3605 2575 3661 Ezechielem
2603 3609 2860 3666 Dominus
2889 3611 3054 3667 dicit:
3088 3632 3105 3664 ‹
3131 3613 3447 3684 Egredietur
3470 3614 3681 3683 gladius

2119 3708 2270 3748 meus
2285 3695 2352 3749 de
2364 3695 2554 3764 vagina
2574 3712 2669 3755 sua
2683 3698 2747 3753 ad
2767 3716 2976 3756 omnem
2990 3717 3206 3756 carnem
3220 3702 3287 3757 ab
3300 3703 3497 3758 Austro
3513 3718 3682 3773 usque

2118 3781 2186 3835 ad
2208 3783 2554 3852 Aquilonem;
2582 3792 2641 3839 ut
2660 3787 2796 3841 sciat
2814 3791 2988 3843 omnis
3009 3805 3135 3845 caro
3162 3791 3286 3860 quia
3305 3806 3402 3861 ego
3423 3792 3683 3848 Dominus

2117 3872 2277 3926 eduxi
2321 3872 2554 3943 gladium
2600 3891 2775 3932 meum
2804 3880 2869 3934 de
2896 3882 3088 3951 vagina
3131 3897 3226 3937 sua
3274 3882 3680 3938 irrevocabilem

2119 3962 2335 4032 (Ezeclt.
2363 3964 2537 4037 “1).:
2572 3966 2646 4022 De
2687 3968 2789 4023 hoc
2833 3971 3016 4040 utique
3061 3971 3237 4042 gladio
3272 3981 3327 4026 et
3354 3973 3520 4028 Amos
3548 3988 3676 4042 pro-

2120 4055 2279 4123 pheta
2306 4054 2473 4110 dicit:
2503 4073 2521 4106 ι
2542 4056 2598 4111 In
2623 4057 2799 4129 gladio
2831 4062 3127 4115 morientur
3152 4076 3340 4117 omnes
3368 4073 3681 4133 peccatores

2121 4143 2301 4213 populi
2332 4146 2467 4211 mei,
2513 4147 2605 4216 qui
2633 4149 2791 4219 777
2819 4150 3022 4215 dicunt,
3057 4168 3162 4207 non
3209 4153 3679 4224 appropinquabit,

2119 4246 2175 4290 et
2202 4253 2309 4321 non
2334 4240 2513 4293 veniet
2539 4254 2818 4310 supernos
2846 4244 3041 4297 malum
3069 4244 3269 4315 (Amos,
3296 4247 3395 4315 ix).
3429 4264 3448 4297 ι
3475 4245 3576 4301 Hic
3602 4249 3685 4300 di-

2124 4327 2229 4381 vini
2254 4325 2439 4396 judicii
2473 4337 2647 4384 terror
2676 4332 2960 4389 interiores
2987 4334 3194 4389 Nahum
3230 4339 3500 4405 propheta:
3523 4352 3684 4392 aures

2123 4420 2459 4488 turbaverat,
2481 4438 2603 4478 cum
2632 4426 2841 4482 dicebat
2874 4446 2886 4481 :
2925 4447 2943 4479 ι
2974 4428 3085 4482 Vox
3113 4430 3323 4502 ﬂagelli,
3356 4440 3411 4485 et
3450 4447 3551 4488 vox
3581 4434 3683 4485 im-

2120 4521 2277 4581 petus
2296 4522 2444 4578 rotae,
2476 4523 2529 4568 et
2549 4516 2670 4584 equi
2701 4515 3000 4584 frementis,
3030 4532 3083 4575 et
3105 4523 3377 4593 quadrigae
3400 4520 3684 4588 ferventis,

2119 4603 2387 4673 etequitis
2405 4608 2761 4673 ascendentis,
2803 4619 2859 4664 et
2900 4612 3151 4667 micantis
3196 4612 3379 4683 gladii,
3406 4622 3463 4668 et
3505 4613 3685 4683 fulgu-

2124 4692 2294 4747 rantis
2341 4694 2528 4758 bastte,
2556 4704 2611 4749 ct
2657 4697 3015 4753 multitudinis
3050 4699 3370 4765 interfectae,
3417 4712 3472 4758 et
3501 4704 3684 4773 gravis

2120 4783 2307 4847 ruinae,
2324 4799 2423 4838 nec
2444 4794 2528 4840 est
2550 4786 2670 4840 linis
2699 4789 3018 4843 cadaverum
3052 4790 3311 4860 (Na/rum,
3330 4794 3435 4861 ιιι).
3456 4812 3474 4845 ι
3504 4793 3684 4847 Enim-

2122 4887 2249 4925 vero
2282 4874 2348 4925 de
2380 4872 2775 4941 divinojudicio
2803 4877 2929 4945 quid
2958 4879 3148 4933 viderit
3174 4880 3379 4945 Daniel,
3399 4881 3686 4935 manifeste

2118 4964 2393 5027 describit,
2427 4964 2613 5019 dicens
2644 4986 2655 5018 :
2692 4984 2710 5016 ι
2735 4968 3099 5037 ASpicicbam,
3123 4969 3291 5023 donec
3320 4972 3495 5024 throni
3524 4972 3683 5039 positi

2119 5062 2262 5138 sunt,
2316 5064 2370 5107 et
2402 5055 2654 5123 antiquus
2703 5056 2907 5111 dierum
2945 5060 3106 5122 sedit,
3140 5062 3518 5114 vestimentum
3567 5061 3688 5131 ejus

2119 5145 2268 5211 quasi
2300 5145 2389 5197 uix
2414 5147 2719 5211 candidum,
2748 5156 2799 5200 et
2830 5149 3006 5217 capilli
3038 5151 3153 5214 ejus
3192 5150 3345 5217 quasi
3376 5149 3495 5203 lana
3522 5164 3685 5203 mun-

2125 5236 2225 5299 da;
2268 5236 2496 5291 thronus
2540 5235 2654 5303 ejus
2682 5236 2894 5292 ﬂamma
2926 5241 3081 5308 ignis,
3113 5249 3238 5292 rotae
3267 5240 3382 5307 ejus
3430 5241 3569 5310 ignis
3592 5254 3689 5293 ac-

2123 5341 2342 5390 census;
2397 5325 2589 5381 ﬂuvius
2632 5327 2818 5397 igneus
2879 5314 3199 5397 rapidusque
3248 5330 3626 5397 egrediebatur
3656 5345 3689 5382 a

2124 5419 2257 5471 facie
2284 5416 2402 5484 ejus
2443 5416 2602 5485 (Dan.
2637 5420 2754 5487 vn).
2794 5440 2810 5469 ι
2854 5420 2920 5472 Et
2948 5419 3102 5486 paulo
3134 5428 3253 5486 post
3288 5436 3299 5470 :
3342 5437 3359 5469 ι
3413 5418 3687 5474 Judicium

2118 5507 2278 5567 Sedit,
2296 5517 2350 5559 et
2379 5504 2498 5560 libri
2525 5508 2693 5575 aperti
2720 5514 2842 5562 sunt
2872 5510 3077 5578 (lbid.).
3103 5530 3120 5560 ι
3143 5509 3242 5575 Qui
3268 5509 3519 5562 nimirum
3536 5508 3687 5572 libri,

2122 5597 2220 5666 ipsi
2254 5594 2579 5663 inzclligcndi
2628 5609 2747 5651 sunt
2779 5600 2975 5662 :ancti,
3008 5613 3232 5667 quorum
3264 5613 3403 5653 nunc
3433 5598 3692 5651 meritum
