4054 6184
471 339 568 398 7M

1470 343 1714 401 OPUSC.
1757 346 1817 400 L.
1842 377 1907 387 —
1932 345 2323 404 INSTITU'I‘IO
2363 349 2708 410 MONIALIS.

3632 375 3738 430 742

468 459 537 510 ab
582 455 664 509 eis
716 467 813 522 per
862 456 1172 510 custodiam.
1221 458 1545 516 humilitatis
1596 463 1968 528 absconditur,
1999 473 2052 518 ct
2082 468 2129 524 Α
2160 466 2396 532 pondere
2427 468 2708 538 premitur,
2739 469 2833 537 qui
2866 470 3191 550 intrinsecus
3231 477 3449 546 quidem
3474 480 3734 541 vitiorum

469 557 727 616 tanquam
775 546 1024 601 volumen
1074 549 1298 612 codicis,
1359 565 1425 605 ne
1478 552 1705 624 legatur,
1739 555 2051 609 involvitur.

464 639 621 694 Tunc
649 647 859 705 autem,
893 640 960 693 ad
989 655 1174 694 eorum
1200 641 1446 712 gloriam,
1481 646 1855 701 universorum
1881 647 2054 700 oculis

462 730 734 801 aperitur;
768 738 828 783 ut.
870 731 922 784 in
967 732 1047 786 eis
1074 734 1520 800 praevaricatores
1551 745 1808 806 tanquam
1841 753 1937 806 per
1966 739 2049 790 di-

463 829 626 891 gestae
653 821 966 891 scriptionis
989 823 1275 877 articulum
1308 825 1488 895 legant
1519 826 1714 881 divinae
1734 826 1869 897 legis
1899 845 2052 881 tuan-

463 913 605 975 data,
638 928 778 981 qtae,
804 915 930 967 dum
961 914 1305 979 adviverent,
1340 933 1560 972 servare
1583 929 2047 989 contempserant.

462 1003 572 1057 Illic
593 1001 706 1070 jam
755 1004 1160 1073 compelluntur
1186 1016 1240 1059 et
1272 1007 1448 1077 legere
1472 1047 1487 1071 .
1537 1009 1628 1078 qui
1662 1009 1749 1064 hic
1774 1026 1872 1080 per
1899 1029 2050 1067 arro-

460 1093 654 1162 gantiaa
678 1091 876 1147 fastum
901 1095 1066 1147 verba
1107 1095 1197 1149 Dei
1237 1097 1670 1167 dedignabantur
1699 1101 1905 1156 audire.
1938 1103 2048 1159 Illic

452 1182 642 1251 jugum
701 1183 910 1237 Domini
965 1185 1123 1248 leve,
1179 1195 1233 1241 et
1278 1204 1417 1243 onus
1461 1187 1580 1256 ejus
1620 1205 1788 1248 suave
1826 1194 2048 1250 mitibus

455 1271 674 1341 (Matth.
703 1273 778 1343 xi)
809 1283 864 1329 et
917 1275 1249 1345 patientibus
1289 1276 1454 1334 fuisse
1497 1281 1866 1349 considerant,
1902 1286 2046 1354 quod

459 1365 546 1419 hic
573 1366 841 1437 superbiae
868 1381 980 1421 suae
1005 1368 1309 1423 cervicibus
1341 1369 1684 1428 intolerabile
1705 1372 2041 1442 judicabant.

454 1452 568 1508 Illic
589 1455 884 1525 superbum
906 1470 1067 1511 omne
1089 1456 1460 1524 confunditur,
1487 1469 1544 1516 et
1565 1462 1828 1532 quidquid
1857 1465 2042 1521 eleva-

457 1552 566 1598 tum
600 1543 798 1611 fuerat,
825 1546 926 1600 sub
975 1553 1138 1601 tanta:
1167 1547 1469 1616 maiestatis
1507 1550 1879 1622 indignatione
1919 1570 2046 1610 cur-

452 1644 630 1689 vatur.
669 1636 819 1694 Unde
864 1655 962 1710 per
998 1639 1192 1696 Isaiam
1234 1643 1478 1699 dicitur:
1518 1665 1538 1698 ι
1590 1645 1742 1702 Oculi
1780 1649 2042 1706 sublimes

455 1726 694 1784 hominis
735 1731 1007 1787 humiliati
1039 1743 1185 1801 sunt,
1213 1747 1268 1789 et
1306 1735 1678 1792 incurvabitur
1709 1739 1939 1794 altitudo
1961 1743 2040 1795 vi-

2158 553 2392 611 Iatenter
2436 558 2801 628 ingruentium
2855 560 3200 619 deformitate
3250 567 3628 634 confunditur,
3656 575 3736 626 fo-

2154 642 2232 696 ris
2266 653 2448 699 autem
2511 649 2744 714 quadam
2792 649 3125 702 adumbrata:
3168 650 3391 707 virtutis
3427 655 3513 708 vel
3555 661 3736 725 potius

2153 733 2457 815 honestatis
2481 733 2886 804 pulchritudine
2910 738 3184 806 palliatur.
3214 739 3322 796 Sed
3347 758 3467 798 cum
3499 746 3731 816 plurima

2151 830 2482 892 suppetant,
2528 839 2628 879 nos
2665 827 3001 882 enucleatius
3047 844 3320 898 exponere
3371 832 3473 887 ista
3518 847 3736 906 postpo-

2151 913 2364 977 nimus,
2415 915 2542 983 quia
2589 916 2902 984 prolixioris
2934 919 3058 988 styli
3111 920 3361 976 laciniam
3410 923 3727 992 devitamus.

2149 1005 2404 1074 Exempla
2457 1023 2672 1076 quoque
2715 1009 2782 1063 de
2811 1009 2977 1063 divini
3013 1020 3220 1068 terrore
3240 1013 3433 1084 judicii
3462 1016 3614 1085 plura
3649 1020 3730 1072 his

2147 1099 2569 1166 supersedemus
2624 1101 2890 1167 inserere,
2926 1087 3050 1172 quia
3098 1120 3220 1160 cum
3272 1106 3398 1163 huic
3448 1112 3732 1167 tremendo

2145 1189 2384 1247 examini
2436 1192 2616 1246 omnis
2669 1192 2870 1262 eloquii
2921 1195 3163 1252 caelestis
3218 1197 3446 1254 intentio
3493 1202 3730 1267 militet,

2145 1292 2248 1340 nos
2287 1280 2341 1334 in
2391 1284 2814 1353 exaggeratione
2857 1284 2977 1352 ejus
3025 1287 3304 1344 elaborare
3357 1291 3562 1347 diutius
3617 1309 3725 1348 non

2144 1380 2413 1441 opportet.
2445 1373 2526 1428 Ad
2555 1376 2658 1432 hoc
2706 1377 2851 1431 enim
2896 1377 3128 1448 pleniter
3159 1379 3534 1444 intimandum,
3561 1383 3726 1439 etiam

2144 1461 2190 1516 si
2221 1471 2423 1520 caetera
2454 1475 2651 1522 cuncta
2695 1468 2969 1535 deessent,
3001 1470 3114 1526 sola
3157 1471 3245 1525 illa
3283 1473 3542 1529 Veritatis
3560 1477 3728 1530 verba

2142 1553 2452 1611 sufﬁcerent
2477 1597 2494 1622 ,
2544 1558 2743 1628 quibus
2777 1559 2897 1613 ait:
2937 1579 2956 1612 ι
3011 1561 3188 1616 Erunt
3237 1562 3353 1617 dies
3384 1563 3459 1617 illi
3504 1565 3728 1620 tribula-

2143 1642 2309 1698 tionis
2375 1644 2516 1700 tales
2584 1647 2776 1715 quales
2828 1663 2934 1702 non
2992 1647 3210 1704 fuerunt
3257 1650 3325 1704 ab
3371 1652 3528 1706 initio
3571 1670 3728 1708 crea-

2141 1738 2277 1784 tura:
2299 1746 2460 1801 quam
2487 1734 2731 1790 condidit
2756 1735 2920 1802 Deus,
2950 1751 3124 1806 usque
3158 1753 3334 1804 nunc,
3368 1755 3540 1808 neque
3589 1742 3728 1798 flent

454 1832 658 1872 rorum.
687 1819 1029 1877 Exaltabitur
1052 1831 1230 1878 autem
1263 1827 1523 1882 Dominus
1544 1828 1690 1883 solus
1711 1829 1765 1883 in
1794 1831 1880 1886 die
1906 1832 2031 1896 illa;
2071 1803 2114 1863 Β
2146 1816 2344 1887 (nam
2371 1821 2547 1891 ΧΙι¹)ο³

447 1910 722 1980 quia.dies
751 1913 962 1969 Domini
989 1930 1153 1986 super
1184 1931 1400 1973 omnem
1431 1920 1723 1988 superbum
1769 1930 1823 1976 et
1850 1925 2033 1977 excel-

445 2014 566 2055 sum
615 2009 670 2056 et
715 2018 878 2072 super
907 2019 1122 2060 omnem
1159 2019 1526 2077 arrogantem,
1547 2019 1599 2065 et
1630 2011 2028 2080 humiliabitur;

447 2099 500 2145 et
524 2105 688 2160 super
730 2107 922 2149 omnes
953 2093 1151 2151 ’cedros
1181 2095 1373 2152 Libani
1418 2099 1676 2156 sublimes
1713 2112 1766 2156 et
1798 2114 2028 2169 erectas,

377 2177 380 2180 ’
443 2189 500 2235 et
523 2196 687 2250 super
713 2197 902 2238 omnes
927 2198 1164 2254 quercus
1192 2186 1458 2252 Basan,et
1480 2205 1646 2259 super
1671 2207 1859 2246 omnes
1881 2210 2022 2247 tuon-

446 2279 530 2326 tes
553 2272 816 2338 excelsos,
847 2281 902 2328 et
933 2289 1097 2344 super
1125 2291 1316 2331 omnes
1351 2277 1517 2333 colles
1549 2279 1813 2344 elevatus,
1855 2293 1909 2337 et
1935 2299 2029 2336 su-

441 2376 541 2431 per
574 2377 789 2417 omnetn
821 2365 1010 2419 turrim
1041 2366 1337 2431 excelsam,
1362 2357 1421 2422 et
1446 2383 1610 2438 super
1655 2385 1870 2425 omnem
1914 2389 2031 2426 mu-

443 2467 564 2506 rum
596 2453 894 2519 munitum,
939 2464 995 2510 et
1025 2472 1192 2527 super
1230 2473 1422 2514 omnes
1469 2475 1635 2515 naves
1685 2461 1934 2527 Tharsis,
1975 2475 2029 2519 et

440 2556 606 2613 super
647 2559 810 2600 omne
875 2547 1017 2616 quod
1065 2548 1196 2603 visu‘
1234 2549 1520 2619 pulchrum
1570 2560 1684 2618 est;
1740 2563 1797 2608 et
1848 2555 2029 2609 incur-

439 2635 656 2689 vabitur
709 2636 1013 2694 sublimitas
1061 2639 1365 2705 hominum,
1413 2650 1469 2696 et
1500 2642 1873 2699 humiliabitur
1907 2647 2028 2700 alti-

442 2727 570 2782 tudo
601 2728 843 2783 virorum
871 2771 886 2796 ,
944 2739 999 2785 et
1034 2731 1336 2787 elevabitur
1365 2733 1625 2788 Dominus
1677 2735 1825 2790 squs
1857 2737 1908 2791 in
1941 2738 2027 2792 die

440 2818 552 2885 illa,
580 2828 635 2875 et
668 2821 810 2876 idola
841 2822 1057 2892 penitus
1105 2833 1499 2893 conterentur;
1539 2835 1593 2881 et
1640 2826 1941 2883 introibunt
1970 2829 2024 2883 in

438 2911 724 2980 speluncas
751 2921 1032 2982 petrarum
1078 2923 1134 2970 et
1185 2915 1240 2971 in
1292 2915 1584 2987 voragines
1633 2912 1792 2973 terrm
1827 2937 1857 2974 a
1887 2920 2024 2975 facie

436 3000 738 3057 formidinis
767 3002 976 3058 Domini
1001 3014 1057 3060 et
1083 3019 1114 3058 a
1139 3005 1310 3075 gloria
1365 3007 1669 3077 ntajestatis
1696 3007 1816 3077 ejus
1839 3048 1855 3072 ,
1899 3025 2021 3063 cum

435 3094 736 3149 surrexerit
760 3105 1047 3164 percutere
1080 3105 1279 3152 terram
1309 3097 1463 3170 (Isai.
1492 3099 1578 3170 Il).
1617 3119 1637 3151 ι
1681 3099 1812 3167 Qua)
1861 3101 2021 3155 nimi-

2723 1935 2953 1992 CAPUT
2997 1937 3130 1993 VIII.

2138 2017 2244 2074 Hic
2285 2022 2598 2080 admonetur
2645 2043 2708 2081 ne
2747 2028 2842 2080 sub
2886 2029 3094 2091 pietatis
3137 2033 3305 2098 specie
3359 2031 3430 2084 ad
3470 2033 3722 2088 circulum

2775 2108 3082 2153 revertatur.

2205 2182 2283 2237 Tu
2329 2192 2534 2250 autem,
2569 2185 2788 2240 domina
2839 2201 2978 2252 mea,
3011 2187 3228 2242 domina
3253 2229 3268 2250 ,
3303 2188 3545 2258 inquam,
3576 2207 3718 2257 mea,

2133 2271 2242 2327 imo
2288 2283 2345 2327 et
2379 2274 2589 2344 regina,
2623 2274 2853 2330 Domino
2906 2291 3049 2342 meo,
3083 2277 3288 2332 caelesti
3341 2277 3550 2332 scilicet
3581 2281 3717 2350 regi,
3792 2268 3796 2274 ’

2130 2379 2229 2433 per
2253 2365 2509 2418 annulum
2542 2367 2678 2420 viva:
2728 2365 2867 2420 fidei
2897 2376 2953 2421 et
3001 2369 3220 2422 arrhatn
3271 2370 3448 2430 sancti
3478 2369 3712 2439 Spiritus

2129 2456 2455 2524 desponsata
2492 2475 2506 2510 :
2540 2466 2593 2511 tu
2646 2458 2829 2527 itaque
2859 2459 2975 2513 haec
3030 2469 3086 2512 et
3121 2459 3206 2513 his
3235 2460 3456 2525 similia,
3500 2477 3620 2530 quae
3650 2463 3718 2518 de

2127 2547 2296 2600 divini
2353 2545 2551 2603 furoris
2589 2556 2646 2602 et
2687 2547 3077 2618 indignationis
3107 2550 3473 2605 amaritudine
3522 2551 3712 2621 legun-

2130 2644 2216 2688 tur
2245 2634 2428 2689 mundi
2459 2635 2795 2690 amatoribus
2827 2635 3112 2691 imminere
3135 2676 3151 2702 ,
3202 2637 3448 2692 crebrius
3476 2639 3713 2708 perlege,

2125 2722 2398 2776 subtiliter
2418 2722 2713 2789 meditare;
2746 2732 2806 2778 ut
2824 2723 2927 2778 hoc
2957 2723 3104 2778 velut
3131 2740 3331 2779 amara:
3355 2726 3714 2784 confectionis

2125 2810 2388 2873 antidoto,
2425 2811 2612 2866 sibilos
2658 2811 2868 2881 antiqui
2919 2814 3190 2882 serpentis
3234 2812 3458 2884 ejusque
3511 2817 3712 2872 lethale

2123 2899 2276 2954 virus
2297 2901 2471 2970 possis
2501 2902 2755 2956 evadere.
2783 2901 2840 2956 In
2873 2903 3196 2972 memetipso
3233 2904 3431 2974 quippe
3459 2905 3712 2974 frequen-

2123 2999 2208 3046 ter
2254 3005 2513 3062 expertus
2546 3009 2667 3049 sum
2705 2996 2860 3064 quia,
2895 3011 3018 3050 cum
3050 2997 3352 3052 visceribus
3380 2999 3517 3054 meis
3553 2999 3710 3069 hujus

2123 3085 2469 3155 cogitationis
2519 3086 2828 3142 amaritudo
2879 3086 3218 3152 diffunditur,
3253 3103 3282 3142 a
3325 3090 3538 3144 cunctis
3569 3091 3710 3144 male

436 3197 557 3239 rum
581 3185 742 3240 verba
767 3186 1010 3242 seriatim
1038 3186 1288 3244 fortassis
1317 3203 1666 3259 exponerem,
1683 3190 1784 3246 nisi
1818 3192 2018 3260 episto-

2126 3173 2453 3229 blandientis
2473 3176 2683 3240 mundi,
2711 3184 2771 3230 ut
2793 3176 2869 3230 ita
2899 3175 3112 3246 loquar,
3137 3177 3476 3243 humoribus,
3511 3179 3709 3234 mentis

436 3271 566 3330 laris
592 3275 897 3345 compendii
945 3276 1182 3348 regulam
1215 3279 1478 3332 excedere
1515 3278 1832 3334 devitarem.
1884 3281 2016 3335 Illud

434 3365 698 3420 duntaxat
727 3376 1103 3422 summotenus
1131 3367 1288 3422 video
1335 3369 1808 3441 perstringendum
1830 3412 1845 3436 ,
1894 3373 2020 3442 quia

435 3455 596 3511 rebus
619 3455 1024 3512 insensibilibus
1053 3457 1168 3513 dies
1197 3457 1364 3513 divini
1388 3456 1580 3526 judicii
1609 3461 1812 3517 dicitur
1839 3462 2020 3519 immi-

432 3561 596 3611 nere;
634 3547 729 3603 sed
760 3564 857 3618 per
883 3547 1086 3618 ﬁguras
1109 3544 1288 3604 rerum
1320 3551 1532 3618 ratione
1561 3554 1882 3623 carentium,
1910 3566 2019 3611 sto-

432 3637 616 3694 Iiditas
675 3640 994 3711 intelligitur
1067 3641 1351 3696 hominum
1418 3645 1796 3713 reproborum.
1857 3648 2016 3704 Cedri

432 3731 630 3801 quippe
679 3731 868 3787 Libani
906 3732 1165 3789 sublimes
1209 3743 1266 3790 et
1309 3747 1543 3801 erecta),
1606 3747 1855 3808 potentes
1893 3748 2019 3796 sunt

431 3820 591 3888 hujus
611 3822 814 3888 saeculi,
847 3838 946 3894 per
987 3823 1367 3880 excellentiam
1415 3827 1636 3897 quidem
1670 3837 1898 3885 terrenae
1923 3844 2018 3885 su-

429 3912 712 3970 blimitatis
743 3915 895 3981 elati,
921 3916 1016 3972 sed
1057 3917 1325 3972 bonorum
1376 3934 1601 3990 operum
1637 3919 1902 3985 fructibus
1935 3925 2015 3979 in-

430 4002 669 4059 fecundi.
702 4003 952 4072 Quercus
996 4015 1178 4063 autem
1229 4006 1444 4064 fructus
1470 4010 1686 4079 quidem
1711 4013 2010 4082 proferunt,

428 4092 524 4148 sed
549 4109 655 4149 non
688 4094 884 4164 quibus
914 4096 1077 4151 homo
1108 4096 1383 4165 reficitur;
1417 4100 1513 4155 sed
1538 4101 1682 4156 unde
1706 4117 1832 4158 sues
1862 4103 2017 4159 alun-

431 4196 538 4242 tur.
565 4187 704 4244 Sues
732 4199 911 4244 autem
943 4190 1209 4246 immundi
1237 4190 1570 4261 intelligendi
1605 4205 1732 4250 sunt
1765 4196 2011 4266 spiritus,

427 4277 520 4348 qui
550 4279 761 4349 spurcis
799 4280 1134 4335 sordentium
1175 4279 1454 4337 hominum
1482 4282 1737 4354 aperibus
1759 4285 2016 4355 saginan-

429 4374 538 4420 tur.
593 4365 764 4422 Porro
796 4380 1009 4425 montes
1052 4368 1253 4426 excelsi
1317 4379 1372 4427 et
1427 4371 1595 4429 colles
1644 4373 1861 4442 elevati,
1909 4390 2016 4430 su-

425 4458 582 4530 perbi
613 4459 815 4530 quique
837 4461 1157 4531 sunt,‘quasi
1189 4478 1287 4534 per
1315 4475 1593 4535 aggestum
1618 4467 1838 4522 tumidae
1863 4467 2014 4537 cogi-

425 4551 644 4608 tationis
673 4552 726 4607 in
755 4553 862 4607 alta
905 4555 1172 4623 porrecti;
1203 4556 1301 4612 sed
1336 4555 1634 4623 frumento,
1679 4573 1789 4628 quo
1841 4563 2014 4617 valles

2124 3278 2260 3318 meae
2305 3265 2618 3320 stomachus
2665 3267 2991 3320 exsiccatur.
3046 3268 3202 3335 Saepe
3245 3267 3388 3321 enim
3439 3269 3708 3338 malignus

2121 3355 2365 3424 spiritus,
2391 3351 2548 3410 'velut
2605 3358 2720 3412 avis
2762 3358 2815 3412 in
2844 3373 2999 3413 ramo
3039 3358 3274 3426 arboris,
3306 3361 3384 3415 sic
3441 3362 3492 3415 in
3524 3360 3706 3431 lingua

2119 3446 2337 3515 ponitur
2359 3447 2649 3514 adulantis,
2674 3457 2729 3502 et
2757 3456 3012 3517 tanquam
3037 3463 3135 3519 per
3162 3466 3425 3522 organum
3453 3454 3618 3519 vasis,
3646 3454 3700 3508 iu

2118 3549 2218 3598 vas
2252 3534 2400 3590 virus
2424 3535 2615 3602 elIIuit,
2660 3539 2806 3608 quod
2845 3537 3122 3594 Iethaliter
3153 3539 3208 3594 in
3261 3541 3535 3597 audientis
3566 3544 3703 3598 inte-

2118 3615 2261 3679 riora
2293 3625 2599 3681 transfudit.
2625 3627 2707 3682 Tu
2746 3639 2925 3683 autem
2956 3630 3149 3683 obtnra
3178 3645 3338 3686 aures
3371 3633 3700 3690 malesuadis

2117 3715 2364 3770 cantibus
2393 3715 2728 3782 Sireuarum,
2759 3727 2814 3793 et
2839 3701 3376 3793 Scyllaeis’voraginis
3405 3727 3703 3794 prudenter

2115 3806 2284 3862 evade
2309 3807 2682 3879 naufragium;
2715 3811 2904 3880 sicque
2947 3827 3044 3866 cor
3077 3823 3224 3867 tuum
3261 3813 3314 3867 in
3341 3825 3532 3870 sancto
3570 3833 3699 3886 pro-

2115 3897 2293 3967 posito
2328 3906 2507 3951 terror
2525 3898 2726 3968 judicis
2757 3900 2906 3968 ﬁgat,
2933 3908 2990 3954 ut
3009 3916 3352 3970 nequaquam
3381 3903 3484 3958 hoc
3512 3915 3702 3960 ventus

2114 3987 2461 4042 assentatorii
2502 3988 2706 4044 favoris
2744 3989 2958 4044 evellat.
3003 3990 3272 4060 Antiquus
3309 3992 3453 4047 enim
3494 3993 3581 4046 ille
3608 4009 3698 4048 se-

2113 4079 2327 4144 ductor,
2349 4079 2442 4148 qui
2473 4079 2671 4134 dudum
2699 4079 2822 4134 Eva:
2844 4095 2941 4151 per
2969 4089 3275 4150 serpentem
3307 4083 3558 4136 versutite
3583 4099 3696 4138 suae

2112 4168 2262 4224 virus
2313 4169 2577 4224 invomuit
2622 4167 2774 4239 (Gen.
2833 4170 3161 4241 ttt),'adhuc
3215 4170 3465 4226 fortassis
3499 4183 3554 4226 et
3599 4173 3708 4227 tibi.

2115 4265 2374 4328 tanquam
2426 4257 2552 4312 filia:
2604 4273 2810 4313 morem
2862 4273 3129 4326 servans,
3189 4274 3290 4329 per
3340 4260 3486 4315 aliud
3537 4277 3691 4314 suum

2111 4347 2386 4404 vasculum
2429 4348 2710 4404 sibilabit:
2745 4349 3037 4404 Revertere
3060 4390 3076 4415 ,
3132 4351 3416 4421 inquiens,
3467 4353 3687 4406 domum

2111 4438 2212 4492 sub
2241 4439 2361 4508 ipso
2389 4454 2561 4498 sacra:
2589 4439 2945 4509 professionis
2974 4441 3195 4507 habitu,
3242 4457 3368 4513 rege
3405 4441 3690 4510 familiam,

2034 4507 2082 4566 ί)
2107 4507 2315 4598 expone
2337 4528 2422 4598 pie
2447 4507 2658 4585 vivendi
2687 4526 2938 4595 formam,
2967 4537 3089 4584 tene
3131 4507 3496 4601 super'tilium
3548 4507 3690 4603 ejus;

421 4643 1427 4719 abundant(Psal.t.xtv),cunctisque
1451 4623 1814 4707 spiritualium
1846 4651 2014 4720 778
2103 4633 2211 4690 que
2241 4635 2482 4723 ξοδξνθδ
2545 4623 2829 4723 gnua“?
2880 4637 2944 4676 ac
3000 4623 3279 4723 “fle?”
3323 4625 3685 4723 ΞξξξῬίίηθηη

422 4710 736 4782 studiorum
765 4727 1010 4799 frugibus
1038 4710 1221 4782 alieni.
1251 4710 1372 4781 Jam
1411 4742 1540 4784 vero
1579 4731 1744 4785 turris
1789 4710 2011 4788 ex-ce-Is;
2102 4711 2324 4778 Ρτονίδθ
2365 4711 2584 4781 lapsum
2633 4727 2737 4764 “0"
2779 4711 3037 4765 absonam
3082 4710 3292 4781 legibus
3323 4712 3486 4782 779
3525 4729 3685 4780 ⁸Ρ⁰¹¹⁶⁸

423 4831 480 4878 et
509 4839 695 4878 murus
721 4822 962 4877 munitus
985 4821 1106 4876 illos
1131 4821 1372 4876 insinuat
1395 4822 1511 4893 qui,
1534 4837 1654 4876 cum
1684 4835 2001 4892 peccatores

421 4913 551 4978 sint,
569 4914 623 4968 in
646 4913 879 4984 quadam
905 4927 965 4968 se
987 4911 1132 4968 velut
1149 4913 1470 4968 innocentia:
1484 4927 1608 4966 arce
1631 4913 1966 4968 constituunt
1981 4955 1995 4979 ,

422 5016 650 5072 seseque
696 5000 1025 5057 defensionis
1066 5001 1256 5071 clypeo
1286 5010 1670 5072 contegentes,
1703 5003 1996 5072 reprehen-

422 5110 606 5149 sorum
630 5110 848 5150 suorum
870 5093 1051 5163 jaeula
1082 5095 1148 5148 ad
1192 5109 1252 5148 se
1278 5093 1586 5163 pertingere
1626 5107 1734 5147 non
1774 5093 2001 5162 permit-

424 5195 565 5252 tunt.
592 5185 818 5240 Tharsis
846 5195 1024 5239 autem
1055 5183 1346 5254 exploratio
1384 5184 1565 5253 gaudii
1591 5183 1809 5238 dicitur.
1840 5184 1999 5250 Quis-

423 5277 545 5347 quis
596 5277 779 5337 enim,
830 5276 881 5330 in
928 5275 1030 5329 hoc
1067 5275 1303 5339 saeculo,
1355 5276 1495 5329 unde
1540 5277 1775 5346 gaudere
1827 5277 1998 5344 possit

422 5363 687 5435 explorat,
739 5365 863 5418 huic
917 5364 1304 5434 superveniens
1357 5363 1472 5418 dies
1526 5363 1764 5429 Domini,
1804 5365 1998 5433 quibus

421 5454 812 5525 perpetualiter
861 5461 1190 5518 amarescat,
1240 5455 1494 5509 maeroris
1554 5465 1716 5525 atque
1768 5457 2002 5511 tristitia:

423 5545 701 5601 molestias
745 5530 1148 5615 irrigat.‘Venit
1175 5543 1338 5599 etiam
1377 5544 1493 5600 dies
1521 5547 1733 5601 Domini
1767 5563 1872 5600 non
1915 5563 1996 5601 su-

419 5653 518 5710 per
575 5652 738 5692 omne
795 5636 938 5706 quod
983 5635 1269 5706 pulchrum
1328 5644 1432 5702 est,
1485 5639 1577 5693 sed
1627 5653 1790 5707 super
1842 5654 2002 5692 omne

424 5729 565 5800 quod
604 5730 722 5785 visu
779 5727 1065 5798 pulchrum
1119 5733 1235 5791 est;
1282 5727 1411 5795 quia
1449 5726 1536 5783 ille
1589 5727 1754 5786 divini
1812 5727 2000 5799 judicii

2101 4815 2255 4864 sam,
2299 4815 2400 4854 nec
2428 4800 2640 4854 resilire
2669 4801 2954 4868 permittas
2998 4800 3221 4854 sibimet
3265 4802 3680 4869 obsequentium

2100 4890 2425 4945 clientelam.
2470 4891 2594 4946 Ilatc
2633 4891 2800 4960 igitur
2835 4891 3107 4945 fabricatis
3157 4891 3411 4962 nequitia:
3457 4895 3679 4962 spiritus

2104 4998 2213 5037 non
2264 4991 2422 5036 curat
2458 4996 2567 5051 qua
2607 4991 2656 5035 te
2683 4983 2748 5034 ad
2775 4981 3029 5036 Steculutn
3056 4982 3296 5037 retrahat
3319 4993 3490 5047 veste,
3523 4989 3648 5037 dum

2103 5055 2262 5129 modo
2322 5074 2561 5129 contidat
2591 5074 2733 5142 quod
2762 5090 2858 5145 per
2889 5075 3376 5135 saecularesactus
3406 5076 3498 5133 tibi
3534 5078 3680 5146 prin-

2103 5167 2314 5236 cipetur
2340 5166 2393 5220 in
2425 5174 2626 5220 mente.

2707 5268 2932 5325 CAPUT
2992 5269 3080 5324 IX.

2109 5383 2182 5438 De
2221 5383 2497 5445 monacho,
2528 5383 2616 5452 qui
2646 5383 2710 5436 de
2739 5399 2908 5435 eremo
2933 5381 3001 5433 ad
3031 5381 3315 5434 cmnobinm
3340 5382 3560 5446 rediens,
3591 5399 3679 5451 per

2462 5453 2848 5506 immunditiam
2884 5452 3060 5521 lapsus
3110 5452 3322 5504 interiit.

2172 5543 2348 5598 Porro
2376 5554 2580 5604 autem,
2609 5559 2731 5596 cum
2762 5541 2992 5610 plurima
3024 5548 3333 5609 suppetant,
3367 5540 3421 5593 id
3461 5543 3670 5609 potissi-

2106 5651 2271 5695 mum,
2296 5636 2439 5704 quod
2470 5635 2626 5688 nobis
2669 5643 2794 5686 ante
2825 5646 3025 5700 paucos
3051 5632 3168 5688 dies
3198 5633 3446 5704 contigit,
3477 5632 3681 5688 referre

2104 5741 2401 5796 congruum
2443 5723 2772 5793 iudicamus.
2813 5721 3107 5780 Monachus
3149 5724 3367 5796 quidam
3417 5723 3681 5793 simplicis
