4054 6184
363 416 473 473 713

828 408 887 466 S.
917 400 1437 463 PETRI'DAMIANI
1476 400 1627 458 ΟΡΡ.
1669 396 1905 455 TOMUS
1944 394 2075 451 SEU
2117 393 2296 449 PARS
2335 393 2419 448 111.
2446 390 2893 449 —OPUSCULA
2926 388 3160 447 VAlllA.

3518 399 3620 454 764

366 535 574 581 nauli-ae
622 521 947 588 humilisque
990 518 1268 577 modestiae
1310 516 1467 572 nobis
1508 514 1801 585 aliquando
1841 526 1935 568 co—
1962 519 2009 572 Α
2040 506 2193 571 lavit,
2222 515 2281 561 ut
2304 506 2522 562 tolerari
2553 505 2641 559 vix
2665 513 2870 574 posset,
2902 520 3003 559 nec
3032 503 3231 559 fratres
3258 506 3541 575 quiescere
3568 509 3633 564 in'

364 616 700 671 habitaturus
719 608 965 671 adhresit,
984 621 1047 661 ac
1069 621 1167 675 per
1182 606 1494 660 octennium
1515 603 1631 658 fere
1658 603 1943 658 nobiseum

365 706 418 759 in
446 717 628 759 eremo
658 715 764 754 non
809 696 980 753 solum
1022 707 1188 758 caste,
1215 695 1311 750 sed
1335 735 1350 760 ,
1377 692 1527 763 juxta
1561 692 1787 747 fratrum
1809 704 1943 761 quo-

362 808 469 864 que
515 791 754 846 omnium
804 780 1171 841 testimonium
1198 825 1215 851 ,
1270 782 1613 838 laudabiliter
1660 781 1831 846 vixit;
1861 790 1937 843 et,

359 882 609 952 quoniam
636 875 903 933 scribendi
932 876 1141 947 peritus
1163 874 1395 938 exstitit,
1425 888 1531 928 non
1562 887 1733 943 pauca
1777 871 1943 927 nobis

358 970 617 1023 librorum
664 964 942 1020 volumina
998 962 1385 1034 pollucibiliter
1437 962 1704 1017 exaravit.
1755 960 1943 1031 Nuper

358 1066 564 1122 autem,
592 1072 715 1112 cum
747 1055 912 1110 obeso
938 1063 1164 1125 vegetus
1185 1065 1414 1123 corpore
1438 1066 1503 1107 ac
1550 1051 1824 1107 robustior
1852 1066 1939 1107 so-

355 1147 453 1203 lito
470 1148 766 1210 videretur,
790 1147 953 1214 coepit
973 1146 1246 1199 obstinate
1265 1144 1561 1212 deposcere
1583 1150 1642 1196 ut
1680 1142 1748 1196 ad
1776 1158 1935 1197 suum

354 1241 761 1311 permitteretur
784 1239 1176 1293 monasterium
1208 1250 1473 1292 remeare.
1503 1234 1657 1301 Quod
1679 1234 1935 1288 nimirum

354 1332 619 1402 malignus
643 1330 792 1386 cordi
822 1328 938 1399 ejus
964 1324 1147 1383 intulit
1167 1327 1535 1392 adversarius,
1566 1330 1625 1379 ut
1648 1325 1937 1395 perspicue

352 1418 688 1488 postmodum
723 1419 894 1489 ipsius
924 1417 1000 1472 rei
1026 1415 1320 1471 declaravit
1344 1416 1589 1471 eventus.
1613 1411 1751 1467 Nam
1781 1426 1933 1479 mox,

357 1521 440 1575 ut,
468 1508 622 1580 juxta
669 1508 1006 1580 petitionem,
1036 1510 1101 1564 ad
1130 1518 1287 1563 suum
1327 1507 1715 1573 monasterium
1737 1514 1821 1562 est
1847 1516 1936 1560 re-

350 1614 561 1664 versus,
592 1609 714 1655 cum
748 1599 852 1654 alio
875 1599 1107 1668 quodam
1141 1598 1408 1652 monacho
1428 1595 1637 1650 dierum
1666 1593 1930 1648 malorum

350 1701 501 1752 sene,
550 1687 745 1743 litteris
783 1703 939 1757 teque
965 1687 1180 1757 perito.
1229 1694 1395 1755 atque
1421 1684 1677 1749 librario,
1709 1699 1807 1755 per
1852 1682 1932 1737 fe-

351 1776 574 1831 moralis
618 1776 791 1831 ﬂuxus
843 1776 1174 1846 egestionem
1250 1774 1482 1840 cecidit;
1530 1774 1737 1844 sicque.
1768 1782 1929 1828 omne

2046 609 2158 655 tota
2204 599 2345 653 illius
2379 597 2600 653 claustri
2653 596 2944 651 medietate
2987 597 3346 666 permitteret.
3387 598 3455 653 Et
3500 616 3622 657 cum

2043 690 2210 745 multa
2256 690 2680 758 circumquaque
2710 688 2956 755 sepulcra
3004 687 3367 757 subsiderent,
3400 691 3620 746 eadem-

2039 794 2147 849 que
2193 779 2403 834 minora
2446 780 2581 834 satis
2636 778 2907 849 impendia
2952 780 3618 848 percepissent,nnllum,

2039 878 2235 940 pratter
2279 870 2381 926 hoc
2407 868 2603 933 solum,
2637 868 2917 923 molestias
2957 869 3182 924 naribus
3231 869 3533 940 ingerebat,
3563 881 3622 927 ut

2038 959 2158 1014 luce
2206 948 2408 1015 clarius
2462 958 2830 1015 innotesceret
2878 959 3132 1027 quoniam
3211 958 3449 1015 humana
3492 978 3621 1019 caro

2037 1058 2243 1120 quanto
2271 1042 2510 1106 tenerius
2551 1036 2621 1106 ac.
2644 1050 2862 1106 mollius
2886 1052 3170 1117 educatur,
3204 1061 3357 1108 tanto
3382 1055 3619 1110 deterius

2037 1141 2091 1196 in
2127 1141 2467 1211 putredinem
2503 1155 2568 1195 ac
2609 1156 2867 1196 nauseam
2896 1142 3146 1195 vertitur.
3176 1128 3463 1201 Enimvero
3505 1146 3617 1202 fra-

2038 1237 2149 1285 tres
2173 1244 2295 1285 cum
2332 1244 2419 1285 me
2461 1245 2561 1285 cur
2597 1230 2650 1285 id
2681 1231 2838 1285 fieret
2876 1224 3250 1301 inquisissent,
3283 1236 3427 1304 quod
3471 1236 3618 1290 vide-

2033 1318 2214 1385 batur,
2239 1320 2465 1389 exposui
2498 1338 2512 1374 :
2554 1318 2689 1385 Hoc,
2717 1320 2962 1390 inquam,
2987 1330 3047 1375 ut
3070 1316 3283 1393 Opinor,
3300 1324 3365 1379 ad
3388 1326 3614 1382 salutem

2033 1417 2272 1463 vestram
2323 1407 2582 1464 divinitus
2636 1398 2836 1481 agitur,
2871 1418 2929 1463 ut
2986 1410 3040 1463 in
3098 1410 3188 1466 illo
3228 1427 3335 1465 uno
3386 1429 3616 1483 corpore

2034 1498 2178 1567 quod
2228 1508 2338 1554 tam
2386 1499 2675 1569 pulchrum
2732 1488 3130 1571 venustumque
3179 1502 3431 1568 vidistis,
3488 1506 3619 1574 quid

2031 1591 2196 1647 etiam
2226 1590 2293 1645 de
2322 1591 2537 1646 cmteris
2579 1591 2897 1648 mulieribus
2944 1591 2999 1647 in
3048 1594 3348 1650 tentatione
3390 1594 3618 1651 luxuriae

2031 1681 2220 1735 sentiri
2251 1680 2464 1744 debeat,
2492 1672 2699 1751 liquido
2730 1680 3030 1750 colligatis;
3077 1684 3335 1754 quoniam
3366 1701 3495 1741 caro
3527 1687 3615 1741 illa

2031 1780 2086 1824 et
2112 1778 2238 1846 tunc
2263 1771 2493 1840 putredo
2520 1771 2792 1826 veraciter
2820 1782 2944 1826 erat
2992 1774 3115 1828 cum
3167 1775 3233 1828 ad
3261 1790 3320 1829 se
3364 1788 3616 1846 spectan-

350 1866 493 1935 quod
528 1866 757 1920 mundus
810 1844 1012 1921 diutius
1054 1865 1286 1928 vixerat,
1314 1862 1595 1933 repentina
1624 1860 1929 1917 sceleratis-
1957 1854 2004 1914 Β
2031 1844 2165 1915 datu
2206 1858 2444 1917 lubricos
2484 1860 2807 1916 intuentium
2853 1861 3038 1918 oculos
3077 1844 3436 1934 provocabat,
3485 1869 3615 1935 quid

349 1954 473 2009 simi
493 1954 740 2009 criminis
766 1956 1085 2025 contagione
1107 1953 1359 2019 foedavit;
1388 1966 1525 2009 neve
1546 1952 1664 2006 sine
1686 1950 1926 2006 vindicta

350 2055 461 2099 tam
493 2042 780 2115 plectibilis
810 2044 965 2115 culpa
998 2044 1286 2109 transiret,
1329 2042 1655 2114 aegritudine
1686 2056 1814 2097 mox
1861 2042 1928 2095 ir-

348 2145 560 2199 ruente,
589 2133 861 2200 decubuit,
887 2134 1182 2206 paucisque
1217 2132 1477 2203 deinceps
1506 2132 1698 2189 diebus
1726 2147 1794 2186 ex
1826 2132 1929 2187 hac

346 2227 457 2281 vita
492 2226 776 2281 confessus
807 2234 862 2281 et
908 2226 1165 2282 confusus
1209 2225 1398 2279 exivit.
1447 2221 1569 2288 Sic,
1618 2222 1707 2278 sic'
1738 2221 1925 2292 igitur,

345 2319 437 2386 qui
462 2324 572 2372 stat
592 2316 773 2372 videat
800 2332 868 2371 ne
897 2317 1055 2371 cadat
1083 2315 1135 2387 (I
1166 2313 1292 2370 Cor.
1319 2316 1399 2387 x).
1434 2314 1502 2369 Et
1525 2315 1616 2385 qui
1643 2312 1759 2370 Solo
1790 2328 1926 2385 prae-

342 2417 522 2478 cepto,
562 2424 683 2464 cum
728 2423 898 2463 uxore
925 2405 1066 2463 Leth
1094 2448 1110 2474 ,
1159 2415 1283 2477 post
1313 2408 1462 2477 terga
1513 2405 1785 2475 respicere
1818 2421 1925 2461 non

341 2510 577 2566 veretur,
594 2509 885 2570 conspecto
913 2497 1106 2554 saltem
1129 2498 1262 2553 salis
1289 2496 1599 2554 statuncu'lo
1618 2494 1924 2570 (Gemxtx),

338 2607 403 2645 ac
421 2590 530 2646 Deo
560 2590 795 2660 desuper
817 2588 1033 2645 vindice
1068 2584 1358 2645 terreatur.

953 2696 1182 2753 CAPUT
1219 2696 1288 2752 Χ.

338 2788 415 2843 De
454 2786 725 2861 sepultura
763 2784 978 2861 Saphiag
1022 2784 1462 2861 murchieuissw',
1507 2794 1557 2838 et
1592 2784 1710 2853 ejus
1758 2785 1923 2854 fetore

958 2853 1302 2908 intolerabili.

408 2946 480 3000 At
524 2946 775 3001 fortassis
818 2952 1042 3001 econtra
1095 2942 1296 2999 dicitur
1346 2943 1475 3014 quia
1540 2942 1920 3014 corpusculum

2031 1951 2175 2006 enim
2204 1960 2333 2006 tunc
2361 1949 2549 2015 fuerit,
2576 1968 2719 2007 nunc
2747 1952 3028 2008 evidenter
3057 1957 3313 2010 ostendit.
3358 1957 3425 2011 Et
3465 1974 3616 2029 quac-

2028 2040 2163 2096 libet
2211 2041 2450 2098 hominis
2498 2058 2654 2110 caro,
2704 2058 2825 2114 qua:
2855 2060 2999 2099 nunc
3027 2045 3209 2101 vivere
3258 2050 3610 2117 conspicitur,

2030 2148 2373 2203 nequaquam
2401 2134 2469 2189 de
2497 2150 2557 2190 se
2591 2145 2712 2205 post
2748 2134 2954 2191 obitum
2985 2139 3323 2208 putredinem
3349 2150 3608 2209 generat;

2027 2223 2144 2287 sed,
2175 2238 2295 2309 qum
2318 2239 2534 2301 semper
2560 2226 2753 2292 fuerat,
2786 2220 2918 2283 tunc
2949 2244 3007 2283 se
3030 2232 3402 2287 tantummodo
3426 2241 3611 2302 putre-

2026 2313 2206 2369 dinem
2242 2316 2528 2372 manifeste
2558 2317 2817 2373 declarat.

2622 2446 2851 2503 GAPUT
2911 2447 3004 2504 Xl.

2025 2573 2104 2630 De
2147 2568 2342 2653 Veneti
2371 2570 2520 2633 ducis
2559 2595 2742 2647 uxore,
2768 2596 2885 2652 qua:
2908 2585 3054 2652 prius
3095 2585 3310 2640 nimium
3356 2588 3601 2653 delicata,

2306 2647 2517 2702 dettcum
2571 2659 2678 2704 toto
2721 2647 2938 2721 corpore
2975 2660 3310 2726 computruit.

2023 2826 2049 2845 τ.
2095 2756 2224 2823 Sed,
2242 2757 2309 2812 ad
2328 2758 2379 2812 id
2395 2758 2537 2828 quod
2568 2759 2863 2817 asserimus
2891 2762 3275 2832 roborandam,
3306 2781 3603 2838 congruum

2022 2857 2109 2931 est
2143 2848 2393 2903 utetiam
2435 2848 2501 2905 de
2527 2850 2649 2904 viva
2700 2865 2868 2907 carne
2907 2851 3247 2922 proferamus
3272 2859 3600 2929 exemplum.

2024 2940 2243 2997 Veracis
2272 2943 2456 3012 itaque
2500 2953 2557 2998 et
2598 2942 2813 3000 honesti
2844 2946 2947 2999 viri
2978 2942 3141 3001 didici
3170 2947 3429 3006 relatione
3457 2946 3600 3021 quod

338 3045 489 3090 tuum
534 3035 735 3105 gracile
760 3036 919 3090 nimis
947 3044 1003 3089 et
1031 3034 1323 3090 delicatum
1348 3075 1362 3099 ,
1411 3035 1480 3089 ab
1508 3035 1642 3104 ipsis
1671 3033 1923 3089 laetantis
2020 3045 2204 3086 narro.
2255 3032 2373 3088 Dux
2402 3028 2749 3109 Venetiarum
2791 3034 3412 3108 Constantinopolitanae
3447 3043 3599 3097 urbis

335 3104 580 3185 infantiae
610 3126 930 3183 rudimentis
970 3124 1423 3181 esculentissimis
1449 3140 1514 3181 ac
1554 3140 1694 3196 pene
1726 3125 1923 3197 regali-
2019 3121 2193 3177 civem
2224 3104 2741 3188 habebatduxorem,
2771 3139 2892 3194 qua:
2932 3104 3187 3181 nimirum
3234 3135 3345 3183 tam
3389 3137 3595 3197 tenere,

335 3222 438 3277 bus
452 3218 744 3291 fuitepulls
768 3216 1004 3273 molliter
1017 3212 1346 3283 enutritu’m;
1373 3231 1475 3272 nec
1492 3231 1740 3272 sororum
1760 3225 1916 3288 potes
1942 3202 1992 3265 C
2020 3222 2134 3293 tam
2170 3211 2407 3269 delicate
2452 3212 2709 3281 vivebat,
2739 3224 2796 3270 et
2838 3230 2947 3271 non
2989 3216 3150 3272 modo
3183 3221 3557 3288 superstitiosa
3576 3261 3594 3286 ,

330 3298 483 3369 nunc
528 3310 788 3366 mensulis
825 3324 947 3366 esse
994 3317 1273 3374 contenta,
1301 3322 1423 3379 qua;
1450 3309 1753 3380 magniﬁcis
1785 3308 1912 3365 olim
2012 3307 2112 3387 sed
2133 3306 2445 3387 artiﬁciosa,
2476 3300 2534 3364 ut
2564 3309 2637 3362 ita
2675 3308 2883 3378 loquar,
2926 3323 3048 3364 sese
3081 3308 3419 3378 jucunditate
3456 3313 3597 3367 mal-

335 3400 522 3458 fueras
571 3400 796 3457 ferculis
841 3408 1093 3466 assueta;
1139 3398 1232 3454 sed
1264 3399 1537 3454 necrolere
1559 3399 1801 3470 quidem,
1831 3399 1915 3471 vel

332 3492 710 3547 communibus
737 3506 860 3545 cum
884 3490 963 3544 eis
990 3490 1067 3544 uti
1098 3482 1252 3559 petes
1278 3488 1645 3559 eduliis,‘qu:e
1675 3490 1915 3545 marinas

330 3581 737 3653 exquisitasque
784 3579 1007 3634 delicias
1062 3578 1262 3633 Indicis
1309 3578 1630 3634 aSsuevcras
1661 3577 1915 3633 infercire

331 3670 641 3743 pigmentis.
678 3667 775 3723 His
802 3670 986 3738 itaque
1017 3668 1160 3723 male
1202 3667 1611 3724 blandientibus
1657 3667 1913 3732 suadelis,

328 3765 443 3819 imo
480 3763 590 3818 litis
631 3762 789 3818 melle
812 3763 1023 3831 sagittis
1051 3776 1119 3818 ex
1160 3758 1425 3817 diabolica
1457 3761 1709 3831 pharetra
1736 3762 1913 3816 mani-

334 3853 469 3909 feste
489 3855 737 3919 vibratis,
773 3864 823 3906 tu
876 3853 1136 3923 discipula
1172 3850 1429 3907 Crueiiixi
1470 3851 1774 3920 prudenter
1823 3867 1913 3906 oc-

330 3964 513 4013 curre,
561 3964 760 4018 easque
791 3961 820 3999 a
854 3956 907 4000 te
957 3945 1288 4001 conditionis
1317 3954 1424 4000 tua:
1452 3944 1639 3999 sedula
1667 3944 1913 3999 conside-

332 4040 543 4096 ratione
590 4038 811 4107 repelle.
864 4036 1140 4108 Perpende
1195 4036 1363 4106 igitur
1400 4037 1528 4106 quia
1594 4051 1746 4100 caro,
1792 4051 1912 4105 qua:

330 4146 473 4185 nunc
499 4130 767 4185 accuratis
801 4128 1026 4197 dapibus
1055 4127 1348 4193 enutritur,
1373 4126 1534 4196 paulo
1561 4134 1683 4197 post
1712 4125 1911 4181 vermi-

328 4223 429 4276 bus
458 4220 729 4276 scaturire
779 4218 1157 4287 compellitur;
1210 4218 1435 4287 ipsaque
1489 4226 1617 4272 tunc
1669 4216 1728 4270 fit
1783 4231 1909 4271 esca

329 4310 658 4373 rodentium,
686 4323 804 4376 qtae
831 4323 974 4361 nunc
1000 4305 1400 4362 delectabiliter
1421 4306 1909 4377 saginatur‘jucun-

322 4403 498 4456 ditate
542 4396 807 4464 cibOrum,
841 4415 905 4453 ac
939 4408 1090 4454 tanto
1129 4400 1434 4471 graviorem
1471 4399 1693 4454 exhalat
1720 4408 1908 4469 putre-

332 4493 473 4546 facta
520 4491 781 4555 fetorem,
820 4482 1022 4560 quanto
1082 4490 1388 4546 suaviorem
1439 4489 1541 4545 sibi
1594 4491 1907 4559 procuravit

310 4582 493 4655 ’780
525 4580 747 4638 educata
790 4580 1087 4637 mollitiem.
1116 4580 1273 4645 Ecce,
1313 4579 1440 4635 dum
1479 4579 1580 4634 ista
1609 4581 1901 4635 conscribi-

321 4690 469 4741 mus,
505 4673 705 4743 Sophia
759 4674 912 4728 nobis
964 4672 1027 4726 ad
1081 4671 1399 4726 memoriam
1446 4671 1617 4733 redit,
1674 4671 1904 4727 duorum

318 4767 533 4823 scilicet.
561 4767 958 4828 marchionum,
998 4762 1270 4835 Uguzonis
1298 4778 1473 4827 soror,
1507 4762 1748 4818 Rainerii
1773 4763 1901 4827 ﬁlia,

320 4873 443 4928 qua:
479 4866 604 4911 ante
636 4858 739 4911 hoc
770 4854 881 4910 fere
919 4857 1259 4921 sexennium,
1294 4855 1421 4908 dum
1454 4868 1585 4909 sana
1612 4852 1788 4908 adhuc
1813 4870 1905 4910 es-

312 4958 407 5004 set
441 4959 495 5003 et
517 4947 825 5011 incolumis,
852 4946 1101 4999 abbatem
1130 4944 1442 4998 monasterii
1467 4944 1639 4998 sancti
1664 4942 1904 4998 Christo-

314 5042 484 5112 :p‘hori
538 5040 798 5109 martyris
853 5047 912 5091 ut
991 5036 1092 5090 sibi
1172 5036 1507 5104 sepulturam
1567 5045 1905 5091 construeret

327 5134 511 5203 petiit;
566 5131 763 5199 illeque
818 5127 1108 5188 renitente.
1160 5141 1390 5194 eamque
1437 5125 1675 5180 delirare
1724 5125 1903 5195 perhi-

321 5224 505 5289 bcnte,
537 5221 804 5276 diﬂicilius
852 5221 1175 5289 impetravit.
1222 5218 1554 5288 Factumque
1604 5219 1743 5271 intra
1791 5232 1905 5271 m0-

322 5315 624 5368 nacltorum
701 5312 935 5365 claustra
996 5309 1301 5379 sepulcrum
1353 5324 1477 5363 mox
1540 5318 1593 5361 ut
1662 5308 1898 5376 ingressa

322 5406 624 5472 conspexit.
656 5403 840 5457 nescio
870 5418 977 5472 quo
1006 5400 1237 5468 judicio,
1291 5401 1342 5453 in
1373 5399 1750 5467 :rgritudinem
1781 5412 1903 5451 cor-

325 5489 454 5555 ruit,
483 5506 546 5545 ac
575 5492 734 5562 paulo
773 5501 893 5561 post
918 5489 1164 5554 abortiit,
1188 5500 1243 5544 et
1271 5489 1422 5542 obiit.
1448 5487 1616 5555 Cujus
1656 5487 1899 5555 profecto

326 5581 562 5634 tumulus
589 5598 709 5634 cum
740 5591 883 5636 esset
912 5596 1173 5650 gypseus,
1220 5579 1638 5646 artiﬁciosisque
1667 5592 1898 5632 eminen-

323 5672 583 5725 tariorutn
602 5673 792 5726 studiis
817 5672 1051 5741 undique
1084 5672 1464 5735 communitus,
1481 5679 1682 5735 tantam
1705 5668 1892 5724 fctm-is

320 5762 559 5826 illuviem
587 5776 682 5829 per
712 5762 951 5818 continui
993 5763 1209 5818 circiter
1241 5762 1373 5815 anni
1413 5760 1673 5816 circulum
1721 5762 1889 5816 exha-

2014 3403 2190 3481 cebat,
2223 3400 2474 3481 utetiam
2504 3402 2880 3457 communibus
2925 3400 2985 3458 se
3019 3402 3177 3472 aquis
3211 3404 3597 3475 dedignaretur

2012 3478 2270 3573 abluere;
2307 3495 2405 3552 sed
2446 3495 2564 3565 ejus
2594 3495 2737 3550 servi
2779 3494 2955 3550 rorem
3002 3495 3126 3550 εωιί
3155 3497 3471 3567 satagebant
3497 3508 3599 3552 un”-

2006 3576 2296 3661 decunque
2351 3576 2623 3656 colligere,
2678 3578 2747 3644 ex
2792 3582 2899 3656 quo
2948 3576 3053 3641 sibi
3094 3586 3424 3643 laboriosum
3462 3588 3596 3643 satis

2000 3664 2267 3755 balneum
2306 3687 2681 3751 procurarent.
2733 3676 2896 3731 Cibos
2923 3691 3141 3746 quoque
3176 3692 3302 3732 suos
3348 3677 3598 3734 manian

2013 3786 2121 3823 non
2158 3770 2432 3837 tangebat,
2464 3762 2557 3824 sed
2590 3770 2657 3822 ab
2695 3768 2960 3822 eunuchis
2989 3767 3106 3837 ejus
3155 3767 3412 3822 alimenta
3450 3776 3598 3838 quae-

2002 3876 2116 3931 que
2159 3857 2418 3916 minutius
2469 3858 2891 3915 con’cidebantur
2930 3859 2985 3913 in
3032 3860 3234 3924 frusta;
3287 3874 3409 3929 quae
3466 3874 3590 3915 mox
3668 3916 3675 3921 _

2002 3953 2101 4031 illa
2148 3952 2468 4021 quibusdam
2514 3950 2795 4007 fuscinulis
2849 3952 3030 4007 aureis
3077 3956 3239 4022 atque
3285 3952 3591 4007 bidentibus

2010 4046 2090 4099 ori
2141 4060 2280 4111 suo,
2328 4032 2630 4115 liguriens,
2680 4032 2999 4099 adhibebat.
3047 4043 3177 4112 Ejus
3230 4040 3391 4113 porro
3436 4044 3587 4098 euhi-

2009 4138 2188 4192 culum
2236 4146 2314 4191 tot
2356 4126 2799 4207 thymiamatum,
2852 4127 3590 4207 aromatumquegeneribus

1994 4208 2326 4294 iredolebat,
2385 4239 2443 4283 ut
2489 4238 2546 4284 et
2601 4228 2758 4284 nobis
2800 4218 3028 4283 narrare
3070 4238 3299 4285 -tantum
3352 4230 3590 4283 dedecus

2011 4321 2217 4386 t'eteat,
2267 4328 2324 4374 et
2375 4308 2590 4374 auditur
2638 4310 2780 4375 forte
2828 4336 2933 4374 non
2985 4319 3197 4374 credat.
3242 4319 3358 4374 Sed
3410 4322 3590 4374 omni-

2007 4410 2214 4480 potenti
2254 4409 2364 4463 Deo
2404 4402 2667 4477 quantum
2725 4406 2881 4477 hujus
2935 4406 3152 4462 femina:
3190 4394 3371 4462 fuerit
3422 4414 3587 4462 exosa

2008 4501 2299 4571 superbia,
2365 4499 2651 4555 manifesta
2712 4488 2898 4556 docuit
2971 4499 3282 4555 ulciscendo
3314 4506 3582 4554 censura.

2012 4590 2233 4647 Vibrato
2270 4590 2470 4662 quippe
2522 4580 2687 4666 super
2744 4608 2862 4645 eam
2916 4591 3084 4645 divini
3127 4605 3384 4646 mucrone
3420 4576 3582 4662 78],

2003 4681 2225 4751 judicii,
2257 4668 2453 4752 corpus
2489 4683 2605 4750 ejus
2634 4696 2796 4737 omne
2824 4676 3184 4751 computruit,
3216 4682 3291 4735 ita
3324 4691 3381 4735 ut
3418 4697 3589 4735 mem-

2008 4777 2103 4831 bra
2165 4775 2413 4845 corporis
2471 4775 2708 4843 undique
2758 4786 2953 4829 cuncta
3009 4776 3443 4837 marcescerent,
3508 4782 3589 4826 to-

2008 4879 2233 4938 tumque
2267 4866 2572 4923 cubiculum
2616 4866 2939 4920 intolerabili
2981 4881 3202 4936 prorsus
3238 4863 3410 4920 fetore
3439 4880 3585 4919 com-

2008 4960 2256 5029 plerent;
2288 4974 2389 5014 nec
2417 4958 2685 5028 quispiam
2728 4966 2930 5011 tantam
2970 4956 3212 5026 perferre
3250 4956 3461 5012 narium
3500 4958 3582 5010 in-

2000 5050 2201 5118 juriam
2232 5050 2438 5120 potuit,
2470 5065 2574 5104 non
2607 5056 2844 5103 cosmeta
2865 5088 2879 5112 ,
2916 5063 3021 5102 non
3058 5046 3333 5110 servulus,
3362 5045 3447 5102 vix
3477 5063 3585 5101 una

2005 5144 2274 5199 duntaxat
2309 5141 2536 5205 ancilla,
2572 5156 2678 5196 non
2717 5140 2833 5195 sine
2869 5140 3066 5209 speciei
3105 5139 3396 5194 redolentis
3430 5136 3584 5193 auxi-

2007 5236 2108 5299 lio,
2147 5236 2200 5289 in
2236 5235 2356 5303 ejus
2387 5233 2635 5304 obsequii
2684 5231 2972 5287 sedulitate
3016 5231 3334 5300 permansit.
3380 5230 3582 5284 Eadem

2007 5334 2186 5380 tamen
2220 5326 2415 5393 raptim
2447 5322 2767 5386 accedebat,
2798 5331 2852 5375 et
2879 5321 3127 5390 protinus
3155 5318 3367 5390 fugiens
3394 5318 3580 5374 absce-

2006 5414 2186 5469 debat.
2219 5414 2431 5468 Diutius
2459 5413 2621 5483 igitur
2646 5414 2749 5467 hoc
2775 5412 3033 5482 languore
3064 5411 3294 5464 decocta
3333 5419 3388 5464 et
3416 5410 3567 5463 mise

2005 5507 2248 5562 rabiliter
2274 5507 2512 5561 cruciata
2537 5531 2554 5569 -,
2585 5504 2776 5558 amicis
2805 5517 3018 5571 quoque
3053 5500 3360 5554 laetantibus
3385 5539 3399 5563 ,
3433 5498 3575 5552 diem

2000 5600 2194 5655 clausit
2224 5607 2552 5653 extremum.
2584 5595 2723 5662 Quid
2760 5609 2889 5664 ergo
2924 5593 2994 5647 sit
3029 5606 3190 5655 caro,
3233 5591 3425 5643 doceat
3460 5577 3573 5656 ipse

2000 5708 2129 5747 caro
2155 5708 2169 5758 ;
2199 5691 2451 5760 quodque
2480 5686 2731 5758 perhibet
2763 5695 2976 5741 mortua
2996 5727 3010 5753 ,
3047 5692 3277 5738 testatur
3323 5697 3375 5741 et
3416 5682 3555 5734 viva.
