4054 6184
298 252 404 315 745

952 425 1196 485 CAPUT
1226 427 1353 487 XII.

732 537 808 591 De
857 538 1125 607 supplicis
1168 537 1566 605 damnatorum.

380 646 513 716 Sed,
544 661 578 703 o
618 645 843 703 utinam
877 646 979 719 qui
1011 644 1293 717 ejusmodi
1337 653 1487 704 sunt.
1520 645 1603 703 sic
1638 662 1806 720 paena
1855 656 1999 706 tem-

302 736 518 811 poralis
575 734 845 804 aﬂiceret,
896 740 960 792 ut
1008 750 1123 792 non
1167 751 1263 793 eos
1300 735 1471 793 etiam
1522 742 1763 795 tartarus
1804 752 1999 810 exspe-

299 823 515 882 ctaret!
554 820 680 879 Illic
735 821 915 891 enim,
961 821 1131 895 juxta
1170 823 1547 896 quantitatem
1593 824 1789 897 gaudii
1830 824 1998 881 retri—

294 912 495 971 buitur
559 926 829 969 mensura
879 912 1145 969 tormenti
1171 930 1188 982 ;
1219 920 1548 985 quantoque
1576 912 1669 970 hic
1695 912 1868 970 altius
1904 929 2000 986 per

294 1001 628 1074 jactantiam
685 999 929 1056 tumoris
1002 998 1319 1070 extollitur,
1380 1006 1536 1058 tanto
1602 1000 1724 1057 illic
1781 1000 2000 1058 voracis

298 1089 557 1149 incendii
604 1090 875 1147 barathro
921 1089 1267 1162 profundius
1309 1090 1663 1148 absorbetur.
1710 1089 1875 1149 Unde
1918 1098 2002 1148 est

298 1177 453 1252 quod
480 1178 550 1236 de
579 1192 848 1251 perversa
876 1176 1073 1234 anima
1094 1176 1202 1235 sub
1223 1176 1537 1250 Babylonis
1552 1174 1738 1251 specie
1762 1176 1999 1235 dicitur:

306 1291 330 1317 ι
365 1266 660 1335 Quantum
691 1283 750 1325 se
794 1265 1094 1338 exultavit,
1123 1275 1178 1325 et
1221 1267 1283 1324 in
1332 1267 1556 1325 deliciis
1599 1266 1727 1337 fuit,
1777 1274 2002 1325 tantum

302 1358 431 1416 date
460 1358 548 1415 illi
582 1365 863 1415 tormenta
894 1364 950 1415 et
985 1357 1181 1416 luctus
1212 1360 1398 1430 (Apoc.
1432 1362 1620 1427 XVIII).
1660 1382 1680 1410 ι
1707 1357 1778 1416 Et
1821 1358 2000 1416 alibi:

306 1470 329 1500 ι
370 1447 636 1505 Potentes
687 1453 946 1521 potenter
989 1452 1271 1506 tormenta
1335 1449 1650 1521 patientur,
1709 1452 1764 1505 et
1806 1448 2007 1506 fortior

302 1535 411 1596 erit
456 1536 730 1595 cruciatio
786 1535 935 1608 (Sap.
999 1538 1099 1608 VI).
1151 1560 1176 1587 ν
1232 1536 1378 1594 Nam
1428 1543 1485 1595 et
1546 1538 1687 1611 ipsa;
1748 1536 2007 1596 carnales

303 1626 611 1698 illecebrae,
643 1627 738 1686 vel
777 1634 981 1685 cratera
1014 1626 1174 1699 vitia,
1218 1644 1351 1703 quae
1376 1627 1472 1705 hic
1508 1644 1712 1700 pravos
1740 1629 2008 1688 homines

309 1715 769 1785 inﬂammabant,
822 1715 941 1773 illic
997 1716 1060 1773 in
1123 1715 1309 1789 picem
1358 1716 1725 1790 resinamque
1769 1724 2071 1794 vertun-B

308 1809 426 1877 tur,
456 1813 510 1863 et
548 1803 852 1864 ultricibus
880 1804 1131 1862 ﬂammis
1158 1804 1313 1863 vires
1340 1804 1621 1865 tribuunt.
1654 1807 1830 1865 Plane
1865 1805 2013 1865 sicut

312 1893 610 1968 Scriptura
662 1893 801 1950 dicit
853 1894 987 1964 (Job.
1052 1894 1137 1965 X),
1193 1892 1315 1951 illic
1374 1902 1460 1953 est
1523 1894 1730 1954 umbra
1787 1893 2010 1967 mortis,

310 2000 443 2058 qua:
502 1983 753 2056 profecto
812 1981 966 2038 nihil
1029 1988 1115 2039 est
1161 1982 1326 2041 aliud
1382 1983 1496 2042 nisi
1553 1983 1875 2043 obscuritas
1923 1984 2013 2042 di-

307 2073 554 2132 visionis
611 2072 984 2147 [visionis];
1045 2072 1185 2147 quia
1237 2074 1546 2133 damnatus
1599 2075 1847 2150 quisque
1881 2091 2015 2135 cum

309 2170 525 2221 aeterno
575 2162 712 2235 igne
764 2162 1151 2235 succenditur,
1205 2164 1279 2222 ab
1321 2164 1552 2223 interno
1598 2164 1819 2227 lumine
1867 2172 2022 2225 tene-

321 2250 545 2310 bratur.
596 2250 814 2309 Natura
855 2267 992 2309 vero
1033 2252 1186 2325 ignis
1219 2260 1303 2311 est
1347 2259 1415 2312 ut
1459 2269 1530 2312 ex
1579 2269 1638 2312 se
1686 2253 1809 2327 ipso
1848 2262 1902 2312 et
1926 2254 2021 2313 lu-

321 2357 445 2400 cem
511 2340 784 2399 exhibeat
842 2349 898 2399 et
947 2342 1236 2413 ardorem,
1304 2343 1401 2401 sed
1453 2351 1874 2403 transactorum
1925 2343 2025 2403 illa

318 2433 499 2493 ultrix
542 2433 776 2491 ﬂamma
823 2432 1098 2492 vitiorum
1143 2433 1312 2492 habet
1360 2435 1642 2505 ardorem,
1681 2451 1795 2494 non
1855 2436 2026 2494 habet

320 2521 555 2594 penitus
605 2521 815 2580 lucem.
860 2520 1026 2580 Unde
1075 2528 1159 2580 est
1189 2524 1345 2596 quod
1384 2522 1454 2581 de
1497 2523 1618 2595 illo,
1668 2540 1843 2598 quem
1885 2539 1919 2582 a
1966 2539 2027 2582 se

317 2611 561 2685 repellit,
592 2610 816 2670 Veritas
860 2611 1000 2670 dicit
1043 2631 1055 2670 :
1104 2638 1130 2663 α
1178 2612 1378 2687 Ligate
1431 2614 1520 2673 illi
1579 2620 1846 2673 manuset
1895 2631 2028 2687 per—

319 2702 419 2761 des
466 2709 523 2760 et
572 2703 781 2760 mittite
829 2718 963 2761 eum
1016 2703 1078 2760 in
1125 2705 1389 2763 tenebras
1437 2704 1751 2763 exteriores
1803 2708 2024 2773 (Matth.

322 2796 497 2861 XXII).
533 2814 557 2841 υ
594 2790 656 2850 Si
685 2790 838 2865 ignis
866 2791 1080 2866 itaque,
1110 2792 1215 2865 qui
1261 2792 1530 2867 reprobos
1558 2795 1795 2864 cruciat,
1832 2793 2028 2852 lumen

322 2882 533 2940 habere
593 2882 889 2955 potuisset,
950 2883 1020 2953 is,
1085 2883 1186 2958 qui
1259 2882 1580 2957 repellitur,
1658 2901 2031 2959 nequaquam

1362 252 1613 315 OPUSC.
1656 255 1721 314 Ι...
1764 286 1833 298 -—-
1874 254 2299 318 lNSTITUTIO
2341 255 2719 316 MONIALIS.

2009 378 2276 448 Adediti,
2335 386 2390 436 et
2435 380 2507 436 ad
2564 379 2809 452 propriae
2850 380 3040 438 carnis
3085 380 3393 441 arbitrium
3451 387 3671 460 vivant,
3722 395 3789 448 ut

3679 263 3786 323 746

2081 468 2276 525 anima
2306 465 2673 542 postmodum
2720 477 2777 526 et
2827 485 2997 527 carne
3053 472 3228 530 simul
3287 472 3599 547 intereant;
3634 492 3792 535 nunc

2082 540 2366 616 medullas
2419 559 2742 616 mundanze
2791 558 3121 621 dulcedinis
3948 540 3975 545 ”’

2082 649 2219 703 tunc
2275 646 2533 714 perpetui
2560 638 2877 695 cruciatus
2931 637 3223 695 absinthio
3274 639 3406 695 totis
3470 637 3788 698 visceribus

2081 737 2435 788 amarescant
2492 731 2633 794 (Job.
2672 734 2824 799 XXI).
2857 729 3097 787 Necesse
3147 728 3362 802 quippe
3417 736 3499 787 est
3554 738 3617 787 ut
3668 728 3789 787 illic

2082 822 2353 880 dentibus
2381 822 2680 890 strideant,
2718 821 2823 891 qui
2856 820 2951 878 hic
2978 818 3252 877 edacitate
3279 819 3607 892 gaudebant
3640 839 3653 889 ;
3711 820 3788 878 il-

2085 910 2160 970 lic
2216 911 2288 969 ab
2340 911 2425 968 eis
2481 909 2984 968 irremediabiliter
3014 911 3332 983 plangitur,
3372 910 3648 983 aquibus
3695 909 3792 967 hic

2086 1008 2430 1075 votuptuose
2488 1000 2750 1060 ridetur:
2810 1001 3030 1075 quique
3092 1002 3188 1059 hic
3236 1000 3512 1060 olfacinnt
3558 1000 3791 1060 nidores

2084 1099 2455 1161 aromatum,
2506 1100 2560 1150 et
2618 1091 2947 1150 acredinem
3027 1093 3256 1150 inhiant
3318 1092 3786 1165 pigmentorum,

2086 1179 2207 1238 illic
2254 1197 2351 1238 eos
2412 1187 2469 1237 et
2531 1179 2886 1252 sulpliureus
2943 1180 3088 1237 fetor
3141 1180 3454 1251 excruciat,
3515 1188 3569 1237 et
3644 1188 3793 1238 terra

2087 1269 2232 1342 picei
2294 1268 2443 1327 fumi
2498 1268 2683 1342 caligo
2753 1267 3089 1327 circumdat.
3150 1293 3175 1319 ι
3223 1269 3455 1327 Ducunt
3508 1269 3670 1327 enim
3731 1270 3795 1327 in

2084 1355 2254 1414 bonis
2301 1356 2423 1414 dies
2478 1371 2633 1427 suos,
2686 1361 2744 1414 et
2791 1357 2853 1415 in
2904 1363 3120 1431 puncto
3167 1356 3239 1415 ad
3289 1357 3516 1416 inferna
3564 1358 3795 1417 descen-

2087 1445 2233 1505 dunt
2261 1447 2464 1521 (Ibid.).
2494 1471 2520 1496 κ

2735 1591 2981 1651 CAPUT
3010 1590 3166 1651 XIII.

2221 1700 2374 1766 Quod
2403 1702 2700 1757 monachus
2723 1701 2971 1770 frigidus
2998 1702 3129 1756 vilis
3164 1702 3331 1770 alga;
3374 1702 3666 1757 monachus

2412 1795 2593 1845 autem
2622 1790 2896 1858 fervidus,
2920 1791 3052 1845 vitis
3077 1794 3155 1845 est
3177 1792 3479 1857 fructuosa.

2174 1892 2385 1954 Verum
2443 1897 2570 1955 haec
2630 1896 2748 1954 illis
2810 1898 3209 1970 exaggeranda
3267 1905 3403 1956 sunt
3459 1897 3756 1956 mentibus
3784 1940 3801 1969 ,

2097 2000 2228 2059 quae
2281 1991 2407 2056 post
2437 1989 2592 2058 terga
2644 1983 2902 2042 relictam
2957 1985 3272 2061 [Egyptum
3326 1992 3609 2059 repetunt,
3672 2001 3805 2060 quas

2100 2071 2298 2130 sedere
2329 2086 2506 2145 super
2539 2071 2684 2129 ollas
2712 2071 2975 2131 carnium
3021 2074 3351 2147 ignobiliter
3388 2072 3819 2148 concupiscunt

2101 2166 2304 2233 (Exod.
2359 2171 2512 2236 XVI),
2572 2172 2640 2224 ut
2692 2164 2786 2223 his
2824 2165 3235 2237 cogitationum
3300 2165 3571 2225 ﬂuctibus
3630 2175 3811 2223 terro-

2104 2268 2356 2328 rumque
2411 2254 2677 2329 procellis
2733 2255 3156 2330 quodammodo
3208 2270 3365 2324 mare
3394 2256 3658 2313 Rubrum
3688 2255 3808 2320 ﬁat,

2104 2342 2256 2418 quod
2317 2343 2403 2401 eis
2461 2344 2522 2401 iu
2575 2343 2781 2412 medio,
2833 2359 2908 2401 ne
2965 2352 3346 2414 revertantur,
3412 2344 3669 2404 obsistat.
3725 2342 3816 2402 Tu

2106 2441 2320 2503 autem,
2390 2432 2719 2492 veneranda
2775 2448 2956 2505 soror,
3023 2450 3157 2507 quae
3193 2435 3409 2493 scilicet
3465 2431 3815 2506 evangelicae

2107 2523 2407 2597 quadrigae
2442 2539 2508 2581 ac
2543 2528 2801 2581 rotarum
2858 2521 3182 2582 ccelestium
3232 2522 3509 2582 animalia
3537 2522 3812 2598 sequeris,

2108 2628 2364 2687 quorum
2412 2618 2547 2671 sunt
2592 2612 2766 2685 pedes
2815 2613 2953 2670 recti
3000 2613 3211 2685 (Ezech.
3256 2614 3316 2685 1),
3368 2628 3633 2686 qumque,
3683 2628 3816 2671 cum

2110 2702 2433 2773 ambulant,
2498 2717 2618 2759 non
2673 2708 3094 2771 revertuntur;
3150 2716 3537 2777 nequaquam,
3601 2707 3665 2760 ut
3716 2716 3820 2774 pro

2113 2801 2265 2852 certo
2306 2792 2678 2864 conﬁdimus,
2720 2792 2864 2850 Loth
2896 2792 3161 2864 sequeris
3198 2808 3442 2851 uxorem
3486 2794 3632 2864 (Gen.
3666 2795 3820 2865 XIX),

2114 2884 2209 2941 sed
2245 2884 2433 2941 Annae
2460 2881 2652 2956 potius
2686 2880 3007 2940 imitaberis
3050 2881 3301 2939 stabilita
3330 2882 3625 2955 virtutem,
3654 2884 3825 2958 cujus

324 2973 474 3032 mitti
530 2973 590 3031 in
649 2973 915 3032 tenebras
970 2974 1274 3033 diceretur.
1327 2974 1439 3033 Hic
1489 2975 1658 3033 etiam
1730 2975 2032 3034 Psalmista
2115 2971 2334 3028 scilicet
2365 2970 2564 3029 vultus
2594 2984 2713 3026 non
2754 2979 2891 3026 sunt
2938 2968 3194 3043 amplius
3242 2970 3305 3026 in
3361 2969 3589 3028 diversa
3620 2971 3825 3029 mutati

326 3064 405 3122 ait
436 3085 449 3123 ;
485 3089 513 3113 ‹‹
547 3063 734 3138 Super
760 3080 858 3124 eos
894 3065 1098 3124 cecidit
1138 3065 1309 3139 ignis,
1343 3073 1397 3122 et
1454 3080 1569 3124 non
1626 3043 1897 3126 vider‘unt
1942 3083 2005 3126 so
2053 3061 2169 3147 αα
2189 3061 2319 3126 Reg.
2348 3062 2441 3147 71).,
2470 3055 2550 3147 Et,
2595 3055 2872 3129 quoniam
2904 3055 3058 3131 quod
3087 3056 3159 3115 ab
3193 3056 3490 3147 adulatore
3535 3055 3825 3126 laudatur,

326 3151 440 3210 lem
493 3154 662 3220 (Ρεαι,
714 3157 880 3221 Lvn).
911 3177 938 3201 »ι
987 3151 1148 3225 1gnis
1178 3150 1335 3210 enim
1372 3167 1545 3226 super
1590 3152 1797 3225 impios
1835 3154 2029 3225 cadit;
2070 3145 2083 3147 θ
2117 3147 2191 3204 ab
2245 3145 2623 3204 ecclesiastica
2681 3148 3016 3204 auctoritate
3062 3146 3471 3217 contemnitur,
3524 3153 3830 3219 utramque

333 3241 438 3301 sed
497 3240 604 3312 sol,
659 3239 792 3314 igne
842 3240 1098 3312 cadente,
1154 3258 1270 3300 non
1325 3242 1603 3311 cernitur,
1670 3243 1806 3315 quia
1879 3242 2032 3315 illos,
2117 3233 2269 3291 hanc
2320 3233 2609 3307 perpende
2666 3234 3031 3291 sententiam.
3074 3260 3095 3282 «ι
3138 3234 3438 3293 Laudatur
3473 3242 3729 3308 peccator
3765 3234 3831 3291 in

342 3346 488 3407 quos
516 3332 801 3406 gehennae
834 3331 1067 3390 ﬂamma
1116 3332 1369 3402 devorat,
1419 3348 1454 3390 a
1494 3332 1714 3391 visione
1762 3332 1881 3391 veri
1939 3333 1999 3391 lu

2174 3325 2420 3382 asideriis
2473 3326 2615 3394 suis,
2677 3332 2733 3381 et
2794 3324 2897 3397 qui
2955 3323 3158 3396 inique
3210 3325 3408 3397 egerit,
3474 3325 3832 3383 benedicitur

333 3420 514 3478 minis
573 3427 765 3491 enicat,
826 3425 891 3478 ut
942 3425 999 3478 et
1060 3420 1203 3478 foris
1256 3436 1354 3479 eos
1404 3419 1567 3479 dolor
1617 3421 2036 3479 combustionis
2120 3415 2290 3480 (Ρεαι-
2347 3417 2457 3482 Χ);
2519 3436 2545 3461 ι’
2614 3412 2725 3470 1100
2780 3411 3071 3469 adlllantis
3132 3420 3235 3469 θεῖ·
3290 3436 3316 3461 α
3372 3411 3679 3479 Maledictis
3727 3417 3835 3486 qui

334 3509 576 3579 cruciet,
609 3514 663 3567 et
695 3508 855 3566 intus
890 3524 1059 3582 ptena
1101 3509 1370 3568 caecitatis
1395 3510 1701 3582 obscuret;
1753 3517 2041 3585 quatenus
2120 3501 2413 3561 (ἰθειίῐιᾶηῐ
2465 3519 2499 3561 3
2555 3502 2844 3561 mandatis
2923 3503 3040 3561 illis
3094 3503 3259 3575 (Ρεαιο
3289 3504 3541 3575 CXVIII);
3603 3527 3630 3551 ”
3707 3502 3835 3561 huic

336 3599 440 3674 qui
486 3598 706 3657 auctori
733 3614 839 3657 suo
871 3615 1105 3673 corpore
1130 3608 1185 3659 et
1219 3600 1387 3658 corde
1420 3601 1819 3676 deliquerunt,
1866 3603 1999 3660 simi

2174 3593 2396 3652 cclesiaa
2445 3608 2560 3651 vox
2608 3600 2711 3652 est.
2772 3591 2938 3663 Quod
2988 3598 3181 3651 autem
3230 3592 3292 3650 in
3325 3592 3617 3667 reprobos,
3663 3593 3837 3667 juxta

342 3704 579 3763 corpore
628 3696 683 3746 et
718 3689 889 3748 corde
924 3690 1291 3763 puniantur;
1334 3699 1391 3749 et
1443 3692 1753 3766 utrobique
1814 3709 2043 3767 ptenam
2126 3685 2506 3759 quantitatem
2584 3683 2867 3757 criminis,
2932 3700 3102 3757 aequa
3172 3682 3246 3741 sit
3316 3684 3487 3740 etiam
3560 3697 3839 3741 mensura

346 3777 623 3847 sentiant,
672 3776 794 3849 qui,
841 3778 981 3836 dum
1024 3779 1119 3836 hic
1166 3778 1449 3851 viverent,
1494 3779 1687 3853 pravis
1730 3781 1851 3838 suis
1887 3779 2043 3837 dele-
2129 3780 2572 3850 maledictionis,
2636 3785 2872 3838 testatur
2928 3778 3202 3853 propheta
3247 3776 3451 3846 David,
3500 3776 3602 3850 qui
3658 3777 3841 3836 nimi-

352 3864 701 3923 ctationibus
742 3882 815 3925 ex
858 3873 1104 3940 utroque
1143 3867 1490 3927 serviebant.
1547 3869 1713 3928 Unde
1754 3870 1901 3929 bene
1951 3885 2051 3945 per
2132 3884 2264 3927 rum
2291 3868 2350 3925 in
2397 3867 2613 3955 Judam
2659 3865 2987 3955 Iscariotem
3031 3864 3265 3955 triginta
3291 3863 3722 3955 maledictiones
3748 3864 3840 3955 in-

349 3955 686 4030 prophetam
754 3956 1004 4014 dicitur:
1066 3979 1089 4007 ι
1147 3956 1574 4017 Descenderth
1626 3959 1698 4017 ad
1755 3961 2051 4017 infernum
2135 3955 2288 4025 tulit,
2350 3950 2515 4013 sicut'
2551 3953 2652 4012 ille
2703 3951 3019 4010 Dominum
3065 3950 3297 4023 triginta
3342 3952 3630 4021 argenteis
3661 3950 3839 4009 sacri-

346 4064 479 4108 cum
509 4048 687 4106 armis
712 4048 837 4125 suis
866 4050 1082 4121 (Ezech.
1134 4053 1353 4123 XXXII).
1385 4075 1412 4099 ››
1444 4053 1622 4109 Arma
1659 4052 1874 4124 quippe
1919 4066 2050 4122 pec-

345 4143 610 4195 catorum
667 4145 802 4195 sunt
863 4137 1123 4195 membra
1177 4137 1449 4211 corporis,
1509 4138 1723 4211 quibus
1786 4155 2053 4212 perversa

353 4224 658 4289 desideria,
714 4241 846 4297 quae
904 4225 1259 4298 concipiunt,
1299 4234 1718 4300 exsequuntur.
1762 4227 1925 4286 Unde
1962 4244 2053 4286 re-

348 4322 438 4375 cte
476 4330 578 4388 per
615 4315 865 4375 Paulum
914 4316 1128 4374 dicitur
1160 4341 1173 4374 :
1209 4340 1230 4369 ι
1268 4316 1467 4391 Neque
1514 4317 1839 4377 exhibeatis
1868 4335 2056 4378 mem-

2137 4040 2263 4115 lega
2317 4040 2628 4099 venalitate
2686 4036 2976 4096 distraxit.
3030 4036 3288 4104 Quarum
3354 4034 3617 4095 videlicet
3691 4036 3841 4096 sicut

2132 4130 2320 4203 prima
2368 4136 2501 4186 est:
2562 4153 2589 4177 κ
2644 4125 2940 4185 Censtitue
2991 4140 3164 4198 super
3207 4138 3344 4182 eum
3399 4131 3773 4197 peccatorem,
3808 4144 3838 4177 »

2134 4217 2217 4276 sic
2267 4223 2527 4276 extrema
2581 4222 2666 4274 est
2714 4215 2857 4273 illa:
2920 4235 2948 4268 «
2989 4212 3338 4286 Operiantur
3393 4212 3543 4271 sicut
3588 4210 3843 4285 diploide

2137 4305 2479 4365 confusione
2531 4318 2639 4361 sua
2696 4304 2869 4372 (Psal.
2925 4305 3130 4370 CVIII);
3171 4320 3199 4353 »
3253 4315 3397 4374 quas
3450 4299 3500 4357 si
3554 4300 3689 4374 quis
3742 4313 3844 4371 per

350 4403 459 4462 bra
512 4412 723 4476 Vestra,
788 4421 950 4463 arma
1012 4406 1336 4481 iniquitatis
1372 4390 1620 4481 peccato
1668 4411 1834 4483 (Rom.
1884 4412 1980 4485 VI).
2028 4397 2346 4498 iDpsalmi
2398 4395 2605 4483 seriem
2658 4390 3235 4498 subtiliteruquzerat,
3299 4396 3520 4498 certum
3554 4396 3658 4498 test
3694 4403 3845 4487 quo-

357 4493 509 4552 Cum
556 4495 733 4553 armis
770 4511 908 4554 vero
937 4496 1280 4556 descendere
1314 4498 1385 4556 ad
1433 4498 1749 4573 infernum,
1802 4508 1887 4559 est
1920 4516 2055 4560 cum

351 4583 503 4657 ipsis
530 4599 763 4658 quoque
813 4584 1110 4657 membris,
1145 4587 1362 4661 quibus
1412 4587 1698 4647 desideria
1748 4589 2058 4663 voluptatis

358 4673 764 4745 expleverunt,
830 4674 1034 4732 aeterni
1080 4675 1288 4749 judicii
1341 4684 1623 4735 tormenta
1679 4678 1939 4750 tolerare,
1997 4686 2059 4736 ut

356 4759 501 4817 782
540 4772 680 4822 tunc
715 4780 811 4823 eos
841 4765 1107 4838 undique
1158 4765 1322 4825 dolor
1376 4766 1697 4839 absorbeat,
1750 4770 1850 4843 qui
1906 4785 2060 4828 nunc

358 4850 488 4908 suis
539 4850 1018 4910 delectationibus
1069 4853 1306 4923 subditi,
1356 4854 1621 4926 undique
1666 4864 1862 4913 contra
1887 4856 2061 4929 justi—

363 4936 500 4995 tiam
528 4938 682 5010 juste
711 4940 1028 5014 judlcantis
1056 4948 1335 5017 pugnant.
1373 4942 1516 5011 Quae
1555 4950 1746 5001 tamen
1781 4944 2063 5017 supplicia

359 5026 423 5085 in
463 5044 523 5086 se
554 5031 851 5089 demersos
897 5040 952 5090 et
995 5033 1123 5091 ulra
1162 5033 1315 5117 vires
1364 5031 1641 5103 cruciant,
1690 5040 1746 5090 et
1795 5033 1879 5091 eis
1930 5033 2063 5090 vita;

364 5117 693 5177 subsidium
727 5121 1158 5195 cxstinguendo
1188 5129 1420 5180 servant
1457 5140 1470 5179 :
1504 5128 1570 5178 ut
1616 5122 1697 5180 sic
1727 5121 1907 5179 vitam
1947 5127 2061 5179 ter-

366 5205 564 5263 minus
620 5206 803 5277 ﬁniat,
859 5215 1145 5282 quatenus
1196 5225 1419 5282 semper
1452 5210 1579 5267 sine
1632 5208 1878 5267 tcrmiuo
1926 5225 2061 5269 cru-

365 5292 550 5351 ciatus
581 5294 739 5353 vivat
769 5318 780 5365 ;
819 5297 956 5370 quia
984 5305 1041 5355 et
1068 5297 1142 5355 ad
1192 5297 1369 5355 ﬁnem
1404 5313 1503 5370 per
1536 5302 1815 5355 tormenta
1868 5312 2068 5371 prope-

2140 4488 2297 4545 niam
2352 4502 2466 4544 nou
2530 4472 2647 4542 ‘eas
2697 4482 2852 4541 ultro
2924 4481 3139 4539 citrove
3216 4480 3479 4553 reperiat.
3552 4478 3621 4536 In
3700 4480 3848 4536 serie

2141 4579 2568 4652 Scripturarum
2640 4574 2793 4631 disce
2847 4576 3262 4645 consequenter
3314 4579 3368 4628 et
3435 4570 3698 4629 ordinem
3754 4585 3845 4627 re-

2139 4683 2290 4726 rum.
2375 4664 2543 4723 Prius
2600 4663 2760 4720 enim
2821 4661 2919 4718 lex
3006 4658 3301 4729 scribitur,
3346 4658 3555 4717 deinde
3609 4656 3846 4715 historia

2141 4756 2359 4815 texitur
2410 4752 2705 4820 Judicum,
2763 4756 3045 4821 postremo
3100 4747 3245 4803 liber
3296 4748 3532 4818 ponitur
3572 4745 3844 4817 Regum;

2142 4845 2418 4919 quoniam
2482 4842 2575 4898 hic
2641 4838 2860 4897 divinae
2928 4837 3067 4910 legis
3137 4836 3403 4894 mandata
3473 4835 3844 4911 perlicimus,

2142 4931 2509 5008 postmodum
2557 4928 2629 4984 ad
2679 4924 2971 4999 judicium
3027 4924 3336 4994 venimus;
3374 4924 3446 4983 ad
3494 4932 3845 4993 extremum,

2144 5023 2195 5083 si
2243 5037 2411 5081 causa
2458 5034 2575 5076 non.
2605 5013 2751 5072 783
2794 5015 3068 5085 dissonat,
3114 5029 3250 5073 cum
3294 5013 3518 5072 Christo
3567 5014 3691 5070 sine
3733 5014 3847 5071 line

2146 5124 2473 5186 regnamus.
2531 5106 2608 5164 Hi
2656 5113 2974 5180 proventus
3053 5103 3328 5162 aﬂ‘erendi
3385 5108 3522 5161 sunt
3563 5108 3846 5175 segetum,

2107 5230 2111 5235 ~
2146 5201 2247 5276 qui
2286 5196 2612 5256 cmlestibus
2657 5194 2878 5254 horreis
2912 5194 3254 5253 inferantur.
3307 5192 3454 5250 Vitis
3492 5192 3660 5267 plane
3689 5193 3737 5252 si
3775 5194 3850 5252 sit

2146 5291 2310 5348 ferax
2359 5300 2627 5354 uvarum,
2671 5289 2876 5342 cuncta
2924 5283 3204 5356 praecellit
3245 5281 3476 5339 arbusta
3522 5280 3848 5352 silvarum;

368 5389 473 5451 rat,
523 5391 578 5441 et
632 5384 759 5442 sine
796 5385 913 5444 ﬁne
971 5387 1243 5457 dqﬁciens
1281 5388 1466 5446 durat,
1522 5387 1613 5445 Fit
1664 5402 1798 5459 ergo
1849 5370 2076 5450 miséris
2157 5379 2249 5437 sin
2290 5392 2424 5435 vero
2469 5375 2544 5432 sit
2593 5371 2822 5441 sterilis,
2877 5372 3102 5429 caeteris
3140 5370 3436 5443 judicatur
3475 5370 3747 5444 abjectior
3789 5386 3856 5430 ac

369 5485 523 5529 mors
559 5472 687 5529 sine
715 5482 916 5545 morte,
962 5476 1094 5534 linis
1139 5477 1265 5535 sine
1304 5476 1443 5545 ﬁne,
1500 5475 1757 5535 defectus
1801 5477 1926 5535 sine
1972 5479 2075 5536 de-
2158 5468 2325 5526 Vilior
2388 5482 2513 5525 esse
2566 5462 2851 5536 Vil'gllltis-
2909 5461 3076 5519 Ullde
3124 5469 3229 5531 θεῖ,
3278 5459 3429 5534 (ιιιοά
3485 5461 3556 5519 ad
3608 5464 3852 5536 Prophe-

372 5559 520 5617 fectu
550 5577 565 5631 ;
595 5563 735 5635 quia
769 5572 824 5622 et
864 5581 1017 5623 mors
1064 5566 1228 5636 vivit,
1282 5571 1338 5624 et
1389 5565 1524 5623 linis
1569 5581 1797 5640 semper
1850 5564 2071 5639 incipit,
2159 5567 2272 5616 tam
2321 5557 2523 5615 divina
2570 5570 2675 5613 vox
2713 5554 2793 5611 ait
2834 5576 2846 5610 :
2889 5575 2908 5603 ι
2944 5552 3056 5609 Fili
3088 5552 3364 5623 hominis,
3394 5553 3534 5625 quid
3576 5555 3675 5612 liet
3700 5555 3857 5629 ligno

372 5654 429 5705 et
457 5648 699 5710 deiicere
737 5652 993 5714 defectus
1023 5655 1222 5714 nescit.
1277 5655 1426 5715 Eant
1455 5672 1590 5730 ergo
1618 5669 1773 5713 nunc
1822 5652 2077 5713 luxuriae
2156 5650 2289 5710 vitis
2329 5664 2403 5705 ex
2460 5646 2737 5705 omnibus
2789 5641 2965 5717 lignis
3017 5658 3319 5703 nemorum
3358 5660 3492 5718 quas
3528 5653 3666 5705 sunt
3707 5648 3859 5704 inter

612 5842 621 5849 κ
725 5767 983 5830 PATBOL.
1025 5770 1244 5830 CXLV.

3438 5761 3508 5820 24
