4054 6184
238 308 343 368 747
694 298 753 359 S.
794 256 1380 356 PETRIDAMIANI
1418 288 1573 349 OPP.
1617 284 1866 346 TOMUS
1908 283 2049 345 SEU
2088 283 2280 344 PARS
2318 283 2423 342 III.
2470 314 2533 329 --
2573 281 2962 344 OPUSCULA
3000 281 3259 342 VABIA.
3618 286 3733 345 748

234 433 398 507 ligna
446 421 786 489 silvarum?
849 417 1118 492 nunquid
1180 415 1410 473 tolletur
1462 414 1641 507 demea
1693 410 2308 507 lignum,Anox‘_illa
2362 409 2695 507 praecedens
2714 406 3123 507 "Dominicamg
3167 407 3324 466 diem
3376 408 3555 507 et_B.

110 562 115 563 ί
212 497 619 592 ὠρρηῇ
647 520 749 594 εμπ
780 509 1150 569 fabricabitur
1178 507 1248 564 de
1286 521 1352 565 ea
1402 503 1676 579 paxillus,
1724 508 1788 562 ut
1839 505 1941 594 de-
2024 499 2239 557 chaelis
2284 500 2669 594 festivitatem.
2700 497 2972 594 Cumque
3018 498 3166 557 faeto
3184 514 3363 594 mane
3396 500 3468 557 ad
3514 499 3729 573 pradi-

238 597 487 673 pendeat
526 595 588 653 in
639 592 706 651 Εὖ
732 594 1146 664 quodcunque
1193 595 1339 653 vas?
1366 620 1392 645 ι)
1435 598 1651 663 (Ezech,
1684 599 1815 663 XV.)
1849 592 1943 652 Sic

239 688 490 762 profecto
538 682 874 749 monachus,
923 678 970 736 si
1019 678 1088 735 ad
1117 677 1487 750 proferendos
1539 678 1761 736 fructus
1803 682 1941 736 boni

239 777 427 852 operis
464 775 537 832 sit
582 774 843 830 intentus
870 775 927 827 et
958 766 1239 837 fervidus,
1276 766 1426 824 nihil
1476 766 1625 825 inter
1674 768 1941 826 homines

238 886 306 929 eo
350 868 497 925 valet
537 880 661 922 esse
696 859 1099 935 praestantius;
1151 858 1412 932 alioquin
1465 858 1514 916 si
1576 858 1840 931 frigidus.
1889 865 1944 916 et

235 956 587 1016 infecundus
669 958 906 1021 arescat,
1002 965 1067 1006 ac
1152 948 1445 1006 dormiens
1524 955 1739 1013 stertat,
1811 950 1943 1021 jure

236 1054 513 1123 tanquam
563 1043 697 1103 vilis
743 1042 870 1114 alga
908 1038 1241 1113 despicitur,
1282 1045 1335 1095 et
1386 1037 1526 1111 ipsis
1555 1053 1783 1112 quoque
1830 1052 1943 1094 sa:-

236 1137 532 1199 cularibus
575 1148 687 1191 non
734 1136 1017 1203 aequatur.
1054 1127 1115 1186 Si
1147 1126 1281 1201 quis
1328 1143 1463 1185 vero
1501 1126 1707 1185 studiis
1754 1126 1940 1200 adipi-

236 1228 463 1290 scendaa
512 1221 877 1300 perfectionis
927 1219 1195 1286 infervet,
1249 1218 1346 1275 sed
1380 1217 1569 1275 adhuc
1614 1224 1803 1274 tamen
1843 1232 1943 1289 per

234 1318 633 1381 inﬁrmitatem
664 1315 734 1373 de
764 1310 970 1385 prioris
1010 1309 1141 1368 vitae
1172 1308 1329 1367 vitiis
1362 1308 1522 1368 intus
1558 1308 1774 1383 aliquid
1803 1307 1939 1366 reti-

234 1415 377 1469 net:
411 1402 707 1467 szecularis
750 1401 1062 1476 quispiam,
1110 1398 1243 1456 licet
1286 1399 1591 1472 religiosus
1632 1414 1755 1456 esse
1783 1414 1941 1456 com-

235 1499 509 1575 probetur
554 1501 609 1553 et
676 1492 826 1567 pius,
885 1503 1254 1563 nequaquam
1296 1495 1379 1547 est
1422 1488 1555 1547 huic
1601 1503 1702 1561 per
1744 1488 1943 1547 omnia

236 1574 677 1659 comparandus:
744 1578 953 1637 Melius
1007 1576 1223 1650 quippe
1279 1581 1364 1634 est
1414 1574 1689 1635 vitiosum
1731 1591 1942 1635 aurum

237 1691 417 1754 quam
464 1687 545 1731 aes
581 1685 797 1744 purum
830 1687 845 1741 ;
873 1673 930 1726 et
975 1666 1283 1741 pretiosius
1316 1671 1401 1724 est
1444 1666 1619 1724 hebes
1661 1666 1942 1740 margari-

2022 597 2182 647 ctum
2228 605 2427 648 senem
2479 590 2652 647 frater
2696 588 2794 645 ille
2836 590 3107 659 venisset,
3159 589 3485 663 timensque
3531 605 3605 647 ne
3655 590 3730 648 de

2022 681 2428 739 indiscretione
2472 681 2926 753 redargueretur,
2977 680 3130 754 quod
3176 686 3386 753 egerat,
3434 696 3536 753 per
3568 681 3723 739 ordi-

2026 781 2159 824 nem
2189 767 2511 838 retulisset;
2548 768 2655 826 hac
2679 767 2778 825 ille
2806 784 2944 826 voce
2976 767 3271 841 respondit
3298 787 3312 826 :
3350 767 3500 838 Noli,
3528 769 3723 839 frater,

2024 858 2432 931 pusillanimus
2477 874 2618 924 esse,
2661 858 2752 916 vel
2800 874 2901 931 pro
2941 860 3047 916 hac
3085 866 3199 927 tua,
3234 874 3369 932 quae
3413 874 3573 917 nunc
3619 866 3722 928 est,

2023 946 2360 1004 inﬁrmitate
2400 946 2701 1017 diﬁidere;
2757 953 2956 1019 potens
2982 953 3068 1004 est
3105 945 3264 1004 enim
3296 945 3451 1004 Deus
3481 963 3557 1004 ex
3592 946 3725 1004 imis

2025 1044 2078 1095 te
2110 1040 2179 1097 ad
2208 1038 2409 1095 altiora
2437 1038 2843 1111 provehere,et
2870 1044 3140 1111 tanquam
3167 1035 3422 1094 lacteolae
3453 1042 3567 1095 tuae
3594 1051 3726 1094 con-

2024 1126 2370 1183 versationis
2420 1125 2728 1185 infantiam
2781 1124 2847 1182 ad
2909 1123 3195 1199 juvenilis
3254 1124 3476 1183 roboris
3537 1124 3724 1185 incre-

2026 1220 2219 1271 menta
2266 1212 2516 1272 ﬁrmare.
2562 1214 2631 1271 Et
2673 1213 2949 1288 adjiciens
3005 1214 3127 1271 ait:
3178 1213 3295 1271 Nos
3339 1214 3514 1271 etiam
3542 1213 3729 1286 primo

2023 1303 2370 1377 pedetentim
2421 1302 2727 1375 cmpimus,
2782 1303 3115 1377 sensimque
3169 1302 3241 1361 ad
3285 1302 3440 1376 quod
3484 1318 3590 1360 nos
3635 1303 3727 1361 di-

2023 1391 2162 1450 vina
2214 1393 2395 1467 pietas
2450 1392 2761 1467 perducere
2834 1393 3036 1463 voluit,
3111 1392 3242 1451 licet
3291 1392 3613 1451 imbecilles
3662 1407 3730 1451 ac

2026 1481 2277 1555 fragiles,
2328 1481 2517 1540 educti
2572 1497 2797 1543 sumus.
2855 1480 3067 1557 Sicque
3119 1480 3335 1539 factum
3385 1486 3468 1537 est
3504 1486 3569 1538 ut
3607 1494 3726 1537 non

2023 1588 2159 1631 eum
2187 1574 2257 1633 de
2296 1574 2671 1634 immoderato
2698 1576 2941 1644 fervore,
2990 1574 3139 1632 sicut
3178 1572 3277 1630 ille
3326 1571 3580 1639 timebat,
3630 1585 3728 1627 ar-

2021 1669 2264 1738 gueret;
2301 1664 2398 1722 sed
2438 1680 2511 1722 ne
2550 1662 2934 1738 desperationi
2974 1661 3391 1731 succumberet,
3447 1665 3725 1734 tanquam

241 1750 363 1826 tum
411 1778 587 1834 quam
632 1773 888 1817 marmor
931 1756 1159 1831 parium
1195 1774 1211 1827 ;
1260 1754 1483 1830 pallens
1535 1771 1769 1830 quoque
1817 1762 2004 1823 car-B
2026 1755 2127 1829 qui
2153 1754 2465 1814 minimum
2492 1754 2631 1829 quid
2658 1754 2853 1828 egerit,
2885 1752 3149 1811 animum
3176 1752 3477 1811 refoveret.
3530 1750 3727 1823 Hujus

237 1852 532 1913 bunculus
596 1847 900 1907 amabilior
955 1852 1039 1904 est
1093 1860 1270 1920 quam
1329 1845 1615 1905 cmruleus
1670 1845 1743 1903 sit
1798 1846 1943 1920 hya-

235 1941 489 2000 cinthus.
540 1937 630 1995 Tu
683 1949 916 2009 quoque
965 1933 1037 2005 si,
1085 1932 1247 1992 velut
1296 1932 1356 1991 in
1406 1949 1629 1992 aurora;
1684 1932 1944 1992 diluculo

237 2028 566 2098 constituta,
602 2026 674 2084 de
730 2022 993 2098 pristinae
1046 2022 1180 2080 vitae
1232 2022 1483 2080 tenebris
1535 2023 1727 2081 adhuc
1773 2023 1837 2080 in
1890 2028 1944 2081 te

237 2116 458 2191 aliquid
509 2114 709 2184 sentis,
737 2112 858 2170 noli
892 2110 1154 2169 diffidere
1206 2111 1509 2184 pervenire
1560 2110 1823 2169 celeriter
1871 2110 1944 2168 ad

236 2207 661 2284 plenitudinem
710 2202 876 2262 lucis.
925 2201 1077 2259 Cave
1124 2201 1521 2260 tantummodo
1550 2216 1623 2259 ne
1663 2201 1727 2258 in
1756 2198 1946 2257 carnis

238 2297 480 2357 mollitie
526 2294 873 2368 requiescas,
918 2291 1016 2351 sed
1070 2292 1133 2349 in
1170 2299 1382 2350 sanctas
1424 2290 1746 2365 disciplinae
1782 2288 1943 2348 labo-

241 2386 403 2445 ribus
434 2392 489 2444 te
509 2384 818 2459 vigilanter
850 2396 1139 2441 exerceas.-

869 2522 1115 2583 CAPUT
1143 2522 1298 2581 XIV.

272 2636 426 2707 Quod
447 2634 761 2692 Dominicus
786 2629 1070 2687 duodecim
1098 2630 1266 2684 simul
1290 2629 1566 2700 psalteria
1594 2644 1714 2685 cum
1743 2629 1908 2685 disci-

439 2725 601 2796 plina
625 2721 890 2788 cantavit,
912 2723 974 2772 et
1003 2719 1224 2773 tertium
1254 2717 1521 2772 decimum
1547 2719 1723 2788 erepit.

305 2830 541 2889 Utinam
568 2826 801 2885 daretur
831 2823 937 2880 tibi
966 2837 1121 2880 nunc
1168 2822 1472 2883 dominum
1504 2839 1701 2883 meum
1741 2824 1939 2882 videre

2023 1844 2220 1917 itaque
2275 1843 2457 1901 sancti
2511 1843 2666 1902 senis
2713 1842 2981 1915 exemplo
3045 1840 3324 1899 facienda:
3373 1838 3724 1912 disciplinae,

2025 1946 2149 1989 mos
2178 1929 2320 1989 adeo
2357 1932 2419 1988 in
2450 1930 2662 1989 nostris
2693 1929 2955 2002 partibus
2995 1927 3257 1998 inolevit,
3300 1934 3364 1986 ut
3406 1943 3523 1986 non
3551 1926 3723 1986 modo

2024 2018 2159 2090 viri,
2212 2019 2310 2077 sed
2360 2024 2416 2077 et
2448 2018 2673 2077 nobiles
2715 2018 2990 2077 mulieres
3030 2019 3141 2076 hoc
3176 2017 3490 2091 purgatorii
3538 2031 3729 2090 genus

2026 2109 2325 2168 inhianter
2371 2112 2708 2184 arriperent.
2751 2109 2898 2168 Nam
2942 2116 2998 2168 et
3033 2107 3229 2168 relicta
3260 2108 3587 2179 Tethbaldi,
3622 2123 3723 2166 su-

2024 2200 2221 2258 blimis
2294 2199 2497 2275 utique
2557 2200 2786 2275 generis
2844 2207 2901 2259 et
2954 2215 3072 2260 non
3128 2200 3347 2257 inﬁmae
3404 2199 3723 2281 dignitatis,

2024 2288 2173 2346 mihi
2216 2290 2533 2363 aliquando
2580 2289 2797 2362 retulit,
2848 2305 2948 2363 per
2992 2290 3293 2363 praefixam
3333 2288 3510 2360 hujus
3547 2286 3728 2344 disci-

2023 2378 2204 2453 plinae
2254 2379 2512 2454 regulam
2562 2385 2799 2438 centum
2854 2392 3140 2438 annorum
3196 2394 3258 2437 se
3323 2376 3726 2454 posnitentiam

2023 2468 2329 2541 peregisse'
2667 2537 2912 2598 CAPUT
2942 2538 3050 2599 xv

2153 2641 2230 2693 De
2252 2640 2477 2695 ccelestis
2503 2641 2837 2695 Hierusalem
2865 2638 3198 2694 beatitudine
3225 2638 3580 2708 sempiterna.

2092 2735 2181 2794 Tu
2230 2735 2426 2811 itaque
2477 2736 2723 2795 libenter
2768 2735 2905 2795 audi
2940 2750 3164 2810 semper
3212 2734 3357 2792 facta
3411 2733 3721 2801 bonorum,

2021 2824 2114 2882 vel
2138 2825 2188 2881 si
2217 2824 2432 2881 imitari
2461 2831 2640 2897 potes,
2672 2823 2977 2883 cumulum
3008 2823 3110 2881 tibi
3152 2828 3440 2897 perpetuae
3470 2820 3725 2878 retribu-

2022 2913 2196 2971 tionis
2230 2911 2532 2985 acquirant
2568 2930 2582 2982 ;
2614 2912 2707 2970 vel
2742 2912 2790 2970 si
2819 2911 3199 2985 impossibilia
3228 2917 3382 2979 sunt,
3405 2909 3647 2968 uberius
3668 2916 3727 2967 te

2020 3003 2083 3060 in
2115 3001 2441 3061 humilitate
2467 3002 2809 3060 custodiant.
2840 3001 3112 3075 Erigatur
3131 3000 3368 3075 spiritus
3394 2999 3468 3058 ad
3493 3014 3561 3057 ea
3588 3012 3725 3073 quae

233 2915 629 2985 Dominicum,
661 2912 761 2987 qui
784 2912 937 2985 quod
967 2926 1073 2970 nos
1101 2911 1389 2985 imperitas
1415 2912 1631 2986 linguas
1660 2929 1938 2973 conamur

233 3007 441 3075 ofﬁcio,
481 3004 604 3076 ipse
631 3009 683 3060 te
707 3001 1013 3060 efficaciori
1039 3000 1520 3060 luculentisismas
1546 3003 1683 3061 vitae
1713 3005 1938 3063 doceret

233 3102 291 3154 et
316 3095 652 3153 informaret
677 3090 963 3183 exemplo.
998 3089 1106 3183 liic
1130 3090 1387 3183 denique
1419 3090 1664 3183 a‘tribus
1686 3093 1806 3167 jam
1836 3094 1937 3153 cir-
1955 3121 1999 3183 ο
2020 3093 2437 3183 promittuntur
2462 3093 2521 3183 in
2543 3092 2742 3183 patria,
2761 3091 3119 3183 utexsiliens
3148 3091 3522 3166 parvipendat
3549 3090 3722 3183 quid-

232 3188 374 3246 citer
393 3199 680 3244 annorum
706 3181 904 3239 lustris
926 3179 1101 3239 lorica
1120 3179 1304 3240 ferrea
1328 3180 1656 3241 vestiturad
1678 3198 1931 3257 carnem,
1966 3179 1998 3183 "
2019 3182 2159 3254 quid
2199 3181 2517 3256 asperitatis
2558 3182 2747 3239 horret
2779 3182 2837 3238 in
2870 3183 2982 3239 via.
3017 3180 3165 3239 Cum
3207 3182 3436 3255 pondus
3465 3179 3596 3238 auri
3628 3194 3726 3236 ra-

232 3274 460 3335 duobus
499 3279 693 3330 autem
747 3270 951 3329 ferreis
983 3267 1217 3328 circulis
1260 3269 1321 3327 in
1366 3286 1603 3344 corpore
1660 3270 1933 3346 cingitur,
2017 3270 2232 3328 diantis
2279 3269 2615 3340 attenditur,
2649 3268 2810 3327 labor
2852 3268 3077 3326 itineris
3108 3268 3408 3341 levigatur.
3447 3267 3555 3326 Ubi
3599 3266 3727 3325 loco

229 3361 460 3421 duobus
512 3360 650 3418 item
690 3374 792 3431 per
832 3356 1205 3417 brachiorum
1247 3373 1440 3416 armos
1490 3364 1762 3419 arctatur.
1823 3358 1934 3419 Sed
2016 3358 2239 3432 praemii
2270 3374 2481 3417 corona
2501 3358 3257 3433 proponitur,stadiicursus
3282 3356 3543 3416 alacriter
3566 3363 3725 3414 tran-

228 3450 371 3524 quia
418 3448 489 3507 de
538 3446 641 3505 illo
694 3447 754 3504 in
814 3445 946 3504 aliis
996 3445 1210 3503 nostris
1252 3445 1545 3519 opusculis
1595 3448 1715 3521 jam
1766 3449 1935 3521 plura
2017 3447 2227 3505 silitur.
2270 3447 2563 3521 Perpende
2610 3448 2791 3520 igitur
2821 3462 2997 3522 quam
3036 3446 3240 3505 beatus
3285 3446 3358 3504 sit
3406 3446 3536 3519 qui,
3587 3460 3723 3504 cum

229 3538 594 3612 digessimus,
650 3551 809 3593 nunc
842 3535 993 3607 quod
1057 3535 1160 3593 vix
1192 3542 1328 3593 ante
1372 3550 1476 3594 sex
1530 3536 1654 3594 dies
1705 3535 1775 3595 ad
1830 3553 1937 3596 nos

227 3626 469 3685 veniens
520 3624 716 3682 retulit
769 3624 1148 3696 proferamus.
1204 3624 1303 3681 Ait
1363 3624 1610 3698 itaque:
1687 3626 1936 3699 Contigit

228 3732 325 3775 me
393 3729 564 3772 nosse
621 3713 776 3786 quod
842 3712 1138 3785 scripseris
1206 3728 1418 3771 novem
1478 3730 1569 3773 me
1635 3729 1753 3772 uno
1798 3716 1935 3774 .die

224 3802 495 3879 psalteria
551 3801 881 3859 decantasse
935 3816 1068 3859 cum
1109 3801 1507 3873 corporalibus
1560 3802 1926 3878 disciplinis:

224 3892 380 3967 quod
435 3899 585 3950 certe
638 3906 773 3950 cum
835 3889 1055 3961 audivi,
1118 3890 1483 3950 tremefactus
1542 3893 1790 3966 ,expavi,
1877 3902 1933 3953 et

225 3979 578 4038 conscientia
634 3979 997 4037 remordente
1051 3980 1357 4052 congemui
1390 4002 1404 4049 ;
1476 3995 1589 4051 vas,
1664 3980 1927 4058 inquam,
2014 3987 2205 4045 choris
2242 3985 2518 4059 angelicis
2556 3985 2871 4043 interesse:
2915 3980 3019 4043 ubi
3059 3983 3143 4040 sic
3172 3978 3553 4056 praesentibus
3585 3975 3717 4050 qui-

225 4067 396 4139 mihi,
451 4082 581 4125 ecce
638 4067 742 4124 hoc
796 4065 869 4123 de
940 4080 1053 4136 me,
1130 4067 1420 4125 nesciente
1482 4082 1596 4139 me,
1652 4068 1930 4142 scriptum
2014 4090 2126 4147 que
2155 4074 2385 4148 gaudiis
2411 4079 2547 4133 sunt
2576 4073 2792 4147 repleti,
2822 4079 2889 4132 ut
2918 4071 2987 4130 de
3020 4072 3222 4132 futura
3252 4083 3573 4142 numquam
3602 4066 3719 4122 sint

225 4166 358 4230 est;
410 4165 464 4216 et
535 4164 723 4215 tamen
795 4162 995 4216 utrum
1052 4157 1161 4216 hoc
1223 4173 1256 4214 a
1329 4172 1420 4215 me
1478 4157 1606 4215 fieri
1659 4160 1938 4232 potuisset
2016 4166 2357 4223 adversitate
2408 4162 2688 4222 solliciti:
2745 4162 2846 4222 ubi
2896 4163 3037 4221 dum
3090 4161 3285 4237 quieta
3335 4174 3500 4217 mens
3534 4154 3718 4214 incir-

226 4252 452 4322 ignoro.
507 4246 658 4319 Ergo
714 4261 918 4303 rursus
962 4244 1249 4317 experiar,
1300 4252 1356 4303 et
1402 4260 1476 4302 an
1530 4246 1639 4304 hoc
1695 4247 1937 4322 implere
2016 4253 2349 4327 cumscripti
2395 4251 2637 4311 luminis
2693 4250 3026 4310 amoenitate
3078 4248 3414 4325 perfruitur,
3461 4246 3532 4304 de
3583 4258 3719 4303 suo-

226 4333 516 4409 Ροιιιθτίω
569 4331 1008 4419 ίοάιψίίδηίθᾚ
1054 4345 1379 4403 agnoscatu-
1464 4332 1676 4401 Qllal'ta
1756 4334 1936 4407 igitur
2017 4359 2147 4402 rum
2179 4357 2406 4419 quoque
2432 4341 2761 4401 concivium
2793 4341 3051 4416 praemiis
3080 4336 3545 4399 inenarrabiliter
3586 4350 3721 4408 gra-

228 4422 371 4479 Ῑθνίθ
428 4435 519 4477 ωε
572 4417 832 4476 “subus
871 4417 1035 4483 θκυίν
1091 4424 1147 4475 et
1207 4426 1426 4475 armata
1476 4421 1665 4493 δεορίε
1690 4417 2254 4496 utraﬂuentulatur.
2302 4430 2429 4489 Illic
2478 4431 2613 4489 vitae
2660 4431 2877 4489 fontem
2922 4435 2979 4488 et
3028 4428 3286 4487 sitientes
3320 4425 3617 4491 hauriunt,
3664 4430 3723 4479 et

228 4524 431 4579 manu,
483 4513 653 4565 totam
705 4509 929 4563 noctem
967 4503 1229 4563 ducendo
1276 4506 1637 4581 pervigilem,
1698 4510 1923 4583 psallere

2092 4522 2351 4580 .urientes
2400 4518 2652 4592 sitiunt;
2687 4519 2827 4593 quia
2876 4517 2957 4577 ibi
3017 4532 3130 4575 non
3192 4521 3394 4590 potest,
3453 4512 3545 4571 vel
3592 4509 3719 4569 avi-

231 4621 297 4663 ac
338 4616 433 4661 me
482 4599 788 4659 verberare
830 4614 949 4657 non
987 4597 1201 4668 destiti.
1240 4599 1421 4657 donec
1457 4600 1551 4659 die
1586 4602 1785 4673 altero,
1836 4604 1939 4662 de-
2021 4609 2168 4667 ditas
2214 4608 2543 4681 passionum
2584 4607 2838 4681 gignere,
2878 4605 2971 4665 vel
3022 4604 3251 4663 satietas
3299 4599 3576 4659 fastidire.
3628 4596 3721 4654 Ex

164 4692 171 4699 “
231 4690 416 4753 cursis
457 4688 761 4748 duodecim
803 4703 878 4745 ex
927 4704 1085 4747 more
1134 4688 1438 4763 psalteriis,
1490 4689 1584 4748 die
1630 4692 1797 4751 tertio
1836 4692 1937 4751 de-
2021 4712 2087 4755 eo
2144 4697 2329 4770 plane,
2409 4696 2566 4770 quod
2639 4695 2855 4755 auctori
2926 4694 3063 4752 vitae
3125 4706 3354 4765 semper
3419 4691 3723 4753 assistunt,

232 4783 385 4841 cimo
429 4780 501 4838 ad
530 4778 820 4852 psalmum
853 4803 865 4837 :
910 4803 930 4829 ι
983 4778 1141 4836 Beati
1179 4794 1430 4852 quorum
1471 4782 1633 4853 (Psal.
1667 4794 1866 4858 XXXI),
1908 4809 1935 4833 »ο
2021 4801 2253 4844 omnem
2280 4784 2399 4843 vim
2420 4784 2791 4844 beatitudinis
2811 4784 3063 4842 trahunt.
3093 4782 3244 4840 Hinc
3262 4779 3482 4839 floridas
3507 4780 3725 4852 juven-

233 4886 420 4946 usque
461 4868 699 4944 reptavi.
772 4870 964 4941 Porro,
1015 4869 1167 4943 quod
1201 4870 1368 4929 nobis
1399 4871 1613 4930 durum
1653 4889 1805 4948 saepe
1849 4876 1939 4933 vi-
2024 4876 2165 4934 tutis
2205 4881 2420 4932 aeterna
2448 4874 2728 4943 viriditas,
2771 4876 2908 4933 hinc
2934 4879 3207 4933 venustas
3254 4879 3341 4930 est
3389 4869 3723 4945 pulchritu-

237 4961 410 5019 detur
462 4967 518 5016 et
572 4973 861 5030 asperum,
917 4974 1092 5031 quam
1142 4957 1242 5016 ille
1308 4960 1525 5032 puerile
1592 4962 1830 5037 deputet
1877 4980 1943 5023 ac
2023 4964 2199 5033 dinis,
2230 4973 2284 5022 et
2313 4964 2651 5023 indeﬁciens
2681 4963 2843 5034 vigor
2869 4960 3302 5019 incolumitatis.
3357 4959 3447 5016 Ex
3479 4957 3581 5015 illo
3614 4958 3726 5015 ita-

237 5051 592 5123 despectum,
626 5062 742 5104 uno
768 5048 1077 5104 doceamus
1105 5048 1387 5121 exemplo.
1418 5049 1616 5108 Frater
1647 5050 1793 5107 784
1818 5054 1945 5126 qui-
2025 5050 2169 5108 785
2199 5069 2311 5129 que
2340 5052 2678 5111 aeternitatis
2704 5053 2857 5111 fonte
2887 5051 3232 5126 percipiunt,
3263 5057 3325 5109 ut
3375 5048 3731 5108 aeternaliter

238 5142 372 5200 dam
406 5154 542 5198 cum
578 5151 639 5195 se
664 5150 966 5208 scoparum
999 5133 1208 5192 ictibus
1238 5136 1414 5193 nimis
1445 5139 1782 5198 abhorreret
1811 5147 1949 5199 atte-
2025 5140 2247 5212 vivant,
2300 5141 2662 5200 ineﬂ'abiliter
2704 5140 3033 5214 gaudeant:
3094 5146 3169 5211 et,
3231 5138 3385 5212 quod
3431 5144 3516 5196 est
3557 5136 3735 5207 longe

243 5244 386 5297 rere,
414 5234 589 5300 atque
617 5230 679 5284 ut
716 5225 835 5297 ipse
863 5222 1095 5280 sibimet
1122 5222 1317 5297 plagas
1345 5224 1588 5283 inferret
1617 5236 1790 5301 atque
1816 5245 1945 5303 per-
2024 5230 2412 5304 praestantius,
2472 5231 2543 5288 ad
2588 5229 2846 5303 ejusdem
2909 5228 3232 5287 Conditoris
3288 5225 3737 5287 similitudinem

244 5320 436 5386 ferret,
476 5314 886 5390 gravissimum
906 5312 1234 5386 judicaret;
1269 5314 1500 5372 tandem
1529 5321 1720 5375 tamen
1747 5316 1947 5376 domni
2028 5321 2445 5379 convalescant.
2505 5319 2666 5380 Sicut
2701 5320 2859 5378 enim
2893 5320 3147 5381 Joannes
3174 5318 3529 5393 evangelista
3559 5322 3735 5375 testa-

245 5406 529 5467 Doniinici
556 5405 813 5463 crebrius
849 5403 1135 5462 insistenti
1182 5404 1678 5464 adhortationibus
1712 5408 1947 5481 acquie-
2031 5418 2124 5468 tur
2153 5433 2165 5468 :
2203 5432 2229 5463 «
2260 5410 2404 5468 Cum
2438 5408 2786 5484 apparuerit,
2820 5410 3038 5469 similes
3081 5411 3137 5468 ei
3163 5409 3401 5477 erimus,
3451 5408 3735 5484 quoniam

252 5498 350 5567 vit,
382 5511 446 5555 ac
471 5512 571 5571 per
607 5496 1055 5555 modulationem
1095 5492 1271 5553 totius
1297 5494 1572 5569 psalterii,
1612 5504 1667 5554 et
1710 5497 1950 5571 insuper
2030 5500 2361 5559 videbimus
2388 5516 2521 5558 eum
2571 5498 2741 5559 sicuti
2782 5509 2867 5559 est
2891 5505 2938 5574 (Ι
2956 5506 3113 5558 Joan.
3145 5503 3302 5574 111).»
3351 5501 3519 5560 Tunc
3576 5514 3740 5558 mors

244 5587 669 5664 quinquaginta
712 5586 1091 5659 psalmorum,
1146 5585 1374 5654 sibimet
1434 5585 1797 5660 disciplinam
1866 5589 1951 5646 in-
2030 5591 2292 5664 absorpta
2340 5597 2421 5648 est
2474 5589 2536 5648 in
2571 5589 2807 5649 victoria
2837 5594 2886 5662 (Ι
2908 5593 3026 5650 Cor.
3056 5597 3209 5661 XV);
3252 5591 3562 5664 omnisque
3616 5589 3736 5647 hu.

248 5680 397 5739 ferre
448 5675 696 5751 propriis
751 5675 1022 5736 manibus
1077 5692 1189 5736 non
1243 5677 1508 5738 cessavit.
1567 5678 1707 5738 Erat
1755 5686 1949 5739 autem
2033 5694 2221 5739 manas
2264 5690 2482 5740 natura:
2523 5677 2788 5739 funditus
2830 5680 3045 5740 corruit
3094 5679 3435 5756 corruptela.
3487 5680 3571 5738 De
3622 5679 3737 5737 hac

2017 3545 2174 3595 tanta
2221 3538 2594 3611 reproborum
2634 3537 2947 3597 multitudo
2983 3536 3306 3611 repellitur,
3336 3536 3462 3610 ipse
3504 3534 3576 3592 ad
3608 3550 3723 3593 nu-

2015 3625 2189 3699 ptiale
2234 3626 2568 3685 convivium
2612 3625 2857 3697 ingredi,
2908 3639 3042 3682 cum
3072 3623 3371 3698 splendida
3408 3622 3720 3680 electorum

2016 3716 2299 3786 societate,
2334 3722 2897 3789 mereatur;quantze
2918 3713 3222 3787 dignitatis
3247 3714 3322 3771 sit
3346 3711 3545 3770 adesse
3574 3725 3721 3768 sem-

2019 3823 2117 3879 per
2141 3807 2437 3866 obtutibus
2480 3805 2820 3876 Conditoris,
2852 3803 3227 3877 contemplari
3252 3800 3719 3876 praesentissima;

2016 3900 2264 3973 speciem
2317 3897 2621 3967 Veritatis;
2660 3897 2806 3955 facie
2845 3895 2917 3954 ad
2967 3895 3177 3952 faciem
3225 3893 3413 3952 Deum
3463 3905 3713 3959 cernere,
