4054 6184
431 317 536 377 749

1513 324 1763 385 OPUSC.
1809 326 1902 384 LI.
1945 358 2013 370 —
2053 325 2147 384 DE
2187 325 2368 386 VITA
2407 327 2837 388 EREMITICA.

3818 336 3926 397 750

432 459 604 516 porro
651 443 883 502 civitate
926 451 1157 503 sanctus
1205 446 1550 520 ille,Tobias
1597 449 1818 507 aiebat:
1878 473 1898 500 α
1959 450 2473 525 PortaaAutroque
2523 435 2812 525 procedat.
2859 453 2987 511 Illic
3031 452 3361 512 videbimus
3404 457 3690 529 quomodo
3719 458 3786 528 is,
3821 461 3924 531 qui

439 531 806 590 Hierusalem
845 549 919 590 ex
962 535 1230 608 sapphiro
1255 543 1309 592 et
1337 538 1636 609 smaragdo
1665 539 2134 611 aedilicabuntur;

433 625 488 676 et
515 635 592 676 ex
623 619 810 692 lapide
837 621 1086 692 pretioso
1117 624 1309 681 omnis
1331 625 1610 682 circuitus
1641 641 1938 683 murorum
1973 627 2132 698 ejus;

434 723 508 765 ex
543 709 732 780 lapide
758 711 1006 768 candido
1037 719 1091 768 et
1120 713 1340 770 mundo
1371 729 1574 770 omnes
1602 713 1806 786 plateas
1835 715 1963 784 ejus
1991 722 2138 770 ster-

442 803 688 860 nentur;
739 801 795 852 et
834 812 934 869 per
963 799 1120 857 vicos
1159 800 1284 872 ejus
1334 799 1567 858 alleluia
1614 799 1937 858 cantabitur
1985 803 2138 868 (Tob.

437 885 582 956 X111).
621 909 647 932 »
677 883 760 941 De
793 884 899 942 hac
935 893 990 944 et
1034 887 1284 946 Joannes
1321 890 1430 948 ait:
1481 913 1500 940 α
1537 891 1682 959 Quia
1727 889 1974 963 singulas
2011 905 2142 964 por-

441 981 514 1032 tat
543 975 671 1047 ejus
698 983 860 1032 erant
888 991 960 1033 ex
995 976 1242 1048 singulis
1289 980 1635 1052 margaritis,
1667 985 1723 1036 et
1773 979 1953 1051 platea
1999 979 2144 1036 civi-

441 1064 574 1123 tatis
622 1081 830 1122 aurum
881 1067 1186 1132 mundum,
1221 1074 1494 1143 tanquam
1535 1069 1744 1126 vitrum
1781 1067 2144 1141 perlucidum

435 1155 636 1238 tApoc.
687 1157 837 1222 XXt).
889 1179 914 1202 ιι
965 1153 1044 1212 De
1093 1171 1206 1228 qua
1245 1156 1416 1214 etiam
1463 1171 1600 1213 mox
1642 1156 1888 1228 adjecit:
1939 1153 2144 1223 «Quia

437 1261 554 1302 non
613 1249 740 1318 eget
781 1244 918 1314 sole,
951 1262 1140 1320 neque
1177 1246 1356 1317 luna;
1401 1247 1500 1306 sed
1533 1245 1758 1304 claritas
1790 1247 1892 1304 Dei
1921 1244 2142 1303 illumi-

439 1331 600 1390 nabit
651 1347 800 1392 eam.
853 1339 908 1389 et
954 1333 1186 1392 lucerna
1233 1337 1358 1408 ejus
1402 1341 1486 1394 est
1520 1351 1707 1408 agnus
1753 1335 1951 1404 (IbidJ.
1994 1356 2020 1383 ιι
2055 1331 2144 1389 Ibi

439 1427 714 1494 praeterea
741 1427 946 1479 natura
975 1423 1254 1493 humana,
1291 1440 1423 1497 quae
1455 1424 1650 1481 vitiata
1683 1424 1886 1492 fuerat,
1923 1420 2145 1480 cunctis

443 1509 774 1583 passionum
813 1509 1180 1582 squaloribus
1215 1512 1484 1570 defaecata
1527 1511 1822 1584 tripudiant,
1867 1515 1922 1567 et
1946 1524 2146 1582 azyma

443 1593 611 1667 facta,
669 1596 730 1654 in
783 1613 906 1656 suae
953 1599 1217 1672 puritatis
1255 1605 1426 1674 atque
1468 1599 1814 1657 sinceritatis
1859 1596 2146 1655 munditia

443 1693 787 1759 perseverat.
823 1687 970 1746 Cum
999 1690 1204 1763 spiritu
1233 1691 1540 1764 siquidem,
1571 1697 1626 1746 et
1663 1703 1793 1746 caro
1825 1685 2145 1759 spiritualis

2222 554 2508 612 nusquam
2536 541 2713 610 deest,
2747 558 2862 599 non
2893 559 2992 615 per
3023 551 3232 616 partes.
3263 546 4016 604 sed—W'

2219 628 2508 694 quomodo
2551 627 2726 677 etiam
2771 629 2898 677 neri
2938 619 3133 692 possit,
3183 627 3247 676 ut
3289 625 3344 678 et
3376 617 3636 676 intendat
3675 619 3924 691 singulis

2221 717 2492 782 tanquam
2551 715 2712 766 vacet
2779 708 2852 764 ab
2920 707 3244 774 universis;
3316 705 3576 764 intendat
3629 705 3925 764 universis

2224 805 2497 871 tanquam
2530 803 2689 854 vacet
2715 812 2748 853 a
2777 795 3062 868 singulis;
3119 795 3408 870 quomodo
3440 796 3507 864 is,
3541 795 3640 868 qui
3679 793 3926 852 caelesti-

2225 887 2333 945 bus
2381 887 2739 959 prmeminet,
2797 885 2990 958 abyssi
3045 885 3420 942 fundamenta
3471 890 3781 953 sustentet;
3821 884 3924 956 qui

2227 974 2436 1033 mundi
2489 975 2696 1033 intima
2735 979 3013 1047 penetrat,
3045 973 3332 1048 quomodo
3385 973 3668 1032 exteriora
3721 978 3928 1031 cuncta

2226 1065 2560 1123 circumdat.
2602 1063 2731 1122 lllic
2781 1065 2971 1122 odoris
3008 1064 3262 1122 suavitas
3311 1071 3652 1120 cunctorum
3699 1062 3926 1120 excedit

2225 1154 2378 1211 vires
2428 1161 2773 1222 aromatum,
2828 1167 3064 1210 onmem
3124 1156 3354 1224 superat
3404 1150 3778 1221 fragrantiam
3833 1151 3924 1222 pi.-

2225 1249 2610 1317 gmentorum.
2645 1242 2770 1300 Illic
2819 1242 3118 1300 beatorum
3149 1257 3318 1299 aures
3347 1239 3700 1298 harmonicen
3727 1238 3924 1296 dulce-

2225 1335 2379 1392 dinis
2401 1350 2616 1408 organa
2641 1334 2886 1392 melodia
2914 1332 3291 1408 permulcent.
3323 1331 3450 1389 Illic
3473 1331 3650 1404 pratis
3669 1330 3928 1402 jucunda

2226 1424 2362 1481 satis
2411 1423 2740 1481 amoenitate
2795 1423 3191 1492 vernantibus,
3248 1421 3552 1480 candentia
3611 1419 3732 1478 lilia
3783 1436 3931 1478 nun-

2225 1527 2401 1585 quam
2430 1513 2718 1581 decidunt,
2767 1529 3025 1586 rosasque
3075 1527 3386 1586 purpureae
3418 1526 3552 1569 cum
3581 1511 3794 1569 croceis
3825 1509 3928 1566 ﬂo-

2225 1603 2389 1662 ribus
2453 1619 2570 1662 non
2629 1608 3004 1662 marcescunt.
3069 1603 3141 1658 Et
3198 1607 3349 1660 certe
3405 1601 3476 1660 de
3526 1601 3629 1658 illa
3685 1600 3929 1658 cmlestis

2225 1693 2590 1751 Hierusalem
2621 1692 2975 1750 beatitudine
3015 1691 3366 1763 sempiterna
3397 1689 3926 1763 incomparabiliter

447 1775 614 1844 facta,
665 1777 1004 1848 concordat;
1043 1794 1108 1836 ac
1153 1785 1304 1838 totus
1343 1781 1518 1838 homo
1559 1779 1650 1837 sui
1689 1775 2013 1837 Conditoris
2049 1791 2144 1832 ar-
2169 1783 2358 1864 Bplus
2383 1789 2466 1839 est
2493 1782 2554 1840 in
2587 1799 2648 1840 re
2684 1797 2858 1854 quam
2893 1797 3055 1838 mens
3085 1778 3260 1852 possit
3291 1779 3546 1836 humana
3583 1778 3882 1852 concipere
3912 1797 3924 1846 ;

447 1865 621 1924 bitrio
648 1866 708 1924 in
741 1868 906 1926 nullo
935 1870 1162 1942 penitus
1191 1870 1464 1928 dissonat.
1495 1870 1660 1928 Tunc
1687 1867 1964 1941 impletur
1991 1864 2144 1938 quod
2228 1871 2358 1944 plus
2414 1877 2606 1928 mente
2652 1871 2975 1942 concipitur
3021 1885 3198 1942 quam
3241 1867 3380 1926 ullis
3413 1867 3776 1926 sermonibus
3827 1883 3932 1924 ex-

447 1973 672 2032 sponsa:
697 1973 943 2030 sponsus
969 1956 1292 2031 eloquitur:
1333 1981 1354 2010 α
1398 1957 1558 2026 Veni,
1593 1973 1800 2030 sponsa
1831 1970 1977 2022 mea,
2011 1959 2149 2010 tem—
2231 1960 2490 2032 plicetur.
2525 1959 2676 2028 Quid
2706 1973 2839 2030 ergo
2886 1959 3052 2031 plura
3090 1958 3160 2016 de
3211 1957 3331 2017 illis
3379 1957 3681 2015 beatorum
3713 1957 3932 2014 civium

449 2065 557 2122 pus
577 2050 890 2124 putationis
910 2051 1146 2108 advenit
1168 2054 1348 2120 (Cant.
1369 2057 1450 2120 Il).
1484 2077 1510 2100 »
1543 2051 1823 2110 Surculus
1836 2049 1988 2108 enim
2013 2062 2147 2106 cum
2227 2049 2456 2122 gaudiis
2503 2048 2784 2123 eloquar?
2827 2046 3307 2122 Quandoquidem
3339 2063 3538 2106 eorum
3587 2047 3936 2106 felicissima:

447 2145 700 2212 putatur,
735 2145 1066 2196 remanente
1109 2141 1264 2212 quod
1297 2139 1436 2198 utile
1465 2146 1566 2209 est,
1597 2139 1956 2198 abscinditur
1993 2136 2146 2211 quod
2231 2137 2516 2196 voluntati
2571 2143 2778 2194 cuncta
2833 2151 3069 2208 prorsus
3124 2135 3408 2194 elementa
3465 2135 3822 2206 deserviunt,
3881 2143 3935 2192 et

449 2225 810 2298 superﬂuum
843 2231 945 2284 est.
989 2223 1082 2283 Sic
1120 2241 1194 2283 ex
1247 2226 1504 2284 humana
1535 2234 1740 2284 natura
1779 2231 1973 2284 manet
2014 2223 2150 2298 qui-
2235 2235 2440 2286 cuncta
2470 2227 2540 2284 ad
2572 2243 2774 2286 eorum
2805 2233 3034 2298 nutum,
3068 2225 3264 2284 omnia
3295 2225 3368 2282 ad
3397 2241 3598 2284 eorum
3631 2230 3938 2284 vertuntur

449 2311 579 2370 dem
637 2329 810 2370 omne
883 2313 1036 2387 quod
1091 2313 1362 2372 Conditor
1415 2315 1582 2384 fecit;
1659 2313 1882 2372 tollitur
1957 2319 2152 2370 autem
2234 2318 2560 2376 arbitrium.
2591 2316 2736 2375 Vera
2758 2317 2971 2390 quippe
2994 2323 3078 2374 est
3103 2316 3388 2374 sententia
3417 2315 3517 2374 illa
3544 2331 3658 2391 qua
3684 2314 3936 2374 dicitur:

453 2402 606 2476 quod
633 2401 898 2460 diabolus
925 2403 1163 2462 addidit.
1195 2405 1321 2464 Illic
1343 2421 1548 2463 arcana
1572 2405 1936 2478 singulorum
1959 2411 2154 2477 patent

453 2493 636 2550 oculis
661 2493 945 2552 omnium.
971 2494 1100 2552 Illic
1118 2495 1381 2553 omnium
1405 2503 1626 2554 mentes
1651 2497 1712 2552 in
1733 2494 1920 2552 mutui
1942 2493 2154 2550 amoris

453 2581 672 2639 unione
696 2583 976 2654 conflatm,
1008 2583 1168 2641 nulla
1201 2583 1450 2643 invicem
1483 2585 1752 2642 varietate
1775 2582 2154 2652 dissentiunt;

2239 2433 2264 2458 ι
2297 2407 2504 2465 Omnia
2533 2421 2899 2480 quiscunque
2928 2405 3110 2463 voluit
3135 2405 3436 2472 Dominus,
3469 2405 3600 2464 fecit
3625 2406 3686 2462 in
3713 2404 3857 2463 cmlo
3885 2409 3940 2460 et

2239 2495 2300 2552 in
2369 2499 2560 2562 terra;
2617 2493 2678 2550 in
2734 2493 2883 2551 mari
2940 2498 2996 2550 et
3051 2493 3114 2549 in
3173 2493 3447 2551 omnibus
3497 2491 3720 2565 abyssis
3766 2492 3935 2558 (Psal.

2237 2589 2517 2650 CXXXIV).
2580 2607 2605 2629 υ
2661 2581 2732 2638 Et
2768 2579 2921 2655 quod
2964 2581 3034 2638 de
3065 2581 3245 2654 capite
3276 2579 3507 2650 dicitur,
3549 2579 3618 2636 de
3667 2577 3941 2636 membris

457 2670 553 2726 sed
585 2671 644 2726 in
674 2671 974 2729 communi
999 2672 1315 2731 voluntatis
1341 2673 1533 2732 studio
1561 2688 1762 2731 omnes
1803 2670 2157 2730 unanimiter

458 2760 830 2820 foederantur.
873 2763 1044 2835 Apud
1087 2779 1212 2833 nos,
1269 2781 1402 2824 cum
1457 2779 1574 2822 una
1613 2763 1891 2822 festivitas
1926 2761 2155 2832 colitur,

2239 2687 2468 2746 quoque
2497 2670 2658 2728 illius
2681 2670 2924 2740 dignum
2951 2677 3036 2728 est
3062 2675 3128 2726 ut
3153 2670 3434 2728 credatur.
3477 2668 3585 2726 His
3615 2675 3667 2725 te
3689 2667 3941 2742 gaudiis,

2240 2759 2588 2818 venerabilis
2659 2775 2835 2830 soror,
2923 2759 3078 2817 Deus
3151 2760 3517 2832 omnipotens
3593 2757 3942 2826 introducat,

458 2851 640 2907 altera
674 2867 790 2908 non
823 2850 1107 2923 habetur;
1149 2853 1271 2910 illic
1299 2861 1490 2911 autem
1525 2852 1788 2911 omnium
1823 2850 2158 2908 solemnita-
2239 2847 2476 2920 ipseque
2507 2846 2610 2904 tibi
2642 2847 2716 2904 sit
2751 2846 3086 2918 praemium,
3142 2863 3274 2905 cum
3319 2848 3580 2916 assumit,
3622 2846 3724 2918 qui
3765 2847 3948 2902 factus

463 2945 584 2998 tum
614 2956 842 3014 semper
870 2947 954 3000 est
981 2949 1311 3001 coacervata
1343 2941 1560 3014 lmtitia,
1609 2943 1744 3016 quia
1779 2941 1866 2998 illi
1899 2956 2156 3013 prmsen-
2241 2939 2325 2990 est
2373 2932 2644 3005 pretium,
2701 2947 2834 2990 cum
2883 2933 3142 2990 redemit.
3195 2933 3546 2992 Commenda
3599 2947 3692 2990 me
3741 2931 3946 3006 Moysi,

465 3035 545 3087 tes
591 3030 886 3100 aSSistunt,
940 3031 1040 3104 qui
1096 3032 1526 3091 solemnitatum
1565 3038 1700 3090 sunt
1741 3031 1938 3104 procul
1982 3029 2160 3088 dubio
2242 3027 2300 3080 et
2347 3021 2540 3080 Aaron
2595 3021 2841 3081 ducibus
2893 3023 3023 3092 tuis,
3085 3023 3296 3081 sanctis
3349 3021 3617 3080 videlicet
3667 3019 3842 3078 Vitali
3895 3025 3950 3077 et

464 3131 656 3174 causa.
713 3117 878 3176 Deest
929 3119 1050 3177 illic
1089 3119 1436 3192 ignorantia,
1478 3119 1632 3177 deest
1684 3118 2154 3192 impossibilitas;
2183 3114 2551 3192 r,Ptodulplio
2596 3115 2951 3189 presbyteris
2993 3116 3140 3188 ('26);
3188 3115 3288 3189 qui
3337 3113 3605 3173 videlicet
3654 3112 3944 3181 noverint,

462 3205 599 3278 quia
671 3206 734 3264 in
811 3205 954 3262 786
1017 3207 1332 3282 Sapientia,
1389 3210 1482 3267 cui
1537 3208 1688 3267 uniti
1743 3213 1897 3277 sunt,
1956 3203 2382 3277 cunctauquia
2435 3205 2666 3274 idcirco,
2722 3215 2919 3263 contra
2968 3221 3187 3263 morem
3241 3205 3518 3278 epistolae,
3557 3203 3753 3262 titulos
3803 3203 3952 3260 inse-

385 3335 394 3348 .
465 3291 687 3363 sciunt;
723 3293 784 3350 in
810 3292 1221 3368 Omnipotente
1248 3295 1442 3353 omnia
1469 3301 1726 3368 possunt.
1761 3295 1887 3353 Illic
1917 3296 2164 3354 revelata
2247 3296 2494 3366 ruimus,
2527 3302 2590 3354 ut
2619 3296 2906 3353 inelimati
2934 3303 3106 3370 atque
3131 3295 3346 3370 prolixi
3376 3297 3512 3370 styli
3539 3296 3756 3368 duplex
3787 3293 3952 3352 fasti-

465 3379 611 3437 facie
697 3381 1135 3452 contuebimur,
1217 3383 1506 3457 quomodo
1578 3383 1744 3442 Pater
1795 3383 2166 3442 ineli‘abiliter
2249 3383 2413 3442 dium
2440 3383 2786 3442 levaremus.

467 3466 684 3528 Filium
760 3470 986 3544 gignat,
1068 3472 1360 3545 quomodo
1450 3471 1700 3546 Spiritus
1779 3479 2010 3530 sanctus
2091 3487 2166 3530 eX
2607 3473 2698 3529 Sit
2746 3489 2937 3528 nomen
2975 3475 3192 3528 Domini
3240 3473 3592 3532 benedictum.

530 3629 640 3694 (26)
674 3631 744 3682 De
775 3629 928 3682 Vituli
959 3635 1010 3684 et
1043 3631 1324 3696 Rodulpho
1351 3629 1478 3682 vide
1507 3631 1790 3694 epistolam
1816 3632 1889 3692 14,
1914 3630 2036 3682 libri
2061 3643 2114 3682 v.

509 3807 3950 3836 Ἤ-ᾙ-Ἵ--ᾙ

553 3935 871 3997 ⁷⁸⁷³⁷⁸⁸
957 3957 1784 4076 OPUSCULUM
1894 3961 3183 4094 QUINQUAGESIMUM
3292 3965 3877 4076 PRIMUM.

1291 4171 1395 4232 DE
1441 4172 1627 4234 VITA
1668 4171 2123 4248 EREMITIGA,
2167 4169 2272 4232 ET
2313 4169 2694 4232 PROBATIS
2733 4169 3136 4232 EREMITIS.

477 4481 924 4562 ARﬁUMENTUM.
959 4513 1026 4562 —_
1057 4481 1382 4542 Teuzonem
1417 4485 1790 4562 monachum,
1835 4501 1976 4562 mox
2013 4487 2310 4546 sanctitate
2344 4485 2662 4562 insignem,
2690 4485 2796 4559 qui
2825 4487 2898 4544 ab
2925 4485 3130 4562 abbate
3162 4485 3528 4562 dissentiens,
3559 4491 3970 4562 emonasterio

545 4553 897 4625 discesserat,
929 4564 984 4612 et
1011 4555 1204 4631 ipsum
1235 4563 1498 4614 sanctum
1523 4553 1840 4631 doctorem,
1870 4559 1970 4631 qui
2005 4574 2122 4631 una
2161 4575 2292 4617 cum
2335 4553 2534 4631 eodem
2575 4553 2883 4631 abba’tegut
2932 4575 3028 4616 eos
3065 4559 3314 4617 invicem
3347 4553 3757 4631 reconciliaret,
3799 4563 3868 4620 ad
3911 4579 3970 4620 se

550 4631 803 4702 venerat,
845 4631 969 4702 post
1005 4626 1216 4684 multas
1246 4627 1648 4702 contumelias,
1683 4626 1912 4702 tandem
1938 4645 1969 4687 e
1997 4629 2140 4686 cella
2171 4629 2429 4702 expulit,
2461 4629 2966 4702 mansuetudinem
3002 4637 3061 4702 et
3099 4631 3440 4702 modestiam
3471 4626 3764 4690 traducere
3798 4649 3972 4691 cona-

499 4755 502 4757 λ
552 4703 674 4766 tur;
727 4696 953 4777 dum'ei
983 4703 1158 4777 tantas
1189 4697 1474 4777 superbiae
1502 4713 1703 4777 causas
1733 4706 1798 4777 et_
1825 4699 2010 4777 fontes
2032 4696 2318 4777 exponit:
2375 4696 2680 4768 nimirum,
2729 4700 2881 4777 quod
2925 4701 3032 4757 sub
3071 4701 3657 4777 nulliusdisciplina,
3699 4704 3798 4760 sed
3844 4713 3968 4777 tan-

551 4781 724 4848 quam
754 4768 864 4848 sibi
887 4768 998 4840 ipsi
1025 4768 1356 4848 praeceptor,
1381 4771 1713 4848 monasticae
1745 4768 2240 4848 vitgeinstitutum
2289 4779 2570 4848 sectatus;
2623 4768 2913 4848 quodque,
2967 4768 3855 4848 cumeremitanrproliteretur,
3909 4775 3972 4832 in

556 4837 742 4895 inedia
792 4837 983 4913 tamen
1027 4837 1178 4897 urbe
1207 4837 1264 4896 et
1308 4837 1675 4913 saecularium
1729 4840 2104 4899 multitudine
2135 4843 2310 4898 vitam
2357 4837 2692 4897 traduceret.
2726 4837 2930 4913 Igitur,
2967 4857 3037 4896 na
3068 4841 3360 4913 singulare
3404 4837 3636 4898 vivendi
3669 4837 3853 4913 genus
3881 4861 3972 4902 se-

554 4917 788 4982 quatur,
817 4909 1090 4985 admonet
1116 4930 1129 4985 ς
1164 4911 1332 4985 quod
1360 4927 1534 4984 quam
1565 4913 1952 4984 perniciosum
1983 4915 2074 4980 sit,
2111 4913 2524 4985 monachorum
2556 4909 2942 4985 quorumdam
2977 4910 3122 4968 tristi
3155 4909 3318 4985 exitu
3350 4913 3570 4985 probat.
3601 4909 3973 4974 Discretionis

553 4980 785 5058 quoque
839 4981 998 5058 freno
1049 4980 1398 5039 cohibendas
1445 4980 1583 5058 esse
1619 4985 2034 5058 monachorum
2079 4983 2336 5058 actiones
2388 4980 2656 5058 ostend1t.
2695 4983 2779 5058 Ac
2807 4980 3064 5058 demum,
3105 4998 3174 5040 ne
3203 4983 3273 5040 de
3307 4980 3494 5058 seipso
3524 4991 3653 5058 tam
3703 4988 3972 5058 praeclare

553 5051 830 5130 sentiens,
863 5051 1006 5130 alios
1038 5059 1408 5130 contempat,_
1441 5053 1684 5130 virtutes
1719 5055 1770 5130 ei
1811 5056 2195 5130 quorumdam
2251 5061 2382 5130 ante
2411 5055 2608 5130 oculos
2638 5053 2818 5126 ponit,
2852 5053 2955 5130 qui
2987 5051 3830 5130 tamenumodeStissitnierant,
3866 5075 3972 5130 nec

551 5127 615 5179 ut
643 5121 760 5188 ille,
797 5137 856 5180 se
885 5123 1214 5180 ell‘erebant.
1250 5121 1510 5180 Tandem
1543 5131 1608 5182 ut
1636 5123 1684 5181 ei
1717 5121 2062 5184 humilitatis
2104 5127 2437 5199 exemplum
2471 5121 2738 5198 praebeat,
2785 5121 3016 5184 veniam
3045 5127 3118 5184 ab
3147 5125 3250 5184 illo
3275 5127 3433 5200 petit,
3465 5129 3514 5184 si
3544 5126 3686 5200 quid
3714 5121 3973 5202 asperius

549 5193 786 5250 fortasse
814 5209 847 5250 a
883 5209 944 5250 se
971 5191 1190 5252 dictum
1223 5193 1504 5252 videatur.
3511 5239 3514 5242 ‹

573 5207 786 5250 Ol‘laSSB
814 5209 847 5250 a
883 5209 944 5250 se
971 5207 1190 5252 (llCllllIl
1223 5207 1504 5254 vmeatur.
3511 5239 3514 5242 ‹

557 5351 780 5409 Domno
819 5350 1080 5410 TEUZONI
1126 5351 1382 5410 eremitae
1428 5351 1659 5410 PETBUS
1699 5359 1958 5427 peccator
1987 5351 2530 5426 mona-Dstringat.
2565 5351 2708 5408 Nam
2741 5350 2884 5410 dum
2931 5351 3160 5408 sibimet
3191 5351 3354 5424 quasi
3383 5367 3456 5408 ex
3491 5353 3707 5414 virtute
3751 5357 3978 5430 patien-

481 5440 627 5498 cbus
659 5440 1022 5498 resumendae
1047 5440 1341 5499 charitatis
1365 5441 1652 5499 aculeum.
2275 5440 2370 5498 tite
2423 5439 2692 5508 consulit,
2761 5440 2920 5512 lapso
2991 5439 3152 5496 fratri
3223 5440 3536 5500 salutiferae
3601 5447 3977 5520 correptionis

557 5529 752 5586 Minus
783 5543 842 5588 se
885 5529 1222 5602 proximum
1265 5545 1456 5588 amare
1489 5530 1877 5604 convincitur,
1915 5531 2014 5605 qui
2059 5547 2188 5605 per-
2275 5547 2514 5589 manum
2564 5530 2855 5603 porrigere
2913 5529 3304 5603 parvipendit;
3369 5532 3625 5610 dumque
3689 5541 3978 5610 patientize

489 5615 620 5675 lata:
668 5617 926 5678 laesionls
961 5620 1236 5694 injuriam
1281 5621 1362 5680 sic
1397 5623 1458 5679 in
1496 5629 1788 5680 auctorem
1827 5623 2192 5696 expostulare
2273 5621 2668 5680 immoderataa
2686 5619 3302 5690 deservit,imminuta3
3325 5623 3617 5683 charitatis
3633 5629 3975 5686 sententiam

496 5705 846 5782 dissimulat,
893 5719 958 5769 ut
999 5712 1238 5770 omnino
1283 5729 1344 5772 se
1391 5713 1499 5772 sub
1531 5713 1746 5771 silentii
1781 5729 2026 5772 censura
2056 5729 2191 5770 con-
2275 5729 2388 5770 non
2438 5712 2643 5770 evadit.
2689 5711 2810 5768 Non
2847 5711 3008 5768 enim
3039 5711 3180 5770 dicit
3207 5711 3530 5776 Dominus:
3568 5714 3629 5774 Si
3659 5717 3978 5789 peccaverit
