4054 6184
106 332 207 392 751

108 458 173 517 in
213 462 267 514 te
293 452 444 529 quis,

744 528 893 586 vade
921 525 1229 595 et_corripe
1256 534 1415 585 eum,
1448 520 1513 573 ut
1542 509 1811 600 videlicet

107 597 404 688 correptus
431 610 503 669 ad
532 626 629 668 cor
659 606 865 672 redeat,
899 611 954 659 et
980 600 1274 673 corrigens
1297 606 1451 673 quod
1476 602 1708 662 erravit,
1736 597 1807 655 ad

106 707 249 780 ejus,
273 683 450 760 —unde
479 695 855 772 pessumdatus
888 690 1095 758 fuerat,
1132 704 1335 746 rursus
1370 685 1663 743 charitatis
1693 683 1809 741 cel-

108 774 422 852 situdinem
449 784 828 844 convalescat.
864 780 1014 837 Sunt
1048 777 1333 851 siquidem
1373 775 1507 844 duo,
1540 774 1733 846 lapsus
1757 779 1811 829 et

106 882 301 938 laesus.
343 874 602 933 Charitas
631 883 783 941 ergo,
818 882 951 941 quae
979 866 1133 923 inter
1162 872 1480 937 utrumque
1509 863 1806 937 diiudicat,

106 971 188 1029 sic
223 968 391 1026 debet
420 962 662 1037 justitiee
715 960 905 1017 lances
958 956 1300 1031 appendere,
1346 956 1429 1013 sic
1467 955 1809 1013 inconcusso

106 1056 379 1116 examine
415 1050 703 1126 aequitatis
748 1048 902 1106 inter
947 1062 1043 1105 eos
1076 1048 1213 1120 jura
1240 1061 1489 1114 servare,
1521 1053 1807 1117 quatenus

105 1160 221 1203 non
253 1141 423 1200 modo
450 1137 688 1197 enixius
719 1135 963 1204 studeat,
996 1148 1069 1192 ne
1097 1135 1290 1201 laesus,
1325 1132 1476 1207 quod
1506 1133 1672 1202 absit,
1705 1149 1807 1206 per

105 1230 527 1309 impatientiam
577 1236 823 1298 corruat,
883 1241 1057 1300 quam
1115 1231 1181 1283 ut
1232 1240 1333 1298 per
1399 1222 1804 1282 satisfactionis

105 1324 298 1397 dignae
341 1315 773 1380 commercium,
823 1319 878 1371 et
924 1314 973 1370 is
1022 1327 1254 1385 quoque
1305 1310 1409 1384 qui
1459 1309 1656 1385 lapsus
1703 1316 1808 1383 est,

108 1420 324 1488 surgat.

657 1546 901 1608 CAPUT
935 1543 1252 1605 PRIMUM.

208 1665 406 1723 Albizo
436 1667 487 1717 et
509 1664 571 1718 B.
602 1663 796 1715 Petrus
830 1659 1134 1712 Damianus
1166 1671 1289 1710 cum
1317 1659 1530 1725 quanta
1575 1656 1705 1707 sunt

458 1750 788 1819 difﬁcultate
824 1749 977 1801 intra
1007 1746 1169 1799 limen
1199 1744 1454 1798 admissi.

178 1862 287 1921 Per
338 1858 600 1932 longiora
653 1861 709 1914 te
758 1855 1092 1927 ignotarum
1150 1850 1456 1923 regionum
1513 1847 1656 1917 loca,
1714 1861 1817 1918 per

104 1948 425 2027 praecipitia
471 1945 780 2012 montium,
832 1957 935 2016 per
985 1955 1192 1998 saxosa
1237 1937 1477 2011 Alpium
1529 1939 1819 2008 praerupta

107 2025 506 2115 quaesivimus,
567 2033 795 2091 tandem
854 2029 924 2087 ad
971 2030 1212 2101 januam
1262 2025 1654 2099 pertingentes
1691 2027 1822 2097 post

111 2129 300 2186 multa
320 2138 559 2199 precum
588 2120 827 2194 quidem
855 2125 1206 2186 nostrarum,
1239 2121 1470 2172 tuarum
1497 2117 1689 2170 autem
1723 2126 1821 2169 vo-

111 2214 339 2274 lumina
361 2209 820 2275 altercationum,
853 2219 987 2263 cum
1007 2204 1128 2277 jam
1156 2202 1351 2275 lapsus
1381 2214 1527 2273 pene
1553 2198 1822 2255 deficeret

111 2304 371 2379 spiritus,
399 2301 502 2359 vix
532 2299 773 2356 demum
809 2302 1088 2369 tanquam
1124 2289 1446 2365 importuni
1478 2288 1682 2361 capitis
1711 2288 1817 2346 ho-

110 2377 299 2457 mines
350 2389 585 2451 admissi
642 2402 846 2446 sumus
900 2383 1193 2457 (dominus
1251 2380 1408 2439 enim
1464 2377 1614 2436 mihi
1678 2383 1820 2436 tunc

112 2489 312 2549 Albizo
341 2481 719 2552 adhaerebat);
752 2478 961 2537 intenti
988 2482 1188 2534 autem
1222 2479 1278 2531 et
1308 2487 1426 2529 non
1456 2469 1821 2529 mediocriter

114 2578 271 2639 avidi
309 2569 707 2634 aedificationis
736 2567 1082 2626 documenta
1116 2561 1431 2635 suscipere,
1463 2558 1731 2633 protinus
1756 2556 1819 2615 in

114 2672 238 2746 ipso
289 2673 508 2727 mutum
537 2658 938 2722 collocutionis
966 2656 1206 2715 exordio
1237 2652 1416 2712 coacti
1447 2667 1651 2709 sumus
1693 2650 1820 2723 jur-

116 2735 293 2832 giosis
336 2749 685 2825 quibusdam
731 2741 1199 2803 contentionibus
1250 2738 1578 2806 deservire;
1625 2742 1680 2794 et
1720 2735 1823 2809 qui

116 2824 502 2918 gestiebamus
548 2838 621 2894 de
667 2830 953 2907 spirituali
999 2826 1315 2886 certamine
1368 2824 1609 2884 subtilia
1659 2838 1823 2896 quae-

117 2909 251 2991 dam
303 2937 359 2989 et
402 2926 627 2988 occulta
680 2923 984 2988 discutere,
1036 2916 1138 2976 vix
1193 2915 1425 2973 tandem
1488 2909 1827 2970 suifeciinus

116 3023 421 3101 perplexas
461 3012 810 3091 quaestiones
845 3016 1018 3082 atque
1066 3004 1305 3063 inutiles
1341 3006 1678 3076 arroganter
1722 3000 1828 3057 ob-

556 320 617 382 S.
660 313 881 377 PETRI
922 306 1242 371 DAMIANI
1281 302 1438 364 OPP.
1482 293 1735 359 TOMUS
1781 287 1921 351 SEU
1963 285 2152 347 PARS
2190 282 2296 343 III.
2339 314 2401 326 --
2443 278 2831 342 OPUSCULA
2868 276 3127 339 VARIA.

475 454 669 524 patere
697 449 753 502 et
780 449 944 508 tace;
997 435 1122 508 sed,
1152 434 1198 491 si
1248 427 1569 506 peccaverit
1614 425 1677 482 in
1732 422 2013 489 te,Atum
2053 423 2138 474 est
2177 420 2374 473 utrum
2408 412 2532 485 ipse
2568 407 2931 468 Romualdus
2974 412 3075 465 aut
3121 411 3262 464 tunc
3308 403 3592 463 exstiterit

1497 520 1503 524 .
1585 511 1634 524 ιιι
1676 509 1713 524 1·
1792 514 1801 524 .
2033 514 2042 524 .
2104 523 2117 524 η
2188 504 2270 524 ηΑι
2325 518 2477 524 μη..-
2516 502 2586 524 -ἔι.
2628 502 2686 524 ε...
2729 499 2988 524 --.Απτμυι
3036 504 3295 524 ..κλμ-λικε.
3364 497 3433 524 De
3462 497 3589 524 Ιζιιλι

3488 271 3593 331 752

1890 514 2141 578 sanctus,
2183 504 2274 565 vel
2324 518 2480 562 nunc
2514 502 2588 560 sit
2628 502 2691 558 in
2728 499 2991 575 paradiso
3034 504 3316 572 receptus.
3364 497 3434 555 Et
3462 497 3591 555 licet

1890 605 2084 658 contra
2131 596 2305 654 ﬁdem
2344 593 2517 651 totius
2562 589 2834 649 Ecclesiae
2881 594 3213 648 nostrarum
3262 587 3589 660 provinciae

1890 697 2022 740 rum
2074 684 2197 738 haec
2245 682 2316 737 de
2364 685 2561 737 sancto
2612 679 2736 735 viro
2790 676 3035 750 quaestio
3092 683 3466 734 moveretur:
3520 674 3589 732 ad

1891 770 2254 827 astruendam
2288 776 2478 829 tamen
2523 765 2698 840 partis
2726 773 2936 823 nostrae
2965 764 3333 833 sententiam,
3366 762 3498 820 illos
3525 762 3586 819 in
3645 761 3656 769 ’

1893 858 2286 916 testimonium
2322 862 2547 916 sanctos
2583 855 2955 923 adscivimus,
2996 870 3250 929 quorum
3280 852 3589 912 celeberri-

1893 961 1985 1004 ma
2011 953 2063 1003 et
2096 952 2260 1003 vetus
2287 946 2483 1020 opinio
2529 945 2699 1003 etiam
2742 943 2892 1016 apud
2936 941 3192 1017 plebeios
3220 939 3507 1014 quoslibet
3534 945 3588 998 et

1889 1035 2121 1109 ignaros
2149 1042 2369 1094 mutare
2412 1051 2523 1095 non
2560 1034 2769 1108 possit:
2808 1034 3061 1091 Leonem
3099 1031 3383 1099 videlicet,
3416 1038 3586 1103 atque

1890 1126 2253 1200 Gregorium,
2296 1122 2645 1181 clarissimos
2682 1121 2821 1179 olim
2863 1121 3143 1179 Romanae
3172 1118 3325 1177 sedis
3353 1117 3583 1175 antisti-

1892 1223 1993 1285 tes,
2028 1229 2277 1289 quorum
2328 1212 2559 1286 quidem
2597 1209 2741 1267 alter
2775 1208 3107 1267 authentica
3153 1221 3448 1264 canonum
3486 1204 3588 1262 de-

1892 1311 2043 1364 creta
2089 1302 2446 1377 promulgat;
2488 1300 2633 1358 alter
2675 1298 2989 1356 Ecclesiam
3014 1295 3332 1371 perspicuis
3359 1311 3426 1353 ac
3453 1309 3589 1367 pro-

1892 1393 2092 1454 fundis
2134 1391 2380 1451 coelestis
2423 1388 2770 1461 eloquentiae
2796 1388 3054 1445 fontibus
3079 1385 3298 1458 irrigat.
3342 1384 3453 1443 Sed
3498 1382 3591 1440 his

1890 1481 2222 1551 nominatis,
2255 1478 2616 1538 tantumdem
2646 1484 2746 1534 est.
2786 1475 2932 1533 Nam
2959 1481 3014 1532 et
3053 1489 3225 1547 super
3254 1472 3344 1531 his
3373 1471 3590 1530 nihilo-

1893 1573 2089 1631 minns
2138 1571 2382 1644 quaestio
2426 1568 2789 1641 geminatur:
2832 1565 2956 1634 Quo
3001 1570 3164 1637 pacto
3206 1563 3339 1635 quis
3373 1569 3593 1621 certum

1893 1664 2100 1729 teneat,
2142 1665 2339 1715 utrum
2381 1660 2436 1712 et
2479 1654 2577 1711 isti
2624 1653 2763 1711 tales
2798 1651 3038 1718 fuerint,
3081 1649 3296 1724 quibus
3341 1651 3468 1708 sine
3513 1664 3598 1706 re-

1826 1747 2228 1831 Btractatione
2276 1744 2478 1802 debeat
2526 1743 2669 1800 fides
2719 1738 3169 1809 accommodari,
3232 1738 3357 1796 sive
3420 1739 3595 1796 etiam

1894 1836 2057 1910 digni
2082 1836 2199 1894 sint
2224 1835 2377 1892 intra
2404 1841 2735 1891 sanctorum
2755 1829 3080 1903 catalogum
3107 1828 3451 1903 percenseri.

1970 2051 2179 2105 Rursus
2215 2052 2440 2118 uterque
2469 2062 2635 2116 quam
2672 2047 2947 2100 inhoneste
2974 2044 3187 2110 fuerint
3229 2042 3524 2096 eliminati.

1973 2141 2235 2215 Cumque
2277 2140 2401 2196 hanc
2430 2144 2485 2195 et
2513 2136 2626 2194 alia
2654 2136 2823 2210 plura
2860 2135 2923 2192 in
2964 2131 3463 2193 sermocinationis
3507 2130 3599 2187 de-

1900 2248 2076 2291 cursu
2126 2231 2496 2305 impudenter
2539 2228 2859 2297 efﬂuerent,
2898 2241 3032 2300 quae
3077 2239 3195 2282 non
3228 2223 3398 2281 modo
3427 2221 3596 2279 illum

1902 2323 2157 2382 fructum
2177 2317 2673 2389 aediﬁcationis,ad
2689 2331 2861 2390 quem
2882 2313 3285 2388 gliscebamus,
3309 2311 3601 2379 afferrent,

1901 2412 1999 2471 sed
2048 2424 2465 2484 supervacuam
2512 2405 2704 2481 potius
2743 2400 3269 2461 interminabilium
3318 2397 3601 2472 quaestio-

1901 2516 2047 2560 num
2079 2483 2386 2571 caliginem
2415 2496 2791 2569 generarent;
2839 2490 3073 2549 tandem
3110 2487 3420 2546 recolentes
3450 2483 3599 2542 illud

1903 2607 2018 2666 quo
2049 2590 2296 2648 dicitur:
2342 2608 2369 2640 «
2412 2586 2667 2644 Verbum
2697 2581 3099 2640 abbreviatum
3131 2579 3297 2636 faciet
3318 2575 3604 2636 Dominus

1904 2665 2049 2755 (lsai.
2083 2681 2162 2753 Χ),
2211 2701 2231 2729 ι
2274 2675 2438 2751 quasi
2468 2675 2538 2732 de
2559 2673 2814 2747 spumosi
2849 2669 3027 2727 maris
3058 2666 3389 2742 procellosis
3418 2665 3601 2723 turbi-

1905 2754 2081 2827 nibus
2131 2770 2509 2837 emergentes,
2559 2762 2631 2820 ad
2671 2760 2778 2818 tuti
2826 2766 3025 2832 portus
3074 2756 3269 2814 sinum
3319 2754 3607 2828 applicare

1907 2858 2257 2925 studuimus,
2304 2854 2444 2913 dum
2477 2852 2548 2909 de
2580 2851 2871 2917 charitate,
2903 2849 2967 2906 in
3010 2863 3125 2920 qua
3164 2845 3327 2903 nulla
3360 2843 3607 2917 quaestio

1909 2947 2232 3013 videbatur,
2266 2941 2455 3001 adorsi
2488 2956 2709 2999 sumus.
2754 2938 2890 2995 Erat
2917 2936 3133 3011 quippe
3165 2935 3317 2993 inter
3341 2942 3396 2991 te
3421 2942 3476 2989 et
3503 2931 3608 2989 ab-

1916 3036 2102 3093 batem
2172 3032 2258 3091 tui
2337 3027 2668 3088 monasterii
2738 3041 2854 3083 non
2928 3023 3160 3083 ferenda
3226 3020 3492 3078 simultas
3554 3022 3610 3076 et

114 3117 312 3190 jeCtaS'
357 3110 572 3180 inepta)
613 3098 1045 3190 Videhcetlms
1098 3100 1399 3190 “13.185131?
1449 3089 1786 3190 “099153”?
1810 3112 1823 3145 ⁵
1850 3089 2231 3184 Cinve—terata
2266 3119 2571 3179 discordia.
2624 3117 2729 3178 Ille
2775 3115 2954 3189 igitur
2989 3120 3182 3187 utpote
3210 3113 3298 3170 vir
3328 3111 3504 3180 mitis,
3545 3124 3612 3166 ac

123 3176 334 3280 quippe
375 3176 830 3256 conveneramus
871 3183 1078 3247 Etiam,
1115 3179 1208 3237 vel
1242 3178 1487 3237 Paulum
1521 3176 1718 3233 videre
1766 3176 1826 3231 in

121 3264 313 3352 eremo
367 3280 666 3343 humiliter
718 3269 1251 3342 latitantem,-citra
1300 3282 1460 3340 spem
1508 3264 1831 3339 reperimus

124 3372 547 3456 quodammodo
589 3369 966 3428 Xenocratem
1005 3360 1066 3417 in
1106 3356 1411 3433 gymnasio
1452 3354 1832 3430 grandiloque

127 3444 271 3525 '589
313 3466 766 3540 proponentem:
815 3454 934 3513 imo
990 3449 1208 3540 quibus
1257 3451 1591 3540 menserat
1640 3444 1831 3501 imita-

129 3532 530 3625 tionis-gratia
567 3559 781 3618 agnum
813 3537 1145 3611 conspicere
1190 3534 1411 3603 mitem,
1443 3532 1688 3590 ferocem
1726 3545 1830 3603 po-

129 3646 244 3703 tius
290 3618 520 3698 taiirum
555 3631 909 3691 incurrimus
946 3624 1219 3684 cornibus
1257 3621 1594 3679 immaniter
1640 3618 1830 3676 venti-

127 3734 359 3791 lantem.
392 3726 549 3784 Inter
565 3723 718 3796 ipsas
738 3727 929 3776 tamen
951 3712 1341 3787 quaestionum
1365 3707 1835 3767 contentionum-

129 3839 241 3897 que
273 3814 647 3878 densissimas
677 3807 1011 3883 grandines,
1048 3810 1219 3878 prout
1249 3800 1510 3868 licuerat,
1548 3796 1705 3855 mitis
1734 3796 1836 3854 ille

128 3885 464 3988 praedicator
487 3903 555 3961 ad
591 3897 931 3959 memoriam
962 3893 1308 3960 recurrebat,
1343 3889 1577 3946 dicens:
1621 3910 1642 3938 α
1689 3885 1842 3944 Stul-

131 3976 236 4071 ias,
294 3997 501 4073 inquit,
559 3999 614 4052 et
666 3990 792 4049 sine
858 3985 1160 4060 disciplina
1213 3980 1567 4057 quaestiones
1628 3976 1835 4044 devita,

130 4094 318 4153 sciens
357 4064 497 4164 quia
542 4088 818 4159 generant
863 4079 1026 4144 lites;
1077 4088 1312 4133 servum
1361 4075 1558 4129 autem
1607 4064 1839 4125 Domini

136 4198 251 4241 non
279 4158 497 4254 oportet
526 4158 772 4245 litigare,
809 4168 906 4226 sed
946 4169 1322 4224 mansuetum
1372 4175 1498 4218 esse
1529 4158 1601 4215 ad
1635 4171 1840 4214 omnes

138 4277 206 4346 (II
245 4245 381 4327 Tim.
425 4271 504 4329 Ill.
538 4287 558 4315 ι
606 4262 673 4318 Et
703 4260 947 4316 iterum:
995 4276 1022 4306 «
1066 4252 1197 4309 Noli
1224 4249 1416 4307 verbis
1441 4245 1837 4305 contendere:

142 4331 288 4418 nihil
318 4354 473 4413 enim
526 4347 667 4407 utile
712 4352 815 4415 est,
843 4343 958 4400 nisi
988 4342 1059 4399 ad
1110 4337 1550 4397 subversionem
1596 4331 1842 4390 audien-

1911 3214 2194 3288 siniplicis
2225 3211 2429 3281 animi,
2460 3207 2866 3283 sponsionibus
2909 3202 3034 3262 suis
3065 3208 3267 3260 cuncta
3296 3198 3487 3271 dignae
3518 3212 3609 3253 sa-

1913 3282 2252 3365 tisfactionis
2302 3309 2359 3359 et
2424 3282 2774 3358 humilitatis
2836 3297 2969 3369 jura
3029 3289 3399 3356 transcendit,
3460 3282 3606 3341 790

1912 3405 1967 3454 et
2006 3410 2110 3452 nos
2152 3390 2435 3466 ‘sequestri
2473 3388 2703 3447 foederis
2744 3384 2895 3442 inter
2938 3397 2999 3441 se
3049 3387 3104 3439 et
3149 3386 3201 3437 te
3243 3382 3613 3436 exsecutor-es

1914 3483 2182 3544 instituit.
2214 3465 2432 3538 Verum
2462 3492 2568 3535 nos
2592 3476 2735 3534 dum
2760 3471 2966 3531 alienis
2993 3468 3263 3529 amicitiis
3284 3465 3613 3524 inconsulte

1913 3571 2297 3641 consulimus,
2351 3571 2413 3628 in
2468 3564 2835 3641 implacabile
2889 3562 3088 3621 odium
3142 3556 3360 3632 proprii
3412 3553 3616 3628 capitis

1914 3658 2172 3719 devoluti
2203 3672 2407 3715 sumus
2436 3674 2448 3714 ί
2493 3653 2639 3728 quin
2669 3651 2859 3725 potius
2896 3650 2959 3707 in
2991 3645 3328 3707 oblatrantis
3356 3641 3615 3714 Charyb-

1916 3749 2006 3807 dis
2036 3750 2185 3807 latus
2213 3745 2549 3813 incidimus,
2579 3732 2683 3817 qui
2714 3755 2818 3798 nos
2864 3737 3128 3812 Scyllaea;
3155 3732 3447 3807 voraginis
3474 3744 3614 3787 nau-

1925 3839 2175 3911 fragium
2214 3834 2464 3893 evasisse
2508 3815 2918 3890 credebamus:
2953 3826 3163 3884 dehinc
3209 3821 3409 3897 paucis
3450 3815 3620 3892 quasi

1922 3906 2242 3986 rationibus
2298 3917 2765 3980 irrationabiliter
2800 3911 3056 3980 redditis,
3090 3918 3310 3969 etcum
3334 3906 3528 3981 jurgio
3567 3909 3622 3961 et

1922 4017 2127 4072 timore
2156 4012 2519 4084 impatienter
2547 4006 2768 4077 effusis,
2807 4004 2880 4062 ad
2920 4001 3136 4060 trabale
3171 3998 3387 4058 scilicet
3417 3995 3619 4053 odium

1928 4120 2043 4162 non
2078 4098 2470 4169 evellendum,
2501 4097 2600 4155 sed
2630 4094 2866 4153 enixius
2906 4087 3287 4149 radiamdum
3316 4106 3332 4157 ;
3388 4084 3619 4143 tandem

1921 4209 2024 4266 per
2075 4187 2429 4248 semicinctia
2474 4182 2739 4257 correpti,
2790 4180 3072 4239 violenter
3117 4174 3505 4240 excludimur,
3566 4178 3624 4228 et

1926 4264 2045 4357 prae
2083 4278 2370 4339 damnatis
2405 4275 2628 4334 foribus
2666 4272 2950 4331 familiare
2983 4267 3345 4343 colloquium
3376 4264 3623 4324 ulterius

1928 4353 2041 4429 non
2080 4382 2387 4425 meremur.
2438 4363 2624 4437 Digna
2668 4357 3208 4419 nimirumultione
3254 4353 3506 4423 multati,
3558 4357 3623 4409 ut

137 4448 288 4506 tium
336 4443 547 4513 abii)“
587 4458 614 4489 ”
654 4434 806 4493 Illud
840 4440 1483 4535 q“°““‘i“°”.1’“3‘"5‘??
1511 4422 2041 4535 “Cid‘fi‘at‘nﬁlﬁ
2080 4422 2662 4515 ini—commendandm
2706 4448 2998 4508 charitatis
3027 4446 3245 4503 crimen
3293 4422 3626 4510 incidimus,

144 4566 171 4594 ⁶¹
214 4538 699 4628 Ρτοταηειβὲιίθτη
745 4535 799 4628 (ἶί
842 4542 991 4627 .vam}
1023 4522 1536 4628 ,θῖοαωίῗηᾴῗῖηω
1575 4518 1906 4628 ,Ῥψωίῗυ
1932 4518 1987 4611 et
2014 4553 2169 4628 quod
2199 4551 2257 4608 in
2292 4546 2610 4608 homicidas
2635 4546 2847 4603 durum
2874 4548 2977 4613 est,
3005 4546 3278 4614 perpetuo
3306 4536 3464 4608 digni
3496 4533 3630 4592 odio

142 4630 301 4690 enim
355 4621 664 4698 proﬁciunt
718 4619 787 4676 ad
838 4616 1192 4691 impietatem
1252 4614 1456 4685 (Ibid.).
1499 4637 1526 4661 κ
1573 4610 1731 4698 Haec,
1796 4616 1852 4667 et

68 4714 75 4721 ’
146 4697 480 4792 hujusmodi
532 4709 698 4769 nobis
752 4707 917 4766 tacite
968 4704 1420 4773 conferentibus,
1475 4697 1621 4757 illud
1680 4698 1850 4757 etiam

144 4791 279 4869 cum
306 4802 505 4866 eodem
540 4800 830 4875 Apostolo,
861 4799 1112 4856 clamoso
1144 4795 1399 4870 quodam
1428 4791 1683 4861 silentio,
1712 4806 1851 4849 con—

144 4898 381 4960 scientia
430 4890 841 4968 respondebat:
898 4912 923 4935 ‹‹
966 4886 1028 4945 Si
1059 4885 1211 4958 quis,
1245 4883 1511 4958 inquam,
1546 4880 1673 4938 vult
1715 4893 1851 4936 con-

146 4990 427 5049 tentiosus
466 4998 609 5052 esse,
658 4995 762 5037 nos
812 4974 1151 5049 hujusmodi
1200 4970 1683 5031 consuetudinem
1736 4983 1851 5026 non

120 5079 433 5137 habemus
461 5076 510 5141 (Ι
545 5074 663 5129 Cor.
705 5070 810 5136 x1).
856 5089 881 5115 ι»
925 5063 1075 5134 Quid
1103 5061 1314 5135 plura?
1338 5059 1598 5117 Tandem
1626 5071 1761 5114 cum
1791 5055 1851 5111 in

151 5173 305 5226 arcto
356 5161 526 5236 positi
587 5154 997 5229 multiplicium
1049 5150 1442 5222 objectionum
1505 5145 1855 5203 vallaremur

154 5231 456 5329 angustiis,
486 5249 587 5309 ubi
619 5242 997 5306 ratiocinandi
1028 5239 1190 5314 copia
1219 5244 1519 5311 suppetere
1545 5233 1735 5292 desiit.
1783 5231 1854 5289 ad

156 5323 484 5405 sanctorum
515 5355 651 5398 mox
693 5332 957 5407 exempla
984 5330 1376 5403 confugimus,
1414 5332 1477 5384 ut
1507 5323 1627 5381 illis
1654 5323 1855 5380 saltem

157 5434 301 5493 ﬁdes
347 5432 623 5490 habeatur
664 5441 915 5502 quorum
966 5422 1283 5481 auctoritas
1335 5418 1404 5476 ad
1461 5415 1856 5491 probationem

155 5523 554 5595 cujuscunque
601 5515 814 5589 negotii
857 5515 1256 5571 incunctanter
1291 5506 1634 5566 admittitur.
1678 5504 1856 5560 Cum-

157 5594 271 5688 que
320 5624 492 5680 super
536 5604 787 5677 quodam
837 5598 1263 5673 disceptationis
1319 5594 1562 5655 articulo
1622 5598 1857 5651 sanctus

161 5677 516 5760 Domualdus
544 5693 603 5751 in
632 5691 1027 5749 testimonium
1053 5687 1380 5755 duceretur,
1413 5689 1618 5757 prmsto
1646 5677 1859 5754 quaesi-

1935 4623 2322 4702 censeremur.
2373 4638 2789 4695 Verumtamen
2824 4647 2897 4689 ne
2932 4630 3002 4688 de
3048 4628 3141 4686 his
3190 4625 3393 4685 leviter
3445 4623 3634 4680 ridere

1939 4733 2259 4799 videamur,
2291 4744 2423 4803 quae
2450 4727 2562 4800 piis
2594 4723 2883 4782 mentibus
2915 4720 3165 4779 fraterna
3202 4722 3339 4774 sunt
3367 4726 3629 4786 compas-

1934 4824 2097 4882 sione
2168 4819 2432 4895 legenda,
2496 4816 2819 4874 inhonestae
2898 4807 3257 4870 confusionis
3329 4804 3633 4863 historiam

1936 4917 2238 4990 hucusque
2264 4908 2629 4971 contexuisse
2657 4902 2921 4965 sufﬁciat.

1972 5132 2125 5200 Quod
2158 5128 2435 5186 monachis
2461 5128 2521 5181 in
2546 5122 2678 5178 urbe
2705 5117 3041 5175 morantibus
3065 5113 3394 5182 arrogantia
3420 5114 3602 5164 tumor

2668 5208 2912 5277 obrepat.

2011 5315 2180 5373 Nunc
2206 5308 2362 5370 unde
2383 5305 2489 5365 tibi
2514 5302 2690 5375 hujus
2712 5299 2871 5371 origo
2902 5294 3178 5355 morbidae
3202 5290 3350 5349 tabis
3373 5287 3639 5359 obrepse-

1941 5404 2032 5472 rit,
2078 5396 2474 5459 tantummodo
2504 5401 2556 5451 te
2584 5393 2633 5450 si
2662 5392 2737 5449 sit
2784 5384 3051 5460 possibile
3077 5381 3282 5441 audire
3308 5376 3635 5472 patienter,

1938 5510 2043 5567 ego
2089 5507 2201 5549 non
2245 5486 2526 5562 gravabor
2568 5494 2875 5557 exponere.
2908 5475 3085 5534 Nulla
3131 5468 3429 5546 siquidem
3473 5463 3643 5522 disci-

1939 5554 2116 5658 plina,
2165 5587 2229 5638 ut
2246 5554 2497 5642 “dicitur,
2554 5554 2886 5629 monasticae
2942 5559 3330 5622 institutionis
3383 5554 3637 5624 attritus,

1940 5648 2048 5734 sub
2076 5648 2237 5731 nulla
2268 5679 2550 5741 majorum
2579 5660 2836 5720 custodia
2874 5658 3212 5721 maceratus,
3242 5649 3304 5708 in
3338 5648 3462 5721 ipso
3488 5656 3632 5700 con-
