4026 6190
433 244 539 306 753

1510 250 1765 311 OPUSC.
1810 254 1904 311 L1.
1948 286 2013 297 -ο
2054 255 2149 314 DE
2189 255 2370 316 VlTA
2412 256 2839 316 EREMITICA.

3816 257 3919 315 754

432 368 726 429 versionis
772 383 941 427 nova
983 369 1248 428 tirocinio
1307 371 1497 432 adhuc
1560 374 1743 434 durus
1785 384 1841 434 et
1892 378 2399 451 rigidus,Alustra
2445 397 2559 438 non
2608 380 2837 453 prodiit,
2885 381 2986 437 sed
3030 393 3219 452 neque
3249 379 3487 452 capillos
3519 379 3778 449 totondit,
3812 395 3920 438 ne-

432 456 615 529 hujus
664 457 935 529 propositi
988 458 1096 514 iter
1141 458 1447 531 arripiens,
1489 469 1623 519 ante
1669 463 1890 537 capiin
1936 466 2136 524 docere

431 559 608 619 quam
666 542 907 614 discere,
945 544 1104 616 prius
1137 544 1471 619 depromere
1518 565 1693 622 quam
1734 550 1928 623 legum
1970 568 2136 610 man-

430 635 563 693 data
608 650 856 692 servare.
921 634 1049 692 Huc
1099 636 1316 694 accedit
1364 638 1519 711 quod
1567 639 1918 699 eremitiram
1959 642 2136 700 vitam

432 738 547 782 non
581 724 640 780 in
677 739 889 792 eremo,
933 724 1031 781 sed
1083 724 1235 783 intra
1272 728 1565 799 populosa
1597 728 1757 786 urbis
1786 732 2001 788 mania
2027 732 2136 789 du-

430 826 556 868 cere
584 809 886 867 decrevisti
912 828 927 879 ;
964 810 1065 867 ubi
1094 810 1377 872 nimirum
1405 816 1692 888 quidquid
1722 832 1755 873 a
1783 824 1897 876 tam
1926 821 2141 893 magni-

431 903 524 961 ﬁci
557 902 814 960 nominis
857 906 1085 959 auctore
1130 902 1479 977 pracipitur,
1520 905 1603 963 sic
1642 908 1969 981 arripiatur,
2008 917 2135 967 tan-

432 1004 609 1063 quam
626 987 674 1044 si
690 1004 724 1044 a
740 987 830 1044 sib
839 986 1017 1059 yllino
1033 987 1195 1046 aditu
1214 989 1472 1048 vaticinii
1484 992 1783 1052 oraculum
1795 1004 2132 1068 reportetur.

439 1076 567 1147 Sed,
600 1091 819 1149 quaso,
848 1076 897 1132 si
928 1076 1249 1134 monachus
1277 1092 1358 1148 es,
1389 1078 1530 1150 quid
1563 1079 1665 1137 tibi
1692 1096 1824 1139 cum
1856 1083 2139 1141 urbibus?

438 1167 501 1227 Si
522 1168 781 1233 eremita,
810 1165 950 1239 quid
982 1165 1084 1224 tibi
1113 1181 1246 1224 cum
1274 1166 1491 1226 civium
1518 1169 1770 1228 cuneis?
1799 1170 1947 1239 Quid
1977 1172 2137 1229 enim

433 1255 616 1327 cella,
645 1254 738 1313 vel
781 1255 903 1312 fora
947 1254 1279 1328 strepentia,
1312 1257 1406 1314 vel
1438 1258 1641 1316 turrita
1669 1259 1975 1317 conferunt
2006 1276 2138 1334 pro-

436 1339 809 1417 pugnacula?
848 1342 1021 1399 Enim
1068 1358 1205 1401 vero
1256 1343 1379 1417 qui,
1429 1349 1705 1417 tanquam
1737 1345 2139 1405 deficientibus

434 1431 619 1502 silvis,
659 1430 1035 1489 solitudinem
1068 1430 1131 1488 in
1168 1431 1417 1489 urbibus
1449 1443 1744 1505 quarunt,
1793 1434 1933 1507 quid
1978 1435 2138 1493 aliud

432 1520 785 1580 credendum
831 1526 937 1591 est,
988 1519 1103 1577 nisi
1155 1519 1308 1593 quod
1357 1522 1631 1580 solitaria
1676 1524 1810 1582 vita
1854 1539 1967 1581 non
2019 1540 2140 1597 per-

433 1609 759 1679 fectionem,
803 1607 901 1666 sed
940 1608 1195 1667 favorem
1244 1609 1436 1683 potius
1468 1618 1523 1668 et
1565 1611 1809 1683 gloriam
1841 1628 2137 1686 aucupan-

2218 485 2331 543 que
2360 470 2597 528 barbam
2637 471 2792 527 rasit.
2827 470 2948 527 Hoc
2981 469 3268 543 siquidem
3309 475 3365 527 et
3413 470 3523 544 ipsi
3567 471 3753 528 crines
3798 470 3924 528 evi-

2218 557 2418 616 denter
2465 567 2750 627 asserunt,
2798 558 2903 632 qui
2944 558 3183 631 jamjam
3244 558 3387 615 forte
3430 558 3774 630 prolixiores
3825 558 3923 615 illo

2220 645 2503 703 talotenus
2564 646 2771 704 ﬂuunt.
2830 645 3169 718 Quanquam
3231 661 3335 705 nos
3391 647 3496 703 hoc
3547 645 3925 704 districtionis

2219 748 2402 804 genus
2433 734 2673 790 minime
2702 735 3031 806 probemus.
3077 735 3271 808 Hujus
3311 735 3507 808 itaque
3536 736 3811 794 continuo
3841 744 3924 794 te-

2222 837 2361 879 nore
2392 821 2518 879 talis
2546 831 2629 879 est
2661 822 2797 888 vita,
2831 830 2894 879 ut
2926 823 3107 881 tribus
3137 839 3238 896 per
3276 824 3694 883 hebdomadam
3722 825 3927 884 diebus

2219 910 2300 968 nil
2336 910 2563 983 penitus
2600 909 2878 978 comedat,
2914 908 3096 968 tribus
3121 917 3314 968 autem
3342 912 3653 985 quamdam
3685 928 3925 971 mensu-

2219 1018 2343 1060 ram
2375 1002 2539 1074 panis
2572 1018 2704 1060 cum
2735 1016 2883 1075 aqua
2912 1000 3186 1074 percipiat
3214 1018 3229 1072 ;
3274 1000 3591 1060 Dominicis
3626 1011 3820 1060 autem
3870 1008 3935 1059 et

2218 1090 2525 1165 pracipuis
2556 1091 2713 1147 festis
2746 1105 2857 1146 non
2889 1089 3126 1162 quidem
3154 1088 3542 1162 pulmentum,
3574 1091 3696 1148 sive
3735 1090 3925 1164 liqua-

2221 1195 2352 1237 meu
2380 1179 2633 1253 aliquod,
2665 1178 2762 1235 sed
2791 1176 3103 1253 quamdam
3131 1178 3243 1237 sibi
3269 1178 3555 1237 frixuram
3574 1178 3749 1253 quasi
3782 1180 3927 1237 edu-

2220 1266 2364 1325 lium
2397 1273 2691 1340 praparat.
2727 1265 2909 1336 Quam
2937 1282 3074 1324 sane
3109 1267 3342 1339 vidisse,
3386 1276 3439 1326 et
3484 1283 3602 1325 non
3652 1268 3922 1341 tetigisse,

2220 1355 2633 1431 propemodum
2664 1356 3032 1413 refectionem
3058 1356 3368 1426 ducimus;
3408 1364 3669 1429 gustasse
3710 1366 3925 1429 autem,

2222 1443 2310 1501 vel
2340 1444 2511 1501 etiam
2560 1444 2838 1514 olfecisse,
2885 1452 3103 1518 partem
3152 1445 3507 1518 pauitantia
3561 1446 3924 1520 deputamus.

2221 1534 2396 1592 Porro
2440 1539 2631 1590 autem
2682 1533 2798 1590 duo
2834 1532 2895 1589 in
2934 1533 3062 1606 ejus
3108 1533 3319 1592 cellula
3356 1541 3647 1607 serpentes
3674 1533 3796 1607 jam
3828 1550 3931 1607 per

2219 1621 2417 1695 plures
2453 1634 2658 1691 annos,
2699 1627 2763 1677 ut
2795 1620 2991 1685 fertur,
3026 1620 3386 1679 familiariter
3430 1622 3768 1695 spatiantur.
3818 1621 3929 1691 Qui

433 1705 530 1791 tur
611 1698 737 1791 Illic
771 1698 967 1771 igitur,
996 1704 1218 1791 captato
1266 1698 1427 1791 vulgi
1481 1700 1697 1791 favore,
1737 1701 2135 1771 circumfluus,
2159 1708 2415 1791 Betiam,
2449 1714 2511 1766 ut
2542 1707 2663 1781 ipse
2692 1708 2920 1778 fatetur,
2967 1707 3110 1765 dum
3151 1706 3251 1765 ille
3283 1706 3403 1766 solo
3441 1716 3757 1781 prostratus
3799 1710 3931 1768 lita-

430 1788 571 1863 quid
630 1787 737 1845 tibi
792 1803 957 1845 mens
1012 1787 1103 1845 vel
1156 1789 1470 1861 improvisa
1522 1790 1857 1862 dictaverit,
1910 1787 2458 1864 proprio—nierum
2518 1797 2666 1855 votis
2719 1797 2952 1867 insistit,
3009 1798 3159 1856 circa
3206 1805 3376 1871 caput
3427 1798 3552 1871 ejus
3611 1798 3751 1856 hinc
3796 1799 3932 1857 inde

425 1880 647 1955 judicio
672 1881 766 1938 lex
799 1880 1084 1949 habetur;
1118 1880 1408 1955 quidquid
1435 1896 1689 1954 praceps
1713 1881 1915 1955 lingua
1941 1882 2140 1940 decur-

430 1971 591 2041 rerit,
624 1971 908 2029 sententia
944 1971 1273 2044 deputatur.
1304 1970 1421 2029 Nec
1448 1980 1499 2029 te
1533 1972 1751 2030 metiris
1776 1973 1948 2045 juxta
1982 1972 2135 2030 testi-

431 2060 693 2118 monium
727 2060 974 2133 propria
1003 2060 1389 2131 conscientia,
1420 2060 1518 2117 sed
1553 2062 1874 2120 secundum
1908 2063 2135 2136 opinio-

380 2222 387 2229 .
427 2162 561 2204 nem
603 2146 793 2219 potius
830 2145 1219 2203 assentatricis
1264 2146 1468 2216 turba,
1514 2148 1667 2220 apud
1703 2164 1881 2222 quam
1932 2150 2134 2208 videli-

425 2242 510 2292 cet
540 2232 760 2291 venalis
784 2234 969 2306 pallor
998 2234 1059 2291 in
1090 2235 1279 2300 vultu,
1314 2243 1370 2292 et
1396 2236 1663 2295 auditum
1693 2253 1902 2296 nomen
1923 2241 2136 2312 jejunii

429 2329 720 2394 stuporem
762 2320 1052 2379 mentibus
1086 2322 1314 2396 ingerit.
1352 2322 1569 2382 Vinum
1609 2340 1860 2399 namque
1888 2327 1947 2384 in
1994 2328 2137 2384 urbe

427 2409 669 2479 nescire,
701 2408 1031 2482 prodigium
1073 2419 1156 2466 est
1184 2426 1199 2481 ;
1243 2410 1302 2466 in
1332 2426 1527 2468 eremo
1554 2411 1771 2483 bibere,
1807 2413 1942 2470 satis
1969 2414 2138 2486 igno-

429 2494 563 2554 bile.
617 2494 822 2554 Oleum
877 2497 933 2553 in
983 2510 1178 2553 eremo
1222 2511 1452 2570 magna
1502 2497 1774 2568 delicia;
1826 2498 1885 2555 in
1927 2500 2138 2572 p0pulo

425 2593 641 2655 autem,
673 2585 774 2661 qui
820 2586 1020 2644 saltem
1055 2586 1258 2644 arvina
1302 2603 1419 2646 non
1463 2587 1728 2657 vescitur,
1777 2588 2139 2647 abstinentia

425 2677 616 2751 palma
671 2678 938 2735 donatur.
984 2674 1254 2733 Cilicium
1286 2676 1342 2735 in
1377 2692 1570 2735 eremo
1600 2676 2030 2748 vestimentum,
2076 2677 2134 2734 in

426 2767 570 2826 urbe
596 2766 1006 2840 spectaculum.
1036 2766 1316 2824 Cruribus
1341 2767 1705 2842 pedibusque
1732 2768 1961 2826 nudatis
1987 2769 2141 2826 ince-

425 2855 559 2914 dere
598 2858 659 2913 in
691 2870 883 2913 eremo
908 2853 1144 2928 quidem
1178 2854 1393 2927 regula,
1428 2855 1489 2911 in
1532 2856 1653 2913 foro
1690 2853 1879 2913 autem
1908 2855 2139 2914 afﬂictio

426 2942 681 3001 cernitur
718 2942 1043 2999 indiscreta.
1098 2940 1166 2998 In
1202 2956 1395 2998 eremo
1438 2950 1682 3001 stratum
1716 2943 1890 3001 molle
1918 2944 2139 3017 juncus

2218 1883 2435 1942 blanda
2462 1884 2633 1942 mites
2661 1884 2948 1943 allusione
2978 1886 3313 1945 discurrunt
3340 1903 3357 1954 ;
3411 1892 3467 1943 et
3496 1885 3672 1943 virosi
3707 1901 3932 1945 morsus

2218 1972 2403 2042 obliti,
2444 1981 2715 2049 tanquam
2757 1974 3161 2047 patrifamilias
3204 1974 3435 2043 domus,
3467 1973 3794 2031 clientelam
3829 1975 3928 2032 de-

2220 2070 2368 2121 vota
2393 2063 2716 2122 sedulitatis
2743 2064 3105 2138 impendunt.
3130 2063 3291 2133 Ecce,
3316 2068 3373 2121 et
3400 2069 3698 2122 venenata
3728 2059 3931 2121 bestia

2219 2152 2371 2209 inter
2421 2167 2481 2210 se
2533 2153 2594 2210 in
2649 2153 2982 2212 exhibendo
3031 2151 3329 2210 monachis
3365 2152 3642 2226 obsequio
3689 2168 3926 2211 concor-

2218 2239 2376 2311 dant,
2409 2257 2546 2298 cum
2578 2242 2842 2300 videlicet
2871 2242 2981 2315 ipsi
3015 2241 3284 2301 monachi
3318 2242 3580 2315 viperina
3617 2243 3865 2301 invicem
3896 2259 3930 2301 a

2219 2346 2302 2401 se,
2332 2332 2475 2403 proh
2504 2330 2708 2389 dolor!
2752 2332 3113 2390 immanitate
3164 2331 3443 2389 resiliant.
3491 2332 3727 2402 Mirum,
3774 2332 3932 2406 quod
3972 2384 3975 2385 ν

2221 2426 2450 2478 tantum
2485 2419 2723 2477 fetorem
2755 2436 2822 2479 eo
2853 2420 2981 2493 loci,
3014 2436 3318 2494 nunquam
3345 2420 3647 2493 querulus,
3680 2421 3879 2479 tolerat
3911 2445 3924 2479 :

2223 2511 2462 2579 mirum,
2488 2510 2645 2584 quod
2670 2510 3018 2569 lutulentam
3043 2510 3114 2568 ad
3145 2510 3463 2569 bibendum
3488 2525 3701 2584 aquam
3726 2526 3827 2583 per
3848 2513 3930 2567 tot

2220 2599 2343 2657 dies
2371 2600 2431 2656 in
2462 2598 2617 2658 dolio
2652 2601 2809 2658 velut
2839 2600 3129 2657 sentinam
3167 2607 3377 2671 servat,
3408 2599 3724 2657 mutariora
3750 2612 3929 2657 num-

2222 2706 2398 2764 quam
2445 2690 2616 2761 lavat,
2665 2699 2851 2748 vestes
2897 2706 3217 2765 numquam
3266 2697 3470 2761 mutat,
3509 2691 3625 2748 nisi
3667 2688 3928 2748 euchari-

2224 2783 2391 2841 stiam
2419 2788 2791 2855 percepturus
2818 2801 2830 2839 :
2863 2798 3007 2856 quas
3053 2791 3240 2840 tamen
3292 2797 3429 2839 mox
3466 2781 3653 2849 exuit,
3683 2787 3739 2838 et
3766 2779 3838 2837 ad
3867 2779 3928 2838 id

2222 2887 2441 2930 munus
2493 2880 2723 2946 propter
2784 2871 3136 2930 munditiam
3184 2872 3247 2928 in
3300 2866 3443 2925 792
3500 2877 3622 2927 tuto
3681 2869 3926 2942 reponit.

2221 2960 2346 3019 Nisi
2406 2967 2531 3034 post
2580 2960 2717 3019 solis
2770 2976 3037 3019 occasum
3099 2975 3402 3033 nunquam
3457 2958 3662 3031 accipit
3708 2957 3928 3029 cibum,

426 3039 530 3102 est,
588 3031 676 3089 vel
734 3046 1005 3105 papyrus,
1064 3028 1218 3086 inter
1266 3029 1421 3088 cives
1472 3031 1843 3107 applauditur
1895 3041 2123 3094 centone

433 3129 729 3145 -..καις-ιι.-.-
784 3120 939 3145 Π..Α,1
988 3118 1138 3145 Αηὶ-ρνι
1179 3121 1296 3145 illi“
1332 3123 1683 3145 -Α..--,...--ιζ-
1716 3141 1834 3145 ._..__-
1874 3126 2123 3145 -μξμΑιειΔ

2274 3028 2446 3108 ervata
2495 3056 2687 3108 tamen
2729 3049 2935 3108 diebus
2974 3028 3292 3108 Dominicis
3325 3028 3669 3118 reverentia,
3701 3047 3764 3105 in
3796 3048 3928 3121 qui-

429 3129 750 3180 contentus.
783 3120 942 3190 Quod
985 3118 1144 3177 enim
1179 3121 1298 3179 illic
1328 3123 1689 3181 conversatio
1715 3141 1843 3183 rara
1874 3126 2138 3184 mirabile

434 3211 639 3281 reddit,
684 3211 776 3269 hic
813 3211 1052 3269 societas
1083 3208 1219 3269 791
1256 3212 1511 3271 fraterna
1550 3229 1878 3273 commune.
1924 3217 2007 3273 Ac
2038 3231 2140 3290 per

435 3297 542 3355 hoc
570 3298 722 3370 quod
756 3297 874 3354 illic
904 3300 1195 3370 praconio
1224 3299 1414 3357 laudis
1440 3299 1741 3372 attollitur,
1774 3302 1869 3360 hic
1896 3317 2138 3376 genera-

435 3386 566 3445 liter
590 3386 841 3445 intlitum
864 3386 1108 3461 gloriam
1141 3404 1254 3447 non
1288 3396 1561 3446 meretur.

1092 3507 1336 3568 CAPUT
1366 3507 1465 3565 IV.

712 3603 790 3656 De
824 3601 1157 3657 abstinentia
1186 3602 1544 3671 quorumdam
1569 3603 1831 3669 fratrum.

495 3703 625 3764 Sed.
657 3721 691 3763 ο
721 3706 943 3764 utinam
974 3722 1229 3780 prasens
1258 3707 1507 3779 adesses,
1541 3716 1595 3765 et
1620 3708 1762 3782 quid
1795 3709 1857 3766 in
1894 3709 1987 3768 bis
2025 3710 2129 3768 sil-

424 3792 512 3850 vis
532 3792 606 3850 ab
629 3793 841 3865 ignotis
869 3803 1042 3868 atque
1069 3795 1348 3869 despectis
1376 3805 1598 3869 agatur,
1623 3799 1791 3856 oculo
1809 3798 2125 3873 iudicante,

422 3886 800 3959 perpenderes
830 3889 844 3943 !
877 3887 1096 3946 Tamen
1128 3895 1190 3947 ut
1218 3905 1300 3961 se,
1347 3889 1398 3947 si
1446 3890 1701 3948 fortassis
1744 3890 1896 3951 inest
1938 3900 2129 3951 tumor

420 3977 787 4049 arrogantia,
826 3977 1125 4050 deprimat,
1184 3978 1271 4037 vel
1336 3978 1587 4036 breviter
1644 3979 1867 4053 aliquid
1932 3988 1985 4040 te
2056 3983 2127 4040 de

422 4068 659 4126 illorum
687 4069 1227 4127 conversationibus
1257 4070 1487 4128 erudire
1534 4086 1649 4129 non
1698 4071 1905 4145 pigeat.
1956 4073 2123 4142 Nam,

419 4161 485 4214 ut
554 4156 812 4213 omittam
883 4156 953 4214 de
1012 4158 1289 4216 continua
1355 4159 1699 4231 frugalitate,
1766 4167 1823 4217 et
1880 4162 2126 4234 penuria

419 4244 690 4314 vestium,
722 4243 795 4301 de
826 4244 1012 4317 rigore
1043 4245 1284 4316 silentii,
1323 4245 1394 4304 de
1436 4247 1565 4321 jugi
1612 4247 1889 4307 instantia
1936 4265 2124 4307 remo-

418 4331 612 4403 tionis,
662 4333 930 4392 nonnulli
984 4335 1135 4408 apud
1192 4352 1297 4394 nos
1344 4345 1479 4395 sunt
1538 4338 1660 4411 qui,
1716 4339 1867 4397 inter
1918 4348 2123 4399 catera

415 4424 795 4482 districtionis
845 4425 1161 4499 impendia,
1221 4433 1378 4483 tanta
1421 4442 1663 4485 censura
1700 4444 1733 4485 a
1771 4429 1895 4486 vini
1926 4440 2183 4502 perce-D

414 4514 608 4587 ptione
636 4530 698 4572 se
719 4514 1006 4582 cohibent,
1037 4522 1101 4572 ut
1119 4515 1239 4588 jam
1264 4531 1409 4587 pene
1432 4530 1534 4588 per
1560 4516 1929 4587 decennium,
1960 4535 2033 4577 ne
2059 4518 2121 4575 in

414 4605 783 4676 paschalibus
860 4606 1097 4680 quidem
1174 4606 1349 4673 festis,
1412 4607 1483 4664 de
1548 4607 1825 4680 pradicto
1898 4609 2122 4684 liquore

413 4695 813 4765 gustaverint;
849 4710 1099 4768 quorum
1131 4694 1398 4753 videlicet
1431 4695 1532 4753 alii
1573 4704 1708 4753 sunt
1737 4698 1988 4769 juvenili
2018 4699 2121 4755 ad-

418 4782 531 4839 huc
562 4784 702 4841 ﬂore
730 4790 1059 4851 vernantes,
1091 4781 1190 4839 alii
1215 4783 1335 4854 jam
1368 4781 1441 4838 ad
1479 4784 1821 4841 veneranda
1857 4792 2119 4843 senectu-

415 4871 489 4927 tis
529 4871 840 4929 maturiora
876 4879 1195 4941 vergentes,
1226 4869 1326 4927 alii
1367 4870 1542 4926 etiam
1582 4869 1715 4926 uvis
1756 4878 1812 4928 et
1855 4880 2011 4930 aceto
2062 4889 2123 4931 se

414 4958 804 5018 nihilominus
838 4960 1108 5035 privant;
1142 4960 1399 5033 plerique
1441 4966 1636 5017 autem
1684 4961 1923 5035 saginis,
1972 4963 2118 5033 ovis,

412 5055 469 5105 et
496 5064 659 5106 caseo
692 5056 967 5124 tanquam
996 5049 1268 5107 carnibus
1293 5048 1604 5107 abstinent.

1085 5152 1449 5229 CAPUT‘V.

961 5263 1039 5315 De
1066 5262 1309 5317 Martino
1335 5262 1569 5317 Storaci.

482 5367 802 5438 Qucmdam
843 5367 1126 5428 habemus
1166 5369 1227 5427 in
1269 5368 1478 5428 cellula
1527 5371 1812 5429 rusticum
1860 5370 2118 5443 idiotam,

414 5459 513 5516 vix
566 5460 993 5534 quinquaginta
1041 5461 1289 5536 psalmos
1336 5468 1634 5535 utcunque
1680 5462 2118 5535 balbutientem,

411 5548 646 5605 eosdem
693 5556 882 5606 tamen
930 5564 1033 5622 per
1080 5548 1206 5608 dies
1247 5548 1527 5621 singulos,
1576 5549 1849 5622 subjectis
1896 5564 2144 5623 semper.

416 5635 659 5707 litaniis,
698 5637 907 5711 septies
938 5636 1266 5699 iterantem.
1318 5637 1432 5708 Qui
1473 5638 1595 5713 jam
1639 5653 1741 5710 per
1787 5637 1894 5696 tria
1941 5638 2120 5697 ferme

2219 3139 2334 3198 bus
2362 3139 2628 3198 videlicet
2659 3139 2808 3198 circa
2847 3147 3070 3198 sextam
3104 3139 3326 3208 horam,
3362 3153 3539 3196 unam
3568 3154 3643 3196 ex
3671 3137 3763 3195 his
3793 3153 3929 3212 qua

2218 3248 2323 3305 pro
2393 3233 2769 3290 sacramentis
2825 3230 2991 3299 fiunt,
3046 3227 3502 3286 oblatiunculam
3556 3226 3813 3299 percipit,
3871 3234 3926 3285 et

2220 3322 2303 3380 sic
2331 3328 2558 3395 propter
2586 3319 2844 3393 regulam
2878 3316 3165 3390 jejunium
3196 3315 3385 3373 solvit.
3422 3314 3504 3385 (S.
3537 3314 3756 3371 BENED.
3788 3317 3919 3383 Reg.

2221 3426 2271 3467 c.
2316 3410 2385 3467 38
2436 3417 2489 3465 et
2543 3408 2649 3481 41.)
2705 3407 2853 3477 Quid
2909 3412 3103 3463 autem
3167 3405 3239 3461 de
3294 3402 3605 3476 inopinatis
3655 3404 3780 3476 ejus
3833 3402 3927 3460 vi-

2211 3497 2368 3572 giliis
2409 3494 2715 3555 dixerim?
2743 3493 3214 3569 quandoquidem
3253 3492 3400 3551 mihi
3446 3492 3568 3565 ipse
3619 3491 3923 3560 retulerit;

2211 3586 2305 3643 die
2333 3586 2589 3659 quidem,
2626 3583 2919 3657 inquiens,
2952 3581 3113 3640 nullo
3158 3587 3408 3654 tempore
3446 3580 3699 3653 quietem
3737 3595 3923 3637 mem-

2211 3675 2330 3733 bris
2359 3676 2633 3748 indulgeo
2661 3698 2673 3744 ;
2708 3689 2947 3747 vespere
2974 3679 3170 3731 autem
3198 3671 3448 3745 psallens
3479 3678 3534 3729 et
3561 3686 3752 3740 orans,
3785 3677 3925 3729 tunc

2212 3766 2447 3823 demum
2501 3764 2690 3838 sopori
2743 3765 2963 3822 viscera
3016 3763 3250 3834 fatigata
3299 3760 3567 3832 concedo,
3621 3776 3757 3818 cum
3798 3761 3920 3833 jam

2209 3864 2507 3916 nocturna
2541 3854 2782 3928 synaxis
2829 3854 3140 3913 articulum
3189 3851 3672 3925 propinquantem
3710 3865 3924 3923 cogno—

2210 3961 2323 4015 sco,
2380 3950 2664 4019 quatenus
2720 3958 2858 4013 nox,
2903 3948 2965 3999 ut
3021 3957 3227 4013 corpus
3280 3955 3448 4013 sopor
3506 3939 3736 3997 irruens
3789 3937 3922 3996 totis

2210 4032 2435 4090 viribus
2485 4037 2744 4104 occupat,
2802 4037 3033 4105 repente
3093 4029 3281 4096 illum,
3337 4028 3502 4101 quasi
3557 4027 3920 4084 tintinnabu-

2208 4120 2332 4179 lum
2367 4120 2597 4190 feriens,
2631 4120 2704 4177 ab
2732 4119 2968 4177 audacis
2998 4118 3291 4176 violentia
3323 4116 3622 4175 invasione
3651 4114 3916 4188 depellat.

2210 4208 2374 4282 Sape
2428 4214 2658 4281 rogatus
2713 4214 2778 4266 ut
2850 4222 2952 4282 pro
3010 4204 3443 4264 necessitatibus
3498 4202 3913 4272 ecclesiasticis,

2206 4298 2298 4357 vel
2347 4298 2678 4356 iademnda
2727 4312 2863 4370 pace
2910 4296 3302 4370 procederem,
3348 4311 3483 4353 cum
3538 4292 3685 4350 mihi
3748 4291 3919 4349 detri-

2208 4395 2467 4445 mentum
2532 4403 2654 4445 esse
2720 4400 3137 4459 pernoscerem,
3190 4384 3320 4443 licet
3377 4385 3507 4442 aliis
3563 4382 3913 4456 proveniret,

2208 4478 2364 4535 hunc
2398 4477 2629 4533 fratrem
2664 4492 2730 4533 ea
2761 4475 2873 4533 fide
2912 4474 3200 4544 consului,
3250 4481 3313 4533 ut
3352 4473 3439 4532 illi
3484 4473 3681 4531 divina
3733 4471 3920 4545 gratia

2205 4566 2541 4635 dignaretur
2568 4565 2875 4623 infundere
2907 4563 3050 4635 quid
3090 4563 3234 4621 mihi
3264 4563 3593 4621 decerneret
3619 4560 3913 4635 expedire.

2207 4655 2476 4714 Protinus
2523 4662 2717 4711 sancta
2763 4651 3102 4725 simplicitas
3139 4652 3207 4709 ad
3252 4652 3308 4708 id
3356 4651 3512 4724 quod
3561 4651 3917 4723 propositum

2204 4755 2342 4814 erat,
2420 4744 2841 4817 compendiosa
2910 4741 3299 4815 responsionis
3369 4741 3687 4800 clausulam
3763 4739 3915 4797 fixit.

2205 4833 2375 4905 Quid,
2428 4833 2639 4906 inquit,
2691 4830 2949 4888 candela
3002 4830 3246 4903 prodest.
3288 4830 3336 4887 si
3366 4827 3499 4887 aliis
3529 4828 3739 4894 luceat,
3774 4828 3916 4885 dum

2205 4940 2266 4981 se
2294 4922 2528 4980 interim
2571 4919 2719 4977 edax
2752 4920 2987 4976 ﬂamma
3015 4916 3367 4976 consumat?
3400 4916 3522 4975 Hoc
3551 4929 3913 4988 responsum,

2207 5011 2405 5081 fateor,
2448 5010 2619 5067 latus
2655 5007 2894 5082 arripui,
2946 5014 3001 5064 et
3050 5012 3327 5081 tanquam
3372 5004 3657 5063 divinitus
3694 5002 3914 5073 datum,

2203 5100 2363 5159 salva
2419 5099 2819 5159 tantummodo
2872 5098 3151 5156 charitate
3204 5104 3260 5155 et
3314 5092 3638 5155 obedientia
3690 5104 3919 5151 servare

2203 5189 2454 5248 decrevi.

2868 5312 3114 5372 CAPUT
3150 5310 3248 5369 VI.

2416 5438 2492 5489 De
2519 5436 2692 5489 Leone
2723 5434 2927 5498 Sitria,
2959 5436 3010 5485 et
3040 5431 3171 5484 aliis
3200 5428 3375 5483 tribus
3403 5428 3700 5482 monachis.

2274 5548 2385 5607 Sed
2437 5548 2580 5606 dum
2629 5548 2690 5605 in
2744 5545 2926 5604 unius
2976 5544 3089 5601 viri
3142 5543 3454 5602 virtutibus
3508 5540 3918 5602 enumerandis

2202 5637 2493 5713 prolixius
2520 5637 2820 5704 immorer,
2847 5634 2921 5692 ab
2944 5634 3075 5692 aliis
3101 5632 3191 5693 vel
3218 5639 3621 5693 summotenus
3647 5628 3921 5705 perstrin-
