4054 6184
141 301 246 359 755

600 296 658 357 S.
701 298 923 357 PETRI
962 297 1286 357 DAMIANI
1325 296 1480 356 OPP.
1524 295 1772 355 TOMUS
1813 293 1955 354 SEU
1996 292 2188 354 PARS
2227 293 2332 352 III.
2374 325 2442 336 —-
2481 292 2871 354 OPUSCULA
2909 296 3166 358 VABIA.

3517 303 3622 362 756

138 425 358 499 gendis,
392 423 562 495 longa
594 439 756 481 mora
783 423 1099 495 prodiente,
1127 421 1381 479 retardor
1408 439 1424 492 ;
1469 423 1697 480 veniam
1739 423 1906 482 au-A
1928 420 2157 478 nullum
2213 421 2454 479 ulterius
2511 422 2572 479 in
2630 436 2692 479 se
2746 421 3005 481 libidinis
3057 427 3359 487 stimulum
3423 431 3618 489 sensit.

141 521 254 572 tem
280 514 350 571 ad
377 513 682 572 dominum
729 527 924 570 meum
974 512 1243 580 Leonem,
1291 517 1346 568 et
1392 527 1526 569 vere
1567 512 1838 579 Leonem,

137 603 240 677 qui
269 603 576 677 antiquum
607 602 934 669 draconem,
965 606 1135 672 caput
1172 598 1405 667 scilicet,
1437 605 1842 670 auctoremque

140 693 397 754 malitia.
438 692 731 749 continuis
768 691 839 747 ad
878 688 1100 746 bellum
1140 689 1662 747 concertationibus
1708 702 1841 760 pro-

140 789 343 852 vocat;
401 791 457 840 et
499 781 571 839 ab
608 781 730 852 ipso
776 778 1095 851 impuberis
1131 777 1530 836 adolescentia
1576 776 1842 836 tirocinio

140 886 323 945 usque
360 870 429 927 ad
470 874 793 943 provectam
831 866 951 940 jam
995 872 1366 935 senectutem,
1399 873 1675 941 tanquam
1705 881 1844 922 con-

138 962 303 1020 sertis
344 960 608 1018 cominus
654 958 852 1028 armis,
893 957 1173 1014 adversus
1211 955 1382 1013 illum
1412 954 1847 1028 infatigabiliter

138 1061 371 1127 pugnat.
406 1052 572 1115 Vere,
605 1049 864 1123 inquam,
901 1050 1037 1118 Leo,
1069 1046 1170 1119 qui
1200 1055 1255 1105 et
1283 1047 1570 1105 mundum
1600 1046 1844 1120 pervigil

138 1143 367 1210 dormit,
410 1149 466 1198 et
496 1140 715 1197 divina
753 1137 1248 1211 contemplationis
1293 1135 1716 1210 quodammodo
1749 1149 1841 1192 so-

135 1238 368 1307 poratus
410 1227 676 1288 intendit.
712 1227 861 1298 Quid
897 1227 1047 1286 ultra
1095 1226 1166 1283 de
1207 1227 1313 1283 hoc
1361 1225 1486 1282 viro
1532 1224 1840 1282 dicendum

134 1323 238 1387 est,
271 1333 447 1390 quam
478 1315 630 1390 quod
668 1315 931 1373 videmus
972 1313 1142 1371 illum
1188 1320 1245 1371 et
1293 1313 1511 1371 mundo
1546 1319 1838 1370 mortuum

135 1416 190 1466 et
216 1406 370 1464 cruci
400 1403 626 1463 Christo
656 1401 1000 1462 conﬁxum?
1025 1402 1136 1459 Hic
1164 1416 1370 1474 nempe
1400 1402 1665 1474 perfecta
1693 1417 1839 1459 mor-

135 1497 462 1558 tiﬁcationis
511 1501 597 1555 est
650 1510 873 1566 norma,
929 1494 1025 1551 hic
1078 1492 1390 1565 singularis
1443 1492 1576 1549 vita
1617 1491 1835 1564 regula,

134 1590 228 1647 hic
275 1589 344 1645 ad
395 1585 759 1660 perfectionis
808 1584 1027 1658 apicem
1078 1582 1487 1640 festinantibus
1541 1580 1839 1638 imitabilis

133 1677 457 1750 disciplina.
538 1675 829 1749 Quidquid
900 1674 1017 1730 fere
1087 1671 1481 1741 districtionis,
1553 1668 1839 1742 quidquid

1926 510 2246 569 Sciscitanti
2317 518 2510 569 autem
2580 511 2729 568 mihi
2799 513 2931 585 quis
2997 513 3096 572 ille
3178 519 3353 577 fuerit
3424 521 3618 591 frater,

1925 603 2080 661 Nihil
2139 619 2268 661 mea
2317 603 2590 661 interesse
2635 606 2960 677 respondit.
3035 607 3231 679 Longe
3284 628 3419 670 vero
3473 622 3618 686 post,

1923 708 2054 751 cum
2105 694 2226 765 jam
2277 692 2494 750 oblivio
2545 694 2819 766 potuisset
2870 696 3160 771 obrepere,
3215 700 3367 760 inter
3420 712 3623 762 catera

1923 782 2166 840 conveni
2223 781 2520 839 hominem
2571 801 2582 839 :
2652 782 2930 855 Nunquid
2987 802 3102 844 non
3135 833 3148 858 ,
3206 789 3484 864 inquam,
3542 796 3623 852 mi

1924 877 2104 942 pater,
2138 870 2247 926 tale
2275 870 2495 942 aliquid
2533 869 2638 927 tibi
2677 871 2950 930 accidisse
2987 876 3278 948 professus
3305 881 3416 936 es?
3462 880 3628 939 Tunc

1925 959 2024 1017 ille
2053 975 2124 1017 ex
2153 959 2465 1031 improviso
2487 967 2828 1032 conventus,
2853 964 3007 1035 quod
3033 964 3251 1025 dixisse
3277 984 3336 1026 se
3362 969 3622 1039 credidit,

1925 1048 2258 1121 negandum
2301 1063 2424 1106 esse
2468 1064 2585 1106 non
2628 1049 2817 1107 duxit.
2859 1049 2969 1108 Sed
3008 1067 3111 1110 cur
3151 1070 3255 1127 ego
3285 1058 3346 1114 in
3377 1058 3629 1132 singulis

1923 1139 2221 1208 immorer,
2254 1139 2356 1210 qui
2390 1145 2602 1196 tantam
2630 1139 2890 1198 virorum
2928 1141 3243 1202 illustrium
3282 1146 3624 1208 densitatem

1923 1230 2068 1287 mihi
2111 1229 2420 1286 imminere
2463 1228 2868 1303 contemplor?
2923 1231 3202 1292 Praterea
3232 1235 3408 1309 igitur
3433 1239 3625 1296 domi-

1922 1337 2066 1379 num
2113 1335 2311 1379 meum
2353 1321 2606 1394 Lupum,
2654 1337 2806 1381 vera
2855 1322 3118 1381 videlicet
3161 1328 3627 1387 mansuetudinis

1920 1423 2159 1481 agnum.
2193 1407 2302 1477 Qui
2334 1409 2584 1482 profecto
2619 1414 2674 1466 et
2718 1416 3027 1483 antequam
3081 1426 3142 1468 se
3183 1414 3418 1485 carceri,
3450 1430 3625 1490 quem

1919 1514 2024 1572 pro
2053 1505 2266 1556 aterna
2293 1498 2553 1557 libertate
2591 1515 2749 1558 nunc
2792 1499 3013 1571 incolit,
3045 1503 3323 1573 perpetim
3353 1503 3624 1562 inclusis-

1921 1594 2025 1659 set,
2077 1604 2179 1662 per
2223 1589 2399 1647 trium
2455 1588 2680 1646 circiter
2719 1605 3009 1647 annorum
3060 1591 3396 1650 continuata
3437 1594 3627 1652 curri-

1920 1676 2050 1734 cula
2105 1677 2312 1734 vinum
2369 1691 2484 1733 non
2541 1675 2706 1740 bibit,
2761 1677 3112 1755 nullumque
3168 1678 3279 1736 sibi
3337 1679 3626 1752 pulmenti

130 1766 503 1826 continentiae
535 1763 803 1836 superius
833 1763 1053 1821 dictum
1083 1769 1186 1831 est,
1222 1761 1285 1818 in
1329 1762 1434 1818 hoc
1479 1760 1606 1818 viro
1634 1764 2217 1840 cense-Bliquamen
2271 1764 2536 1822 indulsit.
2601 1765 2853 1822 Transeo
2923 1766 3178 1836 Petrum,
3234 1769 3337 1840 qui
3391 1769 3624 1827 nullum

134 1863 380 1933 quenter
405 1854 664 1928 intellige
691 1871 705 1923 ;
736 1852 1028 1927 pracipue
1059 1857 1249 1909 tamen
1282 1850 1341 1907 in
1382 1865 1448 1907 eo
1477 1849 1832 1918 charitatem,

136 1946 523 2007 humilitatem
588 1951 643 2002 et
709 1940 1223 2000 mansuetudinem
1279 1952 1575 1996 venerare.
1637 1937 1838 1996 Sermo

133 2035 383 2106 denique
410 2033 538 2108 ejus
564 2031 750 2090 dulcis
786 2030 859 2087 ad
889 2029 1071 2087 instar
1113 2027 1304 2086 mellis
1336 2026 1552 2084 solatur
1583 2030 1833 2094 maestos,

133 2124 296 2182 docet
346 2121 576 2190 inscios,
628 2118 934 2176 concordat
985 2116 1179 2175 iratos.
1238 2115 1378 2184 Quis
1435 2115 1592 2172 enim
1648 2127 1836 2170 corre-

132 2213 344 2286 ptionis
370 2209 530 2268 illius
559 2208 888 2266 austeritate
917 2207 1222 2264 deterritus
1263 2220 1379 2262 non
1421 2203 1607 2262 redire
1645 2201 1842 2276 dispo-

134 2300 300 2361 suit?
328 2300 454 2358 Imo
484 2298 615 2373 quis
640 2294 998 2372 quantalibet
1027 2297 1427 2368 ingruentium
1458 2293 1844 2352 tentationum

131 2405 362 2466 pressus
415 2387 664 2460 caligine
723 2386 851 2444 sine
903 2385 1295 2443 consolatione
1348 2383 1638 2442 recessit?
1689 2382 1846 2441 Bene

135 2480 423 2554 siquidem
511 2476 877 2536 currentibus
962 2474 1284 2545 blandum,
1367 2473 1845 2547 delinquentibus

137 2584 199 2626 se
249 2566 469 2640 prabet
517 2572 832 2622 austerum.
894 2561 1002 2620 Sed
1061 2562 1168 2619 hoc
1213 2559 1404 2628 modo,
1457 2567 1522 2618 ut
1567 2567 1624 2617 et
1675 2559 1841 2616 blan—

139 2658 342 2716 ditiam
385 2656 445 2713 in
486 2654 881 2713 auctoritatem
923 2653 1229 2710 austeritas
1259 2653 1459 2724 erigat,
1496 2659 1552 2708 et
1581 2653 1843 2710 eamdem

135 2746 527 2805 austeritatem
577 2743 789 2800 blanda
832 2757 1035 2799 rursus
1075 2741 1456 2798 mansuetudo
1503 2747 1841 2812 compescat.

136 2836 316 2910 Rigor
377 2842 570 2892 autem
625 2831 990 2889 abstinentia
1028 2831 1086 2887 in
1144 2845 1210 2887 eo
1259 2837 1451 2887 tantus
1507 2838 1609 2900 est,
1663 2838 1725 2890 ut
1781 2831 1842 2887 in

138 2927 265 3000 ejus
323 2924 465 2981 facie
543 2925 734 2990 imago
787 2919 977 2993 potius
1049 2934 1229 2992 quam
1283 2920 1535 2977 viventis
1593 2921 1846 2979 hominis

142 3009 287 3066 793
372 3011 726 3083 corpulentia
817 3009 1102 3066 videatur.
1203 3007 1604 3065 Percunctanti
1703 3008 1844 3066 olim

1917 1856 2124 1914 cubilis
2177 1857 2234 1912 in
2282 1854 2424 1912 cella
2453 1870 2556 1911 sua
2592 1854 2804 1926 patitur
2833 1869 3129 1926 superesse
3157 1856 3493 1929 vestigium,
3525 1857 3623 1915 sed

1918 1946 2140 2003 nudum
2181 1944 2396 2017 jugitcr
2448 1942 2598 2011 terit,
2645 1942 2766 1999 sive
2800 1943 3063 2014 hiberno,
3096 1943 3219 2001 sive
3247 1946 3452 2004 astivo
3483 1952 3624 2004 tem-

1920 2048 2073 2106 pore,
2097 2030 2519 2104 pavimentum.
2551 2031 2806 2088 Leonem
2831 2046 3059 2105 quoque
3087 2047 3204 2090 non
3228 2048 3496 2105 numero,
3522 2036 3623 2108 qui

1924 2123 2151 2181 lumbos
2213 2137 2348 2180 suos
2399 2138 2571 2194 super
2627 2121 2849 2178 nudum
2901 2121 3086 2180 ferrea
3142 2138 3370 2196 semper
3429 2130 3625 2182 catena

1923 2211 2262 2278 circumdat,
2309 2225 2384 2266 ne
2426 2209 2747 2267 sobrietatis
2800 2209 3044 2267 limitem
3090 2211 3485 2284 supergressio
3527 2211 3632 2269 im-

1925 2298 2233 2357 moderata
2270 2297 2594 2356 refectionis
2624 2298 2882 2355 excedat.

2499 2481 2515 2487 -
2559 2439 2803 2498 CAPUT
2858 2439 2984 2498 VII.

2347 2551 2424 2603 De
2456 2551 2626 2604 Leone
2661 2551 2884 2605 ermnita
2911 2553 3204 2606 Prazensi.

2000 2655 2110 2714 Sed
2143 2671 2270 2714 ecce
2302 2656 2415 2714 Leo
2461 2672 2664 2715 rursus
2694 2657 2844 2716 alius
2875 2659 3140 2730 occurrit,
3175 2660 3300 2733 qui,
3326 2659 3446 2733 jam
3485 2676 3631 2735 pene

1926 2762 2178 2805 emensa
2227 2748 2535 2804 senectutis
2589 2747 2821 2818 oblitus,
2878 2765 3169 2807 annosum
3223 2750 3325 2808 diu
3381 2752 3631 2810 vivendo

1927 2837 2158 2895 senium
2187 2836 2375 2908 gerit;
2411 2842 2466 2893 et
2496 2835 2629 2894 licet
2656 2838 2934 2897 emeritus
2973 2839 3141 2896 miles
3183 2840 3368 2897 divini
3403 2844 3633 2914 procin-

1925 2935 2051 2986 ctus
2081 2933 2262 2984 castra
2293 2926 2596 2998 tirocinali,
2644 2934 2707 2985 ut
2744 2928 2823 2985 ita
2863 2929 3060 2994 fatear,
3095 2930 3316 2987 fervore
3362 2930 3632 2988 custodit.

1928 3017 2034 3086 Qui
2067 3016 2342 3074 nimirum
2393 3017 2546 3074 inter
2586 3014 2731 3072 794
2760 3026 2966 3076 catera
3004 3018 3157 3076 dona
3203 3019 3509 3088 virtutum,
3557 3019 3637 3076 sic

145 3098 313 3188 mihi,
367 3097 517 3169 (μιοά
567 3111 786 3167 Possem
841 3094 1617 3188 i_m'el_1_ilje_solatium._quie
1656 3102 2261 3188 ta{lienavigiliarum
2306 3108 2495 3165 studio
2542 3110 2896 3181 praeminet,
2944 3117 3009 3167 ut
3052 3109 3214 3167 nulla
3259 3111 3432 3168 totius
3473 3111 3633 3182 anni,

143 3187 377 3257 θΧίὲυεΒ
414 3199 703 3241 mensum
740 3183 904 3256 Panis
931 3183 1076 3239 mihi
1102 3183 1252 3240 inter
1279 3183 1404 3256 ipsa
1434 3184 1656 3256 ieiunia
1685 3184 1845 3242 Vide-
1875 3183 1909 3188 ⁷
1931 3195 2021 3251 vel
2051 3195 2363 3268 perexigua
2392 3202 2577 3265 nocte,
2619 3197 2780 3269 prius
2808 3214 2841 3253 a
2887 3198 3157 3256 fratribus
3186 3198 3258 3255 ad
3301 3197 3636 3256 nocturnale

144 3282 303 3334 retur
339 3292 354 3344 ;
404 3273 512 3330 tale
562 3272 718 3329 dedit
769 3279 975 3345 praesto
1027 3272 1380 3331 consilium:
1422 3272 1591 3344 Aliis,
1633 3274 1844 3349 inquit,

144 3364 351 3422 diebus
392 3363 753 3421 medietatem
796 3363 900 3420 tibi
945 3377 1230 3421 mensura
1278 3362 1440 3420 illius
1475 3379 1716 3436 appone,
1757 3364 1849 3421 die

146 3462 337 3514 autem
369 3455 485 3520 illa,
521 3470 634 3527 qua
664 3454 924 3513 relaxare
955 3453 1174 3528 aliquid
1213 3454 1284 3511 de
1319 3461 1608 3513 consueta
1639 3454 1852 3527 regula

147 3561 387 3603 censura
420 3545 694 3614 volueris,
733 3551 906 3602 totam
939 3544 1040 3600 tibi
1069 3559 1356 3601 summam
1386 3545 1645 3616 praeﬁxa
1674 3559 1855 3618 quan-

149 3631 327 3688 titatis
357 3631 636 3702 indulge;
670 3637 724 3688 et
762 3638 898 3688 tunc
936 3629 1230 3688 sufficiens
1271 3631 1379 3687 erit
1425 3647 1553 3688 raro
1591 3648 1850 3704 censum,

151 3723 304 3796 quod
346 3736 502 3777 nunc
542 3720 830 3778 modicum
875 3720 1096 3778 videtur
1136 3719 1530 3778 indifferenter
1572 3719 1849 3778 oblatum.

152 3809 276 3867 Hoc
309 3816 498 3867 autem
531 3809 589 3866 in
622 3816 792 3866 tanta
829 3808 1112 3882 angustia
1145 3809 1480 3867 necessitate
1505 3809 1852 3879 remedium,

151 3907 452 3972 utcunque.
482 3914 556 3954 ex
585 3898 940 3956 consulentis
970 3899 1172 3956 merito
1198 3900 1412 3972 placuit
1438 3917 1452 3969 ;
1503 3899 1598 3958 sed
1631 3900 1856 3958 curiosa

155 4003 300 4044 mea
333 3986 623 4044 edacitatis
654 3987 916 4056 intentio,
966 3987 1160 4049 fateor.
1207 4003 1321 4046 non
1370 3988 1525 4062 quod
1562 3989 1854 4060 prastola-

151 4074 340 4145 batur,
386 4073 627 4131 audivit.
671 4075 869 4146 Nuper
919 4074 1090 4132 etiam
1148 4073 1289 4132 mihi
1349 4075 1497 4132 inter
1551 4075 1857 4132 familiaria

153 4172 375 4222 mutua
452 4165 855 4222 collocutionis
926 4165 1102 4222 verba
1183 4166 1558 4224 subintulit:
1641 4165 1856 4238 Frater,

154 4253 364 4323 inquit,
403 4254 499 4319 mi,
535 4253 745 4309 faciant
783 4253 881 4309 alii
915 4269 1122 4320 magna
1152 4254 1438 4326 quadam,
1472 4261 1643 4325 prout
1677 4255 1860 4327 gratia

154 4341 273 4397 illis
299 4340 497 4395 divina
527 4339 899 4410 prastitcrit;
941 4340 1263 4396 infirmitati
1311 4347 1506 4398 autem
1554 4357 1696 4399 mea
1742 4358 1855 4400 non

154 4428 430 4486 erubesco
460 4427 738 4497 sufﬁcere,
792 4429 840 4484 si
882 4445 983 4500 per
1030 4429 1152 4486 dies
1199 4428 1458 4500 singulos
1494 4431 1639 4488 duos
1677 4447 1861 4488 annos

157 4516 515 4589 poenitentia
556 4517 734 4588 possit
785 4517 1044 4590 implere.
1091 4518 1419 4592 Aliquando
1457 4525 1670 4587 autem,
1719 4521 1858 4577 dum

159 4622 250 4662 me
330 4605 740 4663 tentationibus
818 4607 1079 4663 resistere
1155 4607 1465 4680 prudenter
1531 4609 1857 4678 instrueret,

158 4692 309 4767 quod
370 4709 542 4751 suum
616 4701 766 4763 erat,
822 4693 920 4750 alii
975 4696 1282 4765 contigisse
1336 4699 1610 4756 narravit.
1674 4697 1858 4766 Novi,

156 4783 366 4856 inquit,
422 4783 655 4842 fratrem
717 4801 911 4858 quem,
971 4785 1111 4843 dum
1171 4787 1565 4847 fornicationis
1627 4791 1862 4864 spiritus

157 4873 411 4944 graviter
459 4873 720 4942 fatigaret
761 4882 817 4931 et
870 4874 971 4932 ille
1021 4875 1236 4933 crebris
1280 4877 1637 4936 orationibus
1687 4881 1860 4937 vehe-

156 4969 380 5017 menter
450 4961 758 5032 insisteret,
847 4964 1077 5021 tandem
1146 4971 1312 5023 nocte
1381 4968 1630 5039 quadam
1691 4984 1864 5041 super

155 5057 395 5108 stratum
446 5050 763 5123 quiescenti
815 5053 1055 5126 angelus
1100 5055 1202 5112 Dei
1257 5057 1522 5116 cominus
1569 5060 1764 5128 astitit,
1807 5066 1861 5116 et

154 5151 378 5214 arrepto
435 5141 580 5200 ferro
635 5143 925 5202 testiculos
969 5144 1094 5216 ejus
1143 5145 1404 5203 abscidit.
1457 5146 1718 5222 Cumque
1763 5147 1860 5204 ille

159 5232 396 5304 vigilare
423 5248 482 5289 se
509 5234 778 5305 crederet,
811 5235 908 5292 sed
942 5235 1200 5293 numinis
1238 5237 1573 5294 auctoritate
1609 5254 1859 5310 pressus,

156 5322 294 5393 quid
336 5331 598 5395 ageretur
648 5325 940 5398 inquirere
981 5341 1094 5382 non
1141 5326 1394 5393 auderet,
1439 5333 1654 5383 tantam
1702 5327 1861 5384 dolo-

157 5409 236 5467 ris
265 5410 386 5467 vim
423 5412 482 5468 in
508 5415 855 5483 genitalibus
885 5415 1136 5489 pertulit,
1169 5433 1236 5474 ac
1263 5417 1310 5474 si
1343 5432 1539 5473 revera
1571 5415 1861 5473 materiale

157 5502 517 5577 chirurgium
551 5513 766 5578 partem
796 5508 1049 5579 corporis
1084 5508 1374 5565 secuisset.
1429 5505 1518 5563 Ab
1564 5519 1631 5561 eo
1668 5505 1862 5577 itaque

158 5597 409 5665 tempore
441 5593 612 5652 frater
643 5595 740 5652 ille
773 5612 884 5652 non
926 5597 1093 5653 modo
1129 5593 1465 5670 hujusmodi
1498 5592 1861 5665 passionibus

155 5698 270 5741 non
320 5683 625 5756 subjacuit,
678 5683 774 5742 sed
829 5691 887 5742 et
943 5691 1219 5757 tanquam
1267 5698 1436 5742 carne
1487 5686 1854 5756 pramortua,

1872 4485 1920 4542 D

1931 3283 2306 3340 conveniatur
2348 3283 2622 3353 ofﬁcium,
2655 3299 2829 3357 quam
2881 3284 2982 3341 ille
3030 3285 3364 3358 psalterium
3416 3301 3636 3344 morose

1930 3372 2155 3438 habeat,
2214 3372 2566 3431 decantando
2617 3387 2752 3431 cum
2801 3373 2921 3431 suis
2975 3373 3214 3443 litaniis,
3283 3374 3633 3447 impletum;

1934 3464 2295 3538 postmodum
2352 3480 2508 3533 vero,
2559 3464 2728 3537 juxta
2782 3480 2999 3522 morem
3053 3466 3252 3536 eremi,
3301 3465 3634 3538 psalterium

1935 3569 2038 3628 pro
2082 3553 2368 3610 defunctis
2411 3553 2675 3611 exsolvit.
2735 3553 2910 3610 Porro
2959 3559 3152 3611 autem
3200 3570 3332 3612 cum
3378 3554 3520 3625 jam,
3575 3561 3638 3611 ut

1936 3645 2044 3701 fert
2086 3642 2298 3715 opinio,
2334 3649 2565 3702 centum
2598 3644 2982 3717 quadraginta
3010 3643 3196 3701 atatis
3238 3659 3420 3701 annos
3467 3659 3636 3701 exce-

1937 3734 2052 3805 dat,
2108 3740 2414 3807 postquam
2484 3749 2544 3791 se
2609 3740 2934 3791 constanter
2995 3732 3248 3803 inclusit,
3308 3733 3414 3790 hac
3465 3733 3637 3790 etiam

1938 3821 2061 3894 lege
2109 3822 2474 3891 constrinxit,
2534 3828 2597 3879 ut
2649 3823 2904 3894 quotidie
2949 3837 3010 3880 se
3055 3822 3238 3894 scopis
3277 3820 3639 3895 gravioribus

1936 3916 2136 3967 atterat
2182 3927 2196 3978 ;
2251 3910 2416 3968 nullo
2463 3910 2635 3966 etiam
2693 3897 2800 3967 die'
2837 3910 2950 3968 nisi
3001 3910 3414 3968 celebrioribus
3460 3909 3636 3972 festis,

1937 3999 2085 4056 circa
2137 4014 2433 4070 vesperam
2487 4003 2728 4069 tantum,
2771 3998 3108 4056 comedendi
3161 3998 3640 4056 consuetudinem

1941 4089 2139 4146 solvat.
2182 4090 2246 4144 In
2273 4088 2432 4145 omni
2467 4094 2655 4145 tamen
2689 4087 2802 4145 vita
2832 4104 2935 4146 sua
2965 4102 3267 4162 nunquam
3299 4088 3642 4160 sanguinem

1942 4178 2174 4247 minuit,
2219 4193 2522 4250 nunquam
2566 4177 2888 4238 antidotum
2935 4177 3198 4248 sumpsit.
3231 4175 3381 4233 Illud
3413 4190 3645 4248 quoque

1942 4267 2409 4340 praetereundum
2461 4283 2576 4323 non
2623 4274 2726 4335 est,
2759 4267 2895 4338 quia
2933 4265 3016 4323 sic
3053 4265 3176 4322 oleo
3220 4264 3435 4322 latitia
3463 4263 3646 4335 gratia

1941 4352 2112 4408 illum
2144 4351 2342 4408 divina
2372 4352 2666 4424 perunxit,
2699 4359 2763 4409 ut
2792 4368 2896 4409 nec
2926 4351 3127 4409 senilis
3171 4351 3419 4423 gravitas
3464 4350 3644 4407 tristia

1944 4441 2050 4499 sibi
2082 4457 2180 4499 ora
2220 4441 2572 4511 contrahere,
2605 4457 2709 4498 nec
2735 4442 2852 4498 vita
2882 4441 3154 4498 remotior
3201 4441 3261 4496 in
3310 4440 3436 4512 ejus
3477 4439 3644 4496 vultu

1943 4530 2190 4604 potuerit
2226 4530 2473 4602 rigidum
2523 4529 2661 4602 quid
2718 4531 2810 4587 vel
2857 4546 3122 4602 asperum
3175 4544 3494 4601 generare;
3545 4525 3643 4582 sed

1943 4633 2168 4689 semper
2241 4615 2458 4684 hilaris,
2536 4632 2761 4689 semper
2832 4617 3020 4687 latus,
3099 4631 3323 4688 semper
3395 4615 3643 4673 occurrit

1944 4707 2165 4764 urbana
2191 4705 2436 4779 quadam
2481 4704 2782 4762 serenitate
2809 4705 3068 4762 festivus.

2579 4846 2822 4904 CAPUT
2853 4845 3008 4906 VIII.

2438 4959 2514 5009 De
2556 4956 2834 5010 Dominico
2873 4957 3144 5010 Loricato.

2015 5061 2124 5119 Sed
2171 5076 2275 5118 cur
2310 5075 2444 5134 ergo
2499 5067 2721 5117 sanctos
2769 5059 3270 5117 commemorando
3322 5061 3499 5128 viros,
3552 5059 3641 5116 di-

1945 5167 2106 5209 versa
2166 5149 2379 5222 passim
2421 5151 2540 5206 loca
2585 5148 2870 5222 perlustro
2898 5151 2925 5203 τ
2979 5148 3446 5222 quandoquidem
3492 5147 3646 5204 intra

1946 5240 2142 5306 limen,
2190 5247 2245 5295 et
2284 5253 2403 5310 pra
2441 5238 2710 5295 manibus
2758 5246 2941 5308 teneo,
2977 5227 3050 5294 ad
3079 5239 3249 5310 cujus
3291 5237 3464 5310 digne
3505 5239 3645 5295 effe-

1947 5327 2124 5384 renda
2180 5324 2462 5397 praconia
2513 5324 2700 5397 impar
2749 5325 2972 5384 viribus
3014 5342 3127 5384 non
3171 5341 3430 5399 assurgo.
3483 5325 3645 5384 Certe
3721 5358 3740 5370 -

1945 5414 2170 5472 cellulis
2225 5413 2565 5470 altrinsecus
2621 5414 2964 5478 constitutis,
3023 5415 3145 5472 solo
3204 5412 3456 5471 basilica
3519 5430 3643 5471 me-

1943 5503 2156 5560 diantis
2201 5501 2522 5572 interstitio,
2559 5516 2662 5570 ego
2708 5500 2922 5574 illeque
2968 5501 3332 5568 dividimur;
3379 5502 3546 5572 cujus
3596 5502 3642 5558 si

1943 5592 2258 5650 virtutibus
2298 5589 2708 5648 enumerandis
2744 5589 3005 5661 invigilo,
3047 5599 3181 5648 ante
3227 5590 3348 5647 dies
3393 5589 3644 5647 elabitur

1939 5695 2117 5754 quam
2147 5677 2435 5737 scribendi
2465 5679 2700 5736 materia
2735 5678 2978 5737 deficere
3007 5695 3172 5753 posse
3213 5679 3496 5740 videatur.
3526 5678 3637 5738 Do-
