4054 6184
320 219 424 277 757

1395 220 1648 281 OPUSG.
1694 222 1790 280 LI.
1831 251 1898 262 —
1936 219 2033 277 DE
2074 219 2258 279 VlTA
2294 220 2725 280 EREMITIGA.

3706 211 3812 271 758

325 342 609 400 minicum
685 341 834 412 dico,
895 342 1184 401 doctorem
1249 342 1535 415 videlicet,
1605 350 1661 402 et
1728 319 2093 405 dominumA
2111 349 2166 401 et
2248 343 2465 402 Paulus
2530 344 2842 418 quinquies
2919 317 3331 415 quadragenas,
3394 356 3511 399 una
3581 338 3816 412 minus,

324 446 558 501 meum;
603 431 772 503 cujus
825 430 1062 505 quidem
1108 430 1309 506 lingua
1354 435 1565 493 rustica
1616 443 1719 502 est,
1765 436 1865 493 sed
1912 435 2030 493 vita

320 520 633 580 artiﬁciosa
684 520 822 578 satis
868 528 923 578 et
972 520 1183 594 lepida,
1232 538 1364 596 qua
1396 539 1533 582 sane
1580 525 1697 582 vita
1738 526 1873 582 satis
1913 525 2027 583 uti-

320 606 439 666 lius
470 606 542 664 ad
572 605 1009 665 adiﬁcationem
1047 607 1196 665 vivis
1224 610 1493 684 Operibus
1532 612 1819 683 praedicat,
1852 628 2030 685 quam

323 693 536 753 sterilis
582 694 969 770 quorumdam
1000 694 1221 768 lingua,
1259 714 1391 770 qua
1418 707 1682 756 accurata
1724 700 2031 772 phalerata

324 783 670 842 urbanitatis
719 784 889 842 verba
927 783 1123 842 inania
1164 785 1422 844 trutinat.
1474 787 1668 861 Longe
1692 790 1813 861 jam
1854 806 2030 849 anno-

326 889 458 932 rum
519 873 780 932 elabcnte
841 872 1077 943 circulo,
1144 875 1330 933 ferrea
1398 876 1469 932 ad
1546 893 1775 935 carnem
1854 878 2030 937 lorica

326 961 696 1037 pracinctns,
758 961 1217 1034 infmdembilem
1274 980 1530 1038 pugnam
1601 985 1731 1027 cum
1810 970 2030 1046 iniquis

329 1049 630 1126 spiritibus
690 1052 979 1123 conserit;
1041 1068 1267 1126 semper
1333 1062 1566 1127 paratus
1612 1060 1685 1116 ad
1744 1060 2032 1132 pralium,

330 1155 448 1197 non
527 1138 715 1197 solum
786 1140 975 1209 corde,
1052 1142 1152 1200 sed
1218 1149 1273 1202 et
1332 1159 1566 1217 corpore
1625 1150 2032 1220 pramunitus,

329 1227 608 1287 adversus
674 1228 911 1287 hostiles
961 1230 1112 1289 acies
1160 1233 1420 1293 fervidus
1474 1236 1715 1295 bellator
1793 1238 2029 1298 incedit.

328 1319 495 1377 Hauc
531 1325 724 1378 autem
774 1321 1068 1382 continua
1113 1326 1247 1385 vita
1290 1328 1771 1387 consuetudinem
1804 1330 2033 1390 indiﬂ‘e-

329 1415 521 1466 renter
572 1407 766 1479 habet,
818 1417 884 1469 ut
912 1411 1014 1469 vix
1052 1412 1175 1471 dies
1215 1415 1336 1473 ulla
1382 1424 1698 1490 praetereat,
1748 1420 1891 1493 quin
1920 1421 2037 1481 duo

329 1497 597 1569 psalteria
645 1498 998 1558 modulando
1044 1498 1290 1576 utraque
1329 1521 1504 1564 manu
1559 1509 1744 1579 sc0pis
1794 1517 2032 1581 armata,

326 1589 553 1647 nudum
606 1604 815 1663 corpus
862 1590 1089 1664 allidat,
1150 1599 1206 1651 et
1258 1595 1367 1654 hoc
1435 1599 1751 1658 remissiori
1786 1602 2033 1675 quidem

2108 433 2321 504 accepit
2375 436 2446 503 (II
2482 434 2599 490 Cor.
2634 439 2735 504 x1).
2785 433 2947 502 Quod
2985 433 3157 489 etiam
3188 430 3486 489 innumeri
3533 434 3815 502 martyres

2110 520 2272 579 duris
2319 521 2653 595 subjacuere
2693 521 3072 589 verberibus;
3122 520 3217 577 cui
3253 523 3411 576 vacat
3443 530 3642 573 eorum
3690 514 3814 573 his-

2113 610 2285 668 torias
2332 610 2538 682 legere,
2588 626 2703 667 non
2746 609 2954 683 poterit
2987 609 3269 683 ignorare.
3320 607 3410 664 Ab
3442 604 3560 663 illis
3597 620 3730 678 ergo
3759 612 3817 662 et

2113 699 2272 757 hunc
2302 701 2659 781 pmiiitentia
2700 700 2935 758 modum
2985 714 3087 757 nos
3118 698 3438 769 suscepisse
3472 695 3814 768 gaudemus,

2111 805 2145 846 a
2189 790 2404 862 quibus
2434 789 2714 848 nimirum
2748 790 3014 848 omnium
3045 788 3371 848 studiorum
3423 785 3817 861 spiritualium

2110 878 2495 935 instrumenta
2543 877 2877 936 didicimus.
2939 877 3115 935 Porro
3176 876 3225 933 si
3271 877 3518 949 jejunia,
3564 874 3817 948 vigilias,

2111 968 2453 1039 nuditatem,
2494 969 2713 1038 cilicia,
2750 984 3011 1040 genuum
3058 968 3360 1038 ﬂexiones,
3397 974 3451 1025 et
3477 971 3681 1024 catera
3724 966 3817 1022 his

2117 1057 2353 1129 similia,
2413 1058 2623 1116 idcirco
2676 1057 2926 1115 remedia
2978 1055 3333 1129 panitentia
3378 1053 3813 1122 constituimus,

2117 1154 2180 1205 ut
2211 1164 2311 1220 per
2351 1148 2473 1205 hac
2509 1146 2782 1205 vitiorum
2818 1145 3115 1204 illecebras
3161 1145 3576 1218 deprimamus,
3625 1149 3681 1200 et
3719 1143 3818 1199 de-

2118 1238 2519 1298 lectationibus
2560 1238 2752 1296 carnis
2809 1254 2840 1295 e
2882 1237 3109 1295 diverso
3159 1234 3611 1293 amaritudinem
3640 1248 3818 1306 appo-

2118 1345 2327 1388 namus
2354 1349 2367 1388 :
2405 1345 2537 1404 qua
2561 1329 2713 1387 inter
2735 1329 2860 1386 hac
2889 1327 3303 1400 congruentius
3334 1324 3450 1382 dici
3479 1323 3819 1398 poenitentia

2118 1425 2319 1492 potest,
2375 1433 2550 1492 quam
2601 1432 2733 1475 cum
2788 1432 2848 1474 se
2885 1420 3142 1489 peccator
3190 1413 3416 1472 nudum
3461 1413 3556 1471 sui
3601 1411 3818 1487 judicis

2116 1506 2446 1581 conSpectui
2520 1512 2912 1579 reprasentat,
2974 1511 3031 1563 et
3105 1502 3592 1577 deprehensorum
3658 1516 3820 1559 more

2117 1595 2405 1655 latronum
2438 1642 2453 1666 ,
2500 1597 2684 1669 ipsam
2737 1612 2868 1668 qua
2913 1600 3287 1668 peccaverat,
3332 1607 3562 1649 carnem
3614 1589 3823 1669 verbe-

332 1683 607 1752 tempore.
691 1678 837 1736 Nam
915 1680 1512 1756 quadragesimalibus
1578 1667 1834 1761 circulis,
1912 1690 2098 1762 siveB
2121 1684 2299 1743 rando
2325 1667 2561 1758 castigat
2591 1667 2770 1744 ?Huc
2798 1667 3014 1742 accedit
3039 1682 3194 1757 quod
3230 1680 3545 1740 nonnullos
3572 1667 3825 1753 le'gimus

332 1783 466 1826 cum
518 1767 919 1842 paenitentiam
978 1773 1363 1845 peragendam
1414 1776 1587 1836 habet
1623 1779 1843 1845 (crebro
1879 1780 2037 1838 enim

330 1867 564 1917 centum
621 1875 911 1919 annorum
964 1864 1361 1935 paenitentiam
1414 1869 1698 1942 suscipit),
1750 1879 1890 1929 tunc
1938 1887 2039 1945 per

331 1948 457 2007 dies
498 1950 756 2023 singulos
794 1951 934 2010 dum
980 1968 1040 2011 se
1078 1969 1380 2027 scoparum
1425 1949 1797 2020 tunsionibus
1840 1960 2034 2033 afﬁcit,

332 2037 403 2095 ad
435 2036 630 2096 minus
660 2039 765 2097 tria
800 2040 1064 2122 psalteria
1097 2042 1428 2101 meditando
1466 2046 1759 2118 persolvit.
1791 2047 2035 2106 Centum

331 2131 524 2182 autem
567 2142 856 2184 annorum
888 2129 1244 2200 panitentia.
1275 2131 1422 2189 sicut
1451 2132 1576 2205 ipso
1623 2143 1852 2193 auctore
1893 2135 2038 2194 didi-

333 2210 560 2282 cimus,
612 2212 693 2270 sic
740 2214 1028 2286 expletur.
1096 2213 1271 2274 Porro
1326 2231 1459 2275 cum
1508 2221 1683 2277 trium
1731 2237 2037 2295 scoparum

332 2299 521 2358 millia
549 2316 735 2360 unum
766 2302 1124 2375 paenitentia
1145 2320 1368 2363 annum
1396 2308 1547 2380 apud
1570 2324 1679 2369 nos
1699 2312 2038 2383 regulariter

331 2388 631 2461 expleant,
679 2390 872 2447 decem
924 2397 1115 2449 autem
1159 2392 1512 2466 psalmorum
1565 2397 1915 2467 modulatio,
1975 2405 2040 2456 ut

331 2493 485 2551 sape
540 2478 841 2551 probatum
895 2486 1017 2552 est,
1073 2482 1232 2539 mille
1285 2499 1483 2555 scopas
1535 2485 1845 2555 admittat;
1896 2488 2036 2546 dum

330 2576 562 2627 centum
618 2569 1042 2645 quinquaginta
1097 2572 1334 2646 psalmis
1399 2582 1657 2635 constare
1700 2577 2038 2649 psalterium

2119 1779 2246 1849 post
2283 1775 2513 1849 culpam
2572 1776 2635 1833 in
2687 1775 2873 1834 extasi
2937 1774 3009 1832 ad
3064 1773 3356 1847 judicium
3415 1776 3625 1847 raptos,
3673 1770 3821 1826 hanc

2118 1862 2435 1922 exsolvisse
2489 1864 2802 1922 vindictam
2831 1863 3192 1935 (HIEBONYM.
3247 1864 3408 1933 epist.
3467 1858 3537 1917 22
3585 1859 3661 1914 ad
3708 1861 3821 1914 Eu-

2118 1951 2327 2023 stoch.).
2357 1949 2798 2010 Credendumne
2827 1966 2961 2022 ergo
2989 1958 3071 2008 est
3100 1948 3245 2024 quin
3280 1949 3434 2006 hunc
3464 1945 3824 2020 pmnitentia

2120 2038 2381 2105 modum,
2441 2056 2615 2114 quem
2666 2041 2821 2099 Deus
2877 2040 2997 2114 ipse
3053 2056 3087 2097 a
3134 2037 3466 2097 nolentibus
3524 2035 3724 2111 exigit,
3790 2051 3825 2093 a

2118 2125 2341 2186 devotis
2398 2137 2452 2186 et
2489 2129 2640 2187 ultro
2681 2129 3054 2188 offerentibus
3116 2127 3406 2201 suscipere
3446 2124 3826 2185 contemnat?

2120 2215 2260 2273 Haec
2288 2234 2389 2290 per
2418 2234 2724 2276 excessum
2770 2219 3248 2277 commendanda
3273 2217 3597 2291 disciplina
3643 2216 3825 2290 gratia

2120 2303 2400 2376 diximus,
2430 2314 2495 2364 ut
2527 2308 2735 2364 teneris
2764 2314 2820 2364 et
2864 2306 3121 2365 delicatis
3151 2304 3452 2364 monachis
3484 2302 3824 2362 detrahendi

2119 2393 2415 2451 audaciam
2468 2394 2818 2454 tolleremus.
2863 2397 3030 2455 Nunc
3062 2397 3134 2455 ad
3165 2395 3554 2466 Dominicum,
3608 2394 3679 2452 de
3707 2409 3824 2467 quo

2118 2491 2386 2557 cmperat,
2434 2501 2622 2543 sermo
2652 2494 2926 2544 recurrat.
2970 2486 3143 2544 Enim
3169 2502 3306 2543 vero
3335 2500 3470 2543 cum
3500 2484 3661 2542 hunc
3700 2484 3822 2555 jam

2120 2575 2175 2626 et
2240 2570 2481 2628 incurva
2540 2578 2803 2629 senectus
2848 2572 3153 2646 deprimat,
3210 2579 3265 2630 et
3310 2570 3529 2629 crebris
3584 2570 3825 2642 insuper

333 2674 452 2717 non
515 2659 872 2732 ambigitur,
923 2660 1187 2736 quinque
1238 2679 1525 2723 annorum
1585 2668 1923 2741 panitentia
1974 2668 2035 2727 in
2121 2658 2497 2732 languoribus
2544 2659 2900 2717 οοηίᾶὒθείῖδῐ
2931 2703 2946 2727 ν
3006 2660 3221 2719 mirum
3279 2659 3433 2717 unde
3485 2658 3574 2716 illi
3630 2662 3824 2717 tantus

332 2750 510 2823 hujus
556 2750 807 2823 psalterii
847 2751 1152 2825 disciplina
1191 2764 1339 2813 recte
1379 2759 1825 2830 supputantibus
1872 2760 2038 2818 inve-
2122 2748 2311 2808 fervor
2353 2749 2637 2819 incendat,
2667 2756 2731 2807 ut
2762 2752 2823 2807 in
2852 2749 3248 2823 spiritualibus
3275 2748 3566 2807 exercitiis
3599 2764 3824 2823 semper

334 2841 513 2898 nitur.
558 2841 669 2899 Sed
722 2843 845 2900 sive
899 2843 1157 2917 quinque
1208 2846 1363 2904 vices
1415 2847 1609 2917 ducas,
1660 2852 1782 2909 sive
1830 2852 1935 2922 vig;

2219 2839 2426 2910 ictum,
2455 2854 2680 2913 semper
2723 2831 3144 2913 infatigabilem
3186 2854 3249 2896 se
3292 2838 3509 2897 reddat.
3558 2837 3703 2895 Nam
3734 2842 3820 2908 ut,

336 2929 676 3004 quinquies,
729 2939 961 2991 centum
1014 2932 1184 2992 ﬁunt.
1246 2935 1631 3011 Consequitur
1682 2955 1835 3011 ergo,
1894 2938 1937 2995 7

2219 2941 2243 2983 ε)
2314 2928 2614 2997 referente,
2666 2927 2931 3000 cognovi,
2990 2942 3141 3001 sape
3193 2926 3309 2986 duo
3367 2926 3631 2999 psalteria
3685 2941 3820 2984 cum

334 3026 398 3077 ut
463 3019 564 3093 qui
621 3021 827 3093 viginti
883 3022 1154 3092 psalteria
1202 3039 1335 3083 cum
1390 3026 1696 3100 disciplina
1750 3015 2440 3113 decantat,Cdi§CiPIiDiS
2477 3016 2679 3074 stando
2730 3017 3048 3113 (ξουῐξηυθῐι
3106 3016 3185 3073 ila
3233 3020 3298 3074 ιη
3345 3030 3534 3103 {mque
3587 3014 3823 3113 ίηίξπίξῐι

332 3116 566 3166 centum
595 3126 883 3169 annorum
922 3113 1324 3185 paenitentiam
1353 3131 1414 3173 se
1451 3118 1737 3190 peregisse
1765 3117 2031 3176 conﬁdat.
2063 3105 2312 3166 “sedeat
2343 3152 2357 3180 ι
2412 3123 2604 3181 neque
2664 3108 2755 3164 vel
2812 3105 2883 3165 ad
2931 3112 3290 3165 momentum
3338 3122 3373 3163 3
3428 3106 3820 3180 PePCUSSiODi'

332 3195 676 3272 Quanquam
725 3205 781 3256 et
825 3200 888 3256 in
942 3199 1051 3259 hoc
1098 3201 1403 3276 plerosque
1451 3211 1645 3263 noster
1699 3206 2037 3264 Dominicus
2117 3196 2229 3255 bus
2262 3195 2587 3254 incredibili
2630 3195 2841 3253 mentis
2899 3195 3122 3253 fervore
3164 3196 3440 3268 quiescat.
3493 3194 3820 3270 Inquirenti

332 3292 602 3358 superet;
646 3286 783 3359 quia
813 3302 946 3345 cum
982 3290 1253 3348 nonnulli
1285 3306 1461 3349 unam
1497 3309 1734 3352 manum
1762 3295 1823 3352 in
1856 3294 2033 3352 disci-

336 3374 508 3448 plinis
545 3375 784 3449 agendis
836 3386 1161 3448 exerceant,
1218 3380 1325 3438 iste
1378 3388 1443 3440 ut
1490 3397 1688 3440 revera
1728 3382 2033 3456 Benjamin

337 3462 491 3519 ﬁlius
525 3462 702 3535 [ﬁlius
728 3461 875 3521 Gera
912 3463 1019 3522 ﬁlii
1053 3466 1287 3540 Jemini]
1331 3476 1531 3526 contra
1567 3470 1809 3529 rebelles
1841 3471 2032 3529 carnis

335 3548 637 3611 illecebras
723 3562 972 3628 utraque
1035 3571 1218 3615 manu
1300 3558 1741 3631 infatigabiliter
1814 3566 2034 3635 pugnat

334 3644 529 3717 (Judic.
562 3650 671 3712 In).
706 3642 871 3703 Hanc
892 3651 1087 3704 autem
1141 3653 1376 3705 centum
1420 3664 1704 3709 annorum
1744 3651 2032 3724 poeniten-

336 3736 494 3806 tiam,
541 3743 607 3795 ut
634 3737 779 3795 mihi
826 3736 948 3810 ipse
984 3738 1280 3812 professus
1320 3746 1425 3812 est,
1478 3740 1643 3801 facile
1671 3758 1775 3802 sex
1827 3743 2033 3803 diebus

333 3838 407 3881 ex
437 3839 596 3883 more
621 3831 1002 3885 consummat.

997 4003 1241 4064 CAPUT
1272 4004 1373 4064 IX.

841 4130 920 4183 De
953 4131 1166 4184 ratione
1200 4128 1527 4199 disciplina.

2118 3286 2263 3344 mihi
2329 3284 2658 3357 aliquando,
2726 3292 2924 3342 utrum
2995 3289 3183 3356 posset
3242 3298 3379 3340 cum
3456 3283 3659 3341 ferrea
3716 3298 3819 3342 ve-

2114 3375 2216 3433 stis
2264 3374 2512 3448 pondere
2567 3371 2989 3445 aliquantisper
3050 3386 3309 3443 genuum
3360 3371 3610 3430 ﬂexibus
3657 3371 3819 3429 insu-

2112 3461 2290 3531 dare;
2376 3462 2485 3520 sub
2557 3460 2665 3518 hac
2738 3459 2884 3517 mihi
2958 3459 3115 3517 dedit
3166 3458 3507 3518 obscuritate
3579 3475 3817 3534 respon-

2113 3568 2242 3612 sum
2269 3577 2281 3611 :
2329 3548 2473 3607 796
2502 3551 2646 3610 Cum
2679 3550 3048 3609 incolumitas
3080 3550 3226 3607 mihi
3264 3550 3456 3608 votiva
3490 3552 3818 3624 respondet,

2112 3642 2462 3717 quandoque
2521 3657 2622 3715 per
2679 3656 2881 3700 omnes
2936 3640 3112 3699 totius
3184 3639 3441 3713 psalterii
3489 3639 3818 3712 quindenos

2113 3731 2364 3806 psalmos
2404 3730 2620 3787 centies
2658 3744 2848 3802 genua
2876 3727 3100 3786 ﬂectere
3145 3726 3442 3786 consuevi.
3476 3725 3639 3797 Quod
3683 3726 3819 3801 qui-

2115 3821 2248 3880 dem
2286 3827 2425 3878 tunc
2465 3834 2581 3876 non
2624 3817 2930 3891 diligenter
2974 3817 3216 3888 attendi,
3264 3817 3630 3891 postmodum
3680 3830 3816 3874 vero

2115 3909 2269 3987 quod
2319 3908 2541 3966 dictum
2588 3908 2793 3978 fuerat,
2842 3914 3034 3967 mente
3080 3908 3404 3979 revolvens,
3464 3923 3499 3964 a
3553 3905 3819 3980 depresso

2117 3998 2353 4057 homine
2382 3996 2543 4054 mille
2569 4004 2882 4055 metanaas
2908 3998 2970 4055 in
3016 4012 3135 4055 uno
3176 3994 3445 4070 psalterio
3472 3996 3597 4054 ﬁeri
3625 3994 3814 4052 admi-

2116 4099 2277 4152 ratus
2324 4088 2554 4164 expavi.
2592 4086 2850 4157 Quadam
2880 4087 2973 4146 die
3009 4093 3136 4162 post
3180 4100 3497 4160 vesperam,
3545 4085 3818 4146 cellulam

2116 4197 2304 4241 meam
2361 4182 2701 4253 ingressus:
2758 4178 3046 4252 Magister,
3099 4178 3291 4251 inquit
3320 4177 3450 4244 (hoc
3511 4177 3669 4235 enim
3723 4176 3818 4235 in-

406 4269 646 4327 Memini
701 4283 933 4342 quoque
999 4268 1138 4341 quia
1197 4268 1498 4341 cujusdam
1568 4268 2034 4344 Quadragesima
2116 4271 2292 4345 digno
2337 4268 2618 4328 vocabulo
2665 4283 2760 4325 me
2797 4283 2867 4325 ex
2908 4265 3233 4326 humilitate
3259 4265 3604 4338 compellat),
3649 4264 3821 4324 hodie

336 4357 695 4415 imminentis
724 4356 891 4414 initio
922 4356 1081 4415 mille
1105 4372 1290 4415 annos
1314 4357 1534 4431 imponi
1564 4359 1676 4417 sibi
1705 4376 1805 4433 per
1834 4377 1939 4420 nos
1960 4362 2225 4464 adeeci
2271 4360 2426 4435 quod
2481 4360 2757 4418 hactenus
2811 4373 2904 4416 me
2956 4358 3157 4416 fecisse
3209 4371 3325 4415 non
3381 4356 3644 4427 memini,
3697 4363 3822 4416 octo

324 4444 735 4525 panitentiam
784 4444 981 4518 petiit:
1031 4460 1178 4519 quos
1214 4452 1365 4504 certe
1412 4461 1616 4505 omnes
1661 4447 1840 4507 ferme
1880 4444 2323 4525 ante-"nempe
2372 4449 2641 4522 psalteria
2685 4448 2834 4506 inter
2881 4447 3036 4506 diem
3088 4453 3144 4505 et
3179 4453 3403 4506 noctem
3455 4447 3821 4507 modulanter

335 4549 511 4608 quam
537 4534 749 4609 jejunii
796 4540 1022 4608 tempus
1065 4535 1476 4606 transigeretur
1500 4537 1774 4611 explevit.
1836 4538 1896 4598 Si
1939 4541 2033 4599 cui
2115 4542 2365 4616 explevi.
2405 4540 2714 4598 Videbatur
2754 4546 2950 4597 autem
2982 4544 3118 4597 tunc
3162 4545 3316 4597 totus
3346 4538 3543 4597 vultus
3571 4542 3696 4610 ejus
3744 4539 3822 4596 ita

336 4632 530 4682 autem
601 4625 709 4683 hoc
770 4623 1187 4697 panitentialis
1238 4624 1564 4698 disciplina
1623 4642 1847 4699 genus,
1898 4629 2035 4703 quia

336 4712 574 4783 durum,
608 4712 871 4770 videatur
901 4713 1071 4770 etiam
1112 4713 1347 4771 fortasse
1380 4713 1761 4786 superﬂuum,
1795 4723 1849 4773 et
1880 4716 2034 4790 quod

336 4798 456 4871 ipse
511 4798 693 4857 facere
742 4801 1002 4875 uegligit,
1056 4799 1182 4859 ﬁeri
1233 4801 1404 4858 etiam
1462 4799 1645 4858 nolit:
1698 4801 1838 4873 quid
1890 4803 2037 4860 mihi

336 4890 616 4963 peccatori
678 4906 853 4964 super
942 4893 1049 4949 hac
1118 4889 1398 4948 sententia
1487 4888 1770 4961 videatur,
1840 4893 2039 4965 paucis

333 4979 631 5038 absolvam
680 4981 814 5050 (27).
854 4982 1091 5040 Devotio
1124 4987 1317 5038 sancta
1357 4979 1619 5038 ﬁdelium
1669 4995 1803 5039 cum
1845 4997 1906 5039 se
1940 4996 2039 5055 pro

337 5075 699 5142 peccatorum
773 5084 1013 5127 suorum
1086 5069 1366 5127 memoria
1427 5068 1764 5127 verberibus
1819 5069 2036 5143 aﬂicit,

337 5158 768 5218 communicare
797 5174 857 5217 se
885 5160 976 5218 sui
1007 5158 1406 5232 Redemptoris
1443 5158 1810 5233 passionibus
1837 5161 2035 5219 credit.

339 5246 485 5303 Nam
516 5254 572 5303 et
597 5245 721 5320 ipse
756 5246 1019 5306 Salvator
1060 5252 1272 5316 uoster,
1310 5246 1624 5320 Evangelia
1652 5254 1812 5320 teste,
1854 5249 2043 5323 ﬂagel-

340 5337 409 5394 lis
440 5352 624 5395 casus
667 5345 751 5394 est
779 5340 973 5407 (Marc.
1000 5348 1136 5407 xv;
1181 5340 1499 5407 Joan.x1x)
1535 5355 1549 5406 ;
1594 5344 1650 5396 et
1694 5338 1934 5411 apostoli
1978 5340 2040 5397 in

337 5432 647 5501 conspectu
695 5426 929 5486 concilii
976 5426 1314 5485 verberibus
1366 5433 1502 5485 sunt
1540 5426 1727 5485 aﬂ‘ecti
1768 5430 1915 5498 (Act.
1948 5434 2036 5500 V);

399 5610 503 5676 (2‘7)
536 5609 683 5664 Conf.
707 5609 868 5677 epist.
891 5610 921 5661 8
947 5608 1043 5662 lib.
1070 5623 1109 5661 v
1129 5612 1182 5664 et
1209 5610 1229 5661 1
1259 5607 1351 5665 lib.
1376 5623 1448 5665 vn.

2118 4634 2302 4703 scopis
2348 4628 2596 4696 attritus,
2643 4643 2708 4685 ac
2747 4627 3109 4685 sulcantibus
3152 4627 3500 4701 quibusdam
3531 4626 3822 4685 vibicibus

2121 4719 2444 4787 livefactus,
2479 4724 2756 4790 tanquam
2783 4717 2831 4774 si
2863 4716 2981 4789 pila
3018 4716 3215 4785 fuerit,
3251 4716 3601 4787 ptisanarum
3639 4729 3819 4784 more,

2118 4815 2411 4865 contusus.
2450 4806 2771 4863 Psalinodia
2799 4820 2939 4862 sane
2966 4805 3054 4861 illi
3081 4804 3292 4862 idcirco
3322 4810 3438 4861 tam
3484 4803 3650 4861 facile
3688 4820 3825 4877 pro-

2120 4893 2298 4963 venit,
2332 4894 2468 4965 quia
2517 4906 2629 4950 non
2678 4899 2792 4949 tam
2838 4891 3033 4962 verbo,
3086 4899 3151 4950 ut
3197 4892 3319 4966 ipse
3346 4892 3566 4961 asserit,
3621 4881 3827 4965 lingua

2122 4984 2510 5055 perstrepente
2566 4980 2833 5049 revolvit,
2865 4996 3043 5055 quam
3082 4995 3321 5039 sensum
3366 4979 3576 5038 mentis
3602 4979 3826 5037 vivaci-

2126 5075 2234 5127 tate
2279 5067 2581 5141 percurrit.
2615 5068 2947 5145 Aliquando
2994 5086 3027 5128 a
3078 5084 3168 5126 me
3206 5074 3460 5128 remotus
3489 5066 3822 5139 habitabat;

2123 5172 2372 5231 cumque
2419 5156 2492 5215 ad
2522 5173 2615 5216 me
2643 5158 2974 5230 ingressum
3008 5159 3222 5234 quibus
3251 5167 3388 5217 tunc
3426 5174 3488 5217 se
3516 5159 3652 5218 vita
3679 5158 3828 5232 legi-

2123 5247 2232 5306 bus
2267 5255 2460 5321 ageret
2503 5248 2895 5322 inquisissem,
2931 5250 3224 5324 respondit
3274 5264 3334 5306 se
3381 5249 3687 5308 carnaliter
3732 5249 3824 5307 vi-

2124 5352 2277 5405 vere,
2309 5344 2363 5394 et
2393 5337 2613 5410 quintis
2649 5352 2874 5410 semper
2903 5337 3061 5395 feriis
3105 5352 3235 5396 cum
3275 5336 3589 5396 Dominicis
3619 5338 3825 5397 diebus

2121 5442 2158 5484 a
2216 5425 2385 5485 solito
2438 5442 2498 5485 se
2546 5426 2910 5485 abstinentia
2972 5426 3161 5501 rigore
3216 5426 3433 5486 laxare.
3490 5426 3826 5503 Requisitus
