4054 6184
225 249 331 310 759

684 249 741 309 S.
789 251 1007 310 PETRI
1046 252 1368 313 DAMIANI
1408 255 1568 315 OPP.
1609 255 1859 317 TOMUS
1899 256 2040 317 SEU
2084 257 2270 317 PARS
2309 257 2412 316 III.
2457 289 2522 300 -
2561 255 2954 317 OPUSCULA
2995 259 3252 319 VARIA.

3605 263 3713 323 760

226 384 424 439 utrum
452 377 751 452 pulmento
775 380 1068 453 quolibet,
1101 381 1228 438 ovis
1253 383 1343 440 vel
1372 399 1534 442 caseo
1565 383 2204 445 vescereturzAlaetitia
2235 401 2248 454 ;
2314 385 2370 440 in
2415 385 2602 442 fratris
2631 385 2886 444 adventu
2914 401 3044 444 caro
3085 393 3180 445 tua
3227 388 3432 446 sentiat
3472 389 3708 462 refrige-

225 469 472 541 negavit.
503 468 730 526 Rursus
758 469 803 526 si
855 470 1114 542 piscibus
1141 479 1241 528 aut
1292 472 1476 544 pomis
1504 471 1531 530 ?
1586 473 1793 536 Pisces,
1827 472 1928 540 ait,

225 564 282 616 et
309 574 496 632 poma,
531 560 581 616 si
605 575 720 633 qua
750 567 904 630 sunt,
937 561 1348 632 aegrotantibus
1377 563 1610 636 praebeo
1635 607 1650 634 ,
1681 579 1930 637 quorum

230 665 340 707 non
386 649 690 706 minimam
733 650 1172 706 multitudinem
1216 650 1407 722 jacere
1455 653 1514 710 in
1563 653 1774 712 nostris
1805 669 1924 726 par-

227 739 382 797 tibus
429 733 758 812 ingemisco.
815 738 1076 814 Cumque
1129 740 1296 798 illum
1349 743 1530 801 durus
1582 750 1814 801 exactor
1867 744 1928 801 in

225 834 469 900 angusto
493 827 915 897 concluderem,
948 827 1143 886 dicens
1175 854 1186 887 :
1225 830 1386 888 Unde
1417 848 1550 905 ergo
1583 833 1699 890 illis
1727 830 1930 890 diebus

224 917 522 975 remissius
553 916 722 986 vivis,
754 916 800 973 si
834 917 983 974 nihil
1020 933 1222 975 eorum
1251 921 1505 976 comedis
1535 936 1666 993 quae
1700 934 1932 977 necesse

226 1006 298 1065 sit
329 1007 420 1064 vel
448 1005 681 1079 ignibus
725 1005 988 1079 decoqui,
1025 1007 1116 1065 vel
1174 1008 1235 1064 in
1290 1009 1596 1067 arboribus
1626 1007 1930 1067 inveniri?

226 1097 522 1170 respondit
571 1113 583 1146 :
645 1096 940 1166 Feniculo,
1019 1097 1227 1172 inquit,
1289 1113 1418 1156 cum
1477 1114 1622 1170 pane
1691 1099 1935 1156 libenter

226 1203 442 1248 vescor.
475 1188 610 1246 Mox
642 1187 919 1245 nimirum
953 1189 1130 1261 perite
1155 1190 1396 1262 cognovi
1425 1205 1600 1262 quam
1628 1189 1934 1247 carnaliter

229 1280 402 1337 homo
454 1276 694 1346 viveret,
738 1277 837 1349 qui
880 1292 1013 1334 suas
1048 1277 1280 1335 delicias
1311 1278 1371 1335 in
1415 1277 1668 1336 feniculo
1719 1276 1935 1336 consti-

231 1367 450 1425 tuisset.
494 1364 678 1422 Habet
717 1366 884 1438 plane
944 1364 1184 1423 uberem
1234 1365 1622 1439 lacrymarum
1661 1367 1927 1444 gratiam,

230 1456 328 1515 sed
376 1454 676 1512 alternam.
719 1454 863 1512 Cum
911 1455 1068 1511 enim
1113 1457 1372 1514 reclusus
1416 1455 1524 1514 sub
1564 1457 1819 1517 districto
1871 1478 1932 1520 se

227 1545 459 1603 silentio
507 1544 786 1617 reprimit,
826 1560 984 1612 mox,
1030 1552 1093 1602 ut
1135 1545 1398 1613 voluerit,
1441 1546 1741 1606 aflluenter
1776 1549 1934 1624 plan-

227 1638 311 1710 git
344 1643 440 1694 :at
469 1637 515 1694 si
549 1635 834 1708 colloquio
880 1637 1292 1710 frequentetur,
1323 1638 1520 1696 ﬂetum
1572 1656 1632 1698 se
1670 1643 1934 1701 amisisse

2015 471 2188 542 rium,
2232 487 2336 528 nec
2380 473 2626 529 multum
2671 474 2892 542 timeas,
2941 473 2990 530 si
3037 473 3220 532 solitae
3261 475 3556 533 servitutis
3594 491 3709 532 non

2013 560 2253 632 impleas
2279 575 2547 632 pensum.
2583 560 2848 618 Pulsante
2880 561 3147 621 cellulam
3194 570 3351 621 tuam
3383 566 3552 621 fratre
3579 579 3713 637 pro-

2015 649 2169 706 tinus
2236 649 2425 705 tristes
2471 664 2630 721 rugae
2677 649 2986 718 discedant,
3039 658 3325 709 contracta
3375 668 3434 709 se
3491 668 3589 710 ora
3621 667 3711 709 re-

2011 737 2266 806 solvant,
2312 755 2511 797 serena
2556 740 2724 797 facies
2761 747 3060 810 occurrat,
3104 742 3311 798 festina
3359 742 3517 800 frons
3567 742 3712 800 laeti-

2011 824 2149 881 tiam
2205 827 2486 899 praeferat.
2548 825 2852 883 Peccatum
2909 826 2969 882 in
3030 834 3083 883 te
3135 829 3335 886 mortis
3387 829 3711 901 periculurn

2011 915 2242 987 deputa,
2276 915 2334 972 in
2384 915 2514 972 aliis
2547 914 2912 986 fragilitatem
2945 916 3291 974 conditionis
3321 919 3562 991 appella.
3605 917 3711 975 De—

2011 1020 2180 1062 cerne
2226 1003 2409 1062 alium
2457 1005 2642 1062 ferula
2698 1004 2962 1075 dignum,
3009 1005 3164 1064 unde
3218 1013 3269 1063 te
3315 1007 3713 1080 scorpionibus

2014 1093 2308 1151 arbitraris
2377 1093 2717 1151 obnoxium.
2782 1093 2910 1151 Non
2983 1095 3062 1151 sis
3117 1095 3326 1168 justior
3390 1097 3588 1169 justo;
3661 1103 3714 1153 et

2015 1187 2117 1258 qui
2161 1185 2325 1242 times
2365 1191 2586 1256 peccata
2632 1184 3006 1255 committere,
3053 1201 3168 1243 non
3219 1185 3447 1244 dubites
3485 1187 3714 1244 veniam

2015 1273 2387 1349 peccantibus
2442 1273 2750 1346 impertire.
2804 1273 2931 1331 Non
2978 1281 3064 1332 est
3116 1273 3217 1331 illa
3274 1283 3426 1333 recta
3467 1276 3712 1349 justitia,

2017 1378 2149 1436 quae
2190 1361 2248 1419 in
2279 1362 2686 1434 desperationis
2734 1363 2956 1421 foveam
3010 1372 3229 1421 mentes
3262 1365 3539 1436 pertrahit
3569 1363 3712 1421 alie-

2019 1466 2140 1508 nas.
2184 1451 2307 1508 Non
2352 1456 2436 1508 est
2480 1451 2765 1508 medicina
2812 1450 3138 1521 laudabilis,
3166 1467 3301 1525 quae
3351 1453 3434 1509 sic
3486 1451 3714 1524 putrida

2019 1545 2270 1607 resecat,
2324 1545 2387 1597 ut
2446 1538 2620 1596 simul
2671 1538 2842 1595 etiam
2899 1553 3036 1594 sana
3090 1546 3435 1610 corrumpat.
3491 1538 3714 1596 Noxius

2019 1628 2170 1701 ignis
2223 1634 2324 1695 est,
2355 1627 2456 1702 qui
2497 1627 2578 1684 sic
2620 1627 2824 1684 nititur
2881 1643 3077 1699 vepres
3105 1643 3371 1698 exurere,
3405 1634 3468 1684 ut
3498 1627 3714 1685 insiliat

228 1728 620 1800 conqueritur,
674 1726 818 1783 Nam
861 1735 915 1784 et
958 1744 1062 1799 ego
1112 1729 1194 1786 iui
1242 1744 1394 1802 same
1443 1734 1745 1803 penuriam
1791 1742 1998 1801 mea”;
2019 1717 2190 1776 etiam
2244 1717 2444 1774 domos
2491 1716 2676 1788 globis
2727 1715 3054 1774 furentibus
3109 1717 3481 1788 conﬂagrare.
3541 1717 3711 1774 Enim

229 1814 510 1873 tarditatis
540 1815 882 1887 impropero,
914 1816 1111 1874 dicens
1145 1837 1156 1875 :
1191 1817 1357 1877 Heut
1416 1822 1681 1895 inquam,
1715 1825 1794 1882 mi
1834 1841 1936 1898 pa-
2018 1821 2176 1875 V9“),
2217 1808 2333 1898 (illi
2397 1805 2642 1898 aliorum
2697 1804 2963 1898 Vitia_ex
3015 1803 3460 1898 “mrﬁlibemfir
3485 1805 3712 1898 Acarpit:

230 1908 330 1971 ter,
364 1903 486 1960 istae
539 1909 654 1961 tua}
701 1904 972 1978 lacrymae
1023 1905 1350 1966 infecundae
1405 1893 1560 1980 sunt,
1610 1893 1740 1984 quae
1795 1893 1939 1974 alias
2019 1897 2226 1970 Ρθθεθῖί
2276 1895 2704 1984 ῐηῖξωιειῐηίηοο
2735 1893 2954 1963 evadet:
2989 1895 3125 1966 (Ιυίὶὶ
3163 1894 3292 1984 Ιίφθῖ
3330 1893 3449 1984 @010
3474 1894 3715 1984 ἱυεῖίξίεε

229 1994 446 2055 orando
478 1994 760 2069 lacrymas
790 2013 989 2070 parere
1015 2007 1326 2072 nequeunt.
1358 1980 1642 2074 Ορῐδτθιιί
1662 2020 1936 2079 namque,
2021 1984 2278 2079 ferveat»,
2315 1982 2627 2079 aliqufmdo
2675 1996 2920 2079 Recesse
2946 1987 3050 2079 ,θέε
3104 1987 3180 2079 υἷ
3213 1982 3274 2038 in
3332 1981 3565 2054 laqueos
3616 1980 3716 2079 (ἔφ’

229 2087 380 2162 quod
427 2102 784 2161 consequens
839 2096 941 2159 est,
998 2071 1301 2160 nimirum,
1355 2071 1421 2149 αξ
1464 2093 1616 2150 sicut
1667 2101 1729 2152 tu
1793 2071 1937 2154 mihi
2022 2073 2314 2132 tractionis
2341 2072 2639 2146 impingat.
2675 2071 2871 2142 Plane,
2903 2071 3013 2128 nisi
3042 2071 3296 2129 multum
3327 2079 3519 2162 nostra
3550 2071 3715 2162 nobis

228 2160 388 2250 pater
429 2192 510 2245 es,
554 2160 630 2234 ita
675 2177 1057 2237 nihilominus
1095 2187 1150 2237 et
1202 2187 1315 2239 tuae
1363 2181 1632 2258 lacrymae
1678 2194 1938 2246 mearum
2021 2166 2139 2260 vita
2186 2164 2605 2260 Spl‘mdescerfn
2635 2178 2825 2260 ἠηοῘξ
2903 2167 3194 2260 tam???
3224 2258 3230 2260 Α
3259 2161 3470 2260 [δοξίνίῗ
3531 2160 3715 2218 omns

2020 2255 2209 2312 aliena
2245 2253 2600 2311 conversatio
2648 2252 2990 2326 displiceret.
3025 2249 3086 2309 Si
3126 2250 3367 2308 districti
3414 2251 3566 2308 circa
3612 2266 3715 2308 nos

2021 2357 2299 2412 essemus,
2333 2347 2397 2399 ut
2447 2341 2694 2411 dignum
2745 2347 2850 2410 est,
2883 2339 3127 2412 judices,
3161 2354 3277 2396 non
3331 2346 3448 2397 tam
3503 2338 3715 2409 rigidos

2023 2432 2386 2505 experiretur
2431 2429 2620 2488 aliena
2659 2429 2826 2502 culpa
2857 2443 3158 2497 censores;
3208 2428 3268 2485 in
3313 2428 3458 2485 alios
3505 2426 3717 2484 scilicet

2023 2521 2345 2592 disciplinae
2371 2527 2578 2576 nostra:
2611 2519 2772 2591 vigor
2793 2518 3143 2587 extenditur,
3169 2518 3312 2574 dum
3341 2517 3490 2574 circa
3515 2531 3716 2574 exces-

2025 2626 2126 2668 sus
2151 2609 2407 2683 proprios
2437 2608 2555 2666 sola
2587 2607 2810 2680 pietatis
2839 2614 2892 2664 et
2935 2605 3401 2664 mansuetudinis
3427 2607 3560 2679 jura
3601 2621 3718 2662 ser-

2025 2706 2252 2755 vantur.
2289 2696 2396 2754 Sed
2414 2711 2688 2770 quorsum
2709 2693 2859 2752 ista?
2886 2695 3031 2763 Quia
3054 2695 3262 2753 dieeris
3283 2711 3487 2752 omnes
3521 2695 3718 2752 fratres

2025 2794 2155 2846 tuos
2207 2795 2321 2844 tam
2373 2794 2619 2855 austera,
2664 2791 2780 2842 tam
2829 2786 3202 2859 superciliosa
3236 2786 3554 2860 diiudicare
3599 2802 3721 2844 sen-

2025 2875 2221 2944 tentia,
2269 2881 2333 2931 ut
2372 2889 2471 2946 per
2514 2873 2688 2931 totius
2737 2873 2875 2930 anni
2923 2873 3206 2931 circulum
3249 2875 3482 2931 nonnisi
3523 2874 3720 2943 semel,

2024 2971 2079 3022 et
2133 2971 2270 3022 tunc
2327 2979 2444 3020 non
2494 2979 2528 3020 a
2597 2962 2679 3020 tui
2736 2963 3066 3021 monasterii
3136 2963 3566 3033 sacerdotibus,
3623 2963 3720 3020 sed

227 2282 458 2341 quoque
485 2267 873 2342 lacrymarum
903 2270 1106 2329 ﬁerent
1135 2271 1471 2344 genitrices.

910 2430 1152 2490 CAPUT
1183 2434 1250 2491 Χ.

412 2555 670 2612 Tenenda
696 2556 1038 2613 discretionis
1084 2561 1383 2618 admonitio
1435 2567 1760 2620 necessaria.

305 2683 538 2742 Possem
569 2685 669 2743 tibi
700 2687 890 2746 adhuc
922 2688 1101 2746 multa
1120 2689 1381 2764 quidem,
1413 2698 1467 2748 et
1494 2693 1609 2749 alia
1640 2709 1752 2752 non
1786 2695 1942 2766 igno-

237 2774 443 2833 biliora
490 2776 560 2832 de
612 2775 723 2837 his.
755 2776 855 2847 qui
903 2777 1071 2833 nobis
1123 2779 1240 2834 noti
1291 2787 1444 2848 sunt,
1483 2781 1756 2840 fratribus
1798 2785 1941 2840 scri—

237 2867 394 2934 bere,
417 2865 466 2921 si
491 2881 606 2922 non
634 2881 979 2938 magnopere
1003 2869 1359 2926 luxuriantis
1372 2869 1506 2942 styli
1527 2871 1820 2930 fastidium
1842 2874 1942 2930 de-

238 2957 500 3016 vitarem.
523 2955 731 3013 Vereor
755 2957 926 3013 etiam
949 2973 1021 3014 ne
1048 2959 1255 3032 pagina
1278 2961 1400 3018 haec
1427 2961 1486 3018 in
1510 2979 1714 3022 manus
1743 2980 1943 3023 eorum

239 3045 310 3103 de
338 3044 551 3118 quibus
566 3044 819 3118 loquitur
851 3045 1079 3116 veniat;
1106 3053 1159 3103 et
1190 3063 1390 3105 eorum
1419 3051 1665 3122 animos,
1699 3052 1798 3125 qui
1825 3052 1945 3110 lau-
1964 3056 2262 3154 caliunde
2299 3055 2576 3129 quaesitis,
2615 3053 2815 3112 divina
2853 3054 3132 3128 percipias
3174 3061 3547 3112 sacramenta.
3589 3053 3724 3111 Dico

240 3136 364 3193 dari
417 3135 478 3191 in
533 3136 639 3192 hac
681 3136 795 3192 vita
847 3135 1214 3195 laudabiliter
1244 3147 1634 3212 exsecrantur,
1669 3142 1938 3200 offendat.

241 3226 381 3285 Hmc
402 3232 593 3284 autem
621 3226 830 3284 idcirco
854 3227 955 3285 tibi
977 3230 1240 3302 exempla
1254 3233 1545 3302 proposui,
1572 3241 1631 3291 ut
1649 3233 1784 3293 dum
1821 3250 1942 3291 ma-

237 3312 365 3387 jora
399 3313 650 3372 fortassis
679 3315 927 3373 aliorum
957 3317 1103 3374 bona
1132 3319 1479 3390 consideras,
1517 3329 1611 3379 tua
1639 3323 1941 3396 dijudices;

243 3408 298 3460 et
345 3409 628 3460 tumorem
671 3404 1087 3474 singularitatis
1140 3407 1438 3481 objiciens,
1471 3426 1602 3468 cum
1651 3412 1845 3470 multis
1893 3418 1944 3468 te

243 3492 374 3550 aliis
398 3494 457 3550 in
485 3508 659 3550 sacrae
687 3493 911 3552 militiae
944 3494 1126 3553 stadio
1145 3512 1374 3554 currere
1401 3513 1516 3554 non
1546 3498 1789 3570 ignores.
1817 3499 1948 3556 Mox

245 3583 672 3640 utdicunturea
700 3584 967 3658 Job,quae
989 3586 1248 3657 proprias
1269 3586 1416 3643 vires
1442 3587 1741 3650 excedant,
1770 3588 1948 3660 proti-

244 3685 357 3727 nus
386 3669 455 3726 ad
487 3671 840 3742 paenitentiae
881 3673 1260 3746 patrocinium
1292 3675 1556 3731 convolat
1587 3679 1720 3743 (Job.
1753 3681 1944 3746 XXIX),

247 3756 392 3812 797
430 3761 506 3819 ita
554 3769 616 3820 ut
664 3763 835 3819 etiam
885 3764 966 3819 ori
1011 3779 1114 3820 suo
1158 3764 1404 3836 digitum
1447 3772 1811 3838 superponat,
1861 3766 1944 3823 di-

246 3867 414 3909 cens:
447 3872 474 3903 «
503 3851 729 3909 Leviter
756 3855 976 3910 locutus
1006 3868 1136 3910 sum
1169 3856 1264 3924 (Ib.
1299 3861 1542 3920 XXXIX).
1583 3881 1606 3904 ι»
1641 3854 1947 3928 Postquam

249 3949 399 3999 certe
453 3942 675 4000 audivit
729 3942 881 4000 Elias
955 3951 1166 4018 septem
1245 3945 1425 4002 millia
1501 3947 1761 4004 virorum
1818 3955 1950 4004 ante

248 4031 383 4089 Baal
415 4049 602 4106 genua
631 4051 742 4092 non
780 4036 1037 4108 ﬂexisse,
1087 4037 1286 4096 didicit
1329 4038 1446 4109 jam
1483 4054 1595 4097 non
1648 4040 1717 4096 de
1747 4041 1948 4113 singu—

247 4121 470 4182 laritate
502 4134 836 4196 tumescere,
867 4127 1006 4185 dum
1053 4129 1248 4201 plures
1280 4129 1626 4187 innocentiae
1655 4146 1776 4188 suae
1808 4147 1947 4189 con-

249 4221 428 4270 sortes
462 4214 709 4270 haberet.
767 4215 835 4271 Et
886 4215 924 4271 ii
956 4232 1114 4278 sane,
1165 4232 1412 4286 quorum
1467 4220 1730 4290 superius
1783 4237 1950 4278 men-

248 4299 462 4358 tionem
495 4303 625 4369 feci,
660 4317 772 4359 non
827 4302 985 4371 clari,
1019 4318 1134 4359 non
1171 4306 1392 4374 famosi,
1446 4322 1560 4364 non
1609 4315 1759 4364 certe
1790 4309 1948 4382 vulgi

247 4391 518 4463 opinione
552 4391 828 4448 notabiles
859 4410 873 4460 ;
930 4392 1025 4448 sed
1064 4393 1439 4465 despicabiles
1470 4403 1523 4452 et
1577 4399 1819 4469 pannosi
1871 4400 1944 4456 ita

247 4496 307 4538 se
359 4481 526 4538 bonis
555 4482 826 4539 omnibus
865 4482 1167 4540 inferiores
1210 4484 1490 4556 judicant,
1528 4495 1590 4544 ut
1619 4488 1791 4545 etiam
1841 4506 1946 4547 no-

248 4567 338 4624 bis
388 4584 448 4624 se
483 4612 496 4638 ,
554 4572 849 4645 nostrique
907 4570 1197 4629 similibus
1251 4572 1510 4645 quolibet
1555 4577 1948 4636 conversionis

247 4657 462 4715 indicio
512 4675 627 4717 non
683 4673 1038 4735 praeponam.
1097 4663 1272 4721 Nobis
1324 4672 1516 4722 autem
1570 4665 1782 4724 scilicet
1809 4684 1946 4726 con-

245 4757 541 4807 vescentes
578 4767 692 4809 non
746 4752 1133 4827 dedignantur
1184 4756 1480 4813 communi
1523 4772 1722 4814 mensa
1783 4761 1947 4830 parti-

241 4838 452 4910 cipare,
485 4840 601 4898 imo
642 4850 914 4916 tanquam
945 4861 1218 4918 suppares
1249 4863 1422 4904 omne
1459 4847 1626 4905 nobis
1651 4850 1946 4907 charttatis

240 4923 495 4984 ofﬁcium
552 4929 912 4990 familiariter
940 4934 1238 4992 exhibent.
1275 4935 1363 4992 Tu
1413 4951 1646 5010 quoque
1676 4938 1722 4994 si
1775 4945 1941 5006 recte,

240 5013 288 5070 si
319 5015 579 5086 discreto,
612 5019 660 5076 si
693 5020 982 5080 fructuose
1024 5038 1125 5094 per
1183 5024 1334 5080 viam
1393 5025 1477 5081 vis
1517 5042 1660 5083 .vere
1713 5027 1944 5101 religio-

239 5104 330 5161 nis
358 5105 640 5180 incedere,
675 5109 755 5167 sic
814 5111 1144 5185 tibimctipsi
1195 5113 1273 5170 sis
1323 5121 1589 5172 austerus
1617 5123 1670 5172 et
1702 5117 1942 5189 rigidus,

235 5198 299 5250 ut
349 5193 479 5252 aliis
526 5197 769 5257 videaris
806 5200 1005 5259 hilaris
1056 5209 1110 5259 et
1161 5205 1483 5273 remissus;
1542 5206 1623 5263 sic
1669 5205 1818 5263 intra
1871 5215 1944 5262 te-

234 5281 541 5354 metipsum
599 5289 826 5346 studeas
885 5290 943 5347 in
993 5292 1356 5350 rectitudinis
1408 5308 1536 5350 arce
1593 5296 1940 5366 praecellere,

2027 3146 2178 3220 quod
2237 3145 2425 3202 dicis:
2478 3144 2620 3212 Quis
2696 3145 2853 3202 hunc
2922 3144 3318 3218 presbyterum
3383 3143 3725 3201 ordinavit?

2028 3239 2442 3311 Respondetur,
2508 3237 2608 3294 ille
2665 3236 2982 3308 episcopus.
3056 3235 3126 3292 Et
3194 3235 3406 3308 ipsum,
3476 3235 3582 3304 ais,
3653 3237 3722 3293 ad

2029 3329 2384 3403 episcopatus
2437 3327 2689 3385 officium
2739 3326 3003 3400 qualiter,
3051 3332 3151 3383 aut
3201 3326 3332 3399 quis
3389 3326 3725 3398 promovit?

2030 3418 2177 3492 Papa
2206 3417 2461 3486 scilicet;
2514 3416 2760 3490 qualiter
2796 3421 3007 3482 autem,
3045 3415 3152 3487 ipsi
3205 3416 3455 3473 viderint
3489 3435 3502 3485 ;
3557 3431 3720 3474 mox-

2029 3521 2144 3580 que
2207 3503 2556 3576 subjungis:
2618 3504 2750 3560 Esto
2815 3503 3044 3560 tandem
3102 3505 3256 3576 quod
3324 3521 3466 3576 papa
3548 3505 3725 3574 gratis

2029 3595 2360 3667 episcopum
2398 3592 2798 3661 consecravit;
2847 3592 3114 3665 nunquid
3171 3599 3223 3650 et
3283 3609 3426 3667 papa
3485 3594 3606 3667 ipse
3655 3595 3722 3651 ad

2030 3683 2352 3756 apostolicae
2390 3682 2540 3739 sedis
2577 3683 2795 3754 apicem
2825 3681 2999 3753 gratis
3035 3681 3345 3740 ascendit?
3397 3682 3516 3740 Hac
3553 3683 3729 3755 igitur

2030 3769 2551 3828 interminabilium
2620 3769 3007 3842 quaestionum
3080 3771 3399 3843 perniciosa
3457 3770 3722 3842 caligine,

2030 3866 2309 3932 quantum
2362 3858 2422 3914 in
2479 3865 2530 3914 te
2587 3865 2689 3922 est,
2747 3858 3028 3914 saeculum
3077 3874 3248 3916 omne
3295 3859 3622 3927 confundis,
3676 3866 3730 3916 et

2032 3949 2187 4006 velut
2237 3964 2411 4016 mare,
2463 3948 2532 4004 de
2573 3947 2868 4020 temetipso
2925 3954 3312 4020 tempestatem
3369 3945 3510 4002 798
3562 3965 3730 4022 gene-

2033 4052 2184 4104 rans,
2228 4053 2330 4093 nec
2382 4035 2501 4107 ipse
2553 4035 2819 4109 quiescis,
2875 4049 2980 4091 nec
3026 4035 3168 4092 alios
3221 4036 3413 4092 vivere
3464 4035 3523 4092 in
3572 4044 3728 4093 tran-

2030 4123 2318 4198 quillitate
2364 4123 2664 4196 permittis.
2696 4123 2800 4180 His
2834 4123 2992 4179 enim
3038 4130 3094 4180 et
3143 4124 3474 4197 hujusmodi
3522 4125 3733 4197 ineptis

2030 4211 2488 4269 haesitationibus
2535 4213 2780 4268 haereses
2810 4227 2959 4282 saepe
3007 4219 3062 4268 et
3101 4211 3407 4269 schismata
3459 4213 3733 4286 pestilen-

2031 4308 2116 4357 ter
2165 4308 2506 4372 emergunt.
2565 4316 2696 4372 quae
2753 4300 3013 4358 incautas
3067 4301 3372 4358 hominum
3423 4303 3648 4359 animas
3701 4318 3735 4360 a

2030 4390 2306 4448 catholica
2361 4390 2578 4447 unitate
2643 4389 2982 4462 praecidunt.
3039 4390 3110 4448 Ut
3182 4391 3336 4448 enim
3415 4391 3606 4449 verbis
3681 4400 3732 4450 te

2029 4481 2352 4554 apostolicis
2389 4480 2684 4551 alloquar:
2719 4503 2742 4527 ιι
2773 4477 2860 4534 Tu
2910 4480 3040 4554 quis
3087 4498 3166 4551 es,
3194 4482 3294 4556 qui
3335 4482 3562 4553 judicas
3588 4481 3747 4539 alie~

2033 4589 2170 4629 num
2224 4573 2511 4629 servum?
2567 4572 2682 4628 Suo
2727 4572 2881 4628 enim
2946 4571 3181 4628 domino
3238 4580 3364 4642 stat,
3407 4581 3504 4629 aut
3561 4574 3731 4642 cadit,

2029 4662 2198 4720 stabit
2233 4671 2427 4720 autem
2462 4682 2472 4720 :
2527 4670 2725 4735 potens
2760 4670 2843 4720 est
2877 4664 3036 4719 enim
3088 4661 3240 4720 Deus
3275 4669 3519 4720 statuere
3562 4663 3732 4722 illum

2029 4757 2195 4816 (Rom.
2229 4759 2375 4815 Xivt.
2415 4775 2434 4801 ρ
2467 4751 2591 4808 Non
2634 4765 2833 4808 omnes
2863 4751 2962 4825 qui
3009 4751 3066 4806 in
3111 4750 3380 4822 praetorio
3411 4759 3566 4820 sunt,
3599 4766 3733 4825 pro-

2031 4844 2223 4900 mendi
2249 4843 2554 4916 judiciales
2608 4843 2858 4900 calculos
2910 4843 3315 4901 archisterium
3369 4843 3730 4912 sortiuntur;

2031 4948 2217 5007 neque
2243 4948 2444 4990 omnes
2473 4931 2572 5004 qui
2609 4938 2745 4988 sunt
2799 4930 2948 4988 intra
2997 4930 3332 5001 Ecclesiam,
3389 4931 3579 4988 claves
3622 4931 3732 4988 Ec-

2029 5023 2218 5082 clesia
2261 5026 2651 5094 susceperunt.
2700 5017 2846 5078 Cum
2894 5021 2964 5076 ad
3004 5020 3194 5077 aliena
3237 5020 3550 5092 judicanda
3601 5020 3733 5094 quis

2027 5120 2357 5184 arroganter
2400 5107 2751 5176 extenditur,
2782 5107 2850 5165 ad
2903 5125 2968 5165 ea
3018 5107 3268 5180 profecto
3315 5107 3733 5166 consideranda

2029 5219 2160 5276 quae
2195 5218 2299 5259 sua
2332 5208 2466 5259 sunt
2493 5248 2504 5268 ,
2537 5199 2797 5257 obtusior
2827 5197 3138 5254 invenitur.
3174 5197 3340 5254 Tunc
3368 5197 3525 5255 enim
3555 5197 3736 5254 socia-

2028 5289 2098 5347 lis
2147 5288 2280 5346 vitae
2320 5296 2702 5361 congruenter
2744 5292 2827 5342 est
2877 5285 3014 5342 ordo
3075 5283 3406 5356 dispositus,
3437 5283 3485 5340 si
3535 5298 3728 5341 unus-

234 5377 299 5430 ut
351 5376 581 5433 noveris
636 5385 688 5436 te
741 5387 796 5437 ct
846 5381 1093 5441 infirmis
1152 5385 1426 5443 fratribus
1485 5385 1935 5444 misericorditer
2023 5379 2266 5453 quisque
2308 5379 2521 5452 ΡΓΟΡΓῙῘ
2563 5377 2712 5448 luris
2745 5374 2925 5432 “mite
2957 5374 3028 5432 Sil
3079 5380 3424 5432 Come-“tus:
3471 5372 3571 5430 Ubi
3619 5389 3730 5430 δυ·

236 5459 552 5536 inclinare;
587 5468 755 5526 sicin
787 5471 1059 5531 tribunali
1101 5476 1307 5532 mentis
1353 5482 1465 5533 tuae
1503 5474 1740 5548 iustitiae
1773 5476 1933 5532 frena
2004 5461 2132 5528 item
2175 5468 2318 5525 alter
2367 5466 2603 5524 alterius
2647 5465 2960 5523 terminum
3014 5462 3443 5536 supergreditur
3481 5505 3494 5530 ,
3539 5462 3732 5519 omnis

233 5549 491 5624 dispone,
527 5562 589 5613 ut
631 5564 820 5616 tamen
868 5561 1341 5634 delinquentibus
1397 5579 1510 5621 non
1562 5564 1929 5632 obdurescas,
2016 5563 2263 5635 profecto
2291 5567 2436 5617 recte
2470 5557 2706 5616 vivendi
2749 5557 2901 5615 linea
2932 5571 3162 5613 necesse
3194 5560 3279 5612 est
3314 5552 3725 5612 confundatur.

233 5640 534 5699 venialiter
561 5641 930 5718 indulgendo.
967 5648 1053 5708 Sit
1094 5653 1151 5709 in
1193 5651 1362 5709 corde
1407 5665 1637 5723 mceror,
1673 5651 1735 5709 in
1766 5650 1932 5710 vultu
2016 5647 2273 5710 Suﬂiciat
2304 5663 2438 5722 ergo
2487 5646 2653 5704 nobis
2708 5646 3071 5704 considerare
3126 5660 3259 5718 quae
3307 5651 3500 5702 nostra
3558 5650 3729 5712 sunt,
