4054 6184
187 290 289 352 761
1275 293 1526 356 OPUSC.
1570 293 1665 354 LI.
1704 322 1775 337 -
1814 292 1911 352 DE
1948 290 2131 352 VITA
2169 293 2602 353 EREMITICA.
3578 296 3686 355 762

188 429 264 472 ne
306 413 447 472 dum
494 413 687 473 aliena
739 414 1117 474 immoderate
1161 417 1585 491 persequimur,
1620 433 1653 474 a
1709 415 1954 476 nostriA
1973 417 2210 475 nomine
2248 417 2620 491 poenitentiae,
2654 417 3042 491 obrigescebat
3085 419 3145 476 in
3188 418 3454 478 sensibus
3480 434 3681 492 sopore

186 502 401 562 laboris
457 502 646 561 fructu
698 511 753 561 et
806 504 986 579 digna
1031 506 1291 565 mercede
1346 521 1683 564 vacuemur.
1742 529 1763 554 ιι
1792 503 1901 574 Qui
1984 510 2297 578 correptus,
2328 505 2507 563 donec
2552 506 2855 564 horrendae
2898 509 3067 565 morti
3114 509 3382 577 traditus,
3426 507 3497 565 ad
3544 524 3679 567 eum

185 592 346 651 enim
396 599 572 650 totam
638 593 821 667 legem
887 595 1222 663 servaverit,
1281 594 1533 653 offendat
1585 599 1779 652 autem
1839 594 1902 651 in
1983 594 2078 651 cui
2133 594 2483 654 deditionem
2557 598 2765 655 fecerat
2830 603 2914 654 est
2980 596 3287 655 infeliciter
3352 596 3677 655 devolutus.

185 698 325 750 uno,
362 682 543 740 factus
580 690 665 741 est
707 683 977 742 omnium
1022 699 1153 742 reus
1187 688 1318 752 (Jac.
1353 691 1435 749 IIl.
1474 710 1492 733 ιι
1530 685 1599 742 Et
1642 684 1897 744 Paulus:
1986 681 2354 742 Postmodum
2408 699 2546 742 vere
2606 700 2707 757 per
2768 685 2962 757 plures
3008 692 3202 742 noctes
3252 685 3416 757 nigra
3471 701 3683 744 canum

189 792 212 818 ι
251 768 562 840 Modicum,
611 769 823 844 inquit,
870 771 1222 829 fermentum
1263 777 1437 830 totam
1486 786 1736 830 massam
1779 786 1901 830 cor-
1984 770 2153 829 turba
2183 787 2299 829 non
2323 773 2576 831 cessabat
2614 773 2927 846 sepulturm
2956 772 3081 846 ejus
3106 772 3391 843 assistere,
3422 780 3478 830 et
3512 774 3679 847 quasi

184 859 409 932 rumpit
440 862 489 929 (Ι
514 861 635 919 Cor.
672 862 754 927 vl.
793 882 814 909 ι

831 983 1075 1043 CAPUT
1105 984 1203 1043 XI.

602 1077 679 1129 De
704 1076 962 1130 monacho
988 1077 1209 1145 ﬂumine
1230 1079 1467 1133 caecato.

257 1168 394 1227 Vidi
436 1183 644 1243 nempe
689 1171 1042 1231 monachum
1082 1171 1380 1230 eremitam
1425 1172 1603 1230 vitam
1640 1170 1894 1230 districts

181 1260 323 1317 satis
360 1266 416 1317 et
453 1258 635 1333 rigide
672 1260 1094 1333 perferentem:
1145 1262 1249 1336 qui
1290 1262 1572 1322 nimirum
1619 1269 1675 1322 et
1730 1263 1894 1323 vultu

180 1349 454 1423 pallidus,
508 1357 564 1408 et
611 1365 845 1424 corpore
901 1352 1276 1410 vehementer
1324 1352 1590 1426 amictus,
1648 1353 1782 1412 ﬁxis
1829 1354 1893 1413 in

182 1444 395 1495 terram
442 1437 644 1507 oculis,
693 1438 912 1497 mundo
965 1448 1230 1499 mortuus
1282 1441 1629 1512 videbatur;
1686 1444 1893 1503 vinum

181 1539 418 1600 quoque.
479 1540 576 1598 per
627 1525 1063 1586 undecennium
1118 1543 1235 1585 non
1277 1534 1633 1602 gustaverat.
1683 1529 1816 1603 Sed,
1857 1547 1893 1591 o

182 1611 441 1671 terribile
496 1613 598 1671 Dei
646 1614 957 1689 judicium,
990 1621 1046 1673 et
1098 1616 1458 1690 profundum
1507 1633 1755 1677 summa:
1795 1619 1888 1678 di-

182 1699 495 1758 strictionis
536 1700 850 1776 abyssum!
896 1703 1096 1762 Taedet
1148 1705 1356 1764 dicere.
1415 1705 1524 1765 Hic
1571 1706 1887 1782 aliquando

179 1787 241 1847 in
276 1790 606 1862 phrenesim
642 1793 935 1865 decidens,
971 1802 1144 1869 atque
1191 1798 1253 1854 in
1280 1796 1526 1856 belluini
1556 1797 1769 1857 furoris
1799 1813 1893 1856 ra-

176 1875 336 1935 biem
381 1876 715 1939 immaniter
759 1882 1049 1953 efferatus,
1109 1899 1184 1942 ex
1230 1884 1506 1942 manibus
1553 1884 1615 1943 in
1665 1884 1893 1944 diversa

178 1966 515 2039 nitentium,
545 1974 599 2026 et
626 1969 883 2029 vinculis
919 1971 1134 2044 quibus
1180 1973 1513 2032 nectebatur
1557 1989 1618 2032 se
1656 1982 1890 2048 repente

176 2055 501 2132 proripuit:
561 2064 617 2117 et
667 2060 771 2118 ubi
824 2060 1118 2134 plurimus
1176 2062 1475 2122 rotabatur
1540 2070 1764 2135 vortex,
1824 2064 1886 2123 in

176 2147 438 2220 spumosi
488 2148 752 2208 ﬂuminis
806 2152 1145 2225 voraginem
1205 2169 1429 2213 mersus
1481 2153 1718 2213 interiit.
1773 2153 1887 2214 Sed

176 2250 516 2310 quanquam
559 2240 768 2311 quovis
830 2244 1032 2301 mortis
1090 2244 1333 2304 articulo
1388 2249 1662 2304 meritum
1711 2262 1886 2305 suum

174 2327 393 2401 cuique
434 2329 619 2402 perire
668 2347 787 2390 non
840 2333 1040 2406 possit,
1081 2334 1153 2392 ad
1193 2336 1302 2395 hoc
1339 2343 1533 2395 tamen
1584 2337 1695 2396 ista
1733 2353 1887 2411 prae-

175 2414 466 2482 misimus,
524 2424 588 2474 ut
637 2417 700 2475 in
758 2420 1120 2492 quibuslibet
1185 2424 1397 2481 nostris
1454 2423 1624 2483 bonis
1692 2424 1884 2499 Operi-

176 2502 291 2561 bus
332 2520 634 2580 nunquam
667 2509 1035 2583 pertinaciter
1058 2512 1454 2582 conﬁdamus;
1490 2513 1588 2571 sed
1619 2521 1884 2573 metuen-

176 2601 262 2651 tes
289 2610 518 2670 semper
551 2599 693 2671 quid
721 2616 971 2674 superna
1002 2602 1074 2661 de
1111 2604 1278 2663 nobis
1313 2607 1601 2665 sententia
1650 2613 1881 2671 statuat.

175 2684 249 2743 de
280 2688 374 2745 his
402 2688 505 2761 qui
541 2690 840 2749 uobiscum
887 2699 1044 2762 sunt,
1071 2693 1332 2767 judicare
1373 2710 1540 2752 mens
1580 2702 1773 2754 nostra
1802 2702 1882 2753 te—

177 2791 338 2833 mere
370 2793 490 2835 non
537 2785 885 2849 praesumat;
921 2788 977 2837 et
1015 2780 1066 2838 si
1112 2782 1272 2839 enim
1320 2783 1583 2841 videmus
1617 2785 1680 2842 in
1734 2800 1883 2858 pras-

177 2865 332 2923 senti
368 2881 486 2940 quo
515 2868 837 2937 gradimur,
895 2870 1235 2941 ignoramus
1282 2878 1472 2929 tamen
1520 2888 1636 2947 quo
1681 2889 1888 2934 cursus

176 2959 375 3010 noster
436 2953 554 3012 ﬁne
598 2954 920 3013 claudatur.
977 2955 1137 3015 Patet
1177 2957 1271 3016 via
1313 2973 1448 3031 quae
1498 2959 1741 3030 teritur;
1786 2960 1886 3019 sed

173 3042 468 3101 occultum
497 3052 581 3102 est
607 3061 722 3119 quo
748 3046 1106 3120 pervenitur.

822 3169 1066 3229 CAPUT
1102 3170 1228 3229 XII.

308 3262 386 3314 De
411 3259 668 3313 monacho
698 3262 797 3329 qui
825 3260 1035 3315 diaboli
1061 3262 1432 3331 patrocinium
1464 3266 1738 3333 quesivit.

248 3356 319 3413 Et
356 3355 494 3429 quia
531 3371 591 3413 se
636 3357 857 3415 occasio
897 3357 1165 3431 praebuit,
1215 3359 1533 3417 terribilem
1580 3361 1882 3420 nihilomi-

174 3463 289 3505 nus
333 3455 388 3505 et
425 3446 662 3505 alterius
711 3448 978 3506 monachi
1007 3464 1208 3507 casum
1242 3451 1717 3524 praetereundum
1755 3468 1882 3511 esse

172 3555 292 3598 non
338 3538 628 3609 ducimus,
678 3540 779 3597 etsi
837 3555 952 3598 non
1008 3556 1355 3614 magnopere
1403 3542 1541 3599 huic
1603 3544 1882 3617 opusculo

171 3644 495 3701 congruere
519 3629 839 3688 videamus.
874 3631 941 3689 In
980 3630 1262 3689 Perusino
1293 3633 1663 3702 monasterio,
1697 3634 1881 3691 sancti

174 3718 443 3776 videlicet
480 3716 813 3788 Salvatoris,
856 3719 950 3778 cui
989 3735 1181 3793 nuper
1225 3727 1281 3779 et
1322 3720 1443 3794 ipse
1481 3721 1716 3794 praefui,
1748 3722 1881 3795 qui-

170 3806 304 3864 dam
338 3809 656 3866 monachus
686 3807 857 3880 paulo
890 3817 1022 3866 ante
1065 3808 1271 3878 fuerat,
1321 3809 1559 3868 nomine
1610 3809 1879 3883 Guinizo,

170 3903 399 3955 astutus
456 3898 629 3954 nimis
684 3894 827 3953 799
883 3904 937 3955 et
989 3899 1256 3967 callidus,
1288 3900 1664 3959 saecularibus
1716 3916 1883 3973 argu-

172 3985 384 4044 mentis
431 4000 497 4043 ac
554 3984 816 4058 litigiosis
867 3988 1337 4048 contentionibus
1367 3990 1739 4048 vehementer
1788 3988 1877 4045 in-

170 4079 384 4131 tentus.
442 4072 549 4130 Hic
598 4073 791 4146 itaque
837 4074 979 4132 dum
1029 4081 1085 4132 et
1130 4075 1191 4132 in
1244 4076 1539 4135 mutandis
1574 4076 1880 4135 abbatibus

167 4170 226 4219 et
279 4161 549 4219 fratribus
597 4162 1006 4235 perturbandis
1057 4171 1312 4224 aestuans
1367 4181 1479 4223 non
1533 4165 1875 4240 quiesceret,

1978 858 2303 931 depositum
2349 861 2654 927 custodire,
2714 861 2792 917 ita
2833 867 2894 917 ut
2946 876 3062 917 non
3112 859 3356 918 minimo
3417 860 3680 918 videntes

1980 948 2215 1007 horrore
2262 954 2649 1007 concuterent.
2684 949 2812 1007 Heu
2848 962 3024 1019 quam
3062 949 3385 1019 perniciosa
3437 965 3528 1007 res
3570 951 3682 1023 spi-

1977 1036 2123 1095 ritus
2153 1044 2464 1095 contumax
2495 1044 2549 1095 et
2585 1036 2867 1108 litigiosus
2894 1037 2957 1094 in
2989 1038 3310 1096 monacho!
3342 1038 3453 1096 Hic
3492 1039 3675 1111 enim,

1976 1124 2113 1198 quia
2155 1124 2527 1197 temporalem
2575 1123 2783 1181 habere
2825 1138 3021 1197 pacem
3052 1140 3187 1183 cum
3231 1126 3354 1183 suis
3405 1125 3680 1184 fratribus

1976 1212 2182 1282 noluit,
2222 1222 2457 1270 aeternas
2508 1212 2662 1285 pacis
2705 1212 3004 1283 gaudium,
3042 1215 3103 1271 in
3145 1219 3423 1272 tartarum
3448 1213 3676 1273 demer-

1976 1316 2095 1370 sus,
2142 1302 2354 1359 amisit.
2403 1301 2526 1359 Hoc
2563 1308 2755 1360 autem
2783 1308 2837 1359 et
2871 1302 2919 1359 si
2968 1303 3235 1376 praesenti
3282 1302 3431 1377 stylo
3466 1320 3679 1378 usque-

1976 1406 2208 1465 quaque
2231 1406 2347 1449 non
2378 1398 2673 1465 congruat,
2706 1391 2917 1450 idcirco
2946 1398 3139 1450 tamen
3167 1394 3318 1450 inter
3350 1394 3473 1451 haec
3503 1394 3684 1466 apici-

1974 1478 2083 1538 bus
2132 1480 2405 1538 mandare
2437 1479 2789 1549 curavimus,
2838 1486 2903 1538 ut
2942 1496 3063 1538 rem
3112 1482 3570 1567 memorabilem,
3604 1498 3678 1540 ne

1972 1572 2188 1631 oblivio
2215 1572 2456 1642 tolleret,
2490 1575 2653 1647 quasi
2691 1574 2763 1631 ad
2804 1573 3091 1646 paxillum
3132 1574 3396 1634 funiculo
3425 1575 3671 1649 stringe-

1973 1676 2195 1730 remus;
2221 1668 2393 1732 atque
2416 1662 2511 1719 hic
2538 1661 2802 1736 quisquis
2829 1661 3128 1736 inquietus
3156 1664 3374 1723 ediscat
3400 1665 3473 1722 ad
3503 1679 3676 1736 quem

1908 1773 1955 1833 Β
1979 1751 2153 1811 ﬁnem
2186 1752 2256 1810 Iis
2282 1752 2542 1810 animosa
2571 1752 2862 1826 perducat.

2612 1890 2855 1952 CAPUT
2882 1892 3039 1952 XIII.

2350 2004 2427 2057 De
2443 2003 2718 2073 patientia
2740 2003 2992 2057 monachi
3019 2007 3292 2060 emczcatt.

2040 2108 2199 2166 Inter
2237 2107 2435 2166 omnia
2471 2107 2650 2180 igitur
2694 2122 2827 2180 quas
2879 2107 3076 2165 divina
3136 2108 3303 2166 nobis
3347 2114 3482 2167 sunt
3541 2108 3670 2182 lege

1968 2198 2255 2265 mandata,
2290 2198 2439 2256 nihil
2487 2206 2573 2255 est
2620 2198 2901 2256 monacho
2941 2199 3281 2272 pr0pensius
3307 2198 3669 2269 enitendum,

1966 2304 2141 2363 quam
2184 2295 2247 2346 ut
2292 2287 2626 2361 patientiam
2668 2288 2730 2345 in
2764 2286 3037 2345 omnibus
3085 2288 3307 2356 habeat,
3346 2303 3461 2362 qua
3509 2288 3673 2346 vide-

1968 2379 2099 2437 licet
2145 2377 2352 2436 alienaa
2392 2377 2689 2452 pravitatis
2730 2377 3004 2450 injuriam
3049 2378 3459 2450 aequanimiter
3509 2378 3672 2436 ferat.

1966 2469 2107 2527 Haec
2134 2467 2301 2541 plane
2328 2467 2515 2524 virtus
2542 2465 2609 2522 ad
2640 2466 3002 2539 perfectionis
3053 2468 3284 2524 culmen
3317 2468 3668 2525 monachum

1964 2556 2249 2631 provehit,
2294 2561 2349 2613 et
2396 2553 2714 2612 terribilem
2762 2554 2823 2612 in
2861 2554 2961 2612 Dei
2995 2555 3255 2614 hostibus
3296 2555 3667 2613 dimicantem

1964 2647 2230 2703 animum
2280 2645 2429 2703 facit.
2466 2645 2607 2703 Haec
2633 2644 2901 2702 omnium
2929 2643 3204 2702 vitiorum
3237 2644 3534 2701 victoriam
3564 2644 3667 2701 tri-

1966 2737 2109 2804 buit,
2157 2740 2211 2792 et
2267 2742 2465 2793 contra
2519 2734 2777 2792 furentes
2802 2733 3006 2791 mundi
3055 2734 3379 2806 praecipites
3423 2733 3672 2806 impetus

1970 2825 2287 2883 humanam
2339 2828 2590 2880 mentem
2639 2822 3086 2893 insuperabilem
3140 2822 3345 2880 reddit.
3400 2821 3470 2879 Et
3528 2820 3671 2897 quid

1967 2915 2220 2987 amplius
2256 2910 2491 2971 dicam?
2530 2910 3010 2983 Quandoquidem
3058 2910 3343 2986 quidquid
3372 2910 3443 2969 de
3483 2912 3673 2985 rigore

1967 3005 2351 3071 abstinentiae,
2406 3003 2691 3078 quidquid
2739 3003 2810 3061 de
2868 3019 3212 3077 quacunque
3262 3004 3514 3076 corporis
3584 3003 3672 3061 af-

1902 3092 2221 3189 Gﬂictione
2262 3091 2529 3189 superius
2566 3090 2783 3148 dictum
2835 3097 2937 3158 est,
2984 3089 3234 3188 vel.dici
3274 3089 3478 3188 potuit,
3516 3104 3673 3189 pene

1968 3179 2116 3238 nihil
2175 3180 2266 3248 sit,
2319 3178 2367 3237 si
2416 3178 2541 3251 ipsa
2590 3179 2872 3237 virtutum
2924 3178 3126 3237 nutrix
3175 3179 3449 3252 patientia
3499 3179 3670 3249 desit,

1964 3268 2237 3341 Apostolo
2293 3273 2549 3335 testante,
2616 3266 2718 3339 qui
2765 3266 2889 3324 ait:
2954 3291 2979 3317 α
3052 3266 3393 3340 Corporalis,
3457 3268 3670 3339 inquit,

1964 3356 2298 3416 exercitatio
2337 3356 2408 3413 ad
2456 3353 2748 3413 modicum
2788 3355 2950 3413 utilis
2979 3364 3104 3425 est;
3155 3357 3429 3427 patientia
3471 3364 3667 3415 autem

1962 3448 2035 3507 ad
2078 3447 2273 3506 omnia
2316 3446 2477 3505 utilis
2521 3453 2605 3503 est
2656 3448 2703 3517 (Ι
2725 3450 2862 3501 Tim.
2891 3447 2988 3518 iv).
3027 3469 3051 3494 ιι
3100 3446 3539 3505 Adolescentem
3577 3463 3671 3508 me

1964 3541 2028 3598 in
2074 3538 2387 3596 Faventina
2417 3537 2560 3595 urbe
2590 3543 2817 3610 propter
2860 3536 3181 3594 litterarum
3222 3537 3411 3594 studia
3451 3539 3665 3597 consti-

1965 3634 2153 3685 tutum
2184 3625 2385 3685 audire
2406 3625 2644 3699 contigit
2687 3625 2839 3698 quod
2882 3640 3105 3683 enarro.
3142 3624 3297 3682 Inter
3337 3626 3483 3684 duos
3526 3626 3669 3685 sibi-

1964 3722 2081 3774 met
2120 3715 2499 3773 convicaneos
2542 3714 2757 3772 obortis
2785 3713 3036 3771 invicem
3076 3713 3494 3785 simultatibus,
3523 3715 3668 3773 alte-

1964 3806 2089 3865 rius
2117 3804 2315 3863 oculos
2342 3802 2484 3860 alter
2532 3803 2746 3862 effodit.
2780 3804 2978 3861 Caecus
3023 3803 3218 3877 itaque
3263 3812 3563 3877 postquam
3609 3820 3670 3863 se

1963 3895 2182 3954 mundo
2238 3893 2487 3953 nimium
2534 3892 2800 3950 inutilem
2848 3893 3013 3964 vidit,
3065 3894 3473 3952 monasterium
3520 3890 3665 3948 800

1963 3983 2142 4056 petiit.
2189 3982 2561 4041 Postmodum
2600 3996 2737 4039 vero
2774 3996 2908 4039 cum
2950 3989 3004 4039 et
3044 3981 3166 4054 ipse
3206 3982 3396 4040 illator
3431 3982 3665 4053 injuriae

1960 4072 2237 4143 languore
2312 4078 2624 4143 correptus,
2697 4070 3088 4128 conversionis
3163 4070 3422 4128 habitum
3490 4069 3669 4127 anxie

1962 4169 2267 4236 quaereret,
2310 4162 2407 4221 sed
2435 4162 2503 4219 ad
2535 4161 2686 4220 idem
2720 4162 3138 4220 monasterium
3171 4161 3404 4231 deferri,
3436 4166 3667 4235 propter

165 4250 241 4307 ad
298 4250 406 4308 hoc
456 4265 641 4326 usque
696 4253 979 4323 pervenit,
1017 4259 1081 4311 ut
1132 4252 1348 4311 diaboli
1399 4253 1470 4311 ad
1524 4255 1877 4327 superandos
1963 4252 2135 4309 illum
2191 4266 2363 4325 quem
2416 4248 2723 4308 creduliter
2796 4255 3212 4319 attrectaverat,
3270 4249 3661 4323 incongruum

164 4338 418 4397 aemulos
471 4340 858 4413 patrocinium
914 4347 1200 4413 quaereret
1255 4350 1309 4399 et
1361 4342 1490 4412 ejus
1550 4357 1610 4400 sc
1667 4341 1875 4401 ditioni
1955 4340 2260 4414 judicarct,
2305 4339 2603 4396 monachis
2646 4354 2817 4412 super
2857 4338 2963 4396 hac
3007 4354 3067 4395 re
3095 4344 3311 4396 secreto
3345 4338 3658 4396 mussitan-

161 4427 344 4485 etiam
418 4429 787 4502 corporaliter
852 4430 1240 4504 manciparet:
1301 4429 1396 4487 cui
1451 4437 1641 4489 tamen
1701 4429 2134 4539 sedu-Dtibus,
2165 4428 2410 4539 “tandem
2456 4426 2608 4484 fama
2635 4426 2870 4539 negotii
2915 4426 2985 4484 ad
3030 4427 3666 4539 acutioremmvidelice‘t

159 4525 290 4576 ctor
340 4516 579 4591 spiritus
635 4519 893 4591 exigenti
950 4526 1081 4577 ante
1132 4518 1417 4591 promisit,
1478 4520 1626 4593 quod
1689 4521 1873 4591 tertio,

161 4605 512 4679 priusquam
588 4616 929 4678 moreretur,
1002 4608 1135 4677 die,
1219 4625 1393 4667 suum
1471 4611 1581 4668 sibi
1648 4613 1872 4669 exitum

164 4694 483 4751 nuntiaret.
535 4694 790 4752 Credidit
835 4695 1062 4763 infelix,
1112 4701 1168 4755 et
1217 4696 1320 4756 diu
1374 4698 1740 4771 postmodum
1784 4700 1875 4756 vi-

165 4796 331 4849 vens,
364 4781 443 4838 ita
488 4782 599 4840 sub
645 4783 752 4841 hac
800 4785 1123 4859 deceptoria
1166 4787 1468 4844 securitate
1512 4788 1867 4859 permansit:

156 4869 396 4928 tandem
444 4869 506 4927 in
556 4873 965 4943 aegritudinem
1010 4875 1165 4948 lapso
1197 4876 1357 4934 adest
1406 4876 1709 4949 fidejussor
1754 4878 1869 4935 ini-

151 4973 336 5030 quus,
396 4966 452 5016 et
501 4962 943 5033 perendianum,
1001 4964 1149 5021 sicut
1198 4967 1598 5039 spoponderat,
1643 4967 1871 5025 obitum

150 5044 489 5105 innotescit.
540 5047 811 5108 Protinus
838 5049 1132 5109 advocatis
1184 5051 1283 5109 ille
1337 5052 1629 5119 fratribus,
1662 5061 1870 5111 cuncta

148 5129 285 5188 haec
327 5147 464 5203 quae
505 5149 638 5191 cum
688 5135 1050 5209 nequissimo
1094 5138 1405 5210 pepigerat,
1450 5154 1550 5211 per
1600 5139 1868 5198 ordinem

145 5227 371 5278 narrat.
406 5219 671 5296 Cumque
726 5223 815 5280 illi
861 5224 1163 5294 instarent,
1219 5225 1508 5284 dicentes:
1544 5226 1677 5285 Esto
1725 5243 1865 5286 con-

140 5310 363 5374 fessus,
411 5325 515 5381 age
544 5312 989 5383 paenitentiam;
1025 5322 1259 5386 repente
1310 5314 1411 5372 ille
1449 5315 1863 5384 obdormiebat,

138 5405 199 5457 et
256 5397 387 5455 sive
428 5399 813 5470 pulsantibus,
846 5403 971 5461 sive
1001 5403 1410 5475 clamantibus,
1442 5406 1722 5477 evigilare
1748 5423 1863 5466 non

136 5492 405 5559 poterat;
449 5486 498 5543 si
551 5504 667 5546 non
733 5488 820 5546 illi
870 5490 1302 5564 obticescerent,
1358 5492 1447 5550 vel
1506 5495 1669 5553 aliud
1720 5496 1864 5571 quid

130 5578 359 5645 prater
410 5572 807 5644 pmnitentiam
848 5574 1004 5649 loqui
1054 5578 1287 5647 vellent,
1342 5595 1480 5637 mox
1520 5581 1621 5638 ille
1652 5597 1858 5655 exper-

124 5661 425 5737 gefactus,
480 5660 732 5720 invicem
792 5662 1165 5738 loquebatur;
1220 5666 1321 5727 sed
1393 5684 1596 5730 rursus
1659 5668 1857 5728 audito

1960 4533 2077 4575 non
2122 4515 2373 4573 videntis
2413 4513 2674 4588 pervenit
2713 4514 2997 4572 auditum.
3044 4516 3304 4587 Cumque
3338 4513 3457 4583 ille,
3504 4514 3657 4588 quod

1958 4602 2299 4663 imminebat
2364 4600 2590 4673 plenius
2662 4600 2980 4670 didicisset,
3030 4600 3201 4671 ccepit
3252 4617 3387 4658 mox
3441 4602 3658 4660 obnixe

1957 4695 2279 4767 deposcere,
2318 4698 2374 4747 et
2410 4689 2624 4763 quibus
2659 4689 2883 4746 valebat
2937 4688 3198 4760 precibus
3240 4688 3656 4747 instantissime

1957 4781 2232 4856 ﬂagitare,
2266 4785 2329 4836 ut
2358 4777 2522 4835 illum
2565 4777 2765 4832 fratres
2795 4790 2933 4833 cum
2971 4776 3132 4832 omni
3164 4775 3442 4832 charitate
3471 4777 3657 4834 susci-

1956 4877 2177 4944 perent,
2236 4866 2608 4937 semetipsum
2666 4864 2903 4936 insuper
2952 4864 3250 4922 custodem
3297 4863 3532 4933 scilicet,
3590 4881 3657 4923 ac

1952 4960 2287 5018 ministrum
2321 4955 2446 5028 ejus
2473 4952 2766 5027 obsequiis
2794 4953 3068 5012 insudare
3094 4953 3382 5025 juberent.
3430 4952 3652 5027 Impor-

1954 5048 2109 5107 tunis
2136 5060 2273 5105 sane
2302 5042 2573 5102 insistens
2604 5041 2889 5114 precibus,
2927 5041 3159 5100 tandem
3188 5040 3465 5111 obtinuit,
3514 5048 3569 5098 et
3602 5042 3655 5100 ei

1951 5153 2124 5211 quem
2166 5132 2355 5192 carnis
2406 5130 2627 5188 lumine
2668 5130 2861 5189 videre
2914 5148 3031 5190 non
3076 5136 3312 5203 poterat,
3359 5128 3658 5203 perspicuo

1949 5224 2241 5284 charitatis
2281 5220 2449 5280 oculo
2494 5218 2869 5277 ministrabat.
2924 5218 3297 5276 Decumbenti
3342 5218 3536 5292 itaque
3565 5235 3655 5277 se-

1948 5318 2121 5377 dulus
2163 5314 2423 5373 minister
2448 5311 2733 5380 assistere,
2784 5308 3135 5382 tegminibus
3166 5310 3500 5380 confovere,
3548 5325 3654 5368 ne-

1948 5402 2192 5462 cessaria
2246 5415 2495 5476 qumque
2550 5396 2854 5471 porrigere,
2902 5394 3289 5468 percipiendis
3330 5396 3502 5454 etiam
3544 5397 3652 5455 ali-

1947 5490 2157 5547 mentis
2205 5486 2460 5547 suasorie
2509 5497 2831 5558 provocare.
2885 5479 3028 5539 Nam
3080 5490 3136 5539 et
3185 5481 3256 5539 ad
3314 5483 3652 5556 digestionis

1944 5579 2253 5643 occultum,
2309 5584 2371 5633 ut
2421 5573 2735 5641 dicebatur,
2789 5585 2942 5643 saepe
2997 5586 3059 5627 se
3128 5572 3273 5629 ferre
3324 5578 3378 5629 et
3435 5574 3651 5631 rel'erre

1943 5665 2226 5741 gaudebat
2266 5671 2567 5738 aegrotum.
2598 5658 2693 5719 Sic
2734 5657 3034 5731 nimirum,
3066 5660 3149 5719 sic
3194 5659 3296 5734 qui
3338 5661 3645 5735 geminum
