4054 6184
346 249 454 309 763

804 250 863 311 S.
908 251 1131 312 PETRI
1168 254 1492 317 DAMIANI
1531 257 1688 317 OPP.
1731 257 1979 318 TOMUS
2020 257 2160 318 SEU
2200 257 2392 320 PARS
2428 259 2534 319 ΙΙΙ.
2575 291 2644 304 —-
2682 260 3072 322 OPUSCULA
3108 263 3366 324 VABIA.

3731 271 3834 328 764

345 372 774 463 Ιιιῐῐιθῑιγοθωὶε
800 376 1090 446 amiserat,
1123 378 1399 437 charitate
1433 381 1607 439 simul
1655 388 1712 440 et
1751 382 2436 458 patientia,Aprtesidere
2479 384 2928 459 deprehendant.
2962 385 3136 445 Plane
3165 387 3214 447 si
3262 396 3463 463 pectus
3492 397 3659 451 tuum
3702 380 3838 453 arm

343 463 514 537 quasi
545 462 773 523 duobus
799 464 856 523 in
889 465 1103 523 animae
1129 466 1276 525 facie
1309 469 1492 528 oculis
1521 470 1935 544 resplendebat.

984 604 1230 666 CAPUT
1262 608 1418 667 XIV.

353 715 458 772 Ubi
505 717 741 787 scriptor
782 732 846 770 ea
894 732 1015 787 qua
1050 718 1201 773 dicta
1250 724 1397 783 sunt,
1443 722 1639 777 humili
1674 725 2052 791 satisfactione

1045 809 1336 866 concludit.

416 918 724 993 Superiora
780 921 908 992 tibi,
965 922 1152 982 Teuzo
1206 931 1383 996 pater,
1428 942 1504 984 ex
1551 928 1791 1000 epistola
1842 945 2048 1003 propo-

337 1007 448 1073 sui.
508 1015 572 1066 ut
632 1008 861 1068 desinas
916 1010 989 1069 de
1029 1011 1433 1085 singularitate
1474 1022 1828 1088 tumescere;
1894 1017 2049 1076 istud

337 1104 531 1155 autem
578 1095 731 1166 ideo,
772 1105 836 1156 ut
878 1098 1066 1158 discas
1104 1101 1408 1174 juniorum
1450 1104 1692 1162 fratrum
1743 1105 1916 1163 etiam
1962 1106 2051 1164 of-

341 1184 550 1257 fensas,
597 1185 646 1243 si
692 1185 837 1244 forte
894 1188 1258 1261 contigerint,
1317 1193 1723 1265 aequanimiter
1774 1194 2050 1266 tolerare;

340 1272 625 1332 nimirum
656 1275 809 1349 quod
842 1275 1101 1335 moribus
1145 1278 1261 1337 tuis
1309 1279 1454 1338 duxi
1485 1282 1742 1340 maxime
1791 1298 2052 1341 necessa-

343 1361 519 1432 rium,
554 1363 663 1419 hoc
698 1362 760 1420 in
798 1363 1164 1438 disputativae
1201 1369 1549 1428 narrationis
1593 1370 1793 1430 ordine
1827 1373 2052 1432 servavi

347 1456 764 1521 consequenter
813 1459 1163 1511 extremum.
1213 1453 1342 1513 Jam
1388 1456 1570 1530 igitur
1611 1459 1683 1517 ab
1723 1459 1827 1517 illa
1872 1460 2058 1535 rigida

345 1540 523 1598 nimis
569 1546 624 1599 et
673 1547 861 1601 torosa
906 1544 1119 1602 mentis
1165 1550 1281 1605 tuae
1328 1547 1692 1608 animositate
1737 1565 2053 1622 compesce,

344 1632 519 1703 teque
551 1628 611 1687 in
640 1629 915 1702 patientia
951 1646 1087 1689 cum
1121 1633 1399 1693 fratribus
1421 1637 1535 1695 tuis
1589 1642 1645 1694 et
1674 1638 1890 1697 blanda
1917 1640 2054 1698 cha-

2129 471 2233 529 Dei
2286 480 2388 545 est,
2436 474 2585 533 sicut
2625 476 2877 548 profecto
2921 474 3163 550 dignum
3201 483 3306 546 est,
3349 494 3466 538 non
3498 480 3559 538 in
3604 497 3673 541 eo
3715 482 3838 541 sola

2131 560 2203 619 sit
2248 561 2411 633 virga
2456 578 2590 636 qua:
2634 563 2819 632 feriat,
2874 563 2975 621 sed
3027 570 3082 622 et
3128 579 3360 636 manna,
3399 568 3552 641 quod
3595 568 3659 626 in
3714 570 3839 628 fra-

2130 657 2311 709 ternae
2341 648 2480 706 801
2516 655 2725 711 mentis
2752 652 2938 723 palato
2966 652 3255 713 dulcescat
3285 672 3301 724 ;
3338 671 3443 714 nec
3489 657 3549 715 in
3580 673 3647 716 eo
3677 658 3840 716 zelus

2129 740 2204 797 sit
2256 740 2678 812 amaritudinis,
2737 742 2838 816 qui
2895 741 3193 811 deterreat,
3268 744 3366 801 sed
3436 742 3590 802 zelus
3646 746 3840 816 potius

2131 831 2443 901 charitatis,
2476 832 2576 907 qui
2623 832 2930 891 salubriter
2975 833 3236 906 corrigat.
3269 831 3478 908 Sicque
3526 836 3839 910 correptio-

2131 922 2223 980 nis
2244 922 2481 981 aculeus
2512 922 2725 981 vulnus
2744 922 3211 996 delinquentium
3232 932 3472 996 pungat,
3498 931 3565 983 ut
3585 932 3645 983 et
3670 942 3837 985 man-

2131 1012 2456 1071 suetudinis
2482 1012 2675 1071 oleum
2698 1012 2905 1070 leniori
2933 1011 3184 1086 quodam
3214 1014 3464 1071 fomento
3492 1014 3831 1073 demulceat.

2134 1099 2351 1158 Verum
2378 1116 2483 1159 nos
2510 1100 2651 1159 dum
2683 1099 3083 1158 aediﬁcationis
3112 1099 3380 1157 fraternae
3411 1100 3601 1158 studio
3629 1101 3835 1159 arden-

2135 1196 2219 1250 ter
2247 1190 2591 1262 insistimus,
2624 1189 2863 1249 modum
2908 1187 3164 1263 epistolae
3202 1190 3555 1261 supergressi
3594 1205 3834 1261 sumus;

2134 1280 2380 1353 ideoque
2408 1279 2581 1338 etiam
2613 1277 2811 1337 titulos
2839 1282 3035 1335 contra
3061 1291 3277 1334 morem
3308 1276 3564 1349 epistolae
3590 1277 3841 1351 singulis

2137 1369 2469 1444 quibusque
2496 1366 2783 1439 periochis
2810 1370 3192 1439 congruenter
3218 1364 3533 1435 aﬂiximus,
3589 1381 3666 1423 ne
3702 1365 3840 1424 laci-

2135 1457 2285 1517 niosi
2316 1456 2451 1530 styli
2480 1455 2796 1515 satietatem
2822 1454 3255 1513 lectorisanimo
3266 1455 3504 1529 gignere
3528 1455 3840 1513 videretur.

2172 1574 2175 1577 -
2208 1547 2379 1607 Nunc
2407 1546 2605 1618 igitur,
2633 1543 3005 1603 dilectissime
3035 1542 3118 1601 mi
3163 1549 3322 1618 pater
3375 1550 3431 1603 et
3458 1545 3715 1616 domine,
3742 1561 3843 1619 pe-

2136 1636 2308 1696 dibus
2353 1638 2468 1696 tuis
2507 1652 2600 1694 me
2646 1634 2908 1708 protinus
2953 1637 3017 1707 ff.
3070 1637 3401 1709 prostratus]
3442 1634 3709 1707 advolvo,
3747 1636 3842 1693 fu-

344 1715 513 1774 ritate
551 1732 847 1790 compone.
881 1718 1156 1795 Quisquis
1187 1721 1344 1781 enim
1385 1740 1488 1797 per
1532 1725 1874 1784 feralitatem
1906 1727 2332 1801 ami-Bsisque
2361 1724 2634 1821 lacrymis
2672 1723 2900 1821 veniam
2932 1722 3233 1821 humiliter
3276 1729 3447 1795 peto:
3485 1723 3754 1821 videlicet
3782 1728 3843 1780 ut

352 1807 436 1866 cis
488 1808 610 1867 suis
663 1810 1178 1870 contubernalibus
1236 1829 1351 1872 non
1420 1817 1744 1885 concordat,
1806 1818 2060 1879 ferarum
2141 1815 2228 1874 ori
2275 1829 2403 1872 meo
2446 1812 2759 1912 clementer
2803 1811 3140 1910 indulgeas,
3165 1816 3220 1868 et
3271 1811 3535 1912 me,hqui
3565 1810 3693 1912 tibi
3730 1827 3844 1912 au-

357 1912 518 1955 more
562 1897 719 1956 solus
747 1915 978 1959 necesse
1004 1908 1090 1958 est
1116 1909 1181 1961 ut
1230 1903 1545 1964 bestialiter
1574 1906 1750 1965 vivat.
1782 1907 1895 1978 Qui
1925 1925 2061 1983 ergo
2141 1905 2334 1963 dacter
2377 1901 2753 1976 insuggillare
2799 1900 3145 1975 praesumpsi
3173 1916 3207 1957 a
3239 1901 3530 1959 charitatis
3561 1907 3676 1960 tuae
3709 1901 3841 1959 dul-

349 1986 750 2061 Redemptoris
774 1988 896 2047 suis
927 1989 1246 2063 discipulus
1273 2007 1389 2051 non
1415 1993 1759 2068 dedignatur
1787 1996 2057 2068 existere,
2142 1996 2343 2055 cedine
2370 2009 2483 2052 non
2519 1990 2782 2064 repellas,
2813 1990 3128 2048 dummodo
3164 2006 3367 2063 nempe
3398 1991 3523 2048 hzec
3562 2006 3698 2065 quae
3744 2006 3840 2048 su-

348 2074 529 2134 discat
578 2092 639 2133 se
691 2076 891 2135 mitem
944 2079 1230 2151 proximis
1280 2081 1405 2139 suis
1446 2088 1501 2139 et
1551 2083 1836 2142 humilem
1887 2087 2059 2144 exhi-
2138 2084 2335 2161 perius
2389 2079 2803 2176 comprehensa
2831 2082 3011 2176 Asunt,
3043 2078 3376 2176 salubriter
3423 2078 3837 2176 Aadmittantur.

347 2162 524 2221 bere:
563 2188 587 2214 α
644 2164 857 2224 Discite
900 2183 935 2223 a
994 2183 1103 2235 me,
1158 2169 1368 2244 inquit,
1423 2171 1561 2243 quia
1610 2172 1769 2231 mitis
1821 2189 1951 2233 sum
2004 2181 2059 2233 et
2141 2175 2261 2248 Ego
2300 2187 2417 2231 non
2455 2169 2646 2228 abnuo
2685 2167 3089 2226 satisfactionis
3128 2164 3271 2222 802
3314 2166 3515 2238 gratia,
3552 2173 3607 2224 et
3656 2167 3841 2225 nudas

350 2253 597 2312 humilis
650 2255 819 2313 corde
876 2258 1094 2329 (Matth.
1156 2259 1257 2331 x1).
1312 2283 1333 2306 ιι
1394 2258 1507 2329 Qui
1560 2260 1811 2337 denique
1879 2264 2059 2322 sancti
2142 2262 2347 2322 ferula:
2373 2264 2579 2318 vestrae
2607 2256 2869 2330 scapulas
2894 2255 3159 2323 subdere,
3191 2261 3246 2313 et
3287 2253 3358 2311 de
3405 2260 3610 2312 caetero
3650 2260 3839 2327 pater-

353 2339 603 2415 Spiritus
639 2343 918 2417 templum
956 2362 1078 2403 esse
1119 2346 1423 2418 desiderat,
1471 2355 1536 2408 ut
1566 2349 1625 2408 id
1666 2351 1859 2425 ipsum
1898 2369 2059 2427 repe-
2142 2352 2235 2410 nis
2262 2347 2579 2407 sanctitatis
2603 2352 2809 2442 vestra;
2838 2342 3064 2442 legibus
3085 2348 3411 2442 reverenter
3426 2342 3837 2442 obtemperare.

350 2437 488 2500 tam,
527 2431 601 2489 ab
648 2430 974 2492 humilitate
1026 2434 1200 2493 simul
1249 2442 1304 2493 et
1355 2438 1547 2510 quiete
1597 2440 2063 2498 mansuetudinis
2145 2438 2324 2512 Spero
2365 2441 2560 2493 autem
2608 2431 2766 2530 quod
2816 2439 2871 2490 et
2905 2432 3030 2530 haec
3062 2447 3200 2530 .mea
3246 2430 3413 2530 vobis
3442 2430 3836 2530 nonqeritqin-

352 2535 469 2577 non
522 2520 765 2579 recedat.
824 2521 925 2579 Ait
978 2523 1179 2581 enim:
1214 2548 1239 2575 α
1295 2524 1478 2599 Super
1520 2541 1694 2599 quem
1749 2528 2065 2601 requiescet
2146 2527 2440 2585 fructuosa
2486 2521 2807 2596 correptio;
2858 2520 2996 2593 quia
3047 2520 3187 2578 dum
3236 2520 3417 2578 menti
3466 2525 3672 2577 vestrae
3721 2527 3837 2576 tam

358 2607 606 2682 Spiritus
630 2625 817 2671 meus.
850 2611 964 2669 nisi
994 2627 1167 2685 super
1181 2613 1463 2672 humilem
1490 2621 1546 2671 et
1573 2615 1915 2688 quietum‘h
1936 2620 2062 2688 (Isa.
2146 2616 2363 2677 scilicet
2412 2614 2599 2706 gravi,
2627 2618 2743 2670 tam
2772 2618 3035 2706 maturae,
3058 2616 3192 2706 tam
3220 2616 3371 2706 certe
3422 2614 3658 2706 sanctae
3680 2623 3841 2666 ama-

356 2698 537 2769 LXVI).
576 2697 702 2755 Non
746 2698 925 2771 igitur
969 2714 1170 2758 eorum
1215 2700 1444 2760 animos
1495 2704 1855 2761 verbositatis
1900 2720 2065 2778 quaa-
2149 2720 2280 2764 rum
2306 2703 2452 2760 forte
2479 2701 2649 2794 sapit,
2678 2699 2834 2794 quod
2863 2697 3302 2794 ausu-junioris
3330 2697 3626 2794 arguitur,
3644 2697 3707 2753 in
3738 2709 3843 2794 vo-

356 2785 645 2843 stiouibus
697 2786 912 2859 pulses,
987 2803 1105 2845 non
1190 2804 1287 2845 eos
1357 2796 1630 2864 tanquam
1708 2799 1887 2850 torvae
1942 2809 2067 2851 cer-
2148 2792 2501 2866 bismetipsis
2561 2790 2787 2881 liquido
2836 2788 3072 2881 potestis
3101 2787 3436 2881 addiscere,
3490 2785 3630 2881 quid
3682 2783 3845 2881 vobis

363 2873 505 2931 vicis
554 2880 755 2932 taurus
799 2874 1072 2934 cornibus
1131 2877 1420 2948 ventiles;
1465 2894 1538 2935 ne
1585 2880 1724 2937 dum
1777 2898 1811 2938 a
1869 2888 1920 2940 le
1973 2884 2067 2941 fu-
2148 2885 2293 2943 dura
2325 2880 2715 2957 loquentibus,
2746 2879 2819 2937 de
2867 2877 3058 2935 alieno
3088 2875 3341 2934 debeatis
3393 2873 3560 2931 corde
3610 2873 3843 2930 sentire.

357 2961 531 3034 gitur,
584 2962 731 3020 illud
783 2964 847 3021 in
908 2964 993 3022 tui
1035 2964 1412 3039 opprobrium
1456 2966 1763 3041 jaculetur,
1797 2971 1953 3046 quod
1997 2971 2068 3031 de
2148 2974 2311 3047 Rogo
2338 2978 2550 3039 autem,
2584 2968 3146 3060 venerabilispater,
3178 2971 3243 3060 ut
3278 2979 3380 3060 pro
3428 2977 3521 3060 {ne
3555 2967 3850 3060 Ροοαξῖοτθ

362 3051 507 3108 bove
536 3059 847 3126 cornupeta
875 3052 1200 3127 antiquitus
1227 3054 1522 3114 dicebatur
1553 3076 1566 3114 :

2172 3079 2376 3136 temper
2404 3075 2568 3119 orare
2595 3056 2873 3133 digneris.
2915 3054 3062 3125 Quia
3102 3058 3297 3111 autem
3346 3050 3551 3108 faciem
3603 3052 3852 3158 vestram

780 3150 986 3202 Fenum
1020 3150 1180 3204 habet
1223 3154 1275 3204 in
1310 3165 1479 3205 cornu
1513 3154 1634 3218 (‘28).
2052 3135 2124 3188 tu
2147 3135 2393 3214 ulterius
2422 3151 2484 3208 in
2519 3151 2623 3207 hac
2652 3148 2768 3205 vita
2796 3147 3061 3237 visurum
3112 3158 3205 3200 me
3240 3156 3365 3237 esse
3392 3152 3727 3237 nonnspero,
3757 3135 3850 3234 di-

433 3238 843 3313 Tranquillum
867 3255 1003 3314 ergo
1032 3246 1087 3297 te
1110 3246 1167 3299 et
1195 3242 1457 3314 quietum
1486 3243 1710 3303 cunctis
1733 3244 2067 3306 videntibus
2149 3243 2347 3303 vinam
2396 3241 2636 3314 deposco
2664 3236 3047 3304 clementiam,
3093 3239 3176 3303 ut,
3209 3229 3397 3289 soluto
3445 3227 3673 3286 militias
3725 3227 3851 3282 cin-

365 3326 580 3385 exhibe
610 3344 625 3398 ;
654 3333 709 3385 et
738 3328 1028 3402 praecipue
1058 3328 1150 3388 his
1194 3330 1295 3404 qui
1328 3346 1403 3388 ex
1449 3331 1565 3389 Deo
1610 3340 1763 3402 sunt,
1807 3335 1967 3392 omni
2012 3340 2068 3392 te
2148 3333 2308 3405 gulo,
2340 3331 2423 3389 sic
2451 3344 2556 3387 nos
2586 3328 2648 3386 in
2693 3331 2927 3385 mutuos
2973 3326 3343 3421 re‘prtesentet
3383 3324 3851 3421 aspectus,t|}l_§-

362 3416 689 3474 obedientia
742 3425 797 3475 et
844 3416 1174 3476 humilitate
1228 3420 1548 3490 substerne,
1608 3427 1672 3478 ut
1720 3422 1822 3494 qui
1894 3422 1957 3481 in
2012 3428 2067 3480 te
2151 3404 2320 3479 tenus
2349 3426 2405 3477 et
2433 3433 2619 3477 unum
2650 3430 2921 3509 supernae
2949 3411 3217 3470 videlicet
3267 3404 3634 3509 Eierusaletn
3673 3404 3852 3509 astri:

365 3505 659 3565 Christum
672 3513 962 3580 quaerunt,
988 3508 1283 3566 Christum
1298 3509 2067 3583 ‘consequenterinveniant;
2153 3511 2324 3570 batur
2351 3509 2606 3569 emeritis
2636 3505 3077 3601 municipium,“
3095 3508 3151 3559 et
3181 3497 3407 3558 socialis
3446 3497 3509 3553 in
3538 3500 3855 3566 utrumque

361 3600 419 3651 et
470 3595 531 3651 in
589 3594 1034 3653 mansuetudine
1063 3611 1237 3668 quam
1266 3598 1522 3656 exterius
1553 3599 1819 3662 viderint,
1878 3600 2073 3673 ipsum
2155 3598 2420 3675 procedat
2442 3594 2891 3670 recompensatio
2919 3594 3274 3649 meritorum.

368 3687 661 3740 auctorem
708 3684 1175 3743 mansuetudinis
1219 3685 1394 3745 altius
1426 3686 1488 3744 in
1525 3687 1735 3746 mentis
1780 3695 1896 3747 tuas
1930 3691 2075 3749 solio
2533 3690 2621 3747 Sit
2652 3703 2843 3744 nomen
2867 3686 3087 3742 Domini
3118 3682 3468 3739 benedictum-

430 3840 535 3907 (ἳὸ)
558 3841 630 3894 De
655 3844 830 3904 poetis
852 3843 955 3896 hoc
982 3844 1088 3897 dici
1115 3846 1272 3911 ﬁngit
1295 3847 1548 3900 Horatlus
1577 3862 1740 3903 serm.
1773 3861 1807 3907 ι,
1843 3855 1940 3903 sat.
1963 3853 2011 3903 4.

373 4010 3832 4044 -—-———-——p-————‘___—__——————-————l——————

370 4171 697 4233 δοθείη
748 4197 1590 4311 OPUSCULUM
1678 4191 2972 4331 QUINQUAGESIMUM
3058 4184 3858 4300 SECUNDUM.

696 4410 801 4469 DE
844 4410 1051 4471 BONO
1096 4411 1485 4473 RELIGIOSI
1530 4414 1830 4475 STATUS
1872 4415 1977 4475 ET
2017 4412 2425 4477 VABIARUM
2466 4407 2972 4472 ANIMANTIUM
3013 4403 3533 4468 TROPOLOGIA.

1909 4590 2334 4603 .__————-

375 4719 818 4800 AElGUMENTUM.
851 4750 921 4761 —
950 4719 1072 4779 Hac
1098 4721 1356 4800 epistola,
1387 4738 1517 4800 cum
1555 4724 1617 4782 in
1648 4725 1772 4800 ipso
1821 4725 2013 4800 statim
2048 4721 2300 4800 exordio
2350 4720 2711 4800 depravatos.
2742 4716 3061 4800 hominum
3094 4728 3303 4779 mores,
3323 4717 3413 4800 Aet
3436 4711 3867 4800 .calatnirlosutl}

445 4803 683 4883 suerum
715 4798 1037 4883 temporum
1069 4782 1283 4883 statum
1314 4782 1689 4883 deplorasset:
1708 4796 1943 4883 illorum
1985 4794 2318 4877 felicitatem
2348 4782 2741 4883 ex‘tollitAqu‘i,
2770 4792 3131 4883 tempestates
3160 4782 3869 4883 “siculimfugi‘entﬁhad

447 4860 803 4941 tutissimum
834 4855 1129 4941 religionis
1161 4855 1816 4941 portum‘cqnfugerent.
1849 4867 1993 4941 Quo
2022 4867 2085 4924 in
2136 4880 2347 4939 genere
2403 4855 3111 4941 Casinen'sesnmonachos
3160 4855 3447 4935 praecipue
3488 4855 3838 4941 admiratur
3855 4872 3869 4909 :

447 4940 699 5016 montem
732 4930 1229 5016 ipsumo'Gasinu'm
1257 4952 1407 5016 arcae
1438 4930 1827 5016 Noeticzenon
1857 4930 2516 5016 dubitansvc‘omparare:
2547 4947 2680 5005 quae
2709 4930 2918 5016 diluvii
2948 4930 3437 5016 tempqreA‘oninj‘s
3468 4930 3871 5016 591335339}:

444 5002 727 5088 mentium
756 4994 1053 5075 refugium
1082 5007 1301 5088 fuisset.
1336 4994 1511 5088 Hinc,
1533 4994 1830 5088 occasione
1862 4994 2108 5088 arrepta,
2138 5007 2210 5065 ad
2237 4994 2625 5088 animantium
2655 5009 2891 5088 naturas
2918 4994 3875 5088 3proprietatesqueutiesgfifgqis

445 5073 782 5155 digreditur,
818 5067 963 5147 quas
992 5067 1502 5155 (quemadmodum.
1558 5067 1692 5139 facit
1736 5067 1897 5155 apud
1951 5067 2183 5141 G‘rzecos
2239 5074 2617 5151 Epiphanius)
2674 5073 2745 5131 ad
2775 5067 3249 5130 hominis'mores
3277 5067 3352 5127 et'
3380 5067 3693 5126 utilitatem
3725 5067 3877 5123 mire

442 5145 689 5205 traducit
709 5145 880 5220 atque
906 5145 1316 5207 accommodat.

445 5320 662 5384 Domno
690 5326 1003 5385 DESIDERIO
1028 5326 1374 5401 archangelo
1403 5327 2140 5396 monachorum,sancto-D
2159 5331 2349 5384 nestas
2380 5324 2551 5416 periit
2574 5341 2602 5416 ;_
2619 5328 2675 5416 et
2703 5322 2843 5416 dum
2871 5317 3239 5416 ecclesiastici
3274 5315 3493 5388 vigoris
3533 5313 3762 5416 sensim
3781 5312 3874 5370 di-

369 5427 483 5484 que
497 5414 827 5483 conventui,
854 5414 1083 5473 PETRUS
1106 5423 1367 5489 peccator
1384 5417 1702 5474 monachus
1720 5414 2075 5474 servitutem.
2164 5414 2407 5487 sciplina
2439 5411 2766 5510 collabitur,
2798 5407 3090 5510 inundans
3119 5405 3875 5510 vi‘tiorun'i‘acpra‘vitatum

442 5502 551 5572 Qui
581 5505 864 5564 sazculum
897 5505 1240 5580 reliquistis,
1271 5522 1415 5580 quas
1457 5507 1704 5581 ereptori
1736 5514 1928 5565 vestro
1965 5506 2081 5565 Deo
2163 5500 2429 5596 omnium
2484 5499 2546 5557 in
2602 5497 2725 5596 dies
2782 5495 2958 5596 pestis
3026 5498 3289 5596 augetur.
3342 5490 3416 5549 Ut

369 5591 583 5666 gratias
637 5593 915 5664 debeatis,
974 5578 1047 5652 is
1079 5596 1258 5670 perite
1290 5578 1650 5667 considerat,
1706 5595 1805 5669 qui
1873 5593 2079 5653 mundi
2163 5584 3106 5686 pheticummostro‘potissitnum
3149 5588 3408 5686 ξςωροτθ

377 5675 622 5738 furentis
659 5678 874 5752 ﬂagitia
916 5694 1034 5738 non
1084 5680 1331 5755 ignorat.
1388 5679 1580 5741 Pudor
1622 5682 1804 5753 enim,
1863 5688 1920 5739 et
1973 5681 2079 5739 ho-
2164 5678 2351 5754 pleri:
2385 5700 2413 5730 α
2465 5677 2595 5736 Non
2648 5680 2754 5749 est,
2794 5673 3005 5751 inquit,
3045 5672 3279 5745 veritas,
3319 5685 3438 5730 non
3500 5672 3587 5728 est
3635 5672 3881 5725 miseri-
