4054 6184
85 322 196 381 755

1009 319 1261 380 OPUSC.
1307 321 1429 380 LII.
1471 353 1540 366 —-
1577 321 1674 380 DE
1712 319 1906 380 BONO
1943 319 2318 380 RELIGIOSI
2359 320 2666 380 STATUS.

3479 322 3586 384 766

86 445 308 514 cordia,
339 449 396 501 et
427 459 543 502 non
580 449 666 501 est
693 444 934 501 scientia
971 443 1074 502 Dei
1109 444 1171 500 in
1205 449 1374 504 terra.
1407 444 2055 516 Maledictum,Aquam
2103 459 2220 502 non
2281 443 2423 514 plui,
2475 443 2628 503 aruit
2681 447 2868 514 (Amos
2895 453 3000 512 IV).
3063 469 3084 496 ι
3134 445 3318 504 Corda
3367 446 3584 520 quippe

87 541 146 591 et
192 532 587 602 mendacium,
618 539 672 590 et
725 532 1126 604 homicidium,
1170 539 1226 591 et
1266 534 1510 602 furtum,
1548 539 1610 590 et
1637 531 1801 590 adul-

87 624 304 682 terium
343 621 782 682 inundaverant
821 625 973 691 KOSee
1007 625 1104 696 ιν).
1145 647 1170 672 n
1221 623 1290 680 Et
1335 623 1472 697 quia
1516 624 1640 682 haec
1682 637 1798 680 non

86 712 260 770 modo
317 710 648 783 principalis
704 727 944 768 censura
1007 728 1124 770 non
1181 713 1458 786 reprimit,
1520 712 1616 770 sed
1665 711 1799 768 fieri

85 819 222 862 cum
253 802 584 860 favorabilis
607 817 877 861 assensus
927 803 1317 862 exsultatione
1373 802 1650 876 permittit
1679 821 1696 872 ;
1742 807 1798 858 et

87 906 164 947 ex
189 906 256 948 eo
291 891 445 947 risus
476 891 790 958 excutitur,
818 890 914 948 cui
941 906 1060 948 non
1098 891 1268 949 modo
1304 891 1574 964 gemitus,
1613 891 1710 947 sed
1742 895 1796 946 et

86 979 250 1038 furor
277 986 332 1037 et
377 978 730 1052 impatientia
779 979 1142 1050 debebatur;
1177 987 1325 1038 recte
1371 995 1473 1054 per
1525 979 1794 1037 eumdem

85 1070 426 1142 prophetam
448 1069 815 1143 postmodum
843 1071 1056 1128 dicitur
1092 1094 1102 1126 :
1141 1095 1166 1119 ιε
1199 1071 1269 1128 In
1301 1069 1522 1128 malitia
1547 1085 1654 1127 sua
1691 1069 1792 1126 lm—

87 1161 460 1218 tilicaverunt
491 1175 706 1233 regem,
741 1167 798 1218 et
832 1163 894 1219 in
955 1161 1273 1220 mendaciis
1305 1162 1429 1220 suis
1463 1161 1750 1234 principes
1779 1184 1791 1218 :

85 1265 294 1308 omnes
320 1250 725 1322 adulterantes,
780 1251 946 1324 quasi
1001 1251 1267 1310 clibanus
1313 1253 1572 1310 succensi
1603 1257 1796 1310 sunta

85 1343 374 1410 coquente
411 1341 562 1408 (Osee
615 1345 739 1410 v11).
779 1364 798 1390 ιο
843 1340 913 1398 Et
965 1341 1244 1413 quoniam
1295 1341 1462 1399 ardor
1514 1340 1792 1412 avaritiae,

85 1428 216 1486 sive
246 1427 520 1502 luxuriae,
551 1432 714 1504 prius
737 1438 1014 1503 tanquam
1057 1432 1352 1504 laquearia
1387 1432 1596 1490 domus
1621 1439 1796 1506 atque

89 1516 278 1590 tigilla
320 1519 608 1591 principes
651 1521 905 1592 corripit,
942 1521 1152 1579 deinde
1197 1537 1298 1594 per
1336 1520 1620 1593 subjectos
1671 1538 1796 1581 sese

88 1608 252 1666 velut
303 1623 403 1680 per
451 1609 712 1680 planiora
759 1609 1076 1682 diﬂ‘undit;
1127 1611 1301 1685 paulo
1353 1617 1479 1685 post
1529 1612 1789 1671 addidit:

89 1721 110 1748 ι
144 1697 362 1756 Omnes
379 1697 634 1756 calefacti
649 1705 784 1757 sunt
810 1701 1272 1772 quasiclibanus,
1294 1707 1350 1757 et
1369 1701 1795 1760 devoraverunt

77 1785 310 1860 judices
335 1801 498 1856 suos;
531 1803 734 1846 omnes
761 1804 922 1860 reges
951 1805 1154 1846 eorum
1181 1789 1533 1861 ceciderunt,
1563 1804 1679 1848 non
1708 1797 1853 1862 estB

83 1876 146 1932 in
181 1877 268 1933 eis
292 1877 396 1951 qui
425 1877 638 1936 clamet
660 1879 730 1936 ad
761 1895 852 1937 me
890 1881 1097 1951 (Ibid.).
1129 1899 1158 1932 »

155 1963 230 2021 Et
259 1964 400 2038 quia
429 1965 608 2024 bonos
655 1967 942 2040 principes
989 1968 1178 2027 malus
1222 1970 1472 2044 pepulus
1510 1984 1628 2028 non
1669 1985 1792 2028 me-

1887 537 2110 587 terrena
2144 537 2314 604 atque
2365 532 2618 590 carnalia
2665 533 2820 590 velut
2875 539 3022 590 testu
3078 532 3402 607 squalentia
3446 533 3578 590 diu-

1885 627 2072 680 turna}
2099 620 2366 678 siccitatis
2393 629 2677 692 arescunt,
2693 639 2822 695 quae
2852 623 3066 680 ﬂuenta
3091 638 3359 696 supernae
3379 621 3579 693 gratim

1881 710 2337 784 compunctionis
2367 711 2650 769 imbribus
2689 728 2804 770 non
2847 711 3185 770 infundunt.
3219 711 3300 768 De
3347 727 3460 784 qua
3492 711 3581 767 vi-

1880 800 2085 858 delicet
2117 809 2262 858 terra
2291 801 2488 859 divina
2515 815 2630 859 vox
2667 801 2744 858 ait
2773 822 2786 856 :
2826 824 2847 851 α
2891 801 3174 858 Mandabo
3205 799 3462 858 nubibus
3503 815 3578 858 ne

1879 890 2079 962 pluant
2107 906 2280 964 super
2307 907 2435 949 eam
2486 891 2702 948 imbres
2753 893 2879 963 (Isa.
2940 898 3024 959 V).
3081 915 3100 940 η
3133 893 3207 948 At
3263 897 3458 948 contra
3508 891 3579 948 de

1877 989 2066 1040 mente
2093 983 2213 1052 illa,
2255 997 2386 1054 quae
2428 983 2740 1041 Dominum
2795 983 3074 1040 veraciter
3103 983 3240 1052 sitit,
3272 999 3403 1056 quae
3451 983 3580 1040 fon-

1878 1077 1990 1129 tem
2017 1072 2312 1144 sapientiae
2343 1073 2698 1130 indeﬁcienti
2731 1071 3014 1130 desiderio
3072 1072 3444 1145 concupiscit,
3477 1086 3579 1144 per

1879 1161 2086 1219 Isaiam
2115 1161 2361 1219 dicitur:
2401 1185 2420 1210 ι
2459 1161 2766 1219 Effundam
2795 1162 2951 1219 enim
2979 1177 3160 1233 aquas
3188 1177 3360 1234 super
3386 1161 3584 1218 sitien-

1877 1255 2014 1320 tem,
2047 1255 2102 1306 et
2151 1250 2368 1307 ﬂuenta
2424 1265 2596 1322 super
2649 1249 2888 1307 aridam.
2947 1249 3260 1307 Etfuudam
3310 1249 3576 1322 spiritum

1879 1352 2072 1395 meum
2121 1353 2293 1410 super
2334 1353 2530 1396 semen
2573 1345 2758 1404 tuum,
2796 1345 2851 1397 et
2895 1338 3352 1396 benedictionem
3391 1353 3579 1396 meam

1881 1443 2053 1501 super
2097 1427 2330 1501 stirpem
2381 1434 2560 1500 tuam,
2593 1435 2648 1486 et
2691 1429 3101 1502 germinabunt
3149 1430 3210 1486 in
3258 1436 3306 1486 te
3346 1428 3576 1498 herbas,

1881 1516 2044 1590 quasi
2079 1515 2282 1574 salices
2297 1519 2469 1590 juxta
2496 1519 2948 1591 praeterﬂuentes
2969 1533 3148 1592 aquas
3171 1521 3299 1582 (Isa.
3324 1522 3515 1588 XLIV).
3549 1539 3572 1566 ο

2554 1659 2795 1718 CAPUT
2826 1660 2901 1718 II.

2091 1770 2244 1836 Quod
2269 1774 2598 1826 monasteria
2621 1773 2838 1826 vivaria
2865 1776 2992 1828 sunt
3022 1774 3363 1829 animarum.

1945 1874 2088 1934 Cum
2129 1891 2262 1950 ergo
2288 1893 2389 1935 vos
2415 1879 2780 1952 omnipotens
2811 1879 2961 1936 Deus
3014 1878 3234 1937 mundo
3287 1876 3580 1936 subtraxit

1873 1978 1941 2021 ac
1979 1966 2088 2022 sub
2140 1967 2456 2024 monastica
2495 1967 2605 2024 sibi
2643 1965 2947 2039 disciplina
2995 1967 3212 2024 servire
3259 1965 3577 2036 constituit,

83 2059 270 2122 retur,
293 2059 468 2126 atque
501 2053 630 2112 ideo
661 2061 814 2113 totus
843 2057 1103 2114 mundus
1145 2057 1306 2116 velut
1355 2073 1542 2116 unum
1585 2072 1793 2130 corpus
1874 2054 2014 2127 quid
2045 2055 2201 2113 aliud
2227 2057 2430 2116 fecisse
2471 2057 2746 2128 cernitur,
2779 2072 2956 2130 quam
2986 2057 3146 2115 velut
3187 2056 3326 2114 olim
3381 2057 3442 2114 in
3484 2071 3580 2113 ca-

79 2141 422 2200 continuata
483 2142 802 2202 criminum
862 2146 1350 2204 contaminatione
1398 2147 1789 2219 perfunditur,
1875 2143 2170 2216 taclysmo,
2199 2146 2268 2202 de
2308 2145 2510 2203 multis
2533 2146 2909 2218 pereuntibus
2937 2161 3038 2203 vos
3069 2161 3277 2218 paucos
3303 2145 3579 2218 elegit,ac

77 2229 286 2288 divina
315 2245 428 2287 vox
457 2247 556 2304 per
584 2234 920 2305 prophetam
949 2234 1281 2308 exprobrat,
1324 2235 1522 2292 dicens
1552 2255 1566 2292 :
1622 2259 1642 2286 ιι
1683 2235 1793 2294 Ubi
1875 2232 1934 2288 in
1961 2232 2324 2290 bituminataa
2351 2250 2498 2292 arere
2528 2233 2836 2292 latibulum
2871 2236 3022 2302 (Gen.
3057 2239 3162 2304 VI),
3195 2241 3260 2292 ut
3282 2233 3573 2305 viveretis,

77 2326 167 2376 est
215 2335 320 2376 rex
366 2325 522 2390 tuus,
549 2319 746 2392 Israel,
788 2321 1042 2379 maxime
1087 2339 1244 2381 nunc
1291 2324 1470 2382 salvet
1499 2330 1553 2382 te
1581 2325 1644 2382 in
1676 2341 1792 2383 om-
1873 2321 2162 2380 induxit?
2191 2323 2518 2381 Claustrum
2557 2324 2768 2396 quippe
2821 2325 3150 2382 monasterii
3177 2324 3468 2382 vivarium
3495 2327 3580 2381 est

77 2407 260 2466 nibus
289 2407 534 2466 urbibus
563 2409 710 2479 tuis;
745 2416 800 2468 et
829 2411 1052 2484 judices
1075 2413 1182 2482 tui,
1204 2413 1274 2472 de
1303 2413 1516 2485 quibus
1545 2415 1746 2472 dixisti
1776 2435 1788 2474 :
1873 2410 2202 2468 animarum
2257 2411 2344 2468 Ibi
2383 2411 2595 2484 quippe
2633 2413 2836 2470 vivunt
2865 2413 3070 2486 pisces,
3101 2413 3206 2485 qui
3236 2413 3408 2486 juxta
3434 2412 3577 2484 legis

79 2497 164 2554 Da
215 2497 358 2554 mihi
411 2513 606 2570 regem
661 2505 715 2556 et
767 2500 1054 2573 principes
1101 2504 1252 2562 (Osee
1303 2505 1450 2574 XIII).
1500 2527 1527 2552 κ
1580 2503 1691 2562 Ubi
1741 2511 1795 2561 et
1876 2497 2060 2555 edicta
2098 2499 2379 2570 pennulas
2409 2499 2658 2569 habent;
2687 2507 2856 2575 atque
2897 2507 2960 2558 ut
3008 2502 3070 2558 in
3115 2515 3324 2572 corpus
3363 2498 3576 2557 Christi

79 2591 293 2658 praesto
340 2585 714 2661 subjungitur
753 2607 766 2646 :
815 2611 836 2638 ι
875 2589 1028 2648 Dabo
1079 2590 1182 2648 tibi
1239 2606 1432 2664 regem
1487 2592 1550 2650 in
1599 2593 1794 2650 furore
1875 2589 2312 2658 transferantur,
2351 2590 2738 2648 Israelitarum
2789 2592 3001 2648 mensis
3031 2590 3264 2648 delicias
3299 2589 3576 2662 praebent.

81 2691 236 2744 meo,
271 2683 328 2732 et
358 2677 618 2734 auferam
655 2677 718 2734 in
747 2677 1146 2751 indignatione
1181 2695 1306 2738 mea
1338 2681 1538 2754 (Ibid.).
1575 2705 1597 2733 ι
1629 2681 1795 2740 Unde
1875 2675 2066 2735 Pisces
2095 2678 2308 2750 quippe
2337 2679 2439 2751 qui
2467 2694 2842 2752 squamarum
2871 2679 3152 2751 pennulas
3180 2676 3413 2744 habent,
3443 2675 3580 2732 dare

81 2763 148 2820 fit
178 2769 244 2820 ut
299 2763 440 2820 dum
497 2764 702 2822 mundi
757 2765 1044 2839 principes
1097 2781 1214 2824 non
1258 2769 1410 2840 jura,
1482 2768 1579 2826 sed
1635 2770 1794 2826 lucra
1876 2768 2056 2826 saltus
2096 2768 2269 2825 etiam
2313 2785 2484 2840 super
2520 2784 2700 2842 aquas
2741 2768 2942 2826 solent.
2975 2767 3124 2836 Quid
3154 2779 3289 2838 ergo
3315 2765 3579 2838 pennatis

81 2858 452 2922 conservant,
507 2853 793 2927 subjectos
843 2870 1074 2929 quoque
1117 2857 1399 2930 proclives
1443 2858 1506 2916 in
1573 2859 1792 2916 malum
1877 2858 2131 2930 piscibus
2158 2858 2272 2916 nisi
2298 2858 2490 2916 electa
2537 2859 2753 2916 animm
2784 2859 3133 2932 ﬁgurantur,
3169 2869 3302 2928 quae
3329 2853 3579 2928 profecto

83 2939 252 2998 nulla
303 2939 576 3013 legalium
623 2944 984 3004 sanctionum
1057 2962 1298 3006 censura
1349 2949 1610 3006 refrenet.
1673 2948 1796 3008 Hoc
1876 2947 2012 3005 solae
2068 2947 2130 3003 in
2187 2948 2432 3005 caelestis
2485 2947 2754 3004 Ecclesiae
2805 2961 3012 3019 corpus
3065 2951 3362 3002 transeunt
3395 2961 3410 3014 ;
3443 2943 3582 3017 quia

82 3027 344 3086 mundus
399 3036 594 3087 nostro
644 3037 896 3105 tempore
945 3035 1177 3106 patitur,
1225 3036 1380 3108 quod
1431 3052 1534 3110 per
1586 3038 1793 3096 Isaiam
1879 3036 2046 3094 modo
2075 3035 2354 3094 virtutum
2384 3036 2656 3109 pennulis
2691 3035 2875 3106 fultae,
2932 3035 3112 3092 saltus
3141 3034 3276 3092 dare
3332 3048 3432 3106 per
3461 3047 3577 3090 cm-

83 3116 302 3174 dicitur
349 3137 362 3174 :
423 3139 446 3168 ι
489 3117 670 3215 Dmne
733 3128 902 3215 caput
955 3121 1300 3215 languidum
1359 3129 1414 3182 et
1472 3141 1645 3184 omne
1698 3127 2015 3215 corCleste
2045 3126 2394 3196 desiderium
2424 3126 2649 3196 sitiunt,
2703 3133 2768 3183 ut
2797 3141 3048 3199 superna
3079 3141 3179 3198 per
3225 3123 3580 3196 contempla-

85 3220 372 3275 mmrens;
404 3222 436 3262 a
468 3209 660 3278 planta
691 3209 850 3280 pedis
875 3226 1059 3284 usque
1101 3213 1174 3270 ad
1221 3215 1496 3274 verticem
1545 3233 1662 3276 non
1707 3223 1791 3276 est
1817 3209 2088 3274 'tionem
2129 3223 2414 3290 appetant,
2477 3216 2744 3288 quamvis
2771 3216 2830 3273 in
2881 3216 3216 3287 semetipsas
3244 3215 3456 3271 iterum
3508 3229 3582 3269 ex

85 3293 146 3350 in
179 3308 248 3350 eo
275 3293 488 3352 sanitas
514 3299 640 3367 (Isa.
679 3298 738 3369 1).
781 3319 804 3346 ι
1873 3305 2098 3363 mortali
2128 3320 2300 3362 carne
2331 3301 2715 3361 relabantur?
2756 3301 3082 3361 Clauster
3135 3303 3330 3372 itaque
3376 3316 3580 3358 mona-

1873 3394 2030 3452 sterii
2065 3399 2264 3450 utrum
2290 3391 2682 3465 gurgustium,
2711 3389 2832 3448 sive
2865 3391 3156 3448 vivarium
3187 3390 3432 3462 piscium
3483 3404 3580 3446 so-

643 3437 886 3496 CAPUT
923 3439 1238 3500 PRIMUM.

215 3543 370 3609 Quod
397 3545 643 3612 religiosi
668 3547 830 3613 quasi
857 3561 978 3600 oves
1007 3555 1136 3603 sunt
1165 3550 1231 3604 de
1263 3552 1383 3622 lupi
1408 3555 1665 3620 faucibus

836 3642 1048 3706 erepta.

1873 3483 2190 3550 lummodo,
2222 3483 2369 3539 sicut
2417 3480 2638 3537 dictum
2701 3485 2785 3536 est
2827 3495 2940 3548 ;an
2993 3477 3168 3535 etiam
3208 3477 3579 3550 captabulum

1874 3571 2197 3629 caelestium
2249 3585 2516 3642 pecorum
2576 3568 2662 3625 vel
2727 3575 2879 3626 certe
2934 3568 3221 3625 aviarium
3274 3566 3577 3624 volucrum

1873 3674 1976 3733 per
2003 3658 2317 3732 spiritalem
2368 3657 2808 3731 intelligentiam
2859 3657 3069 3715 rectius
3119 3669 3428 3729 possumus
3476 3669 3580 3728 ap-

160 3737 542 3806 Qllam0bl‘em
595 3757 960 3816 summopere
1013 3747 1334 3808 curandum
1364 3749 1528 3809 vobis
1569 3757 1670 3821 est,
1701 3753 1792 3811 di-
1877 3747 2087 3822 pellare
2115 3746 2142 3804 ?
2173 3747 2338 3804 Hanc
2364 3746 2614 3820 denique
2646 3745 2924 3820 triplicem
2957 3743 3299 3803 animalium
3325 3743 3574 3816 speciem

91 3827 407 3918 lectissimi,
441 3839 504 3890 ut
549 3828 864 3894 immensas
893 3835 1008 3895 Deo
1033 3841 1245 3912 gratias
1269 3842 1484 3915 jugiter
1510 3846 1786 3918 referatis,
1873 3839 2036 3913 ponit
2062 3837 2364 3896 Psalmista
2393 3851 2525 3894 cum
2551 3836 2688 3894 dicit
2721 3860 2733 3893 :
2773 3859 2790 3882 κ
2833 3836 3034 3894 Pecora
3063 3835 3270 3908 campi,
3312 3834 3577 3892 volucres

87 3917 188 3988 qui
221 3919 486 4010 videlicet
513 3923 624 3980 hoc
649 3931 902 3997 tempore
929 3926 998 3982 de
1055 3929 1272 3988 mundo
1308 3931 1442 3990 estis
1470 3935 1655 4004 electi,
1678 3953 1792 4010 quo
1875 3929 2024 3999 coeli,
2081 3935 2136 3982 et
2187 3927 2370 4000 pisces
2415 3926 2590 3982 maris
2633 3927 2798 3998 (Psal.
2847 3929 2986 3994 VIII).
3045 3947 3066 3972 ιι
3120 3923 3284 3980 Hanc
3331 3929 3387 3978 et
3435 3920 3577 4010 Osee

87 4011 304 4062 constat
357 4007 420 4064 in
477 4025 544 4066 eo
573 4013 902 4084 quempiam
937 4013 1170 4074 difﬁcile
1219 4033 1382 4088 posse
1409 4021 1640 4080 salvari.
1673 4007 1792 4083 Im-
1873 4018 2149 4090 pPOPheta
2196 4019 2605 4072 Commemorat
2649 4028 2781 4069 Cum
2835 4011 2960 4068 ait:
2999 4035 3019 4061 ι
3053 4011 3121 4069 In
3167 4010 3377 4068 bestias
3427 4008 3574 4080 agri.

85 4093 280 4186 plastis
306 4097 462 4186 enim
483 4100 638 4172 quod
662 4117 764 4172 per
781 4101 1136 4170 Zachariam,
1155 4105 1400 4166 Domino
1423 4112 1790 4186 vociferante,
1875 4113 1930 4162 et
1968 4105 2026 4162 in
2077 4103 2340 4162 volucres
2377 4101 2526 4171 cmli,
2566 4100 2664 4158 sed
2705 4107 2758 4156 et
2803 4099 2862 4156 in
2891 4099 3074 4171 pisces
3117 4096 3294 4154 maris
3331 4111 3570 4168 congre-

83 4183 457 4256 prmcipitur:
497 4211 523 4234 ιι
557 4187 620 4257 Ο,
651 4205 708 4260 0,
737 4191 914 4264 fugite
958 4192 1028 4250 de
1079 4201 1224 4252 terra
1265 4197 1574 4268 Aquilonis
1604 4183 1786 4264 (Zach.
1871 4195 2164 4270 gabuntur
2214 4195 2359 4266 (Osee
2387 4193 2482 4264 Vl).
2519 4215 2538 4241 ι
2595 4191 2719 4260 Quo
2765 4190 2943 4262 igitur
2993 4189 3202 4246 horum
3243 4186 3422 4244 trium
3467 4201 3570 4242 vo-

83 4277 166 4364 lt).
207 4295 228 4320 -
259 4273 330 4330 Et
355 4290 585 4334 rursum
615 4301 628 4334 :
671 4301 694 4327 α
727 4277 770 4337 0
803 4279 960 4352 Sion,
987 4283 1140 4356 fuge,
1197 4301 1330 4358 qua}
1373 4287 1594 4347 habitas
1638 4292 1791 4364 apud
1871 4284 2075 4343 cabulo
2104 4283 2433 4342 cmnobium
2465 4283 2677 4340 rectius
2700 4280 3102 4352 exprimetur?
3130 4277 3240 4336 Sed
3263 4283 3326 4335 ut
3347 4277 3573 4352 liquido

85 4363 264 4420 tiliam
303 4365 616 4440 Babylonis
661 4373 872 4442 (115111.).
911 4397 931 4424 ι
989 4375 1211 4444 Quibus
1257 4377 1538 4435 nimirum
1571 4363 1790 4440 Veritas
1872 4376 2146 4444 cernitur,
2177 4374 2446 4434 universa
2493 4373 2614 4430 haec
2643 4372 2753 4428 tria
2811 4371 3092 4428 vocabula
3147 4371 3396 4427 claustro
3449 4383 3572 4425 mo-

81 4451 222 4509 dicit
253 4471 264 4508 :
304 4477 324 4502 ι
349 4453 478 4553 Ἐςο
507 4473 608 4514 vos
637 4457 780 4532 elegi
810 4461 880 4518 de
909 4465 1157 4532 mundo;
1204 4471 1257 4522 et
1297 4467 1433 4540 quia
1461 4469 1530 4525 de
1571 4471 1849 4566 mundoD
1875 4465 2106 4523 nasterii
2137 4463 2330 4537 procul
2363 4451 2542 4521 dubio
2581 4465 2926 4534 congruunt,
2959 4459 3102 4518 dum
3133 4460 3192 4516 in
3247 4475 3314 4517 eo
3361 4459 3572 4518 unani-

81 4557 198 4630 non
257 4544 414 4613 estis,
461 4553 754 4618 propterea
783 4549 904 4605 odit
955 4565 1056 4608 vos
1105 4554 1358 4612 mundus
1387 4559 1560 4628 (Imm.
1597 4563 1720 4630 xv).
1761 4544 1981 4612 ηυιηὶε
2015 4563 2068 4612 et
2107 4553 2376 4611 indivisa;
2427 4552 2722 4610 charitatis
2753 4550 2888 4623 igne
2937 4551 3176 4606 conﬂata
3223 4549 3572 4622 spiritalium

85 4629 232 4686 Nam
263 4631 420 4689 velut
445 4633 492 4689 si
523 4633 684 4690 ferox
717 4633 893 4692 bestia
924 4651 1096 4708 pecus
1145 4632 1470 4700 invalidum
1497 4629 1787 4705 mordicus
1868 4643 2210 4699 animalium
2241 4641 2546 4698 diversitas
2575 4639 2922 4696 continetur.
2963 4637 3046 4693 Ibi
3075 4636 3289 4710 quippe
3342 4637 3570 4709 spirita-

81 4720 492 4790 apprehendat,
524 4727 714 4792 pastor
751 4728 968 4792 autem,
995 4723 1085 4780 vel
1129 4742 1312 4786 unum
1357 4733 1686 4790 membrum
1716 4735 1786 4792 de
1871 4730 1968 4792 les,
1996 4729 2144 4785 sicut
2169 4728 2386 4784 dictum
2415 4733 2518 4794 est,
2549 4727 2754 4782 vivunt
2803 4726 3004 4797 pisces,
3063 4737 3356 4781 sacrarum
3417 4723 3572 4782 Scri-

81 4805 346 4864 faucibus
375 4807 591 4866 furiose
628 4808 996 4881 deglutientis
1023 4813 1250 4885 educat;
1285 4818 1364 4876 ita
1389 4835 1490 4877 vos
1520 4819 1784 4880 Christus
1867 4821 2162 4887 ριιιτειηιω
2194 4815 2229 4870 Π

1945 4829 2162 4872 irarum
2194 4813 2667 4886 lluentisjugiter
2717 4813 3060 4868 innatantes.
3096 4810 3219 4867 Nisi
3271 4811 3426 4868 enim
3484 4827 3576 4869 es-

77 4893 150 4950 de
177 4911 277 4952 ore
309 4897 530 4956 cruenti
557 4897 845 4970 praedonis
875 4895 1018 4957 805
1046 4903 1277 4976 eripuit,
1312 4905 1472 4975 dum,
1515 4916 1790 4980 pereunte
1871 4911 1955 4960 set
1984 4904 2234 4975 spiritale
2262 4903 2658 4978 gurgustium,
2693 4901 2791 4959 ubi
2841 4915 2954 4957 non
3009 4899 3243 4969 terreni,
3275 4901 3372 4958 sed
3427 4897 3572 4956 806

79 4983 322 5054 mundo,
377 4985 438 5042 in
487 4987 828 5059 obsequium
887 5004 988 5048 vos
1053 4991 1144 5048 sui
1201 4993 1514 5054 famulatus
1568 4996 1782 5069 allegit.
1870 4988 2127 5046 ϐαδιεεδιθδ
2191 4991 2374 5062 Pisces
2427 4987 2764 5060 spiritaliter
2831 4987 3119 5054 νίνθΓθηῖ»
3200 5003 3566 5061 nequaquam

77 5070 230 5130 Hinc
257 5081 344 5130 est
367 5075 522 5147 quod
569 5090 668 5147 per
703 5079 882 5135 Amos
921 5081 1256 5154 prophetam
1285 5083 1498 5142 dicitur
1528 5104 1542 5143 :
1580 5109 1600 5136 ι
1631 5086 1786 5156 Quo-

77 5159 250 5217 modo
284 5160 335 5218 si
365 5169 526 5220 eruat
571 5171 762 5236 pastor
807 5167 878 5224 de
929 5183 1026 5226 ore
1073 5168 1256 5229 leonis
1299 5171 1413 5232 duo
1459 5189 1647 5245 crura,
1686 5184 1786 5234 aut

73 5255 410 5305 extremum
441 5251 741 5322 auriculas,
771 5255 854 5311 sic
883 5262 1160 5314 eruentur
1187 5257 1292 5315 lilii
1323 5259 1515 5328 Israel,
1548 5261 1649 5334 qui
1679 5262 1784 5318 ha-

77 5335 262 5393 bitant
304 5336 365 5394 in
413 5335 670 5398 Samaria
713 5343 898 5412 (Amos
941 5347 1044 5419 111).
1093 5371 1112 5396 ι
1149 5345 1244 5404 Sic
1298 5347 1492 5422 itaque
1537 5367 1636 5421 per
1678 5365 1782 5408 ex-

73 5423 462 5482 uberantioris
489 5427 687 5498 gratiae
706 5444 918 5490 munus
947 5449 1065 5492 non
1095 5434 1409 5509 ambigitur
1429 5437 1592 5495 vobis
1605 5438 1784 5496 fuisse

71 5510 371 5580 collatum,
401 5513 552 5582 quod
581 5531 683 5587 per
713 5519 982 5577 eumdem
1013 5523 1350 5595 prophetam
1375 5525 1514 5582 alibi
1541 5525 1777 5584 dicitur:

79 5624 96 5647 ι
135 5597 271 5656 Plui
292 5613 464 5670 super
496 5601 788 5662 civitatem
815 5621 1016 5678 unam,
1065 5617 1118 5666 et
1169 5625 1344 5685 super
1371 5613 1666 5672 civitatem
1694 5615 1780 5672 al-

71 5695 258 5747 teram
288 5703 404 5746 non
434 5689 579 5762 plui.
623 5689 760 5748 Pars
785 5706 905 5750 una
930 5697 1220 5770 oompluta
1249 5705 1352 5772 est,
1366 5706 1423 5759 et
1451 5709 1580 5776 pars
1609 5718 1780 5776 super

1867 5076 2150 5135 Dominus
2177 5075 2246 5131 ad
2277 5075 2341 5132 B.
2369 5076 2476 5133 Job
2505 5076 2574 5132 de
2619 5075 2807 5150 typica
2835 5076 3156 5137 Behemoth
3189 5080 3336 5153 pelle
3383 5081 3570 5140 dixis-

1867 5175 1951 5227 set
1988 5187 2000 5224 :
2036 5189 2057 5216 ι
2091 5165 2366 5239 Nunquid
2396 5166 2664 5240 implebis
2691 5181 2960 5238 sagenam
2991 5169 3136 5241 pelle
3165 5171 3310 5242 ejus,
3346 5179 3402 5229 et
3431 5187 3569 5245 gur-

1865 5259 2122 5332 gustium
2169 5257 2414 5330 piscium
2467 5258 2649 5329 capite
2713 5256 2927 5314 illius?
2958 5283 2976 5307 -
3020 5261 3142 5329 (Job
3183 5265 3294 5328 x1.)
3327 5260 3414 5318 lbi
3469 5277 3570 5334 pe-

1866 5361 1996 5404 cora
2024 5345 2144 5419 agri
2175 5345 2354 5414 illius,
2402 5344 2618 5402 scilicet
2662 5344 2734 5402 de
2763 5361 2880 5417 quo
2931 5361 3030 5418 per
3081 5347 3256 5405 Jacob
3307 5347 3564 5408 dicitur:

1873 5459 1895 5488 ι
1929 5436 2073 5494 Ecce
2097 5437 2234 5494 odor
2263 5436 2368 5494 lilii
2401 5435 2530 5502 mei,
2570 5435 2717 5492 sicut
2771 5435 2913 5492 odor
2961 5437 3084 5506 agri
3109 5437 3287 5508 pleni,
3325 5439 3418 5496 cui
3466 5443 3566 5498 be-

1865 5525 2089 5584 nedixit
2117 5525 2400 5583 Dominus
2425 5525 2578 5594 (Gen.
2612 5529 2834 5592 XXVII).
2862 5547 2884 5575 ιι
2920 5524 3001 5582 De
3019 5525 3324 5597 pecoribus
3347 5531 3568 5596 autem,

1863 5617 2004 5690 ipsis
2031 5615 2224 5673 electis
2245 5615 2462 5674 scilicet
2493 5615 2556 5673 in
2594 5622 2806 5674 sanctae
2841 5615 3136 5672 cliaritatis
3185 5617 3568 5676 unanimitate

1863 5705 2210 5776 viventibus,
2263 5704 2442 5764 Isaias
2468 5705 2594 5762 ait:
2634 5729 2654 5754 ιι
2687 5701 2982 5764 Habitabit
3021 5704 3194 5780 lupus
3233 5721 3368 5765 cum
3395 5723 3564 5784 agno,
