  <div class='ocr_page' id='page_1' title='image "/cluster/home/n/w/nwhite01/storage/ocr_20150623/145/hvd.32044048207542/391.png"; bbox 0 0 4054 6184; ppageno 0'>
   <div class='ocr_carea' id='block_1_1' title="bbox 434 266 539 326">
    <p class='ocr_par' dir='ltr' id='par_1_1' title="bbox 434 266 539 326">
     <span class='ocr_line' id='line_1_1' title="bbox 434 266 539 326; baseline 0 -1"><span class='ocrx_word' id='word_1_1' title='bbox 434 266 539 326; x_wconf 88' lang='grc'>767</span> 
     </span>
    </p>
   </div>
   <div class='ocr_carea' id='block_1_2' title="bbox 891 262 3469 329">
    <p class='ocr_par' dir='ltr' id='par_1_2' title="bbox 891 262 3469 329">
     <span class='ocr_line' id='line_1_2' title="bbox 891 262 3469 329; baseline 0 -5"><span class='ocrx_word' id='word_1_2' title='bbox 891 263 952 324; x_wconf 91' lang='lat' dir='ltr'>S.</span> <span class='ocrx_word' id='word_1_3' title='bbox 995 262 1216 323; x_wconf 82' lang='lat' dir='ltr'>PETRI</span> <span class='ocrx_word' id='word_1_4' title='bbox 1257 262 1579 322; x_wconf 85' lang='lat' dir='ltr'><strong>DAMIANI</strong></span> <span class='ocrx_word' id='word_1_5' title='bbox 1617 263 1774 322; x_wconf 89' lang='lat' dir='ltr'>OPP.</span> <span class='ocrx_word' id='word_1_6' title='bbox 1815 262 2065 324; x_wconf 86' lang='lat' dir='ltr'><strong>TOMUS</strong></span> <span class='ocrx_word' id='word_1_7' title='bbox 2104 262 2244 325; x_wconf 89' lang='lat' dir='ltr'>SEU</span> <span class='ocrx_word' id='word_1_8' title='bbox 2285 268 2482 329; x_wconf 81' lang='lat' dir='ltr'>PARS</span> <span class='ocrx_word' id='word_1_9' title='bbox 2516 267 2626 327; x_wconf 80' lang='grc' dir='ltr'>ΙΙΙ.</span> <span class='ocrx_word' id='word_1_10' title='bbox 2667 299 2735 311; x_wconf 91' lang='grc'><strong>-</strong></span> <span class='ocrx_word' id='word_1_11' title='bbox 2774 264 3169 325; x_wconf 83' lang='lat' dir='ltr'>OPUSCULA</span> <span class='ocrx_word' id='word_1_12' title='bbox 3210 264 3469 325; x_wconf 82' lang='lat' dir='ltr'><strong>VARIA.</strong></span> 
     </span>
    </p>
   </div>
   <div class='ocr_carea' id='block_1_3' title="bbox 3825 264 3936 324">
    <p class='ocr_par' dir='ltr' id='par_1_3' title="bbox 3825 264 3936 324">
     <span class='ocr_line' id='line_1_3' title="bbox 3825 264 3936 324; baseline 0 0"><span class='ocrx_word' id='word_1_13' title='bbox 3825 264 3936 324; x_wconf 80' lang='lat'>768</span> 
     </span>
    </p>
   </div>
   <div class='ocr_carea' id='block_1_4' title="bbox 433 388 3936 466">
    <p class='ocr_par' dir='ltr' id='par_1_4' title="bbox 433 388 3936 466">
     <span class='ocr_line' id='line_1_4' title="bbox 433 388 3936 466; baseline -0.001 -17"><span class='ocrx_word' id='word_1_14' title='bbox 433 397 491 449; x_wconf 92' lang='lat' dir='ltr'>et</span> <span class='ocrx_word' id='word_1_15' title='bbox 518 388 736 463; x_wconf 87' lang='lat' dir='ltr'>pardus</span> <span class='ocrx_word' id='word_1_16' title='bbox 765 404 899 448; x_wconf 91' lang='lat' dir='ltr'>cum</span> <span class='ocrx_word' id='word_1_17' title='bbox 946 388 1117 447; x_wconf 87' lang='lat' dir='ltr'>hado</span> <span class='ocrx_word' id='word_1_18' title='bbox 1165 389 1509 461; x_wconf 85' lang='lat' dir='ltr'>accubabit;</span> <span class='ocrx_word' id='word_1_19' title='bbox 1565 389 1786 449; x_wconf 85' lang='lat' dir='ltr'>vitulus</span> <span class='ocrx_word' id='word_1_20' title='bbox 1837 396 1893 448; x_wconf 93' lang='lat' dir='ltr'>et</span> <span class='ocrx_word' id='word_1_21' title='bbox 1944 390 2032 448; x_wconf 93' lang='lat' dir='ltr'>leo</span> <span class='ocrx_word' id='word_1_22' title='bbox 2085 393 2141 448; x_wconf 90' lang='lat' dir='ltr'>et</span> <span class='ocrx_word' id='word_1_23' title='bbox 2157 392 2378 463; x_wconf 86' lang='lat' dir='ltr'>Aritur,</span> <span class='ocrx_word' id='word_1_24' title='bbox 2412 408 2616 452; x_wconf 89' lang='lat' dir='ltr'>eorum</span> <span class='ocrx_word' id='word_1_25' title='bbox 2647 392 2915 466; x_wconf 84' lang='lat' dir='ltr'>protinus</span> <span class='ocrx_word' id='word_1_26' title='bbox 2944 389 3116 449; x_wconf 86' lang='lat' dir='ltr'>odore</span> <span class='ocrx_word' id='word_1_27' title='bbox 3144 397 3438 462; x_wconf 90' lang='lat' dir='ltr'>concepto,</span> <span class='ocrx_word' id='word_1_28' title='bbox 3481 395 3547 448; x_wconf 91' lang='lat' dir='ltr'>ut</span> <span class='ocrx_word' id='word_1_29' title='bbox 3577 404 3936 463; x_wconf 77' lang='lat' dir='ltr'>persequen-</span> 
     </span>
    </p>
   </div>
   <div class='ocr_carea' id='block_1_5' title="bbox 432 476 2139 551">
    <p class='ocr_par' dir='ltr' id='par_1_5' title="bbox 432 476 2139 551">
     <span class='ocr_line' id='line_1_5' title="bbox 432 476 2139 551; baseline -0.001 -14"><span class='ocrx_word' id='word_1_30' title='bbox 432 480 560 537; x_wconf 92' lang='lat' dir='ltr'>ovis</span> <span class='ocrx_word' id='word_1_31' title='bbox 590 476 765 536; x_wconf 86' lang='lat' dir='ltr'>simul</span> <span class='ocrx_word' id='word_1_32' title='bbox 799 477 1175 536; x_wconf 86' lang='lat' dir='ltr'>morabuntur</span> <span class='ocrx_word' id='word_1_33' title='bbox 1204 482 1333 545; x_wconf 87' lang='lat' dir='ltr'>(Isa.</span> <span class='ocrx_word' id='word_1_34' title='bbox 1367 484 1477 547; x_wconf 84' lang='lat' dir='ltr'><strong>X1).</strong></span> <span class='ocrx_word' id='word_1_35' title='bbox 1516 504 1535 528; x_wconf 82' lang='lat'><strong>-</strong></span> <span class='ocrx_word' id='word_1_36' title='bbox 1603 478 1744 539; x_wconf 86' lang='lat' dir='ltr'>Nam</span> <span class='ocrx_word' id='word_1_37' title='bbox 1790 495 1888 551; x_wconf 92' lang='lat' dir='ltr'>per</span> <span class='ocrx_word' id='word_1_38' title='bbox 1926 484 2139 537; x_wconf 86' lang='lat' dir='ltr'>sancta</span> 
     </span>
    </p>
   </div>
   <div class='ocr_carea' id='block_1_6' title="bbox 436 566 2139 642">
    <p class='ocr_par' dir='ltr' id='par_1_6' title="bbox 436 566 2139 642">
     <span class='ocr_line' id='line_1_6' title="bbox 436 566 2139 642; baseline 0.001 -15"><span class='ocrx_word' id='word_1_39' title='bbox 436 569 730 627; x_wconf 89' lang='lat' dir='ltr'>charitatis</span> <span class='ocrx_word' id='word_1_40' title='bbox 762 567 1002 635; x_wconf 83' lang='lat' dir='ltr'>viscera,</span> <span class='ocrx_word' id='word_1_41' title='bbox 1046 566 1220 642; x_wconf 92' lang='lat' dir='ltr'>lupus</span> <span class='ocrx_word' id='word_1_42' title='bbox 1248 583 1377 625; x_wconf 87' lang='lat' dir='ltr'>cum</span> <span class='ocrx_word' id='word_1_43' title='bbox 1434 582 1581 641; x_wconf 86' lang='lat' dir='ltr'>agno</span> <span class='ocrx_word' id='word_1_44' title='bbox 1614 568 1831 627; x_wconf 80' lang='lat' dir='ltr'>habitat</span> <span class='ocrx_word' id='word_1_45' title='bbox 1861 586 1876 640; x_wconf 87' lang='lat'><strong>;</strong></span> <span class='ocrx_word' id='word_1_46' title='bbox 1911 569 2045 642; x_wconf 90' lang='lat' dir='ltr'>quia</span> <span class='ocrx_word' id='word_1_47' title='bbox 2096 569 2139 629; x_wconf 88' lang='lat' dir='ltr'>ii</span> 
     </span>
    </p>
   </div>
   <div class='ocr_carea' id='block_1_7' title="bbox 438 655 2140 730">
    <p class='ocr_par' dir='ltr' id='par_1_7' title="bbox 438 655 2140 730">
     <span class='ocr_line' id='line_1_7' title="bbox 438 655 2140 730; baseline 0.001 -15"><span class='ocrx_word' id='word_1_48' title='bbox 438 657 539 730; x_wconf 90' lang='lat' dir='ltr'>qui</span> <span class='ocrx_word' id='word_1_49' title='bbox 570 657 628 713; x_wconf 89' lang='lat' dir='ltr'>in</span> <span class='ocrx_word' id='word_1_50' title='bbox 659 655 875 713; x_wconf 89' lang='lat' dir='ltr'>saculo</span> <span class='ocrx_word' id='word_1_51' title='bbox 927 661 1178 728; x_wconf 77' lang='lat' dir='ltr'>raptores</span> <span class='ocrx_word' id='word_1_52' title='bbox 1224 657 1477 717; x_wconf 89' lang='lat' dir='ltr'>fuerunt.</span> <span class='ocrx_word' id='word_1_53' title='bbox 1527 672 1661 714; x_wconf 92' lang='lat' dir='ltr'>cum</span> <span class='ocrx_word' id='word_1_54' title='bbox 1712 658 2027 716; x_wconf 86' lang='lat' dir='ltr'>mansuetis</span> <span class='ocrx_word' id='word_1_55' title='bbox 2073 674 2140 716; x_wconf 88' lang='lat' dir='ltr'>ac</span> 
     </span>
    </p>
   </div>
   <div class='ocr_carea' id='block_1_8' title="bbox 438 744 2139 820">
    <p class='ocr_par' dir='ltr' id='par_1_8' title="bbox 438 744 2139 820">
     <span class='ocr_line' id='line_1_8' title="bbox 438 744 2139 820; baseline 0.001 -16"><span class='ocrx_word' id='word_1_56' title='bbox 438 746 677 804; x_wconf 86' lang='lat' dir='ltr'>milibus</span> <span class='ocrx_word' id='word_1_57' title='bbox 705 744 766 803; x_wconf 92' lang='lat' dir='ltr'>in</span> <span class='ocrx_word' id='word_1_58' title='bbox 798 759 934 817; x_wconf 89' lang='lat' dir='ltr'>pace</span> <span class='ocrx_word' id='word_1_59' title='bbox 970 745 1406 820; x_wconf 89' lang='lat' dir='ltr'>conquiescunt.</span> <span class='ocrx_word' id='word_1_60' title='bbox 1450 746 1519 802; x_wconf 79' lang='lat' dir='ltr'>Et</span> <span class='ocrx_word' id='word_1_61' title='bbox 1565 747 1777 817; x_wconf 89' lang='lat' dir='ltr'>pardus</span> <span class='ocrx_word' id='word_1_62' title='bbox 1810 764 1942 806; x_wconf 91' lang='lat' dir='ltr'>cum</span> <span class='ocrx_word' id='word_1_63' title='bbox 1972 747 2139 806; x_wconf 86' lang='lat' dir='ltr'>bado</span> 
     </span>
    </p>
   </div>
   <div class='ocr_carea' id='block_1_9' title="bbox 433 832 2143 907">
    <p class='ocr_par' dir='ltr' id='par_1_9' title="bbox 433 832 2143 907">
     <span class='ocr_line' id='line_1_9' title="bbox 433 832 2143 907; baseline 0 -15"><span class='ocrx_word' id='word_1_64' title='bbox 433 834 693 903; x_wconf 87' lang='lat' dir='ltr'>accubat,</span> <span class='ocrx_word' id='word_1_65' title='bbox 746 832 883 907; x_wconf 87' lang='lat' dir='ltr'>quia</span> <span class='ocrx_word' id='word_1_66' title='bbox 940 833 989 890; x_wconf 91' lang='lat' dir='ltr'>is</span> <span class='ocrx_word' id='word_1_67' title='bbox 1032 832 1134 907; x_wconf 91' lang='lat' dir='ltr'>qui</span> <span class='ocrx_word' id='word_1_68' title='bbox 1191 840 1550 905; x_wconf 81' lang='lat' dir='ltr'>peccatorum</span> <span class='ocrx_word' id='word_1_69' title='bbox 1604 850 1841 894; x_wconf 88' lang='lat' dir='ltr'>suorum</span> <span class='ocrx_word' id='word_1_70' title='bbox 1900 834 2143 893; x_wconf 85' lang='lat' dir='ltr'>maculis</span> 
     </span>
    </p>
   </div>
   <div class='ocr_carea' id='block_1_10' title="bbox 437 920 2142 996">
    <p class='ocr_par' dir='ltr' id='par_1_10' title="bbox 437 920 2142 996">
     <span class='ocr_line' id='line_1_10' title="bbox 437 920 2142 996; baseline 0 -16"><span class='ocrx_word' id='word_1_71' title='bbox 437 922 636 980; x_wconf 88' lang='lat' dir='ltr'>varius</span> <span class='ocrx_word' id='word_1_72' title='bbox 666 922 793 989; x_wconf 81' lang='lat' dir='ltr'>fuit,</span> <span class='ocrx_word' id='word_1_73' title='bbox 834 936 967 979; x_wconf 90' lang='lat' dir='ltr'>cum</span> <span class='ocrx_word' id='word_1_74' title='bbox 999 935 1064 977; x_wconf 77' lang='lat' dir='ltr'>co</span> <span class='ocrx_word' id='word_1_75' title='bbox 1108 921 1209 992; x_wconf 92' lang='lat' dir='ltr'>qui</span> <span class='ocrx_word' id='word_1_76' title='bbox 1265 937 1324 977; x_wconf 90' lang='lat' dir='ltr'>se</span> <span class='ocrx_word' id='word_1_77' title='bbox 1377 920 1619 993; x_wconf 81' lang='lat' dir='ltr'>despicit</span> <span class='ocrx_word' id='word_1_78' title='bbox 1671 938 1738 980; x_wconf 91' lang='lat' dir='ltr'>ac</span> <span class='ocrx_word' id='word_1_79' title='bbox 1790 930 2142 996; x_wconf 88' lang='lat' dir='ltr'>peccatorem</span> 
     </span>
    </p>
   </div>
   <div class='ocr_carea' id='block_1_11' title="bbox 438 1008 2139 1083">
    <p class='ocr_par' dir='ltr' id='par_1_11' title="bbox 438 1008 2139 1083">
     <span class='ocr_line' id='line_1_11' title="bbox 438 1008 2139 1083; baseline 0.001 -16"><span class='ocrx_word' id='word_1_80' title='bbox 438 1010 648 1068; x_wconf 82' lang='lat' dir='ltr'>fatetur</span> <span class='ocrx_word' id='word_1_81' title='bbox 688 1008 988 1067; x_wconf 89' lang='lat' dir='ltr'>humiliari</span> <span class='ocrx_word' id='word_1_82' title='bbox 1042 1008 1368 1080; x_wconf 17' lang='lat' dir='ltr'>consentit“</span> <span class='ocrx_word' id='word_1_83' title='bbox 1405 1008 1635 1068; x_wconf 89' lang='lat' dir='ltr'>Vitulus</span> <span class='ocrx_word' id='word_1_84' title='bbox 1681 1018 1896 1080; x_wconf 89' lang='lat' dir='ltr'>autem,</span> <span class='ocrx_word' id='word_1_85' title='bbox 1948 1020 2004 1069; x_wconf 84' lang='lat' dir='ltr'>et</span> <span class='ocrx_word' id='word_1_86' title='bbox 2029 1012 2139 1083; x_wconf 93' lang='lat' dir='ltr'>leo,</span> 
     </span>
    </p>
   </div>
   <div class='ocr_carea' id='block_1_12' title="bbox 438 1098 2144 1173">
    <p class='ocr_par' dir='ltr' id='par_1_12' title="bbox 438 1098 2144 1173">
     <span class='ocr_line' id='line_1_12' title="bbox 438 1098 2144 1173; baseline 0.002 -17"><span class='ocrx_word' id='word_1_87' title='bbox 438 1105 495 1156; x_wconf 92' lang='lat' dir='ltr'>et</span> <span class='ocrx_word' id='word_1_88' title='bbox 556 1098 682 1156; x_wconf 89' lang='lat' dir='ltr'>ovis</span> <span class='ocrx_word' id='word_1_89' title='bbox 716 1098 927 1171; x_wconf 91' lang='lat' dir='ltr'>pariter</span> <span class='ocrx_word' id='word_1_90' title='bbox 991 1104 1464 1168; x_wconf 79' lang='lat' dir='ltr'>commorantur;</span> <span class='ocrx_word' id='word_1_91' title='bbox 1524 1099 1662 1171; x_wconf 90' lang='lat' dir='ltr'>quia</span> <span class='ocrx_word' id='word_1_92' title='bbox 1708 1106 1764 1156; x_wconf 93' lang='lat' dir='ltr'>et</span> <span class='ocrx_word' id='word_1_93' title='bbox 1808 1100 1858 1156; x_wconf 91' lang='lat' dir='ltr'>is</span> <span class='ocrx_word' id='word_1_94' title='bbox 1892 1100 1993 1173; x_wconf 90' lang='lat' dir='ltr'>qui</span> <span class='ocrx_word' id='word_1_95' title='bbox 2043 1116 2144 1173; x_wconf 91' lang='lat' dir='ltr'>per</span> 
     </span>
    </p>
   </div>
   <div class='ocr_carea' id='block_1_13' title="bbox 437 1185 2143 1257">
    <p class='ocr_par' dir='ltr' id='par_1_13' title="bbox 437 1185 2143 1257">
     <span class='ocr_line' id='line_1_13' title="bbox 437 1185 2143 1257; baseline 0.001 -12"><span class='ocrx_word' id='word_1_96' title='bbox 437 1190 754 1245; x_wconf 89' lang='lat' dir='ltr'>contritum</span> <span class='ocrx_word' id='word_1_97' title='bbox 784 1200 881 1243; x_wconf 93' lang='lat' dir='ltr'>cor</span> <span class='ocrx_word' id='word_1_98' title='bbox 931 1185 1001 1242; x_wconf 91' lang='lat' dir='ltr'>ad</span> <span class='ocrx_word' id='word_1_99' title='bbox 1053 1185 1457 1257; x_wconf 90' lang='lat' dir='ltr'>quotidianum</span> <span class='ocrx_word' id='word_1_100' title='bbox 1509 1202 1569 1244; x_wconf 91' lang='lat' dir='ltr'>se</span> <span class='ocrx_word' id='word_1_101' title='bbox 1628 1186 1744 1245; x_wconf 93' lang='lat' dir='ltr'>Deo</span> <span class='ocrx_word' id='word_1_102' title='bbox 1794 1187 2143 1246; x_wconf 72' lang='lat' dir='ltr'>sacrificium</span> 
     </span>
    </p>
   </div>
   <div class='ocr_carea' id='block_1_14' title="bbox 437 1274 2145 1351">
    <p class='ocr_par' dir='ltr' id='par_1_14' title="bbox 437 1274 2145 1351">
     <span class='ocr_line' id='line_1_14' title="bbox 437 1274 2145 1351; baseline 0 -16"><span class='ocrx_word' id='word_1_103' title='bbox 437 1282 761 1351; x_wconf 62' lang='lat' dir='ltr'>praeparat;</span> <span class='ocrx_word' id='word_1_104' title='bbox 793 1281 848 1333; x_wconf 93' lang='lat' dir='ltr'>et</span> <span class='ocrx_word' id='word_1_105' title='bbox 897 1274 1048 1333; x_wconf 89' lang='lat' dir='ltr'>alius</span> <span class='ocrx_word' id='word_1_106' title='bbox 1100 1275 1201 1347; x_wconf 91' lang='lat' dir='ltr'>qui</span> <span class='ocrx_word' id='word_1_107' title='bbox 1231 1281 1508 1349; x_wconf 90' lang='lat' dir='ltr'>tanquam</span> <span class='ocrx_word' id='word_1_108' title='bbox 1559 1276 1648 1334; x_wconf 90' lang='lat' dir='ltr'>leo</span> <span class='ocrx_word' id='word_1_109' title='bbox 1701 1291 1774 1333; x_wconf 87' lang='lat' dir='ltr'>ex</span> <span class='ocrx_word' id='word_1_110' title='bbox 1806 1277 2145 1335; x_wconf 88' lang='lat' dir='ltr'>crudelitate</span> 
     </span>
    </p>
   </div>
   <div class='ocr_carea' id='block_1_15' title="bbox 440 1363 2144 1437">
    <p class='ocr_par' dir='ltr' id='par_1_15' title="bbox 440 1363 2144 1437">
     <span class='ocr_line' id='line_1_15' title="bbox 440 1363 2144 1437; baseline 0.001 -14"><span class='ocrx_word' id='word_1_111' title='bbox 440 1365 763 1437; x_wconf 85' lang='lat' dir='ltr'>s&#39;aviebat;</span> <span class='ocrx_word' id='word_1_112' title='bbox 805 1370 860 1422; x_wconf 95' lang='lat' dir='ltr'>et</span> <span class='ocrx_word' id='word_1_113' title='bbox 887 1364 1054 1434; x_wconf 87' lang='lat' dir='ltr'>alter,</span> <span class='ocrx_word' id='word_1_114' title='bbox 1087 1363 1187 1437; x_wconf 88' lang='lat' dir='ltr'>qui</span> <span class='ocrx_word' id='word_1_115' title='bbox 1238 1364 1396 1422; x_wconf 86' lang='lat' dir='ltr'>velut</span> <span class='ocrx_word' id='word_1_116' title='bbox 1447 1364 1573 1422; x_wconf 89' lang='lat' dir='ltr'>ovis</span> <span class='ocrx_word' id='word_1_117' title='bbox 1620 1363 1969 1424; x_wconf 88' lang='lat' dir='ltr'>innocentia</span> <span class='ocrx_word' id='word_1_118' title='bbox 2021 1381 2144 1424; x_wconf 87' lang='lat' dir='ltr'>sua</span> 
     </span>
    </p>
   </div>
   <div class='ocr_carea' id='block_1_16' title="bbox 438 1452 2148 1542">
    <p class='ocr_par' dir='ltr' id='par_1_16' title="bbox 438 1452 2148 1542">
     <span class='ocr_line' id='line_1_16' title="bbox 438 1452 2148 1542; baseline -0.001 -28"><span class='ocrx_word' id='word_1_119' title='bbox 438 1454 807 1542; x_wconf 74' lang='lat' dir='ltr'>simplicitate</span> <span class='ocrx_word' id='word_1_120' title='bbox 837 1454 1130 1527; x_wconf 84' lang='lat' dir='ltr'>perdurat,</span> <span class='ocrx_word' id='word_1_121' title='bbox 1161 1453 1223 1510; x_wconf 92' lang='lat' dir='ltr'>in</span> <span class='ocrx_word' id='word_1_122' title='bbox 1255 1452 1438 1511; x_wconf 87' lang='lat' dir='ltr'>caulis</span> <span class='ocrx_word' id='word_1_123' title='bbox 1467 1453 1961 1513; x_wconf 86' lang='lat' dir='ltr'>sanctaEcclesia</span> <span class='ocrx_word' id='word_1_124' title='bbox 2016 1470 2148 1513; x_wconf 91' lang='lat' dir='ltr'>con-</span> 
     </span>
    </p>
   </div>
   <div class='ocr_carea' id='block_1_17' title="bbox 438 1543 2146 1632">
    <p class='ocr_par' dir='ltr' id='par_1_17' title="bbox 438 1543 2146 1632">
     <span class='ocr_line' id='line_1_17' title="bbox 438 1543 2146 1632; baseline -0.006 -21"><span class='ocrx_word' id='word_1_125' title='bbox 438 1557 744 1632; x_wconf 75' lang='lat' dir='ltr'>venerunt.</span> <span class='ocrx_word' id='word_1_126' title='bbox 782 1549 871 1607; x_wconf 93' lang='lat' dir='ltr'>Ibi</span> <span class='ocrx_word' id='word_1_127' title='bbox 901 1564 1133 1622; x_wconf 93' lang='lat' dir='ltr'>quoque</span> <span class='ocrx_word' id='word_1_128' title='bbox 1188 1547 1319 1605; x_wconf 78' lang='lat' dir='ltr'>cali</span> <span class='ocrx_word' id='word_1_129' title='bbox 1355 1553 1495 1605; x_wconf 89' lang='lat' dir='ltr'>sunt</span> <span class='ocrx_word' id='word_1_130' title='bbox 1525 1545 1790 1604; x_wconf 90' lang='lat' dir='ltr'>volucres</span> <span class='ocrx_word' id='word_1_131' title='bbox 1820 1566 1834 1615; x_wconf 89' lang='lat'><strong>;</strong></span> <span class='ocrx_word' id='word_1_132' title='bbox 1869 1544 1913 1603; x_wconf 94' lang='lat' dir='ltr'>ii</span> <span class='ocrx_word' id='word_1_133' title='bbox 1971 1543 2146 1603; x_wconf 90' lang='lat' dir='ltr'>nimi-</span> 
     </span>
    </p>
   </div>
   <div class='ocr_carea' id='block_1_18' title="bbox 440 1631 2146 1710">
    <p class='ocr_par' dir='ltr' id='par_1_18' title="bbox 440 1631 2146 1710">
     <span class='ocr_line' id='line_1_18' title="bbox 440 1631 2146 1710; baseline -0.005 -14"><span class='ocrx_word' id='word_1_134' title='bbox 440 1654 573 1698; x_wconf 90' lang='lat' dir='ltr'>rum</span> <span class='ocrx_word' id='word_1_135' title='bbox 607 1637 711 1710; x_wconf 89' lang='lat' dir='ltr'>qui</span> <span class='ocrx_word' id='word_1_136' title='bbox 750 1637 1035 1695; x_wconf 88' lang='lat' dir='ltr'>virtutum</span> <span class='ocrx_word' id='word_1_137' title='bbox 1067 1635 1283 1709; x_wconf 90' lang='lat' dir='ltr'>plumis</span> <span class='ocrx_word' id='word_1_138' title='bbox 1323 1634 1538 1691; x_wconf 89' lang='lat' dir='ltr'>sesein</span> <span class='ocrx_word' id='word_1_139' title='bbox 1588 1633 1769 1691; x_wconf 91' lang='lat' dir='ltr'>ardua</span> <span class='ocrx_word' id='word_1_140' title='bbox 1819 1631 2146 1700; x_wconf 89' lang='lat' dir='ltr'>sublevant,</span> 
     </span>
    </p>
   </div>
   <div class='ocr_carea' id='block_1_19' title="bbox 2224 477 3939 550">
    <p class='ocr_par' dir='ltr' id='par_1_19' title="bbox 2224 477 3939 550">
     <span class='ocr_line' id='line_1_19' title="bbox 2224 477 3939 550; baseline -0.002 -11"><span class='ocrx_word' id='word_1_141' title='bbox 2224 481 2368 539; x_wconf 90' lang='lat' dir='ltr'>tium</span> <span class='ocrx_word' id='word_1_142' title='bbox 2401 497 2461 539; x_wconf 86' lang='lat' dir='ltr'>se</span> <span class='ocrx_word' id='word_1_143' title='bbox 2506 481 2741 540; x_wconf 88' lang='lat' dir='ltr'>deludat</span> <span class='ocrx_word' id='word_1_144' title='bbox 2789 478 3146 550; x_wconf 73' lang='lat' dir='ltr'>indaginem,</span> <span class='ocrx_word' id='word_1_145' title='bbox 3196 484 3442 535; x_wconf 89' lang='lat' dir='ltr'>versuta</span> <span class='ocrx_word' id='word_1_146' title='bbox 3480 477 3653 535; x_wconf 89' lang='lat' dir='ltr'>struit</span> <span class='ocrx_word' id='word_1_147' title='bbox 3691 478 3939 535; x_wconf 83' lang='lat' dir='ltr'>fraudu-</span> 
     </span>
    </p>
   </div>
   <div class='ocr_carea' id='block_1_20' title="bbox 2222 565 3937 639">
    <p class='ocr_par' dir='ltr' id='par_1_20' title="bbox 2222 565 3937 639">
     <span class='ocr_line' id='line_1_20' title="bbox 2222 565 3937 639; baseline -0.003 -11"><span class='ocrx_word' id='word_1_148' title='bbox 2222 571 2415 628; x_wconf 89' lang='lat' dir='ltr'>lentia</span> <span class='ocrx_word' id='word_1_149' title='bbox 2446 570 2777 628; x_wconf 88' lang='lat' dir='ltr'>novitatem.</span> <span class='ocrx_word' id='word_1_150' title='bbox 2801 568 3057 626; x_wconf 90' lang='lat' dir='ltr'>Caudam</span> <span class='ocrx_word' id='word_1_151' title='bbox 3078 565 3293 639; x_wconf 91' lang='lat' dir='ltr'>quippe</span> <span class='ocrx_word' id='word_1_152' title='bbox 3314 580 3418 638; x_wconf 89' lang='lat' dir='ltr'>per</span> <span class='ocrx_word' id='word_1_153' title='bbox 3438 572 3644 623; x_wconf 90' lang='lat' dir='ltr'>terram</span> <span class='ocrx_word' id='word_1_154' title='bbox 3674 565 3937 633; x_wconf 88' lang='lat' dir='ltr'>trahens,</span> 
     </span>
    </p>
   </div>
   <div class='ocr_carea' id='block_1_21' title="bbox 2222 655 3935 735">
    <p class='ocr_par' dir='ltr' id='par_1_21' title="bbox 2222 655 3935 735">
     <span class='ocr_line' id='line_1_21' title="bbox 2222 655 3935 735; baseline -0.005 -14"><span class='ocrx_word' id='word_1_155' title='bbox 2222 662 2462 735; x_wconf 89' lang='lat' dir='ltr'>vestigia</span> <span class='ocrx_word' id='word_1_156' title='bbox 2514 677 2639 733; x_wconf 90' lang='lat' dir='ltr'>sua,</span> <span class='ocrx_word' id='word_1_157' title='bbox 2690 660 2833 718; x_wconf 90' lang='lat' dir='ltr'>dum</span> <span class='ocrx_word' id='word_1_158' title='bbox 2865 658 3146 731; x_wconf 85' lang='lat' dir='ltr'>graditur,</span> <span class='ocrx_word' id='word_1_159' title='bbox 3177 655 3406 728; x_wconf 79' lang='lat' dir='ltr'>aperit;</span> <span class='ocrx_word' id='word_1_160' title='bbox 3461 656 3656 730; x_wconf 85' lang='lat' dir='ltr'>sicque</span> <span class='ocrx_word' id='word_1_161' title='bbox 3709 672 3935 714; x_wconf 86' lang='lat' dir='ltr'>venan-</span> 
     </span>
    </p>
   </div>
   <div class='ocr_carea' id='block_1_22' title="bbox 2224 743 3937 827">
    <p class='ocr_par' dir='ltr' id='par_1_22' title="bbox 2224 743 3937 827">
     <span class='ocr_line' id='line_1_22' title="bbox 2224 743 3937 827; baseline -0.006 -14"><span class='ocrx_word' id='word_1_162' title='bbox 2224 755 2372 813; x_wconf 89' lang='lat' dir='ltr'>tium</span> <span class='ocrx_word' id='word_1_163' title='bbox 2429 753 2683 827; x_wconf 89' lang='lat' dir='ltr'>laqueos,</span> <span class='ocrx_word' id='word_1_164' title='bbox 2722 767 2797 809; x_wconf 90' lang='lat' dir='ltr'>ne</span> <span class='ocrx_word' id='word_1_165' title='bbox 2844 749 3122 822; x_wconf 84' lang='lat' dir='ltr'>capiatur,</span> <span class='ocrx_word' id='word_1_166' title='bbox 3168 746 3379 804; x_wconf 87' lang='lat' dir='ltr'>evadit.</span> <span class='ocrx_word' id='word_1_167' title='bbox 3415 743 3728 804; x_wconf 89' lang='lat' dir='ltr'>Venatores</span> <span class='ocrx_word' id='word_1_168' title='bbox 3764 745 3937 819; x_wconf 88' lang='lat' dir='ltr'>plane</span> 
     </span>
    </p>
   </div>
   <div class='ocr_carea' id='block_1_23' title="bbox 2222 832 3935 913">
    <p class='ocr_par' dir='ltr' id='par_1_23' title="bbox 2222 832 3935 913">
     <span class='ocr_line' id='line_1_23' title="bbox 2222 832 3935 913; baseline -0.008 -11"><span class='ocrx_word' id='word_1_169' title='bbox 2222 844 2528 902; x_wconf 88' lang='lat' dir='ltr'>hominum</span> <span class='ocrx_word' id='word_1_170' title='bbox 2559 839 2748 913; x_wconf 88' lang='lat' dir='ltr'>iniqui</span> <span class='ocrx_word' id='word_1_171' title='bbox 2776 845 2912 897; x_wconf 91' lang='lat' dir='ltr'>sunt</span> <span class='ocrx_word' id='word_1_172' title='bbox 2940 836 3198 909; x_wconf 84' lang='lat' dir='ltr'>spiritus,</span> <span class='ocrx_word' id='word_1_173' title='bbox 3233 833 3333 909; x_wconf 92' lang='lat' dir='ltr'>qui</span> <span class='ocrx_word' id='word_1_174' title='bbox 3364 832 3645 895; x_wconf 90' lang='lat' dir='ltr'>nimirum</span> <span class='ocrx_word' id='word_1_175' title='bbox 3692 840 3935 890; x_wconf 89' lang='lat' dir='ltr'>venato-</span> 
     </span>
    </p>
   </div>
   <div class='ocr_carea' id='block_1_24' title="bbox 2225 921 3936 1003">
    <p class='ocr_par' dir='ltr' id='par_1_24' title="bbox 2225 921 3936 1003">
     <span class='ocr_line' id='line_1_24' title="bbox 2225 921 3936 1003; baseline -0.009 -11"><span class='ocrx_word' id='word_1_176' title='bbox 2225 949 2357 992; x_wconf 91' lang='lat' dir='ltr'>rum</span> <span class='ocrx_word' id='word_1_177' title='bbox 2387 949 2546 992; x_wconf 90' lang='lat' dir='ltr'>more</span> <span class='ocrx_word' id='word_1_178' title='bbox 2582 946 2784 990; x_wconf 88' lang='lat' dir='ltr'>carnes</span> <span class='ocrx_word' id='word_1_179' title='bbox 2812 932 3107 1003; x_wconf 90' lang='lat' dir='ltr'>quarunt,</span> <span class='ocrx_word' id='word_1_180' title='bbox 3140 923 3283 982; x_wconf 86' lang='lat' dir='ltr'>dum</span> <span class='ocrx_word' id='word_1_181' title='bbox 3314 922 3605 996; x_wconf 87' lang='lat' dir='ltr'>quoslibet</span> <span class='ocrx_word' id='word_1_182' title='bbox 3643 921 3936 990; x_wconf 86' lang='lat' dir='ltr'>homines,</span> 
     </span>
    </p>
   </div>
   <div class='ocr_carea' id='block_1_25' title="bbox 2223 1010 3937 1090">
    <p class='ocr_par' dir='ltr' id='par_1_25' title="bbox 2223 1010 3937 1090">
     <span class='ocr_line' id='line_1_25' title="bbox 2223 1010 3937 1090; baseline -0.009 -6"><span class='ocrx_word' id='word_1_183' title='bbox 2223 1033 2288 1084; x_wconf 94' lang='lat' dir='ltr'>ut</span> <span class='ocrx_word' id='word_1_184' title='bbox 2318 1024 2625 1083; x_wconf 88' lang='lat' dir='ltr'>carnaliter</span> <span class='ocrx_word' id='word_1_185' title='bbox 2653 1022 2875 1090; x_wconf 89' lang='lat' dir='ltr'>vivant,</span> <span class='ocrx_word' id='word_1_186' title='bbox 2921 1015 3253 1076; x_wconf 88' lang='lat' dir='ltr'>immaniter</span> <span class='ocrx_word' id='word_1_187' title='bbox 3307 1020 3754 1087; x_wconf 89' lang='lat' dir='ltr'>persequuntur.</span> <span class='ocrx_word' id='word_1_188' title='bbox 3823 1010 3937 1070; x_wconf 83' lang='lat' dir='ltr'>Sed</span> 
     </span>
    </p>
   </div>
   <div class='ocr_carea' id='block_1_26' title="bbox 2224 1098 3939 1192">
    <p class='ocr_par' dir='ltr' id='par_1_26' title="bbox 2224 1098 3939 1192">
     <span class='ocr_line' id='line_1_26' title="bbox 2224 1098 3939 1192; baseline -0.011 -17"><span class='ocrx_word' id='word_1_189' title='bbox 2224 1115 2490 1192; x_wconf 86' lang='lat' dir='ltr'>quisquis</span> <span class='ocrx_word' id='word_1_190' title='bbox 2518 1114 2590 1171; x_wconf 91' lang='lat' dir='ltr'>ad</span> <span class='ocrx_word' id='word_1_191' title='bbox 2620 1111 2790 1170; x_wconf 91' lang='lat' dir='ltr'>illum</span> <span class='ocrx_word' id='word_1_192' title='bbox 2819 1110 3044 1167; x_wconf 89' lang='lat' dir='ltr'>leonem</span> <span class='ocrx_word' id='word_1_193' title='bbox 3070 1104 3335 1180; x_wconf 88' lang='lat' dir='ltr'>pertinet,</span> <span class='ocrx_word' id='word_1_194' title='bbox 3381 1104 3451 1161; x_wconf 93' lang='lat' dir='ltr'>de</span> <span class='ocrx_word' id='word_1_195' title='bbox 3479 1117 3595 1175; x_wconf 94' lang='lat' dir='ltr'>quo</span> <span class='ocrx_word' id='word_1_196' title='bbox 3633 1116 3735 1175; x_wconf 93' lang='lat' dir='ltr'>per</span> <span class='ocrx_word' id='word_1_197' title='bbox 3755 1098 3939 1158; x_wconf 76' lang='lat' dir='ltr'>Iacob</span> 
     </span>
    </p>
   </div>
   <div class='ocr_carea' id='block_1_27' title="bbox 2224 1192 3935 1267">
    <p class='ocr_par' dir='ltr' id='par_1_27' title="bbox 2224 1192 3935 1267">
     <span class='ocr_line' id='line_1_27' title="bbox 2224 1192 3935 1267; baseline -0.012 0"><span class='ocrx_word' id='word_1_198' title='bbox 2224 1209 2437 1267; x_wconf 89' lang='lat' dir='ltr'>dicitur</span> <span class='ocrx_word' id='word_1_199' title='bbox 2485 1226 2496 1264; x_wconf 93' lang='lat'><strong>:</strong></span> <span class='ocrx_word' id='word_1_200' title='bbox 2557 1228 2576 1253; x_wconf 81' lang='grc' dir='ltr'>ι</span> <span class='ocrx_word' id='word_1_201' title='bbox 2611 1201 2849 1260; x_wconf 87' lang='lat' dir='ltr'>Catulus</span> <span class='ocrx_word' id='word_1_202' title='bbox 2903 1196 3088 1257; x_wconf 87' lang='lat' dir='ltr'>leonis</span> <span class='ocrx_word' id='word_1_203' title='bbox 3141 1195 3310 1265; x_wconf 91' lang='lat' dir='ltr'>Juda,</span> <span class='ocrx_word' id='word_1_204' title='bbox 3362 1192 3651 1251; x_wconf 85' lang='lat' dir='ltr'>venatoris</span> <span class='ocrx_word' id='word_1_205' title='bbox 3696 1192 3935 1250; x_wconf 89' lang='lat' dir='ltr'>odorem</span> 
     </span>
    </p>
   </div>
   <div class='ocr_carea' id='block_1_28' title="bbox 2225 1277 3937 1371">
    <p class='ocr_par' dir='ltr' id='par_1_28' title="bbox 2225 1277 3937 1371">
     <span class='ocr_line' id='line_1_28' title="bbox 2225 1277 3937 1371; baseline -0.013 -14"><span class='ocrx_word' id='word_1_206' title='bbox 2225 1297 2492 1371; x_wconf 88' lang='lat' dir='ltr'>concipit,</span> <span class='ocrx_word' id='word_1_207' title='bbox 2548 1292 2685 1367; x_wconf 90' lang='lat' dir='ltr'>quia</span> <span class='ocrx_word' id='word_1_208' title='bbox 2737 1288 2955 1347; x_wconf 90' lang='lat' dir='ltr'>versuti</span> <span class='ocrx_word' id='word_1_209' title='bbox 3009 1285 3189 1344; x_wconf 90' lang='lat' dir='ltr'>hostis</span> <span class='ocrx_word' id='word_1_210' title='bbox 3264 1281 3505 1341; x_wconf 87' lang='lat' dir='ltr'>insidias</span> <span class='ocrx_word' id='word_1_211' title='bbox 3551 1277 3937 1355; x_wconf 84' lang='lat' dir='ltr'>deprehendit</span> 
     </span>
    </p>
   </div>
   <div class='ocr_carea' id='block_1_29' title="bbox 2228 1372 3942 1456">
    <p class='ocr_par' dir='ltr' id='par_1_29' title="bbox 2228 1372 3942 1456">
     <span class='ocr_line' id='line_1_29' title="bbox 2228 1372 3942 1456; baseline -0.012 -10"><span class='ocrx_word' id='word_1_212' title='bbox 2228 1389 2382 1456; x_wconf 85' lang='lat' dir='ltr'>(Gen.</span> <span class='ocrx_word' id='word_1_213' title='bbox 2412 1386 2601 1450; x_wconf 88' lang='lat' dir='ltr'><strong>XLIX).</strong></span> <span class='ocrx_word' id='word_1_214' title='bbox 2637 1405 2658 1430; x_wconf 83' lang='lat'><strong>-</strong></span> <span class='ocrx_word' id='word_1_215' title='bbox 2692 1378 2875 1452; x_wconf 89' lang='lat' dir='ltr'>Cujus</span> <span class='ocrx_word' id='word_1_216' title='bbox 2903 1375 3172 1433; x_wconf 89' lang='lat' dir='ltr'>videlicet</span> <span class='ocrx_word' id='word_1_217' title='bbox 3218 1372 3452 1431; x_wconf 91' lang='lat' dir='ltr'>odorem</span> <span class='ocrx_word' id='word_1_218' title='bbox 3481 1377 3682 1443; x_wconf 79' lang='lat' dir='ltr'>argute</span> <span class='ocrx_word' id='word_1_219' title='bbox 3739 1382 3942 1427; x_wconf 82' lang='lat' dir='ltr'>conoe-</span> 
     </span>
    </p>
   </div>
   <div class='ocr_carea' id='block_1_30' title="bbox 2226 1458 3943 1552">
    <p class='ocr_par' dir='ltr' id='par_1_30' title="bbox 2226 1458 3943 1552">
     <span class='ocr_line' id='line_1_30' title="bbox 2226 1458 3943 1552; baseline -0.01 -18"><span class='ocrx_word' id='word_1_220' title='bbox 2226 1484 2404 1552; x_wconf 90' lang='lat' dir='ltr'>perat,</span> <span class='ocrx_word' id='word_1_221' title='bbox 2437 1474 2539 1549; x_wconf 90' lang='lat' dir='ltr'>qui</span> <span class='ocrx_word' id='word_1_222' title='bbox 2589 1469 2854 1529; x_wconf 86' lang='lat' dir='ltr'>dicebat:</span> <span class='ocrx_word' id='word_1_223' title='bbox 2889 1492 2910 1517; x_wconf 76' lang='grc' dir='ltr'>«ι</span> <span class='ocrx_word' id='word_1_224' title='bbox 2945 1467 3075 1525; x_wconf 92' lang='lat' dir='ltr'>Non</span> <span class='ocrx_word' id='word_1_225' title='bbox 3129 1464 3467 1535; x_wconf 89' lang='lat' dir='ltr'>ignoramus</span> <span class='ocrx_word' id='word_1_226' title='bbox 3519 1460 3758 1519; x_wconf 87' lang='lat' dir='ltr'>astutias</span> <span class='ocrx_word' id='word_1_227' title='bbox 3808 1458 3943 1530; x_wconf 88' lang='lat' dir='ltr'>ejus</span> 
     </span>
    </p>
   </div>
   <div class='ocr_carea' id='block_1_31' title="bbox 2230 1547 3940 1634">
    <p class='ocr_par' dir='ltr' id='par_1_31' title="bbox 2230 1547 3940 1634">
     <span class='ocr_line' id='line_1_31' title="bbox 2230 1547 3940 1634; baseline -0.011 -10"><span class='ocrx_word' id='word_1_228' title='bbox 2230 1547 2303 1634; x_wconf 64' lang='grc' dir='ltr'>ῙΠ</span> <span class='ocrx_word' id='word_1_229' title='bbox 2337 1547 2467 1624; x_wconf 62' lang='lat' dir='ltr'>Cor.</span> <span class='ocrx_word' id='word_1_230' title='bbox 2500 1564 2585 1631; x_wconf 80' lang='lat' dir='ltr'><strong>II).</strong></span> <span class='ocrx_word' id='word_1_231' title='bbox 2624 1584 2647 1609; x_wconf 68' lang='grc' dir='ltr'><strong>ι</strong></span> <span class='ocrx_word' id='word_1_232' title='bbox 2694 1558 2817 1617; x_wconf 91' lang='lat' dir='ltr'>Illis</span> <span class='ocrx_word' id='word_1_233' title='bbox 2864 1553 3182 1615; x_wconf 91' lang='lat' dir='ltr'>econtrario</span> <span class='ocrx_word' id='word_1_234' title='bbox 3226 1551 3645 1625; x_wconf 84' lang='lat' dir='ltr'>ignorantibus,</span> <span class='ocrx_word' id='word_1_235' title='bbox 3684 1550 3757 1607; x_wconf 91' lang='lat' dir='ltr'>de</span> <span class='ocrx_word' id='word_1_236' title='bbox 3796 1547 3940 1620; x_wconf 90' lang='lat' dir='ltr'>qui-</span> 
     </span>
    </p>
   </div>
   <div class='ocr_carea' id='block_1_32' title="bbox 2230 1638 3940 1714">
    <p class='ocr_par' dir='ltr' id='par_1_32' title="bbox 2230 1638 3940 1714">
     <span class='ocr_line' id='line_1_32' title="bbox 2230 1638 3940 1714; baseline -0.009 -2"><span class='ocrx_word' id='word_1_237' title='bbox 2230 1654 2343 1711; x_wconf 90' lang='lat' dir='ltr'>bus</span> <span class='ocrx_word' id='word_1_238' title='bbox 2364 1652 2618 1711; x_wconf 76' lang='lat' dir='ltr'>Joannes</span> <span class='ocrx_word' id='word_1_239' title='bbox 2646 1648 2786 1705; x_wconf 88' lang='lat' dir='ltr'>dicit</span> <span class='ocrx_word' id='word_1_240' title='bbox 2818 1665 2829 1704; x_wconf 93' lang='lat'><strong>:</strong></span> <span class='ocrx_word' id='word_1_241' title='bbox 2866 1669 2892 1696; x_wconf 77' lang='grc' dir='ltr'>ιι</span> <span class='ocrx_word' id='word_1_242' title='bbox 2923 1644 3035 1714; x_wconf 86' lang='lat' dir='ltr'>Qui</span> <span class='ocrx_word' id='word_1_243' title='bbox 3064 1659 3180 1703; x_wconf 92' lang='lat' dir='ltr'>non</span> <span class='ocrx_word' id='word_1_244' title='bbox 3235 1645 3629 1713; x_wconf 87' lang='lat' dir='ltr'>cognoverunt</span> <span class='ocrx_word' id='word_1_245' title='bbox 3674 1638 3940 1697; x_wconf 86' lang='lat' dir='ltr'>altitudi-</span> 
     </span>
    </p>
   </div>
   <div class='ocr_carea' id='block_1_33' title="bbox 437 1722 3940 1809">
    <p class='ocr_par' dir='ltr' id='par_1_33' title="bbox 437 1722 3940 1809">
     <span class='ocr_line' id='line_1_33' title="bbox 437 1722 3940 1809; baseline -0.005 -24"><span class='ocrx_word' id='word_1_246' title='bbox 437 1741 504 1785; x_wconf 90' lang='lat' dir='ltr'>ac</span> <span class='ocrx_word' id='word_1_247' title='bbox 532 1732 759 1784; x_wconf 88' lang='lat' dir='ltr'>terrena</span> <span class='ocrx_word' id='word_1_248' title='bbox 785 1723 1081 1799; x_wconf 88' lang='lat' dir='ltr'>qualibet,</span> <span class='ocrx_word' id='word_1_249' title='bbox 1113 1732 1168 1780; x_wconf 89' lang='lat' dir='ltr'>et</span> <span class='ocrx_word' id='word_1_250' title='bbox 1196 1723 1305 1782; x_wconf 90' lang='lat' dir='ltr'>sub</span> <span class='ocrx_word' id='word_1_251' title='bbox 1334 1738 1394 1781; x_wconf 85' lang='lat' dir='ltr'>se</span> <span class='ocrx_word' id='word_1_252' title='bbox 1424 1722 1668 1780; x_wconf 90' lang='lat' dir='ltr'>transire</span> <span class='ocrx_word' id='word_1_253' title='bbox 1717 1723 1788 1780; x_wconf 92' lang='lat' dir='ltr'>de</span> <span class='ocrx_word' id='word_1_254' title='bbox 1817 1736 1939 1779; x_wconf 86' lang='lat' dir='ltr'>sua</span> <span class='ocrx_word' id='word_1_255' title='bbox 1984 1735 2370 1805; x_wconf 74' lang='lat' dir='ltr'>men-Bnem</span> <span class='ocrx_word' id='word_1_256' title='bbox 2417 1740 2647 1800; x_wconf 61' lang='lat' dir='ltr'>satana,</span> <span class='ocrx_word' id='word_1_257' title='bbox 2703 1739 2893 1809; x_wconf 47' lang='lat' dir='ltr'>(Apoc.</span> <span class='ocrx_word' id='word_1_258' title='bbox 2947 1735 3026 1807; x_wconf 51' lang='grc' dir='ltr'>ιι),</span> <span class='ocrx_word' id='word_1_259' title='bbox 3064 1758 3086 1785; x_wconf 83' lang='grc'><em>,</em></span> <span class='ocrx_word' id='word_1_260' title='bbox 3144 1732 3255 1790; x_wconf 73' lang='lat' dir='ltr'>Hic</span> <span class='ocrx_word' id='word_1_261' title='bbox 3310 1730 3483 1789; x_wconf 62' lang='lat' dir='ltr'>etiam</span> <span class='ocrx_word' id='word_1_262' title='bbox 3536 1729 3781 1799; x_wconf 59' lang='lat' dir='ltr'>vestigia</span> <span class='ocrx_word' id='word_1_263' title='bbox 3837 1744 3940 1786; x_wconf 66' lang='lat' dir='ltr'>sua</span> 
     </span>
    </p>
   </div>
   <div class='ocr_carea' id='block_1_34' title="bbox 442 1810 2149 1886">
    <p class='ocr_par' dir='ltr' id='par_1_34' title="bbox 442 1810 2149 1886">
     <span class='ocr_line' id='line_1_34' title="bbox 442 1810 2149 1886; baseline -0.004 -15"><span class='ocrx_word' id='word_1_264' title='bbox 442 1813 517 1872; x_wconf 88' lang='lat' dir='ltr'>tis</span> <span class='ocrx_word' id='word_1_265' title='bbox 568 1828 698 1870; x_wconf 83' lang='lat' dir='ltr'>arce</span> <span class='ocrx_word' id='word_1_266' title='bbox 761 1816 1139 1886; x_wconf 88' lang='lat' dir='ltr'>prospectant.</span> <span class='ocrx_word' id='word_1_267' title='bbox 1200 1810 1470 1884; x_wconf 90' lang='lat' dir='ltr'>Dumque</span> <span class='ocrx_word' id='word_1_268' title='bbox 1518 1825 1621 1882; x_wconf 87' lang='lat' dir='ltr'>per</span> <span class='ocrx_word' id='word_1_269' title='bbox 1675 1816 1898 1867; x_wconf 91' lang='lat' dir='ltr'>terrena</span> <span class='ocrx_word' id='word_1_270' title='bbox 1952 1823 2149 1881; x_wconf 90' lang='lat' dir='ltr'>repere</span> 
     </span>
    </p>
   </div>
   <div class='ocr_carea' id='block_1_35' title="bbox 439 1899 2148 1976">
    <p class='ocr_par' dir='ltr' id='par_1_35' title="bbox 439 1899 2148 1976">
     <span class='ocr_line' id='line_1_35' title="bbox 439 1899 2148 1976; baseline -0.006 -11"><span class='ocrx_word' id='word_1_271' title='bbox 439 1905 551 1965; x_wconf 92' lang='lat' dir='ltr'>sub</span> <span class='ocrx_word' id='word_1_272' title='bbox 579 1904 795 1964; x_wconf 90' lang='lat' dir='ltr'>carnali</span> <span class='ocrx_word' id='word_1_273' title='bbox 823 1902 1311 1976; x_wconf 89' lang='lat' dir='ltr'>concupiscentia</span> <span class='ocrx_word' id='word_1_274' title='bbox 1344 1902 1485 1975; x_wconf 85' lang='lat' dir='ltr'>jugo</span> <span class='ocrx_word' id='word_1_275' title='bbox 1519 1900 1861 1973; x_wconf 91' lang='lat' dir='ltr'>despiciunt,</span> <span class='ocrx_word' id='word_1_276' title='bbox 1917 1899 2148 1957; x_wconf 90' lang='lat' dir='ltr'>liberta-</span> 
     </span>
    </p>
   </div>
   <div class='ocr_carea' id='block_1_36' title="bbox 440 1989 2149 2066">
    <p class='ocr_par' dir='ltr' id='par_1_36' title="bbox 440 1989 2149 2066">
     <span class='ocr_line' id='line_1_36' title="bbox 440 1989 2149 2066; baseline -0.004 -13"><span class='ocrx_word' id='word_1_277' title='bbox 440 2002 557 2053; x_wconf 91' lang='lat' dir='ltr'>tem</span> <span class='ocrx_word' id='word_1_278' title='bbox 585 1994 735 2051; x_wconf 87' lang='lat' dir='ltr'>aeris</span> <span class='ocrx_word' id='word_1_279' title='bbox 762 1998 982 2066; x_wconf 89' lang='lat' dir='ltr'>petunt,</span> <span class='ocrx_word' id='word_1_280' title='bbox 1026 2007 1267 2066; x_wconf 90' lang='lat' dir='ltr'>seseque</span> <span class='ocrx_word' id='word_1_281' title='bbox 1295 1992 1365 2048; x_wconf 93' lang='lat' dir='ltr'>ad</span> <span class='ocrx_word' id='word_1_282' title='bbox 1404 1991 1677 2059; x_wconf 82' lang='lat' dir='ltr'>calestia,</span> <span class='ocrx_word' id='word_1_283' title='bbox 1728 1989 1932 2048; x_wconf 89' lang='lat' dir='ltr'>librata</span> <span class='ocrx_word' id='word_1_284' title='bbox 1984 2005 2149 2047; x_wconf 89' lang='lat' dir='ltr'>men-</span> 
     </span>
    </p>
   </div>
   <div class='ocr_carea' id='block_1_37' title="bbox 442 2079 2150 2157">
    <p class='ocr_par' dir='ltr' id='par_1_37' title="bbox 442 2079 2150 2157">
     <span class='ocr_line' id='line_1_37' title="bbox 442 2079 2150 2157; baseline -0.003 -16"><span class='ocrx_word' id='word_1_285' title='bbox 442 2082 517 2142; x_wconf 89' lang='lat' dir='ltr'>tis</span> <span class='ocrx_word' id='word_1_286' title='bbox 546 2080 1046 2156; x_wconf 87' lang='lat' dir='ltr'>contemplatione,</span> <span class='ocrx_word' id='word_1_287' title='bbox 1088 2082 1469 2155; x_wconf 89' lang='lat' dir='ltr'>suspendunt.</span> <span class='ocrx_word' id='word_1_288' title='bbox 1506 2081 1588 2139; x_wconf 90' lang='lat' dir='ltr'>De</span> <span class='ocrx_word' id='word_1_289' title='bbox 1617 2080 1836 2157; x_wconf 91' lang='lat' dir='ltr'>quibus</span> <span class='ocrx_word' id='word_1_290' title='bbox 1867 2079 2150 2138; x_wconf 91' lang='lat' dir='ltr'>nimirum</span> 
     </span>
    </p>
   </div>
   <div class='ocr_carea' id='block_1_38' title="bbox 440 2168 2156 2243">
    <p class='ocr_par' dir='ltr' id='par_1_38' title="bbox 440 2168 2156 2243">
     <span class='ocr_line' id='line_1_38' title="bbox 440 2168 2156 2243; baseline -0.005 -10"><span class='ocrx_word' id='word_1_291' title='bbox 440 2172 775 2233; x_wconf 88' lang='lat' dir='ltr'>volucribus</span> <span class='ocrx_word' id='word_1_292' title='bbox 805 2170 1088 2230; x_wconf 90' lang='lat' dir='ltr'>Dominus</span> <span class='ocrx_word' id='word_1_293' title='bbox 1124 2170 1187 2227; x_wconf 93' lang='lat' dir='ltr'>in</span> <span class='ocrx_word' id='word_1_294' title='bbox 1228 2170 1543 2241; x_wconf 84' lang='lat' dir='ltr'>Evangelio</span> <span class='ocrx_word' id='word_1_295' title='bbox 1569 2168 1850 2243; x_wconf 88' lang='lat' dir='ltr'>loquitur,</span> <span class='ocrx_word' id='word_1_296' title='bbox 1879 2183 2012 2225; x_wconf 88' lang='lat' dir='ltr'>cum</span> <span class='ocrx_word' id='word_1_297' title='bbox 2030 2183 2156 2240; x_wconf 88' lang='lat' dir='ltr'>gra-</span> 
     </span>
    </p>
   </div>
   <div class='ocr_carea' id='block_1_39' title="bbox 440 2257 2152 2332">
    <p class='ocr_par' dir='ltr' id='par_1_39' title="bbox 440 2257 2152 2332">
     <span class='ocr_line' id='line_1_39' title="bbox 440 2257 2152 2332; baseline -0.004 -12"><span class='ocrx_word' id='word_1_298' title='bbox 440 2276 588 2320; x_wconf 90' lang='lat' dir='ltr'>num</span> <span class='ocrx_word' id='word_1_299' title='bbox 634 2259 858 2332; x_wconf 90' lang='lat' dir='ltr'>sinapis</span> <span class='ocrx_word' id='word_1_300' title='bbox 905 2259 967 2317; x_wconf 91' lang='lat' dir='ltr'>in</span> <span class='ocrx_word' id='word_1_301' title='bbox 1011 2258 1276 2316; x_wconf 89' lang='lat' dir='ltr'>arborem</span> <span class='ocrx_word' id='word_1_302' title='bbox 1329 2258 1576 2316; x_wconf 89' lang='lat' dir='ltr'>crevisse</span> <span class='ocrx_word' id='word_1_303' title='bbox 1621 2263 1903 2316; x_wconf 88' lang='lat' dir='ltr'>testatur:</span> <span class='ocrx_word' id='word_1_304' title='bbox 1950 2281 1972 2305; x_wconf 74' lang='grc' dir='ltr'>ι</span> <span class='ocrx_word' id='word_1_305' title='bbox 2006 2257 2152 2314; x_wconf 86' lang='lat' dir='ltr'>Cum</span> 
     </span>
    </p>
   </div>
   <div class='ocr_carea' id='block_1_40' title="bbox 442 2342 2151 2418">
    <p class='ocr_par' dir='ltr' id='par_1_40' title="bbox 442 2342 2151 2418">
     <span class='ocr_line' id='line_1_40' title="bbox 442 2342 2151 2418; baseline -0.006 -9"><span class='ocrx_word' id='word_1_306' title='bbox 442 2357 637 2409; x_wconf 91' lang='lat' dir='ltr'>autem</span> <span class='ocrx_word' id='word_1_307' title='bbox 702 2347 966 2416; x_wconf 83' lang='lat' dir='ltr'>creverit,</span> <span class='ocrx_word' id='word_1_308' title='bbox 1006 2345 1221 2418; x_wconf 86' lang='lat' dir='ltr'>inquit,</span> <span class='ocrx_word' id='word_1_309' title='bbox 1274 2345 1461 2418; x_wconf 89' lang='lat' dir='ltr'>majus</span> <span class='ocrx_word' id='word_1_310' title='bbox 1515 2351 1600 2403; x_wconf 89' lang='lat' dir='ltr'>est</span> <span class='ocrx_word' id='word_1_311' title='bbox 1652 2343 1924 2402; x_wconf 91' lang='lat' dir='ltr'>omnibus</span> <span class='ocrx_word' id='word_1_312' title='bbox 1978 2342 2151 2401; x_wconf 91' lang='lat' dir='ltr'>oleri-</span> 
     </span>
    </p>
   </div>
   <div class='ocr_carea' id='block_1_41' title="bbox 442 2431 2155 2508">
    <p class='ocr_par' dir='ltr' id='par_1_41' title="bbox 442 2431 2155 2508">
     <span class='ocr_line' id='line_1_41' title="bbox 442 2431 2155 2508; baseline -0.006 -10"><span class='ocrx_word' id='word_1_313' title='bbox 442 2440 575 2508; x_wconf 91' lang='lat' dir='ltr'>bus,</span> <span class='ocrx_word' id='word_1_314' title='bbox 612 2444 668 2495; x_wconf 92' lang='lat' dir='ltr'>et</span> <span class='ocrx_word' id='word_1_315' title='bbox 710 2437 774 2494; x_wconf 84' lang='lat' dir='ltr'>ﬁt</span> <span class='ocrx_word' id='word_1_316' title='bbox 822 2436 1012 2504; x_wconf 89' lang='lat' dir='ltr'>arbor,</span> <span class='ocrx_word' id='word_1_317' title='bbox 1044 2435 1124 2491; x_wconf 88' lang='lat' dir='ltr'>ita</span> <span class='ocrx_word' id='word_1_318' title='bbox 1181 2441 1245 2492; x_wconf 90' lang='lat' dir='ltr'>ut</span> <span class='ocrx_word' id='word_1_319' title='bbox 1300 2434 1562 2492; x_wconf 89' lang='lat' dir='ltr'>volucres</span> <span class='ocrx_word' id='word_1_320' title='bbox 1610 2431 1739 2490; x_wconf 80' lang='lat' dir='ltr'>cali</span> <span class='ocrx_word' id='word_1_321' title='bbox 1795 2431 2052 2501; x_wconf 85' lang='lat' dir='ltr'>veniant,</span> <span class='ocrx_word' id='word_1_322' title='bbox 2098 2436 2155 2488; x_wconf 92' lang='lat' dir='ltr'>et</span> 
     </span>
    </p>
   </div>
   <div class='ocr_carea' id='block_1_42' title="bbox 442 2519 2152 2599">
    <p class='ocr_par' dir='ltr' id='par_1_42' title="bbox 442 2519 2152 2599">
     <span class='ocr_line' id='line_1_42' title="bbox 442 2519 2152 2599; baseline -0.008 -10"><span class='ocrx_word' id='word_1_323' title='bbox 442 2531 706 2589; x_wconf 88' lang='lat' dir='ltr'>habitent</span> <span class='ocrx_word' id='word_1_324' title='bbox 742 2529 801 2586; x_wconf 92' lang='lat' dir='ltr'>in</span> <span class='ocrx_word' id='word_1_325' title='bbox 834 2526 1012 2585; x_wconf 90' lang='lat' dir='ltr'>ramis</span> <span class='ocrx_word' id='word_1_326' title='bbox 1040 2526 1165 2599; x_wconf 86' lang='lat' dir='ltr'>ejus</span> <span class='ocrx_word' id='word_1_327' title='bbox 1196 2528 1417 2596; x_wconf 83' lang='lat' dir='ltr'>(Matth.</span> <span class='ocrx_word' id='word_1_328' title='bbox 1446 2530 1596 2592; x_wconf 88' lang='lat' dir='ltr'><strong>XIII).</strong></span> <span class='ocrx_word' id='word_1_329' title='bbox 1634 2547 1658 2572; x_wconf 77' lang='grc' dir='ltr'>ιι</span> <span class='ocrx_word' id='word_1_330' title='bbox 1696 2520 1812 2579; x_wconf 92' lang='lat' dir='ltr'>Nec</span> <span class='ocrx_word' id='word_1_331' title='bbox 1856 2520 2069 2578; x_wconf 90' lang='lat' dir='ltr'>mirum</span> <span class='ocrx_word' id='word_1_332' title='bbox 2104 2519 2152 2576; x_wconf 90' lang='lat' dir='ltr'>si</span> 
     </span>
    </p>
   </div>
   <div class='ocr_carea' id='block_1_43' title="bbox 441 2609 2154 2694">
    <p class='ocr_par' dir='ltr' id='par_1_43' title="bbox 441 2609 2154 2694">
     <span class='ocr_line' id='line_1_43' title="bbox 441 2609 2154 2694; baseline -0.008 -15"><span class='ocrx_word' id='word_1_333' title='bbox 441 2628 499 2679; x_wconf 88' lang='lat' dir='ltr'>et</span> <span class='ocrx_word' id='word_1_334' title='bbox 549 2618 852 2694; x_wconf 90' lang='lat' dir='ltr'>pecoribus</span> <span class='ocrx_word' id='word_1_335' title='bbox 903 2617 1049 2689; x_wconf 89' lang='lat' dir='ltr'>agri,</span> <span class='ocrx_word' id='word_1_336' title='bbox 1105 2623 1162 2673; x_wconf 91' lang='lat' dir='ltr'>et</span> <span class='ocrx_word' id='word_1_337' title='bbox 1218 2613 1554 2672; x_wconf 88' lang='lat' dir='ltr'>volucribus</span> <span class='ocrx_word' id='word_1_338' title='bbox 1607 2611 1738 2670; x_wconf 82' lang='lat' dir='ltr'>cali</span> <span class='ocrx_word' id='word_1_339' title='bbox 1775 2627 1844 2668; x_wconf 92' lang='lat' dir='ltr'>ac</span> <span class='ocrx_word' id='word_1_340' title='bbox 1897 2609 2154 2682; x_wconf 89' lang='lat' dir='ltr'>piscibus</span> 
     </span>
    </p>
   </div>
   <div class='ocr_carea' id='block_1_44' title="bbox 445 2695 2154 2777">
    <p class='ocr_par' dir='ltr' id='par_1_44' title="bbox 445 2695 2154 2777">
     <span class='ocr_line' id='line_1_44' title="bbox 445 2695 2154 2777; baseline -0.008 -11"><span class='ocrx_word' id='word_1_341' title='bbox 445 2708 643 2774; x_wconf 91' lang='lat' dir='ltr'>maris,</span> <span class='ocrx_word' id='word_1_342' title='bbox 694 2708 866 2766; x_wconf 91' lang='lat' dir='ltr'>homo</span> <span class='ocrx_word' id='word_1_343' title='bbox 939 2720 1039 2777; x_wconf 92' lang='lat' dir='ltr'>per</span> <span class='ocrx_word' id='word_1_344' title='bbox 1109 2704 1356 2775; x_wconf 88' lang='lat' dir='ltr'>ﬁguram</span> <span class='ocrx_word' id='word_1_345' title='bbox 1417 2700 1693 2774; x_wconf 89' lang='lat' dir='ltr'>spiritalis</span> <span class='ocrx_word' id='word_1_346' title='bbox 1757 2695 2154 2770; x_wconf 88' lang='lat' dir='ltr'>intelligentia</span> 
     </span>
    </p>
   </div>
   <div class='ocr_carea' id='block_1_45' title="bbox 2230 1815 3945 1901">
    <p class='ocr_par' dir='ltr' id='par_1_45' title="bbox 2230 1815 3945 1901">
     <span class='ocr_line' id='line_1_45' title="bbox 2230 1815 3945 1901; baseline -0.012 -11"><span class='ocrx_word' id='word_1_347' title='bbox 2230 1830 2434 1898; x_wconf 90' lang='lat' dir='ltr'>cauda,</span> <span class='ocrx_word' id='word_1_348' title='bbox 2467 1843 2600 1901; x_wconf 86' lang='lat' dir='ltr'>qua</span> <span class='ocrx_word' id='word_1_349' title='bbox 2637 1832 2924 1899; x_wconf 89' lang='lat' dir='ltr'>postrema</span> <span class='ocrx_word' id='word_1_350' title='bbox 2954 1836 3088 1894; x_wconf 89' lang='lat' dir='ltr'>pars</span> <span class='ocrx_word' id='word_1_351' title='bbox 3116 1826 3200 1877; x_wconf 91' lang='lat' dir='ltr'>est</span> <span class='ocrx_word' id='word_1_352' title='bbox 3239 1817 3514 1891; x_wconf 86' lang='lat' dir='ltr'>corporis,</span> <span class='ocrx_word' id='word_1_353' title='bbox 3545 1815 3729 1888; x_wconf 91' lang='lat' dir='ltr'>operit</span> <span class='ocrx_word' id='word_1_354' title='bbox 3759 1836 3773 1882; x_wconf 87' lang='lat'>;</span> <span class='ocrx_word' id='word_1_355' title='bbox 3802 1815 3945 1889; x_wconf 82' lang='lat' dir='ltr'>quia</span> 
     </span>
    </p>
   </div>
   <div class='ocr_carea' id='block_1_46' title="bbox 2231 1908 3949 1989">
    <p class='ocr_par' dir='ltr' id='par_1_46' title="bbox 2231 1908 3949 1989">
     <span class='ocr_line' id='line_1_46' title="bbox 2231 1908 3949 1989; baseline -0.011 -10"><span class='ocrx_word' id='word_1_356' title='bbox 2231 1921 2367 1980; x_wconf 90' lang='lat' dir='ltr'>vita</span> <span class='ocrx_word' id='word_1_357' title='bbox 2424 1917 2635 1977; x_wconf 88' lang='lat' dir='ltr'>veteris</span> <span class='ocrx_word' id='word_1_358' title='bbox 2696 1912 3032 1989; x_wconf 86' lang='lat' dir='ltr'>pravitatem</span> <span class='ocrx_word' id='word_1_359' title='bbox 3110 1908 3364 1981; x_wconf 88' lang='lat' dir='ltr'>tegmine</span> <span class='ocrx_word' id='word_1_360' title='bbox 3416 1920 3584 1965; x_wconf 89' lang='lat' dir='ltr'>nova</span> <span class='ocrx_word' id='word_1_361' title='bbox 3642 1918 3949 1963; x_wconf 84' lang='lat' dir='ltr'>conversa-</span> 
     </span>
    </p>
   </div>
   <div class='ocr_carea' id='block_1_47' title="bbox 2231 1992 3942 2073">
    <p class='ocr_par' dir='ltr' id='par_1_47' title="bbox 2231 1992 3942 2073">
     <span class='ocr_line' id='line_1_47' title="bbox 2231 1992 3942 2073; baseline -0.012 -4"><span class='ocrx_word' id='word_1_362' title='bbox 2231 2010 2406 2069; x_wconf 90' lang='lat' dir='ltr'>tionis</span> <span class='ocrx_word' id='word_1_363' title='bbox 2430 2004 2747 2073; x_wconf 90' lang='lat' dir='ltr'>abscondit,</span> <span class='ocrx_word' id='word_1_364' title='bbox 2781 2003 2933 2061; x_wconf 88' lang='lat' dir='ltr'>sicut</span> <span class='ocrx_word' id='word_1_365' title='bbox 2955 1999 3167 2058; x_wconf 90' lang='lat' dir='ltr'>dicitur</span> <span class='ocrx_word' id='word_1_366' title='bbox 3201 2017 3214 2056; x_wconf 91' lang='lat'>:</span> <span class='ocrx_word' id='word_1_367' title='bbox 3244 2021 3267 2048; x_wconf 75' lang='grc' dir='ltr'><strong>ο</strong></span> <span class='ocrx_word' id='word_1_368' title='bbox 3289 1997 3448 2057; x_wconf 89' lang='lat' dir='ltr'>Beati</span> <span class='ocrx_word' id='word_1_369' title='bbox 3463 2010 3716 2070; x_wconf 89' lang='lat' dir='ltr'>quorum</span> <span class='ocrx_word' id='word_1_370' title='bbox 3737 1992 3942 2051; x_wconf 80' lang='lat' dir='ltr'>remis-</span> 
     </span>
    </p>
   </div>
   <div class='ocr_carea' id='block_1_48' title="bbox 2233 2082 3939 2167">
    <p class='ocr_par' dir='ltr' id='par_1_48' title="bbox 2233 2082 3939 2167">
     <span class='ocr_line' id='line_1_48' title="bbox 2233 2082 3939 2167; baseline -0.013 -9"><span class='ocrx_word' id='word_1_371' title='bbox 2233 2115 2313 2158; x_wconf 89' lang='lat' dir='ltr'>sa</span> <span class='ocrx_word' id='word_1_372' title='bbox 2340 2104 2476 2155; x_wconf 91' lang='lat' dir='ltr'>sunt</span> <span class='ocrx_word' id='word_1_373' title='bbox 2494 2092 2850 2167; x_wconf 88' lang='lat' dir='ltr'>iniquitates,</span> <span class='ocrx_word' id='word_1_374' title='bbox 2866 2097 3185 2163; x_wconf 90' lang='lat' dir='ltr'>etquorum</span> <span class='ocrx_word' id='word_1_375' title='bbox 3207 2091 3351 2144; x_wconf 90' lang='lat' dir='ltr'>tecta</span> <span class='ocrx_word' id='word_1_376' title='bbox 3372 2090 3507 2143; x_wconf 90' lang='lat' dir='ltr'>sunt</span> <span class='ocrx_word' id='word_1_377' title='bbox 3524 2090 3747 2157; x_wconf 88' lang='lat' dir='ltr'>peccata</span> <span class='ocrx_word' id='word_1_378' title='bbox 3773 2082 3939 2143; x_wconf 77' lang='lat' dir='ltr'>(Psal.</span> 
     </span>
    </p>
   </div>
   <div class='ocr_carea' id='block_1_49' title="bbox 2234 2168 3940 2255">
    <p class='ocr_par' dir='ltr' id='par_1_49' title="bbox 2234 2168 3940 2255">
     <span class='ocr_line' id='line_1_49' title="bbox 2234 2168 3940 2255; baseline -0.012 -11"><span class='ocrx_word' id='word_1_379' title='bbox 2234 2187 2428 2255; x_wconf 84' lang='lat' dir='ltr'><strong>XXXI).</strong></span> <span class='ocrx_word' id='word_1_380' title='bbox 2452 2208 2474 2234; x_wconf 77' lang='grc' dir='ltr'>ιι</span> <span class='ocrx_word' id='word_1_381' title='bbox 2508 2183 2577 2240; x_wconf 88' lang='lat' dir='ltr'>Et</span> <span class='ocrx_word' id='word_1_382' title='bbox 2606 2179 2747 2238; x_wconf 91' lang='lat' dir='ltr'>alibi</span> <span class='ocrx_word' id='word_1_383' title='bbox 2779 2199 2790 2237; x_wconf 92' lang='lat'>:</span> <span class='ocrx_word' id='word_1_384' title='bbox 2832 2202 2852 2227; x_wconf 74' lang='grc' dir='ltr'>ιι</span> <span class='ocrx_word' id='word_1_385' title='bbox 2889 2174 3187 2235; x_wconf 83' lang='lat' dir='ltr'>Remisisti</span> <span class='ocrx_word' id='word_1_386' title='bbox 3215 2172 3580 2247; x_wconf 90' lang='lat' dir='ltr'>iniquitatem</span> <span class='ocrx_word' id='word_1_387' title='bbox 3604 2168 3761 2242; x_wconf 92' lang='lat' dir='ltr'>plebi</span> <span class='ocrx_word' id='word_1_388' title='bbox 3791 2175 3940 2234; x_wconf 87' lang='lat' dir='ltr'>tua;</span> 
     </span>
    </p>
   </div>
   <div class='ocr_carea' id='block_1_50' title="bbox 2233 2256 3946 2349">
    <p class='ocr_par' dir='ltr' id='par_1_50' title="bbox 2233 2256 3946 2349">
     <span class='ocr_line' id='line_1_50' title="bbox 2233 2256 3946 2349; baseline -0.012 -15"><span class='ocrx_word' id='word_1_389' title='bbox 2233 2272 2514 2349; x_wconf 91' lang='lat' dir='ltr'>operuisti</span> <span class='ocrx_word' id='word_1_390' title='bbox 2542 2268 2738 2328; x_wconf 90' lang='lat' dir='ltr'>omnia</span> <span class='ocrx_word' id='word_1_391' title='bbox 2775 2272 3004 2341; x_wconf 87' lang='lat' dir='ltr'>peccata</span> <span class='ocrx_word' id='word_1_392' title='bbox 3047 2278 3245 2321; x_wconf 83' lang='lat' dir='ltr'>eorum</span> <span class='ocrx_word' id='word_1_393' title='bbox 3280 2263 3451 2329; x_wconf 85' lang='lat' dir='ltr'>(Psal.</span> <span class='ocrx_word' id='word_1_394' title='bbox 3476 2258 3750 2323; x_wconf 81' lang='lat' dir='ltr'><strong>LXXXIV).</strong></span> <span class='ocrx_word' id='word_1_395' title='bbox 3787 2279 3808 2305; x_wconf 77' lang='grc' dir='ltr'><strong><em>ι</em></strong></span> <span class='ocrx_word' id='word_1_396' title='bbox 3850 2256 3946 2314; x_wconf 88' lang='lat' dir='ltr'>Sic</span> 
     </span>
    </p>
   </div>
   <div class='ocr_carea' id='block_1_51' title="bbox 2234 2344 3945 2437">
    <p class='ocr_par' dir='ltr' id='par_1_51' title="bbox 2234 2344 3945 2437">
     <span class='ocr_line' id='line_1_51' title="bbox 2234 2344 3945 2437; baseline -0.014 -15"><span class='ocrx_word' id='word_1_397' title='bbox 2234 2344 2413 2437; x_wconf 81' lang='lat' dir='ltr'>igitur</span> <span class='ocrx_word' id='word_1_398' title='bbox 2468 2361 2744 2433; x_wconf 91' lang='lat' dir='ltr'>impressa</span> <span class='ocrx_word' id='word_1_399' title='bbox 2794 2353 3031 2425; x_wconf 89' lang='lat' dir='ltr'>vestigia</span> <span class='ocrx_word' id='word_1_400' title='bbox 3081 2350 3263 2409; x_wconf 89' lang='lat' dir='ltr'>cauda</span> <span class='ocrx_word' id='word_1_401' title='bbox 3322 2347 3501 2405; x_wconf 89' lang='lat' dir='ltr'>leonis</span> <span class='ocrx_word' id='word_1_402' title='bbox 3551 2344 3756 2418; x_wconf 91' lang='lat' dir='ltr'>operit,</span> <span class='ocrx_word' id='word_1_403' title='bbox 3806 2358 3945 2401; x_wconf 86' lang='lat' dir='ltr'>cum</span> 
     </span>
    </p>
   </div>
   <div class='ocr_carea' id='block_1_52' title="bbox 2235 2435 3946 2518">
    <p class='ocr_par' dir='ltr' id='par_1_52' title="bbox 2235 2435 3946 2518">
     <span class='ocr_line' id='line_1_52' title="bbox 2235 2435 3946 2518; baseline -0.013 -9"><span class='ocrx_word' id='word_1_404' title='bbox 2235 2435 2488 2511; x_wconf 90' lang='lat' dir='ltr'>veterem</span> <span class='ocrx_word' id='word_1_405' title='bbox 2521 2448 2701 2505; x_wconf 89' lang='lat' dir='ltr'>vitam</span> <span class='ocrx_word' id='word_1_406' title='bbox 2755 2441 3087 2518; x_wconf 89' lang='lat' dir='ltr'>posterioris</span> <span class='ocrx_word' id='word_1_407' title='bbox 3117 2435 3481 2497; x_wconf 89' lang='lat' dir='ltr'>rectitudinis</span> <span class='ocrx_word' id='word_1_408' title='bbox 3535 2436 3946 2506; x_wconf 85' lang='lat' dir='ltr'>tegumentum</span> 
     </span>
    </p>
   </div>
   <div class='ocr_carea' id='block_1_53' title="bbox 2233 2519 3944 2606">
    <p class='ocr_par' dir='ltr' id='par_1_53' title="bbox 2233 2519 3944 2606">
     <span class='ocr_line' id='line_1_53' title="bbox 2233 2519 3944 2606; baseline -0.014 -5"><span class='ocrx_word' id='word_1_409' title='bbox 2233 2541 2470 2601; x_wconf 90' lang='lat' dir='ltr'>obducit</span> <span class='ocrx_word' id='word_1_410' title='bbox 2495 2543 2674 2606; x_wconf 80' lang='lat' dir='ltr'>(Prov.</span> <span class='ocrx_word' id='word_1_411' title='bbox 2708 2539 2950 2602; x_wconf 87' lang='lat' dir='ltr'><strong>XXVIII).</strong></span> <span class='ocrx_word' id='word_1_412' title='bbox 3001 2530 3092 2589; x_wconf 84' lang='lat' dir='ltr'>Ad</span> <span class='ocrx_word' id='word_1_413' title='bbox 3121 2531 3230 2588; x_wconf 91' lang='lat' dir='ltr'>hoc</span> <span class='ocrx_word' id='word_1_414' title='bbox 3272 2528 3447 2585; x_wconf 91' lang='lat' dir='ltr'>etiam</span> <span class='ocrx_word' id='word_1_415' title='bbox 3482 2525 3749 2599; x_wconf 87' lang='lat' dir='ltr'>pertinet,</span> <span class='ocrx_word' id='word_1_416' title='bbox 3780 2519 3944 2597; x_wconf 87' lang='lat' dir='ltr'>quod</span> 
     </span>
    </p>
   </div>
   <div class='ocr_carea' id='block_1_54' title="bbox 2235 2610 3947 2691">
    <p class='ocr_par' dir='ltr' id='par_1_54' title="bbox 2235 2610 3947 2691">
     <span class='ocr_line' id='line_1_54' title="bbox 2235 2610 3947 2691; baseline -0.014 0"><span class='ocrx_word' id='word_1_417' title='bbox 2235 2633 2388 2691; x_wconf 89' lang='lat' dir='ltr'>idem</span> <span class='ocrx_word' id='word_1_418' title='bbox 2420 2632 2507 2688; x_wconf 91' lang='lat' dir='ltr'>leo</span> <span class='ocrx_word' id='word_1_419' title='bbox 2536 2628 2731 2687; x_wconf 92' lang='lat' dir='ltr'>cibum</span> <span class='ocrx_word' id='word_1_420' title='bbox 2761 2623 2982 2684; x_wconf 88' lang='lat' dir='ltr'>fastidit</span> <span class='ocrx_word' id='word_1_421' title='bbox 3022 2622 3376 2687; x_wconf 89' lang='lat' dir='ltr'>hesternum,</span> <span class='ocrx_word' id='word_1_422' title='bbox 3422 2622 3479 2674; x_wconf 89' lang='lat' dir='ltr'>et</span> <span class='ocrx_word' id='word_1_423' title='bbox 3505 2629 3652 2673; x_wconf 88' lang='lat' dir='ltr'>esca</span> <span class='ocrx_word' id='word_1_424' title='bbox 3696 2610 3947 2686; x_wconf 86' lang='lat' dir='ltr'>propria</span> 
     </span>
    </p>
   </div>
   <div class='ocr_carea' id='block_1_55' title="bbox 2237 2700 3949 2793">
    <p class='ocr_par' dir='ltr' id='par_1_55' title="bbox 2237 2700 3949 2793">
     <span class='ocr_line' id='line_1_55' title="bbox 2237 2700 3949 2793; baseline -0.014 -14"><span class='ocrx_word' id='word_1_425' title='bbox 2237 2720 2513 2793; x_wconf 90' lang='lat' dir='ltr'>reliquias</span> <span class='ocrx_word' id='word_1_426' title='bbox 2540 2723 2861 2776; x_wconf 88' lang='lat' dir='ltr'>aversatur.</span> <span class='ocrx_word' id='word_1_427' title='bbox 2891 2714 2961 2772; x_wconf 90' lang='lat' dir='ltr'>Et</span> <span class='ocrx_word' id='word_1_428' title='bbox 2991 2718 3072 2779; x_wconf 90' lang='lat' dir='ltr'>tu,</span> <span class='ocrx_word' id='word_1_429' title='bbox 3105 2725 3139 2768; x_wconf 95' lang='lat' dir='ltr'>o</span> <span class='ocrx_word' id='word_1_430' title='bbox 3192 2710 3386 2777; x_wconf 89' lang='lat' dir='ltr'>homo,</span> <span class='ocrx_word' id='word_1_431' title='bbox 3439 2720 3508 2763; x_wconf 90' lang='lat' dir='ltr'>eo</span> <span class='ocrx_word' id='word_1_432' title='bbox 3535 2719 3653 2778; x_wconf 91' lang='lat' dir='ltr'>quo</span> <span class='ocrx_word' id='word_1_433' title='bbox 3705 2700 3949 2759; x_wconf 85' lang='lat' dir='ltr'>satiatus</span> 
     </span>
    </p>
   </div>
   <div class='ocr_carea' id='block_1_56' title="bbox 446 2785 3948 2890">
    <p class='ocr_par' dir='ltr' id='par_1_56' title="bbox 446 2785 3948 2890">
     <span class='ocr_line' id='line_1_56' title="bbox 446 2785 3948 2890; baseline -0.007 -20"><span class='ocrx_word' id='word_1_434' title='bbox 446 2803 827 2869; x_wconf 62' lang='lat' dir='ltr'>comparem&quot;.</span> <span class='ocrx_word' id='word_1_435' title='bbox 862 2809 997 2890; x_wconf 68' lang='lat' dir='ltr'>cum</span> <span class='ocrx_word' id='word_1_436' title='bbox 1030 2798 1085 2848; x_wconf 73' lang='grc' dir='ltr'>θί</span> <span class='ocrx_word' id='word_1_437' title='bbox 1113 2793 1234 2890; x_wconf 60' lang='grc' dir='ltr'>η)ξὲ</span> <span class='ocrx_word' id='word_1_438' title='bbox 1269 2791 1462 2890; x_wconf 54' lang='lat' dir='ltr'>hom?»</span> <span class='ocrx_word' id='word_1_439' title='bbox 1513 2796 1739 2890; x_wconf 48' lang='grc' dir='ltr'>ΡΓΟΡἘΟΓ</span> <span class='ocrx_word' id='word_1_440' title='bbox 1774 2802 1951 2890; x_wconf 57' lang='grc' dir='ltr'>αιιεῖξη</span> <span class='ocrx_word' id='word_1_441' title='bbox 1995 2785 2152 2844; x_wconf 65' lang='grc' dir='ltr'>δοίη·</span> <span class='ocrx_word' id='word_1_442' title='bbox 2234 2785 2444 2876; x_wconf 82' lang='lat' dir='ltr'>fueras,</span> <span class='ocrx_word' id='word_1_443' title='bbox 2478 2821 2713 2880; x_wconf 90' lang='lat' dir='ltr'>prorsus</span> <span class='ocrx_word' id='word_1_444' title='bbox 2740 2804 2985 2863; x_wconf 88' lang='lat' dir='ltr'>abhorre</span> <span class='ocrx_word' id='word_1_445' title='bbox 3025 2804 3347 2875; x_wconf 90' lang='lat' dir='ltr'>peccatum,</span> <span class='ocrx_word' id='word_1_446' title='bbox 3398 2811 3472 2854; x_wconf 90' lang='lat' dir='ltr'>ne</span> <span class='ocrx_word' id='word_1_447' title='bbox 3512 2800 3797 2866; x_wconf 88' lang='lat' dir='ltr'>tanquam</span> <span class='ocrx_word' id='word_1_448' title='bbox 3848 2802 3948 2845; x_wconf 87' lang='lat' dir='ltr'>ca-</span> 
     </span>
    </p>
   </div>
   <div class='ocr_carea' id='block_1_57' title="bbox 445 2878 2170 2980">
    <p class='ocr_par' dir='ltr' id='par_1_57' title="bbox 445 2878 2150 2950">
     <span class='ocr_line' id='line_1_57' title="bbox 445 2878 2150 2950; baseline -0.005 -8"><span class='ocrx_word' id='word_1_449' title='bbox 445 2892 533 2943; x_wconf 89' lang='lat' dir='ltr'>oet</span> <span class='ocrx_word' id='word_1_450' title='bbox 578 2889 783 2941; x_wconf 83' lang='lat' dir='ltr'>catcra</span> <span class='ocrx_word' id='word_1_451' title='bbox 831 2888 1018 2939; x_wconf 88' lang='lat' dir='ltr'>creata</span> <span class='ocrx_word' id='word_1_452' title='bbox 1068 2885 1223 2950; x_wconf 90' lang='lat' dir='ltr'>sunt,</span> <span class='ocrx_word' id='word_1_453' title='bbox 1282 2880 1473 2937; x_wconf 91' lang='lat' dir='ltr'>omnis</span> <span class='ocrx_word' id='word_1_454' title='bbox 1536 2885 1795 2937; x_wconf 88' lang='lat' dir='ltr'>creatura</span> <span class='ocrx_word' id='word_1_455' title='bbox 1863 2878 2085 2936; x_wconf 89' lang='lat' dir='ltr'>dicatur</span> <span class='ocrx_word' id='word_1_456' title='bbox 2137 2895 2150 2933; x_wconf 89' lang='lat'>:</span> 
     </span>
    </p>
   </div>
   <div class='ocr_carea' id='block_1_58' title="bbox 2288 2878 3951 2980">
    <p class='ocr_par' dir='ltr' id='par_1_58' title="bbox 2288 2878 3951 2980">
     <span class='ocr_line' id='line_1_58' title="bbox 2288 2878 3951 2980; baseline -0.013 -23"><span class='ocrx_word' id='word_1_457' title='bbox 2288 2900 2329 2957; x_wconf 89' lang='lat' dir='ltr'>is</span> <span class='ocrx_word' id='word_1_458' title='bbox 2358 2878 2564 2957; x_wconf 83' lang='lat' dir='ltr'>reverti</span> <span class='ocrx_word' id='word_1_459' title='bbox 2607 2895 2860 2955; x_wconf 90' lang='lat' dir='ltr'>videaris</span> <span class='ocrx_word' id='word_1_460' title='bbox 2901 2893 2974 2952; x_wconf 91' lang='lat' dir='ltr'>ad</span> <span class='ocrx_word' id='word_1_461' title='bbox 3016 2891 3321 2980; x_wconf 2' lang='lat' dir='ltr'>vomitum,</span> <span class='ocrx_word' id='word_1_462' title='bbox 3353 2891 3429 2956; x_wconf 87' lang='lat' dir='ltr'><strong>(II</strong></span> <span class='ocrx_word' id='word_1_463' title='bbox 3470 2886 3727 2980; x_wconf 44' lang='lat' dir='ltr'><strong>Petr.-II).</strong></span> <span class='ocrx_word' id='word_1_464' title='bbox 3785 2878 3951 2980; x_wconf 55' lang='lat' dir='ltr'>adde</span> 
     </span>
    </p>
   </div>
   <div class='ocr_carea' id='block_1_59' title="bbox 451 2967 3952 3069">
    <p class='ocr_par' dir='ltr' id='par_1_59' title="bbox 451 2967 3952 3069">
     <span class='ocr_line' id='line_1_59' title="bbox 451 2967 3952 3069; baseline -0.006 -20"><span class='ocrx_word' id='word_1_465' title='bbox 451 2994 496 3069; x_wconf 48' lang='grc' dir='ltr'>ξ,</span> <span class='ocrx_word' id='word_1_466' title='bbox 512 2972 744 3069; x_wconf 58' lang='lat' dir='ltr'>Eunter</span> <span class='ocrx_word' id='word_1_467' title='bbox 779 2970 989 3043; x_wconf 65' lang='lat' dir='ltr'>inq‘m»</span> <span class='ocrx_word' id='word_1_468' title='bbox 1030 2969 1092 3068; x_wconf 48' lang='lat' dir='ltr'><strong>In</strong></span> <span class='ocrx_word' id='word_1_469' title='bbox 1136 2967 1817 3069; x_wconf 49' lang='lat' dir='ltr'>mendumgfniversme</span> <span class='ocrx_word' id='word_1_470' title='bbox 1852 2984 1929 3069; x_wconf 53' lang='lat'>1“:</span> <span class='ocrx_word' id='word_1_471' title='bbox 1919 2967 2157 3069; x_wconf 55' lang='lat' dir='ltr'>‘f’dicat‘?</span> <span class='ocrx_word' id='word_1_472' title='bbox 2239 2992 2376 3067; x_wconf 90' lang='lat' dir='ltr'>quia</span> <span class='ocrx_word' id='word_1_473' title='bbox 2404 2991 2494 3048; x_wconf 92' lang='lat' dir='ltr'>leo</span> <span class='ocrx_word' id='word_1_474' title='bbox 2522 2986 2734 3061; x_wconf 86' lang='lat' dir='ltr'>apertis</span> <span class='ocrx_word' id='word_1_475' title='bbox 2770 2983 2955 3044; x_wconf 91' lang='lat' dir='ltr'>oculis</span> <span class='ocrx_word' id='word_1_476' title='bbox 2978 2981 3194 3040; x_wconf 91' lang='lat' dir='ltr'>dormit</span> <span class='ocrx_word' id='word_1_477' title='bbox 3234 2997 3248 3050; x_wconf 92' lang='lat'>;</span> <span class='ocrx_word' id='word_1_478' title='bbox 3280 2978 3364 3037; x_wconf 91' lang='lat' dir='ltr'>sic</span> <span class='ocrx_word' id='word_1_479' title='bbox 3391 2984 3446 3035; x_wconf 92' lang='lat' dir='ltr'>et</span> <span class='ocrx_word' id='word_1_480' title='bbox 3475 2983 3559 3045; x_wconf 91' lang='lat' dir='ltr'>tu,</span> <span class='ocrx_word' id='word_1_481' title='bbox 3603 2974 3687 3032; x_wconf 89' lang='lat' dir='ltr'>sic</span> <span class='ocrx_word' id='word_1_482' title='bbox 3713 2970 3952 3046; x_wconf 85' lang='lat' dir='ltr'>quiesce</span> 
     </span>
    </p>
   </div>
   <div class='ocr_carea' id='block_1_60' title="bbox 450 3055 3953 3157">
    <p class='ocr_par' dir='ltr' id='par_1_60' title="bbox 450 3055 3953 3157">
     <span class='ocr_line' id='line_1_60' title="bbox 450 3055 3953 3157; baseline -0.011 -3"><span class='ocrx_word' id='word_1_483' title='bbox 450 3059 853 3157; x_wconf 51' lang='lat' dir='ltr'>Evingt&#39;im</span> <span class='ocrx_word' id='word_1_484' title='bbox 884 3057 1045 3115; x_wconf 70' lang='lat' dir='ltr'>omni</span> <span class='ocrx_word' id='word_1_485' title='bbox 1090 3062 1367 3115; x_wconf 42' lang='lat' dir='ltr'>creatum</span> <span class='ocrx_word' id='word_1_486' title='bbox 1421 3058 1611 3157; x_wconf 36' lang='lat' dir='ltr'>(Min?</span> <span class='ocrx_word' id='word_1_487' title='bbox 1662 3057 1805 3157; x_wconf 44' lang='grc' dir='ltr'>ἕνθ’</span> <span class='ocrx_word' id='word_1_488' title='bbox 1831 3078 1867 3154; x_wconf 78' lang='grc'>.’</span> <span class='ocrx_word' id='word_1_489' title='bbox 1896 3055 2047 3157; x_wconf 51' lang='grc' dir='ltr'>,ΝΫΨ</span> <span class='ocrx_word' id='word_1_490' title='bbox 2096 3055 2462 3157; x_wconf 39' lang='lat' dir='ltr'>et(3.15‘opitus</span> <span class='ocrx_word' id='word_1_491' title='bbox 2490 3097 2524 3138; x_wconf 92' lang='lat' dir='ltr'>a</span> <span class='ocrx_word' id='word_1_492' title='bbox 2554 3055 2793 3146; x_wconf 82' lang='lat' dir='ltr'>mundo,</span> <span class='ocrx_word' id='word_1_493' title='bbox 2838 3080 2902 3134; x_wconf 93' lang='lat' dir='ltr'>ut</span> <span class='ocrx_word' id='word_1_494' title='bbox 2953 3070 3265 3147; x_wconf 83' lang='lat' dir='ltr'>pervigiles</span> <span class='ocrx_word' id='word_1_495' title='bbox 3319 3082 3547 3139; x_wconf 89' lang='lat' dir='ltr'>semper</span> <span class='ocrx_word' id='word_1_496' title='bbox 3597 3062 3802 3121; x_wconf 92' lang='lat' dir='ltr'>oculos</span> <span class='ocrx_word' id='word_1_497' title='bbox 3845 3060 3953 3115; x_wconf 89' lang='lat' dir='ltr'>ha-</span> 
     </span>
    </p>
   </div>
   <div class='ocr_carea' id='block_1_61' title="bbox 457 3143 3953 3248">
    <p class='ocr_par' dir='ltr' id='par_1_61' title="bbox 457 3143 3953 3248">
     <span class='ocr_line' id='line_1_61' title="bbox 457 3143 3953 3248; baseline -0.005 -43"><span class='ocrx_word' id='word_1_498' title='bbox 457 3147 746 3248; x_wconf 81' lang='lat' dir='ltr'>naturales</span> <span class='ocrx_word' id='word_1_499' title='bbox 774 3153 934 3247; x_wconf 80' lang='lat' dir='ltr'>actus</span> <span class='ocrx_word' id='word_1_500' title='bbox 960 3159 1231 3244; x_wconf 78' lang='lat' dir='ltr'>pecorum</span> <span class='ocrx_word' id='word_1_501' title='bbox 1270 3161 1381 3248; x_wconf 69' lang='lat' dir='ltr'>per</span> <span class='ocrx_word' id='word_1_502' title='bbox 1426 3144 1785 3248; x_wconf 75' lang='lat' dir='ltr'>spiritualem</span> <span class='ocrx_word' id='word_1_503' title='bbox 1826 3143 2374 3232; x_wconf 63' lang='lat' dir='ltr'>intelligen-&quot;be&#39;re</span> <span class='ocrx_word' id='word_1_504' title='bbox 2426 3143 2875 3244; x_wconf 61' lang='lat' dir='ltr'>perseveres&#39;in</span> <span class='ocrx_word' id='word_1_505' title='bbox 2931 3143 3196 3220; x_wconf 39' lang='lat' dir='ltr'>130mm,.</span> <span class='ocrx_word' id='word_1_506' title='bbox 3259 3155 3354 3216; x_wconf 70' lang='lat' dir='ltr'>Sic</span> <span class='ocrx_word' id='word_1_507' title='bbox 3417 3154 3631 3213; x_wconf 53' lang='lat' dir='ltr'>dicitur</span> <span class='ocrx_word' id='word_1_508' title='bbox 3683 3174 3697 3208; x_wconf 61' lang='grc' dir='ltr'>ε</span> <span class='ocrx_word' id='word_1_509' title='bbox 3751 3173 3772 3199; x_wconf 88' lang='grc'>.</span> <span class='ocrx_word' id='word_1_510' title='bbox 3830 3146 3953 3219; x_wconf 72' lang='lat' dir='ltr'>Ego</span> 
     </span>
    </p>
   </div>
   <div class='ocr_carea' id='block_1_62' title="bbox 450 3233 3677 3327">
    <p class='ocr_par' dir='ltr' id='par_1_62' title="bbox 450 3233 3677 3327">
     <span class='ocr_line' id='line_1_62' title="bbox 450 3233 3677 3327; baseline -0.01 1"><span class='ocrx_word' id='word_1_511' title='bbox 450 3234 1101 3327; x_wconf 60' lang='lat' dir='ltr'>tiam.“fPeri“¥1_‘u“-</span> <span class='ocrx_word' id='word_1_512' title='bbox 1141 3234 1397 3327; x_wconf 44' lang='lat' dir='ltr'>moribus</span> <span class='ocrx_word' id='word_1_513' title='bbox 1432 3233 1733 3327; x_wconf 54' lang='lat' dir='ltr'>“mimi”</span> <span class='ocrx_word' id='word_1_514' title='bbox 1770 3234 1965 3327; x_wconf 53' lang='grc' dir='ltr'>ιὲίφιί</span> <span class='ocrx_word' id='word_1_515' title='bbox 2010 3240 2065 3290; x_wconf 58' lang='lat' dir='ltr'><strong>et</strong></span> <span class='ocrx_word' id='word_1_516' title='bbox 2094 3234 2155 3291; x_wconf 69' lang='lat' dir='ltr'>in</span> <span class='ocrx_word' id='word_1_517' title='bbox 2239 3233 2482 3327; x_wconf 79' lang='lat' dir='ltr'>dormio,</span> <span class='ocrx_word' id='word_1_518' title='bbox 2539 3266 2596 3316; x_wconf 91' lang='lat' dir='ltr'>et</span> <span class='ocrx_word' id='word_1_519' title='bbox 2650 3272 2746 3314; x_wconf 91' lang='lat' dir='ltr'>cor</span> <span class='ocrx_word' id='word_1_520' title='bbox 2804 3268 3001 3311; x_wconf 91' lang='lat' dir='ltr'>meum</span> <span class='ocrx_word' id='word_1_521' title='bbox 3058 3248 3265 3322; x_wconf 87' lang='lat' dir='ltr'>vigilat</span> <span class='ocrx_word' id='word_1_522' title='bbox 3314 3249 3486 3318; x_wconf 81' lang='lat' dir='ltr'>(Cant.</span> <span class='ocrx_word' id='word_1_523' title='bbox 3532 3245 3609 3312; x_wconf 89' lang='lat' dir='ltr'><strong>v).</strong></span> <span class='ocrx_word' id='word_1_524' title='bbox 3654 3265 3677 3287; x_wconf 84' lang='lat'><strong>-</strong></span> 
     </span>
    </p>
   </div>
   <div class='ocr_carea' id='block_1_63' title="bbox 454 3321 3956 3420">
    <p class='ocr_par' dir='ltr' id='par_1_63' title="bbox 454 3321 3956 3420">
     <span class='ocr_line' id='line_1_63' title="bbox 454 3321 3956 3420; baseline -0.002 -36"><span class='ocrx_word' id='word_1_525' title='bbox 454 3324 793 3420; x_wconf 80' lang='lat' dir='ltr'>hominibus</span> <span class='ocrx_word' id='word_1_526' title='bbox 822 3322 1043 3420; x_wconf 73' lang='lat' dir='ltr'>aliquid</span> <span class='ocrx_word' id='word_1_527' title='bbox 1087 3322 1400 3420; x_wconf 77' lang='lat' dir='ltr'>invenitur,</span> <span class='ocrx_word' id='word_1_528' title='bbox 1429 3322 1585 3396; x_wconf 85' lang='lat' dir='ltr'>quod</span> <span class='ocrx_word' id='word_1_529' title='bbox 1620 3322 1708 3420; x_wconf 66' lang='lat' dir='ltr'>ad</span> <span class='ocrx_word' id='word_1_530' title='bbox 1758 3321 1946 3420; x_wconf 78' lang='lat' dir='ltr'>ofﬁcia</span> <span class='ocrx_word' id='word_1_531' title='bbox 1981 3321 2155 3394; x_wconf 90' lang='lat' dir='ltr'>perti-</span> <span class='ocrx_word' id='word_1_532' title='bbox 2241 3321 2536 3408; x_wconf 39' lang='lat' dir='ltr'>mortuam</span> <span class='ocrx_word' id='word_1_533' title='bbox 2585 3343 2732 3419; x_wconf 61' lang='lat' dir='ltr'>parit</span> <span class='ocrx_word' id='word_1_534' title='bbox 2782 3340 3062 3405; x_wconf 53' lang='lat' dir='ltr'>catulum,</span> <span class='ocrx_word' id='word_1_535' title='bbox 3088 3337 3190 3411; x_wconf 69' lang='lat' dir='ltr'>qui</span> <span class='ocrx_word' id='word_1_536' title='bbox 3238 3332 3490 3407; x_wconf 66' lang='lat' dir='ltr'>profecto</span> <span class='ocrx_word' id='word_1_537' title='bbox 3536 3344 3635 3401; x_wconf 81' lang='lat' dir='ltr'>per</span> <span class='ocrx_word' id='word_1_538' title='bbox 3688 3325 3956 3383; x_wconf 81' lang='lat' dir='ltr'>triduum</span> 
     </span>
    </p>
   </div>
   <div class='ocr_carea' id='block_1_64' title="bbox 452 3410 3958 3513">
    <p class='ocr_par' dir='ltr' id='par_1_64' title="bbox 452 3410 3958 3513">
     <span class='ocr_line' id='line_1_64' title="bbox 452 3410 3958 3513; baseline -0.007 -17"><span class='ocrx_word' id='word_1_539' title='bbox 452 3422 585 3513; x_wconf 58' lang='lat'>139‘“</span> <span class='ocrx_word' id='word_1_540' title='bbox 612 3415 969 3513; x_wconf 45' lang='lat'>“&quot;391???”</span> <span class='ocrx_word' id='word_1_541' title='bbox 1004 3412 1222 3470; x_wconf 63' lang='lat' dir='ltr'>Rerum</span> <span class='ocrx_word' id='word_1_542' title='bbox 1256 3410 1467 3513; x_wconf 66' lang='grc' dir='ltr'>(ἶυίνῖξθ</span> <span class='ocrx_word' id='word_1_543' title='bbox 1496 3410 1757 3513; x_wconf 61' lang='lat' dir='ltr'>comm?“</span> <span class='ocrx_word' id='word_1_544' title='bbox 1789 3411 2157 3510; x_wconf 65' lang='grc' dir='ltr'>οξΠΠίΡθίθηδ</span> <span class='ocrx_word' id='word_1_545' title='bbox 2242 3444 2507 3497; x_wconf 91' lang='lat' dir='ltr'>mortuus</span> <span class='ocrx_word' id='word_1_546' title='bbox 2529 3410 2875 3509; x_wconf 75' lang='lat' dir='ltr'>perseverat,</span> <span class='ocrx_word' id='word_1_547' title='bbox 2908 3430 3090 3488; x_wconf 91' lang='lat' dir='ltr'>donec</span> <span class='ocrx_word' id='word_1_548' title='bbox 3110 3410 3284 3484; x_wconf 80' lang='lat' dir='ltr'>tertia</span> <span class='ocrx_word' id='word_1_549' title='bbox 3313 3423 3406 3481; x_wconf 89' lang='lat' dir='ltr'>die</span> <span class='ocrx_word' id='word_1_550' title='bbox 3434 3429 3593 3494; x_wconf 91' lang='lat' dir='ltr'>pater</span> <span class='ocrx_word' id='word_1_551' title='bbox 3617 3417 3747 3489; x_wconf 88' lang='lat' dir='ltr'>ejus</span> <span class='ocrx_word' id='word_1_552' title='bbox 3775 3414 3958 3472; x_wconf 81' lang='lat' dir='ltr'>adve-</span> 
     </span>
    </p>
   </div>
   <div class='ocr_carea' id='block_1_65' title="bbox 451 3498 3959 3606">
    <p class='ocr_par' dir='ltr' id='par_1_65' title="bbox 451 3498 3959 3606">
     <span class='ocr_line' id='line_1_65' title="bbox 451 3498 3959 3606; baseline -0.015 4"><span class='ocrx_word' id='word_1_553' title='bbox 451 3505 622 3606; x_wconf 37' lang='grc' dir='ltr'>φξβ</span> <span class='ocrx_word' id='word_1_554' title='bbox 657 3502 1063 3606; x_wconf 57' lang='grc' dir='ltr'>εἶθυί,θττθ“³</span> <span class='ocrx_word' id='word_1_555' title='bbox 1092 3513 1341 3601; x_wconf 34' lang='lat' dir='ltr'>quinque</span> <span class='ocrx_word' id='word_1_556' title='bbox 1364 3498 1639 3606; x_wconf 68' lang='lat' dir='ltr'>ad_usum</span> <span class='ocrx_word' id='word_1_557' title='bbox 1686 3499 1991 3604; x_wconf 43' lang='lat' dir='ltr'>nmmum“</span> <span class='ocrx_word' id='word_1_558' title='bbox 2023 3515 2160 3558; x_wconf 69' lang='lat' dir='ltr'>con&#39;</span> <span class='ocrx_word' id='word_1_559' title='bbox 2243 3526 2431 3597; x_wconf 88' lang='lat' dir='ltr'>niens,</span> <span class='ocrx_word' id='word_1_560' title='bbox 2473 3498 2549 3581; x_wconf 44' lang='lat' dir='ltr'>in.</span> <span class='ocrx_word' id='word_1_561' title='bbox 2564 3521 2768 3579; x_wconf 79' lang='lat' dir='ltr'>faciem</span> <span class='ocrx_word' id='word_1_562' title='bbox 2808 3498 2934 3593; x_wconf 89' lang='lat' dir='ltr'>ejus</span> <span class='ocrx_word' id='word_1_563' title='bbox 2976 3513 3250 3583; x_wconf 77' lang='lat' dir='ltr'>insumat,</span> <span class='ocrx_word' id='word_1_564' title='bbox 3308 3510 3506 3583; x_wconf 90' lang='lat' dir='ltr'>sicque</span> <span class='ocrx_word' id='word_1_565' title='bbox 3546 3506 3843 3564; x_wconf 88' lang='lat' dir='ltr'>viventem</span> <span class='ocrx_word' id='word_1_566' title='bbox 3867 3514 3959 3559; x_wconf 45' lang='grc' dir='ltr'>αξ</span> 
     </span>
    </p>
   </div>
   <div class='ocr_carea' id='block_1_66' title="bbox 452 3594 2170 3692">
    <p class='ocr_par' dir='ltr' id='par_1_66' title="bbox 452 3594 2162 3664">
     <span class='ocr_line' id='line_1_66' title="bbox 452 3594 2162 3664; baseline -0.002 -11"><span class='ocrx_word' id='word_1_567' title='bbox 452 3594 625 3663; x_wconf 87' lang='lat' dir='ltr'>didit;</span> <span class='ocrx_word' id='word_1_568' title='bbox 661 3594 743 3651; x_wconf 91' lang='lat' dir='ltr'>sic</span> <span class='ocrx_word' id='word_1_569' title='bbox 771 3595 943 3650; x_wconf 90' lang='lat' dir='ltr'>etiam</span> <span class='ocrx_word' id='word_1_570' title='bbox 1002 3607 1105 3664; x_wconf 91' lang='lat' dir='ltr'>per</span> <span class='ocrx_word' id='word_1_571' title='bbox 1162 3594 1314 3662; x_wconf 87' lang='lat' dir='ltr'>ipsas</span> <span class='ocrx_word' id='word_1_572' title='bbox 1360 3599 1699 3650; x_wconf 88' lang='lat' dir='ltr'>naturarum</span> <span class='ocrx_word' id='word_1_573' title='bbox 1741 3594 1913 3663; x_wconf 90' lang='lat' dir='ltr'>vires,</span> <span class='ocrx_word' id='word_1_574' title='bbox 1960 3600 2015 3651; x_wconf 89' lang='lat' dir='ltr'>et</span> <span class='ocrx_word' id='word_1_575' title='bbox 2059 3609 2162 3651; x_wconf 89' lang='lat' dir='ltr'>ne-</span> 
     </span>
    </p>
   </div>
   <div class='ocr_carea' id='block_1_67' title="bbox 2288 3594 3957 3692">
    <p class='ocr_par' dir='ltr' id='par_1_67' title="bbox 2288 3594 3957 3692">
     <span class='ocr_line' id='line_1_67' title="bbox 2288 3594 3957 3692; baseline -0.014 -19"><span class='ocrx_word' id='word_1_576' title='bbox 2288 3594 2439 3673; x_wconf 74' lang='lat' dir='ltr'>:riter</span> <span class='ocrx_word' id='word_1_577' title='bbox 2466 3613 2697 3672; x_wconf 84' lang='lat' dir='ltr'>excitat.</span> <span class='ocrx_word' id='word_1_578' title='bbox 2731 3605 3189 3679; x_wconf 88' lang='lat' dir='ltr'>Contemplativa</span> <span class='ocrx_word' id='word_1_579' title='bbox 3228 3615 3458 3676; x_wconf 92' lang='lat' dir='ltr'>quoque</span> <span class='ocrx_word' id='word_1_580' title='bbox 3494 3606 3548 3692; x_wconf 84' lang='lat' dir='ltr'>te</span> <span class='ocrx_word' id='word_1_581' title='bbox 3584 3599 3701 3654; x_wconf 91' lang='lat' dir='ltr'>vita</span> <span class='ocrx_word' id='word_1_582' title='bbox 3730 3594 3806 3653; x_wconf 91' lang='lat' dir='ltr'>ab</span> <span class='ocrx_word' id='word_1_583' title='bbox 3848 3596 3957 3692; x_wconf 79' lang='lat' dir='ltr'>hoc</span> 
     </span>
    </p>
   </div>
   <div class='ocr_carea' id='block_1_68' title="bbox 451 3679 3956 3773">
    <p class='ocr_par' dir='ltr' id='par_1_68' title="bbox 451 3679 3956 3773">
     <span class='ocr_line' id='line_1_68' title="bbox 451 3679 3956 3773; baseline -0.006 -32"><span class='ocrx_word' id='word_1_584' title='bbox 451 3682 727 3773; x_wconf 87' lang='lat' dir='ltr'>cessarios</span> <span class='ocrx_word' id='word_1_585' title='bbox 782 3686 1002 3773; x_wconf 68' lang='lat' dir='ltr'>motus,</span> <span class='ocrx_word' id='word_1_586' title='bbox 1070 3694 1233 3773; x_wconf 77' lang='lat' dir='ltr'>quos</span> <span class='ocrx_word' id='word_1_587' title='bbox 1276 3679 1460 3737; x_wconf 90' lang='lat' dir='ltr'>brutis</span> <span class='ocrx_word' id='word_1_588' title='bbox 1510 3680 1864 3773; x_wconf 65' lang='lat' dir='ltr'>animalibus</span> <span class='ocrx_word' id='word_1_589' title='bbox 1919 3681 2161 3773; x_wconf 80' lang='lat' dir='ltr'>indidit,</span> <span class='ocrx_word' id='word_1_590' title='bbox 2247 3703 2467 3762; x_wconf 73' lang='lat' dir='ltr'>mundo</span> <span class='ocrx_word' id='word_1_591' title='bbox 2498 3710 2791 3759; x_wconf 46' lang='lat' dir='ltr'>mortuum</span> <span class='ocrx_word' id='word_1_592' title='bbox 2829 3696 3032 3773; x_wconf 53' lang='lat' dir='ltr'>pariat,</span> <span class='ocrx_word' id='word_1_593' title='bbox 3061 3693 3156 3750; x_wconf 73' lang='lat' dir='ltr'>cui</span> <span class='ocrx_word' id='word_1_594' title='bbox 3189 3691 3356 3749; x_wconf 64' lang='lat' dir='ltr'>pater</span> <span class='ocrx_word' id='word_1_595' title='bbox 3382 3687 3746 3759; x_wconf 59' lang='lat' dir='ltr'>omnipotens</span> <span class='ocrx_word' id='word_1_596' title='bbox 3777 3682 3956 3755; x_wconf 59' lang='lat' dir='ltr'>3pm-</span> 
     </span>
    </p>
   </div>
   <div class='ocr_carea' id='block_1_69' title="bbox 452 3767 3961 3869">
    <p class='ocr_par' dir='ltr' id='par_1_69' title="bbox 452 3767 3961 3869">
     <span class='ocr_line' id='line_1_69' title="bbox 452 3767 3961 3869; baseline -0.01 -9"><span class='ocrx_word' id='word_1_597' title='bbox 452 3772 749 3869; x_wconf 57' lang='lat' dir='ltr'>homi&#39;}?m</span> <span class='ocrx_word' id='word_1_598' title='bbox 790 3768 1095 3869; x_wconf 57' lang='grc' dir='ltr'>ξδδῘῃδΓίίθΓ</span> <span class='ocrx_word' id='word_1_599' title='bbox 1128 3767 1455 3869; x_wconf 53' lang='lat' dir='ltr'>,infqrﬁmre</span> <span class='ocrx_word' id='word_1_600' title='bbox 1484 3769 1725 3869; x_wconf 32' lang='lat' dir='ltr'>cur???</span> <span class='ocrx_word' id='word_1_601' title='bbox 1784 3768 1858 3867; x_wconf 54' lang='grc' dir='ltr'>Ψ</span> <span class='ocrx_word' id='word_1_602' title='bbox 1896 3770 1975 3869; x_wconf 62' lang='grc' dir='ltr'>,ίῖξ</span> <span class='ocrx_word' id='word_1_603' title='bbox 2024 3772 2165 3844; x_wconf 71' lang='lat' dir='ltr'>iPSiS</span> <span class='ocrx_word' id='word_1_604' title='bbox 2250 3799 2377 3851; x_wconf 91' lang='lat' dir='ltr'>tum</span> <span class='ocrx_word' id='word_1_605' title='bbox 2407 3807 2531 3849; x_wconf 86' lang='lat' dir='ltr'>sua</span> <span class='ocrx_word' id='word_1_606' title='bbox 2586 3767 2998 3847; x_wconf 77' lang='lat' dir='ltr'>viviﬁcationis</span> <span class='ocrx_word' id='word_1_607' title='bbox 3051 3780 3342 3840; x_wconf 87' lang='lat' dir='ltr'>immittat.</span> <span class='ocrx_word' id='word_1_608' title='bbox 3376 3775 3445 3834; x_wconf 89' lang='lat' dir='ltr'>Et</span> <span class='ocrx_word' id='word_1_609' title='bbox 3499 3776 3607 3833; x_wconf 88' lang='lat' dir='ltr'>hoc</span> <span class='ocrx_word' id='word_1_610' title='bbox 3635 3772 3831 3839; x_wconf 90' lang='lat' dir='ltr'>modo,</span> <span class='ocrx_word' id='word_1_611' title='bbox 3857 3769 3961 3843; x_wconf 88' lang='lat' dir='ltr'>qui</span> 
     </span>
    </p>
   </div>
   <div class='ocr_carea' id='block_1_70' title="bbox 456 3855 3955 3942">
    <p class='ocr_par' dir='ltr' id='par_1_70' title="bbox 456 3855 3955 3942">
     <span class='ocr_line' id='line_1_70' title="bbox 456 3855 3955 3942; baseline -0.011 9"><span class='ocrx_word' id='word_1_612' title='bbox 456 3859 761 3936; x_wconf 62' lang='lat' dir='ltr'>pecoribus</span> <span class='ocrx_word' id='word_1_613' title='bbox 790 3858 963 3917; x_wconf 74' lang='lat' dir='ltr'>homo</span> <span class='ocrx_word' id='word_1_614' title='bbox 991 3856 1169 3930; x_wconf 54' lang='lat' dir='ltr'>p053“</span> <span class='ocrx_word' id='word_1_615' title='bbox 1205 3855 1499 3913; x_wconf 58' lang='lat' dir='ltr'>addiscere</span> <span class='ocrx_word' id='word_1_616' title='bbox 1527 3855 1669 3930; x_wconf 68' lang='lat' dir='ltr'>qnid</span> <span class='ocrx_word' id='word_1_617' title='bbox 1697 3857 1909 3915; x_wconf 61' lang='lat' dir='ltr'>imitari</span> <span class='ocrx_word' id='word_1_618' title='bbox 1941 3859 2163 3931; x_wconf 61' lang='lat' dir='ltr'>debeata</span> <span class='ocrx_word' id='word_1_619' title='bbox 2248 3883 2510 3942; x_wconf 87' lang='lat' dir='ltr'>catulum</span> <span class='ocrx_word' id='word_1_620' title='bbox 2538 3878 2725 3938; x_wconf 90' lang='lat' dir='ltr'>leonis</span> <span class='ocrx_word' id='word_1_621' title='bbox 2751 3876 2822 3934; x_wconf 90' lang='lat' dir='ltr'>de</span> <span class='ocrx_word' id='word_1_622' title='bbox 2851 3874 3006 3933; x_wconf 91' lang='lat' dir='ltr'>tribu</span> <span class='ocrx_word' id='word_1_623' title='bbox 3034 3869 3183 3930; x_wconf 86' lang='lat' dir='ltr'>Juda</span> <span class='ocrx_word' id='word_1_624' title='bbox 3215 3867 3309 3926; x_wconf 90' lang='lat' dir='ltr'>die</span> <span class='ocrx_word' id='word_1_625' title='bbox 3339 3865 3505 3924; x_wconf 86' lang='lat' dir='ltr'>tertia</span> <span class='ocrx_word' id='word_1_626' title='bbox 3548 3862 3955 3925; x_wconf 86' lang='lat' dir='ltr'>suscitaverat;</span> 
     </span>
    </p>
   </div>
   <div class='ocr_carea' id='block_1_71' title="bbox 459 3947 3959 4050">
    <p class='ocr_par' dir='ltr' id='par_1_71' title="bbox 459 3947 3959 4050">
     <span class='ocr_line' id='line_1_71' title="bbox 459 3947 3959 4050; baseline -0.006 -21"><span class='ocrx_word' id='word_1_627' title='bbox 459 3953 599 4050; x_wconf 61' lang='lat' dir='ltr'>quit!</span> <span class='ocrx_word' id='word_1_628' title='bbox 632 3967 852 4050; x_wconf 63' lang='grc' dir='ltr'>οεξγενθ»</span> <span class='ocrx_word' id='word_1_629' title='bbox 884 3950 1024 4050; x_wconf 49' lang='grc' dir='ltr'>(ψυίά</span> <span class='ocrx_word' id='word_1_630' title='bbox 1064 3950 1137 4050; x_wconf 27' lang='grc' dir='ltr'>διδ</span> <span class='ocrx_word' id='word_1_631' title='bbox 1172 3949 1256 4007; x_wconf 68' lang='lat' dir='ltr'>eis</span> <span class='ocrx_word' id='word_1_632' title='bbox 1300 3948 1556 4050; x_wconf 65' lang='grc' dir='ltr'>Ψυῖυίυξί</span> <span class='ocrx_word' id='word_1_633' title='bbox 1604 3947 1911 4050; x_wconf 58' lang='grc' dir='ltr'>δθῖυιπξίθν</span> <span class='ocrx_word' id='word_1_634' title='bbox 1960 3950 2165 4021; x_wconf 54' lang='lat' dir='ltr'>Valeat,</span> <span class='ocrx_word' id='word_1_635' title='bbox 2252 3978 2569 4045; x_wconf 90' lang='lat' dir='ltr'>tequoque</span> <span class='ocrx_word' id='word_1_636' title='bbox 2621 3967 2771 4024; x_wconf 78' lang='lat' dir='ltr'>inter</span> <span class='ocrx_word' id='word_1_637' title='bbox 2822 3963 2976 4031; x_wconf 84' lang='lat' dir='ltr'>ﬁdei,</span> <span class='ocrx_word' id='word_1_638' title='bbox 3036 3958 3157 4032; x_wconf 88' lang='lat' dir='ltr'>spei</span> <span class='ocrx_word' id='word_1_639' title='bbox 3220 3963 3276 4014; x_wconf 89' lang='lat' dir='ltr'>et</span> <span class='ocrx_word' id='word_1_640' title='bbox 3327 3952 3621 4012; x_wconf 85' lang='lat' dir='ltr'>charitatis</span> <span class='ocrx_word' id='word_1_641' title='bbox 3675 3947 3959 4009; x_wconf 85' lang='lat' dir='ltr'>triduum.</span> 
     </span>
    </p>
   </div>
   <div class='ocr_carea' id='block_1_72' title="bbox 459 4036 3957 4123">
    <p class='ocr_par' dir='ltr' id='par_1_72' title="bbox 459 4036 3957 4123">
     <span class='ocr_line' id='line_1_72' title="bbox 459 4036 3957 4123; baseline -0.002 -23"><span class='ocrx_word' id='word_1_642' title='bbox 459 4042 601 4117; x_wconf 92' lang='lat' dir='ltr'>quid</span> <span class='ocrx_word' id='word_1_643' title='bbox 646 4041 752 4099; x_wconf 91' lang='lat' dir='ltr'>rite</span> <span class='ocrx_word' id='word_1_644' title='bbox 785 4044 1113 4098; x_wconf 89' lang='lat' dir='ltr'>contemnat</span> <span class='ocrx_word' id='word_1_645' title='bbox 1141 4056 1153 4095; x_wconf 90' lang='lat'><strong>:</strong></span> <span class='ocrx_word' id='word_1_646' title='bbox 1184 4044 1470 4110; x_wconf 89' lang='lat' dir='ltr'>quatenus</span> <span class='ocrx_word' id='word_1_647' title='bbox 1507 4036 1648 4095; x_wconf 92' lang='lat' dir='ltr'>dum</span> <span class='ocrx_word' id='word_1_648' title='bbox 1679 4053 1713 4094; x_wconf 88' lang='lat' dir='ltr'>a</span> <span class='ocrx_word' id='word_1_649' title='bbox 1738 4038 1911 4095; x_wconf 88' lang='lat' dir='ltr'>rebus</span> <span class='ocrx_word' id='word_1_650' title='bbox 1939 4053 2171 4111; x_wconf 91' lang='lat' dir='ltr'>quoque</span> <span class='ocrx_word' id='word_1_651' title='bbox 2252 4036 2372 4117; x_wconf 51' lang='lat' dir='ltr'>nor}</span> <span class='ocrx_word' id='word_1_652' title='bbox 2398 4036 2643 4123; x_wconf 47' lang='lat' dir='ltr'>mando,</span> <span class='ocrx_word' id='word_1_653' title='bbox 2676 4053 2774 4112; x_wconf 65' lang='lat' dir='ltr'>sed</span> <span class='ocrx_word' id='word_1_654' title='bbox 2802 4050 2913 4110; x_wconf 67' lang='lat' dir='ltr'>sibi</span> <span class='ocrx_word' id='word_1_655' title='bbox 2942 4048 3237 4106; x_wconf 76' lang='lat' dir='ltr'>viventem</span> <span class='ocrx_word' id='word_1_656' title='bbox 3267 4041 3491 4112; x_wconf 81' lang='lat' dir='ltr'>reddat,</span> <span class='ocrx_word' id='word_1_657' title='bbox 3523 4045 3588 4097; x_wconf 95' lang='lat' dir='ltr'>ut</span> <span class='ocrx_word' id='word_1_658' title='bbox 3614 4036 3797 4094; x_wconf 86' lang='lat' dir='ltr'>libera</span> <span class='ocrx_word' id='word_1_659' title='bbox 3824 4046 3957 4091; x_wconf 89' lang='lat' dir='ltr'>cum</span> 
     </span>
    </p>
   </div>
   <div class='ocr_carea' id='block_1_73' title="bbox 459 4123 3957 4221">
    <p class='ocr_par' dir='ltr' id='par_1_73' title="bbox 459 4123 3957 4221">
     <span class='ocr_line' id='line_1_73' title="bbox 459 4123 3957 4221; baseline -0.002 -33"><span class='ocrx_word' id='word_1_660' title='bbox 459 4131 680 4188; x_wconf 87' lang='lat' dir='ltr'>ratione</span> <span class='ocrx_word' id='word_1_661' title='bbox 734 4128 1061 4186; x_wconf 83' lang='lat' dir='ltr'>carentibus</span> <span class='ocrx_word' id='word_1_662' title='bbox 1125 4128 1300 4221; x_wconf 77' lang='lat' dir='ltr'>homo</span> <span class='ocrx_word' id='word_1_663' title='bbox 1362 4126 1657 4221; x_wconf 79' lang='lat' dir='ltr'>rationalis</span> <span class='ocrx_word' id='word_1_664' title='bbox 1718 4124 2043 4194; x_wconf 88' lang='lat' dir='ltr'>instruitur,</span> <span class='ocrx_word' id='word_1_665' title='bbox 2098 4127 2169 4184; x_wconf 88' lang='lat' dir='ltr'>ad</span> <span class='ocrx_word' id='word_1_666' title='bbox 2252 4146 2525 4221; x_wconf 69' lang='grc' dir='ltr'>Αροειοιο</span> <span class='ocrx_word' id='word_1_667' title='bbox 2567 4145 2759 4203; x_wconf 62' lang='lat' dir='ltr'>valeas</span> <span class='ocrx_word' id='word_1_668' title='bbox 2805 4156 2943 4201; x_wconf 67' lang='lat' dir='ltr'>voce</span> <span class='ocrx_word' id='word_1_669' title='bbox 2984 4143 3269 4197; x_wconf 65' lang='lat' dir='ltr'>cantare;</span> <span class='ocrx_word' id='word_1_670' title='bbox 3320 4156 3341 4181; x_wconf 79' lang='grc' dir='ltr'>ι</span> <span class='ocrx_word' id='word_1_671' title='bbox 3384 4131 3531 4188; x_wconf 87' lang='lat' dir='ltr'>Vivo</span> <span class='ocrx_word' id='word_1_672' title='bbox 3572 4134 3789 4193; x_wconf 86' lang='lat' dir='ltr'>autem,</span> <span class='ocrx_word' id='word_1_673' title='bbox 3841 4123 3957 4194; x_wconf 88' lang='lat' dir='ltr'>jam</span> 
     </span>
    </p>
   </div>
   <div class='ocr_carea' id='block_1_74' title="bbox 458 4213 2170 4296">
    <p class='ocr_par' dir='ltr' id='par_1_74' title="bbox 458 4213 2170 4296">
     <span class='ocr_line' id='line_1_74' title="bbox 458 4213 2170 4296; baseline -0.002 -20"><span class='ocrx_word' id='word_1_674' title='bbox 458 4224 750 4296; x_wconf 82' lang='lat' dir='ltr'>auctorem</span> <span class='ocrx_word' id='word_1_675' title='bbox 779 4232 950 4274; x_wconf 91' lang='lat' dir='ltr'>suum</span> <span class='ocrx_word' id='word_1_676' title='bbox 984 4230 1084 4288; x_wconf 90' lang='lat' dir='ltr'>per</span> <span class='ocrx_word' id='word_1_677' title='bbox 1117 4214 1267 4272; x_wconf 85' lang='lat' dir='ltr'>viam</span> <span class='ocrx_word' id='word_1_678' title='bbox 1321 4213 1618 4286; x_wconf 88' lang='lat' dir='ltr'>sapientia</span> <span class='ocrx_word' id='word_1_679' title='bbox 1660 4220 1824 4271; x_wconf 89' lang='lat' dir='ltr'>caute</span> <span class='ocrx_word' id='word_1_680' title='bbox 1857 4229 2084 4286; x_wconf 91' lang='lat' dir='ltr'>semper</span> <span class='ocrx_word' id='word_1_681' title='bbox 2117 4223 2170 4273; x_wconf 87' lang='lat' dir='ltr'>et</span> 
     </span>
    </p>
   </div>
   <div class='ocr_carea' id='block_1_75' title="bbox 460 4298 2172 4374">
    <p class='ocr_par' dir='ltr' id='par_1_75' title="bbox 460 4298 2172 4374">
     <span class='ocr_line' id='line_1_75' title="bbox 460 4298 2172 4374; baseline -0.001 -12"><span class='ocrx_word' id='word_1_682' title='bbox 460 4304 744 4363; x_wconf 81' lang='lat' dir='ltr'>inoﬂ‘enso</span> <span class='ocrx_word' id='word_1_683' title='bbox 787 4303 1014 4360; x_wconf 91' lang='lat' dir='ltr'>tramite</span> <span class='ocrx_word' id='word_1_684' title='bbox 1057 4301 1372 4373; x_wconf 87' lang='lat' dir='ltr'>gradiatur.</span> <span class='ocrx_word' id='word_1_685' title='bbox 1408 4298 1518 4358; x_wconf 91' lang='lat' dir='ltr'>Sed</span> <span class='ocrx_word' id='word_1_686' title='bbox 1560 4307 1624 4358; x_wconf 92' lang='lat' dir='ltr'>ut</span> <span class='ocrx_word' id='word_1_687' title='bbox 1674 4300 1956 4374; x_wconf 91' lang='lat' dir='ltr'>liquidius</span> <span class='ocrx_word' id='word_1_688' title='bbox 1986 4302 2172 4361; x_wconf 90' lang='lat' dir='ltr'>valeat</span> 
     </span>
    </p>
   </div>
   <div class='ocr_carea' id='block_1_76' title="bbox 460 4388 2169 4465">
    <p class='ocr_par' dir='ltr' id='par_1_76' title="bbox 460 4388 2169 4465">
     <span class='ocr_line' id='line_1_76' title="bbox 460 4388 2169 4465; baseline -0.001 -14"><span class='ocrx_word' id='word_1_689' title='bbox 460 4392 686 4451; x_wconf 91' lang='lat' dir='ltr'>elucere</span> <span class='ocrx_word' id='word_1_690' title='bbox 730 4391 885 4464; x_wconf 92' lang='lat' dir='ltr'>quod</span> <span class='ocrx_word' id='word_1_691' title='bbox 936 4389 1250 4464; x_wconf 88' lang='lat' dir='ltr'>loquimur,</span> <span class='ocrx_word' id='word_1_692' title='bbox 1283 4402 1399 4445; x_wconf 91' lang='lat' dir='ltr'>non</span> <span class='ocrx_word' id='word_1_693' title='bbox 1446 4403 1759 4460; x_wconf 88' lang='lat' dir='ltr'>gravemur</span> <span class='ocrx_word' id='word_1_694' title='bbox 1810 4388 2033 4465; x_wconf 88' lang='lat' dir='ltr'>aliquas</span> <span class='ocrx_word' id='word_1_695' title='bbox 2075 4391 2169 4450; x_wconf 91' lang='lat' dir='ltr'>hic</span> 
     </span>
    </p>
   </div>
   <div class='ocr_carea' id='block_1_77' title="bbox 459 4474 2170 4549">
    <p class='ocr_par' dir='ltr' id='par_1_77' title="bbox 459 4474 2170 4549">
     <span class='ocr_line' id='line_1_77' title="bbox 459 4474 2170 4549; baseline 0 -12"><span class='ocrx_word' id='word_1_696' title='bbox 459 4477 805 4537; x_wconf 89' lang='lat' dir='ltr'>animalium</span> <span class='ocrx_word' id='word_1_697' title='bbox 870 4484 1107 4535; x_wconf 89' lang='lat' dir='ltr'>naturas</span> <span class='ocrx_word' id='word_1_698' title='bbox 1162 4490 1490 4549; x_wconf 81' lang='lat' dir='ltr'>apponere;</span> <span class='ocrx_word' id='word_1_699' title='bbox 1535 4481 1590 4532; x_wconf 90' lang='lat' dir='ltr'>et</span> <span class='ocrx_word' id='word_1_700' title='bbox 1656 4474 1904 4548; x_wconf 89' lang='lat' dir='ltr'>qualiter</span> <span class='ocrx_word' id='word_1_701' title='bbox 1960 4478 2170 4537; x_wconf 88' lang='lat' dir='ltr'>huma-</span> 
     </span>
    </p>
   </div>
   <div class='ocr_carea' id='block_1_78' title="bbox 459 4564 2169 4641">
    <p class='ocr_par' dir='ltr' id='par_1_78' title="bbox 459 4564 2169 4641">
     <span class='ocr_line' id='line_1_78' title="bbox 459 4564 2169 4641; baseline -0.001 -14"><span class='ocrx_word' id='word_1_702' title='bbox 459 4568 550 4627; x_wconf 91' lang='lat' dir='ltr'>nis</span> <span class='ocrx_word' id='word_1_703' title='bbox 591 4573 911 4638; x_wconf 78' lang='lat' dir='ltr'>rongruant</span> <span class='ocrx_word' id='word_1_704' title='bbox 961 4566 1238 4641; x_wconf 83' lang='lat' dir='ltr'>moribus,</span> <span class='ocrx_word' id='word_1_705' title='bbox 1275 4564 1536 4634; x_wconf 87' lang='lat' dir='ltr'>strictim,</span> <span class='ocrx_word' id='word_1_706' title='bbox 1581 4580 1652 4623; x_wconf 90' lang='lat' dir='ltr'>ac</span> <span class='ocrx_word' id='word_1_707' title='bbox 1696 4572 1867 4638; x_wconf 91' lang='lat' dir='ltr'>prout</span> <span class='ocrx_word' id='word_1_708' title='bbox 1898 4567 2169 4641; x_wconf 90' lang='lat' dir='ltr'>epistola-</span> 
     </span>
    </p>
   </div>
   <div class='ocr_carea' id='block_1_79' title="bbox 462 4654 2169 4729">
    <p class='ocr_par' dir='ltr' id='par_1_79' title="bbox 462 4654 2169 4729">
     <span class='ocr_line' id='line_1_79' title="bbox 462 4654 2169 4729; baseline -0.001 -11"><span class='ocrx_word' id='word_1_709' title='bbox 462 4660 542 4718; x_wconf 91' lang='lat' dir='ltr'>ris</span> <span class='ocrx_word' id='word_1_710' title='bbox 581 4656 831 4716; x_wconf 79' lang='lat' dir='ltr'>brcvitas</span> <span class='ocrx_word' id='word_1_711' title='bbox 874 4658 1108 4729; x_wconf 85' lang='lat' dir='ltr'>patitur,</span> <span class='ocrx_word' id='word_1_712' title='bbox 1166 4654 1415 4713; x_wconf 87' lang='lat' dir='ltr'>breviter</span> <span class='ocrx_word' id='word_1_713' title='bbox 1465 4654 1755 4712; x_wconf 89' lang='lat' dir='ltr'>intimare.</span> <span class='ocrx_word' id='word_1_714' title='bbox 1818 4654 1932 4713; x_wconf 86' lang='lat' dir='ltr'>Nec</span> <span class='ocrx_word' id='word_1_715' title='bbox 1979 4664 2169 4717; x_wconf 90' lang='lat' dir='ltr'>tamen</span> 
     </span>
    </p>
   </div>
   <div class='ocr_carea' id='block_1_80' title="bbox 459 4744 2171 4821">
    <p class='ocr_par' dir='ltr' id='par_1_80' title="bbox 459 4744 2171 4821">
     <span class='ocr_line' id='line_1_80' title="bbox 459 4744 2171 4821; baseline -0.002 -13"><span class='ocrx_word' id='word_1_716' title='bbox 459 4757 524 4808; x_wconf 89' lang='lat' dir='ltr'>ut</span> <span class='ocrx_word' id='word_1_717' title='bbox 552 4747 773 4821; x_wconf 84' lang='lat' dir='ltr'>experti</span> <span class='ocrx_word' id='word_1_718' title='bbox 805 4746 990 4805; x_wconf 88' lang='lat' dir='ltr'>simus</span> <span class='ocrx_word' id='word_1_719' title='bbox 1035 4745 1367 4819; x_wconf 88' lang='lat' dir='ltr'>hujusmodi</span> <span class='ocrx_word' id='word_1_720' title='bbox 1420 4744 1585 4802; x_wconf 90' lang='lat' dir='ltr'>nobis</span> <span class='ocrx_word' id='word_1_721' title='bbox 1632 4744 1894 4819; x_wconf 81' lang='lat' dir='ltr'>peritiam</span> <span class='ocrx_word' id='word_1_722' title='bbox 1939 4762 2171 4821; x_wconf 83' lang='lat' dir='ltr'>arroga-</span> 
     </span>
    </p>
   </div>
   <div class='ocr_carea' id='block_1_81' title="bbox 460 4833 2173 4908">
    <p class='ocr_par' dir='ltr' id='par_1_81' title="bbox 460 4833 2173 4908">
     <span class='ocr_line' id='line_1_81' title="bbox 460 4833 2173 4908; baseline 0.001 -13"><span class='ocrx_word' id='word_1_723' title='bbox 460 4853 636 4903; x_wconf 91' lang='lat' dir='ltr'>mus;</span> <span class='ocrx_word' id='word_1_724' title='bbox 670 4835 769 4893; x_wconf 92' lang='lat' dir='ltr'>sed</span> <span class='ocrx_word' id='word_1_725' title='bbox 822 4835 883 4893; x_wconf 92' lang='lat' dir='ltr'>id</span> <span class='ocrx_word' id='word_1_726' title='bbox 937 4834 1221 4892; x_wconf 87' lang='lat' dir='ltr'>duntaxat</span> <span class='ocrx_word' id='word_1_727' title='bbox 1269 4833 1423 4908; x_wconf 91' lang='lat' dir='ltr'>quod</span> <span class='ocrx_word' id='word_1_728' title='bbox 1470 4833 1544 4892; x_wconf 91' lang='lat' dir='ltr'>ab</span> <span class='ocrx_word' id='word_1_729' title='bbox 1598 4833 1689 4893; x_wconf 92' lang='lat' dir='ltr'>his</span> <span class='ocrx_word' id='word_1_730' title='bbox 1739 4835 1843 4908; x_wconf 90' lang='lat' dir='ltr'>qui</span> <span class='ocrx_word' id='word_1_731' title='bbox 1892 4836 2173 4897; x_wconf 89' lang='lat' dir='ltr'>rimandis</span> 
     </span>
    </p>
   </div>
   <div class='ocr_carea' id='block_1_82' title="bbox 459 4922 2174 4990">
    <p class='ocr_par' dir='ltr' id='par_1_82' title="bbox 459 4922 2174 4990">
     <span class='ocr_line' id='line_1_82' title="bbox 459 4922 2174 4990; baseline 0.001 -8"><span class='ocrx_word' id='word_1_732' title='bbox 459 4939 656 4983; x_wconf 90' lang='lat' dir='ltr'>rerum</span> <span class='ocrx_word' id='word_1_733' title='bbox 709 4923 1057 4981; x_wconf 89' lang='lat' dir='ltr'>insudavere</span> <span class='ocrx_word' id='word_1_734' title='bbox 1094 4924 1337 4990; x_wconf 87' lang='lat' dir='ltr'>naturis,</span> <span class='ocrx_word' id='word_1_735' title='bbox 1370 4922 1537 4981; x_wconf 91' lang='lat' dir='ltr'>nobis</span> <span class='ocrx_word' id='word_1_736' title='bbox 1582 4930 1668 4980; x_wconf 89' lang='lat' dir='ltr'>est</span> <span class='ocrx_word' id='word_1_737' title='bbox 1720 4924 1987 4983; x_wconf 91' lang='lat' dir='ltr'>traditum</span> <span class='ocrx_word' id='word_1_738' title='bbox 2018 4925 2174 4983; x_wconf 90' lang='lat' dir='ltr'>indi-</span> 
     </span>
    </p>
   </div>
   <div class='ocr_carea' id='block_1_83' title="bbox 459 5012 2175 5088">
    <p class='ocr_par' dir='ltr' id='par_1_83' title="bbox 459 5012 2175 5088">
     <span class='ocr_line' id='line_1_83' title="bbox 459 5012 2175 5088; baseline 0 -15"><span class='ocrx_word' id='word_1_739' title='bbox 459 5030 653 5073; x_wconf 90' lang='lat' dir='ltr'>scusse</span> <span class='ocrx_word' id='word_1_740' title='bbox 682 5020 739 5071; x_wconf 91' lang='lat' dir='ltr'>et</span> <span class='ocrx_word' id='word_1_741' title='bbox 762 5012 1252 5072; x_wconf 85' lang='lat' dir='ltr'>irretractabiliter</span> <span class='ocrx_word' id='word_1_742' title='bbox 1274 5012 1606 5087; x_wconf 88' lang='lat' dir='ltr'>judicamus</span> <span class='ocrx_word' id='word_1_743' title='bbox 1644 5015 1855 5072; x_wconf 89' lang='lat' dir='ltr'>nostris</span> <span class='ocrx_word' id='word_1_744' title='bbox 1881 5014 2175 5088; x_wconf 85' lang='lat' dir='ltr'>Opusculis</span> 
     </span>
    </p>
   </div>
   <div class='ocr_carea' id='block_1_84' title="bbox 459 5100 859 5161">
    <p class='ocr_par' dir='ltr' id='par_1_84' title="bbox 459 5100 859 5161">
     <span class='ocr_line' id='line_1_84' title="bbox 459 5100 859 5161; baseline -0.018 0"><span class='ocrx_word' id='word_1_745' title='bbox 459 5100 859 5161; x_wconf 90' lang='lat' dir='ltr'>inserendum.</span> 
     </span>
    </p>
   </div>
   <div class='ocr_carea' id='block_1_85' title="bbox 1035 5176 1601 5237">
    <p class='ocr_par' dir='ltr' id='par_1_85' title="bbox 1035 5176 1601 5237">
     <span class='ocr_line' id='line_1_85' title="bbox 1035 5176 1601 5237; baseline 0 -2"><span class='ocrx_word' id='word_1_746' title='bbox 1035 5176 1181 5235; x_wconf 85' lang='lat'>807</span> <span class='ocrx_word' id='word_1_747' title='bbox 1214 5177 1458 5237; x_wconf 80' lang='lat' dir='ltr'><strong>CAPUT</strong></span> <span class='ocrx_word' id='word_1_748' title='bbox 1497 5177 1601 5236; x_wconf 89' lang='lat' dir='ltr'>III.</span> 
     </span>
    </p>
   </div>
   <div class='ocr_carea' id='block_1_86' title="bbox 1056 5286 1579 5342">
    <p class='ocr_par' dir='ltr' id='par_1_86' title="bbox 1056 5286 1579 5342">
     <span class='ocr_line' id='line_1_86' title="bbox 1056 5286 1579 5342; baseline -0.002 0"><span class='ocrx_word' id='word_1_749' title='bbox 1056 5289 1133 5342; x_wconf 86' lang='lat' dir='ltr'>De</span> <span class='ocrx_word' id='word_1_750' title='bbox 1159 5290 1363 5341; x_wconf 84' lang='lat' dir='ltr'>natura</span> <span class='ocrx_word' id='word_1_751' title='bbox 1392 5286 1579 5341; x_wconf 80' lang='lat' dir='ltr'>leonis.</span> 
     </span>
    </p>
   </div>
   <div class='ocr_carea' id='block_1_87' title="bbox 533 5391 2170 5466">
    <p class='ocr_par' dir='ltr' id='par_1_87' title="bbox 533 5391 2170 5466">
     <span class='ocr_line' id='line_1_87' title="bbox 533 5391 2170 5466; baseline -0.002 -14"><span class='ocrx_word' id='word_1_752' title='bbox 533 5395 647 5452; x_wconf 91' lang='lat' dir='ltr'>Leo</span> <span class='ocrx_word' id='word_1_753' title='bbox 702 5394 917 5466; x_wconf 90' lang='lat' dir='ltr'>itaque,</span> <span class='ocrx_word' id='word_1_754' title='bbox 975 5407 1112 5449; x_wconf 90' lang='lat' dir='ltr'>cum</span> <span class='ocrx_word' id='word_1_755' title='bbox 1165 5392 1239 5449; x_wconf 90' lang='lat' dir='ltr'>sit</span> <span class='ocrx_word' id='word_1_756' title='bbox 1286 5391 1637 5450; x_wconf 85' lang='lat' dir='ltr'>fortissimus</span> <span class='ocrx_word' id='word_1_757' title='bbox 1688 5391 2025 5461; x_wconf 88' lang='lat' dir='ltr'>bestiarum,</span> <span class='ocrx_word' id='word_1_758' title='bbox 2085 5405 2170 5459; x_wconf 91' lang='lat' dir='ltr'>ac,</span> 
     </span>
    </p>
   </div>
   <div class='ocr_carea' id='block_1_88' title="bbox 465 5479 2175 5554">
    <p class='ocr_par' dir='ltr' id='par_1_88' title="bbox 465 5479 2175 5554">
     <span class='ocr_line' id='line_1_88' title="bbox 465 5479 2175 5554; baseline -0.002 -15"><span class='ocrx_word' id='word_1_759' title='bbox 465 5479 761 5553; x_wconf 88' lang='lat' dir='ltr'>Scriptura</span> <span class='ocrx_word' id='word_1_760' title='bbox 818 5487 976 5551; x_wconf 91' lang='lat' dir='ltr'>teste,</span> <span class='ocrx_word' id='word_1_761' title='bbox 1038 5479 1265 5539; x_wconf 88' lang='lat' dir='ltr'>nullius</span> <span class='ocrx_word' id='word_1_762' title='bbox 1316 5488 1582 5554; x_wconf 87' lang='lat' dir='ltr'>pavescat</span> <span class='ocrx_word' id='word_1_763' title='bbox 1636 5494 1940 5538; x_wconf 88' lang='lat' dir='ltr'>occursum</span> <span class='ocrx_word' id='word_1_764' title='bbox 1990 5481 2175 5548; x_wconf 81' lang='lat' dir='ltr'>(Prov.</span> 
     </span>
    </p>
   </div>
   <div class='ocr_carea' id='block_1_89' title="bbox 465 5568 2178 5643">
    <p class='ocr_par' dir='ltr' id='par_1_89' title="bbox 465 5568 2178 5643">
     <span class='ocr_line' id='line_1_89' title="bbox 465 5568 2178 5643; baseline -0.002 -14"><span class='ocrx_word' id='word_1_765' title='bbox 465 5574 639 5640; x_wconf 88' lang='lat' dir='ltr'><strong>XXX),</strong></span> <span class='ocrx_word' id='word_1_766' title='bbox 685 5569 914 5628; x_wconf 86' lang='lat' dir='ltr'>videtur</span> <span class='ocrx_word' id='word_1_767' title='bbox 954 5571 1129 5628; x_wconf 89' lang='lat' dir='ltr'>etiam</span> <span class='ocrx_word' id='word_1_768' title='bbox 1185 5570 1469 5630; x_wconf 85' lang='lat' dir='ltr'>naturalis</span> <span class='ocrx_word' id='word_1_769' title='bbox 1510 5570 1720 5629; x_wconf 88' lang='lat' dir='ltr'>habere</span> <span class='ocrx_word' id='word_1_770' title='bbox 1755 5568 2178 5643; x_wconf 87' lang='lat' dir='ltr'>quodammodo</span> 
     </span>
    </p>
   </div>
   <div class='ocr_carea' id='block_1_90' title="bbox 469 5659 2176 5734">
    <p class='ocr_par' dir='ltr' id='par_1_90' title="bbox 469 5659 2176 5734">
     <span class='ocr_line' id='line_1_90' title="bbox 469 5659 2176 5734; baseline -0.003 -14"><span class='ocrx_word' id='word_1_771' title='bbox 469 5660 806 5720; x_wconf 83' lang='lat' dir='ltr'>subtilitatis</span> <span class='ocrx_word' id='word_1_772' title='bbox 833 5661 1158 5734; x_wconf 88' lang='lat' dir='ltr'>ingenium.</span> <span class='ocrx_word' id='word_1_773' title='bbox 1204 5660 1353 5719; x_wconf 88' lang='lat' dir='ltr'>Nam</span> <span class='ocrx_word' id='word_1_774' title='bbox 1382 5675 1517 5721; x_wconf 90' lang='lat' dir='ltr'>cum</span> <span class='ocrx_word' id='word_1_775' title='bbox 1544 5675 1581 5718; x_wconf 87' lang='lat' dir='ltr'>a</span> <span class='ocrx_word' id='word_1_776' title='bbox 1614 5659 1984 5721; x_wconf 87' lang='lat' dir='ltr'>venatoribus</span> <span class='ocrx_word' id='word_1_777' title='bbox 2009 5672 2176 5734; x_wconf 85' lang='lat' dir='ltr'>qua-</span> 
     </span>
    </p>
   </div>
   <div class='ocr_carea' id='block_1_91' title="bbox 2253 4215 3773 4321">
    <p class='ocr_par' dir='ltr' id='par_1_91' title="bbox 2253 4215 3773 4321">
     <span class='ocr_line' id='line_1_91' title="bbox 2253 4215 3773 4321; baseline -0.017 -27"><span class='ocrx_word' id='word_1_778' title='bbox 2253 4215 2371 4294; x_wconf 79' lang='lat' dir='ltr'>non</span> <span class='ocrx_word' id='word_1_779' title='bbox 2401 4248 2528 4307; x_wconf 85' lang='lat' dir='ltr'>ego,</span> <span class='ocrx_word' id='word_1_780' title='bbox 2561 4231 2708 4290; x_wconf 89' lang='lat' dir='ltr'>vivit</span> <span class='ocrx_word' id='word_1_781' title='bbox 2735 4243 2871 4288; x_wconf 91' lang='lat' dir='ltr'>vero</span> <span class='ocrx_word' id='word_1_782' title='bbox 2896 4230 2956 4285; x_wconf 90' lang='lat' dir='ltr'>in</span> <span class='ocrx_word' id='word_1_783' title='bbox 2990 4239 3081 4284; x_wconf 91' lang='lat' dir='ltr'>me</span> <span class='ocrx_word' id='word_1_784' title='bbox 3110 4221 3374 4282; x_wconf 89' lang='lat' dir='ltr'>Christus</span> <span class='ocrx_word' id='word_1_785' title='bbox 3406 4218 3612 4321; x_wconf 56' lang='lat' dir='ltr'>(Galat.</span> <span class='ocrx_word' id='word_1_786' title='bbox 3642 4215 3723 4285; x_wconf 89' lang='lat' dir='ltr'><strong>II).</strong></span> <span class='ocrx_word' id='word_1_787' title='bbox 3749 4233 3773 4260; x_wconf 78' lang='grc' dir='ltr'><strong>ο</strong></span> 
     </span>
    </p>
   </div>
   <div class='ocr_carea' id='block_1_92' title="bbox 2912 4363 3279 4428">
    <p class='ocr_par' dir='ltr' id='par_1_92' title="bbox 2912 4363 3279 4428">
     <span class='ocr_line' id='line_1_92' title="bbox 2912 4363 3279 4428; baseline -0.019 0"><span class='ocrx_word' id='word_1_788' title='bbox 2912 4365 3153 4428; x_wconf 86' lang='lat' dir='ltr'>CAPUT</span> <span class='ocrx_word' id='word_1_789' title='bbox 3181 4363 3279 4423; x_wconf 88' lang='lat' dir='ltr'>IV.</span> 
     </span>
    </p>
   </div>
   <div class='ocr_carea' id='block_1_93' title="bbox 2890 4476 3307 4545">
    <p class='ocr_par' dir='ltr' id='par_1_93' title="bbox 2890 4476 3307 4545">
     <span class='ocr_line' id='line_1_93' title="bbox 2890 4476 3307 4545; baseline -0.022 -10"><span class='ocrx_word' id='word_1_790' title='bbox 2890 4483 2967 4536; x_wconf 87' lang='lat' dir='ltr'>De</span> <span class='ocrx_word' id='word_1_791' title='bbox 2992 4476 3307 4545; x_wconf 84' lang='lat' dir='ltr'>authalopo.</span> 
     </span>
    </p>
   </div>
   <div class='ocr_carea' id='block_1_94' title="bbox 2324 4573 3959 4666">
    <p class='ocr_par' dir='ltr' id='par_1_94' title="bbox 2324 4573 3959 4666">
     <span class='ocr_line' id='line_1_94' title="bbox 2324 4573 3959 4666; baseline -0.023 -10"><span class='ocrx_word' id='word_1_792' title='bbox 2324 4593 2717 4666; x_wconf 80' lang='lat' dir='ltr'>Authalopum</span> <span class='ocrx_word' id='word_1_793' title='bbox 2748 4583 3036 4662; x_wconf 88' lang='lat' dir='ltr'>[antaplon</span> <span class='ocrx_word' id='word_1_794' title='bbox 3088 4578 3184 4638; x_wconf 90' lang='lat' dir='ltr'>vel</span> <span class='ocrx_word' id='word_1_795' title='bbox 3227 4573 3748 4666; x_wconf 59' lang='lat' dir='ltr'>aptalonjquoque</span> <span class='ocrx_word' id='word_1_796' title='bbox 3793 4579 3959 4666; x_wconf 81' lang='lat' dir='ltr'>acer-</span> 
     </span>
    </p>
   </div>
   <div class='ocr_carea' id='block_1_95' title="bbox 2252 4659 3961 4745">
    <p class='ocr_par' dir='ltr' id='par_1_95' title="bbox 2252 4659 3961 4745">
     <span class='ocr_line' id='line_1_95' title="bbox 2252 4659 3961 4745; baseline -0.022 1"><span class='ocrx_word' id='word_1_797' title='bbox 2252 4686 2465 4745; x_wconf 90' lang='lat' dir='ltr'>rimum</span> <span class='ocrx_word' id='word_1_798' title='bbox 2505 4659 2680 4741; x_wconf 84' lang='lat' dir='ltr'>nimis</span> <span class='ocrx_word' id='word_1_799' title='bbox 2708 4659 2765 4736; x_wconf 82' lang='lat' dir='ltr'>et</span> <span class='ocrx_word' id='word_1_800' title='bbox 2802 4675 3118 4733; x_wconf 83' lang='lat' dir='ltr'>violentum</span> <span class='ocrx_word' id='word_1_801' title='bbox 3166 4675 3250 4726; x_wconf 86' lang='lat' dir='ltr'>est</span> <span class='ocrx_word' id='word_1_802' title='bbox 3290 4661 3529 4729; x_wconf 89' lang='lat' dir='ltr'>animal,</span> <span class='ocrx_word' id='word_1_803' title='bbox 3557 4659 3700 4717; x_wconf 88' lang='lat' dir='ltr'>adeo</span> <span class='ocrx_word' id='word_1_804' title='bbox 3747 4662 3813 4714; x_wconf 91' lang='lat' dir='ltr'>ut</span> <span class='ocrx_word' id='word_1_805' title='bbox 3858 4668 3961 4712; x_wconf 90' lang='lat' dir='ltr'>nec</span> 
     </span>
    </p>
   </div>
   <div class='ocr_carea' id='block_1_96' title="bbox 2254 4750 3960 4833">
    <p class='ocr_par' dir='ltr' id='par_1_96' title="bbox 2254 4750 3960 4833">
     <span class='ocr_line' id='line_1_96' title="bbox 2254 4750 3960 4833; baseline -0.021 0"><span class='ocrx_word' id='word_1_806' title='bbox 2254 4774 2341 4832; x_wconf 90' lang='lat' dir='ltr'>illi</span> <span class='ocrx_word' id='word_1_807' title='bbox 2372 4779 2606 4831; x_wconf 87' lang='lat' dir='ltr'>venator</span> <span class='ocrx_word' id='word_1_808' title='bbox 2640 4765 2928 4833; x_wconf 89' lang='lat' dir='ltr'>accedere,</span> <span class='ocrx_word' id='word_1_809' title='bbox 2976 4776 3085 4819; x_wconf 89' lang='lat' dir='ltr'>nec</span> <span class='ocrx_word' id='word_1_810' title='bbox 3127 4763 3455 4832; x_wconf 90' lang='lat' dir='ltr'>persecutor</span> <span class='ocrx_word' id='word_1_811' title='bbox 3502 4750 3810 4823; x_wconf 87' lang='lat' dir='ltr'>quisquam</span> <span class='ocrx_word' id='word_1_812' title='bbox 3857 4758 3960 4833; x_wconf 85' lang='lat' dir='ltr'>au-</span> 
     </span>
    </p>
   </div>
   <div class='ocr_carea' id='block_1_97' title="bbox 2255 4830 3961 4935">
    <p class='ocr_par' dir='ltr' id='par_1_97' title="bbox 2255 4830 3961 4935">
     <span class='ocr_line' id='line_1_97' title="bbox 2255 4830 3961 4935; baseline -0.022 -11"><span class='ocrx_word' id='word_1_813' title='bbox 2255 4830 2382 4923; x_wconf 82' lang='lat' dir='ltr'>deat</span> <span class='ocrx_word' id='word_1_814' title='bbox 2437 4859 2840 4935; x_wconf 87' lang='lat' dir='ltr'>propinquare.</span> <span class='ocrx_word' id='word_1_815' title='bbox 2891 4830 3075 4908; x_wconf 79' lang='lat' dir='ltr'>Habet</span> <span class='ocrx_word' id='word_1_816' title='bbox 3130 4830 3358 4935; x_wconf 24' lang='lat' dir='ltr'>autem-</span> <span class='ocrx_word' id='word_1_817' title='bbox 3398 4842 3567 4912; x_wconf 84' lang='lat' dir='ltr'>longa</span> <span class='ocrx_word' id='word_1_818' title='bbox 3624 4847 3847 4935; x_wconf 79' lang='lat' dir='ltr'>cornua</span> <span class='ocrx_word' id='word_1_819' title='bbox 3902 4830 3961 4888; x_wconf 91' lang='lat' dir='ltr'>in</span> 
     </span>
    </p>
   </div>
   <div class='ocr_carea' id='block_1_98' title="bbox 2255 4926 3962 5013">
    <p class='ocr_par' dir='ltr' id='par_1_98' title="bbox 2255 4926 3962 5013">
     <span class='ocr_line' id='line_1_98' title="bbox 2255 4926 3962 5013; baseline -0.021 -1"><span class='ocrx_word' id='word_1_820' title='bbox 2255 4926 2896 5013; x_wconf 43' lang='lat' dir='ltr'>serra&#39;similitudinem</span> <span class='ocrx_word' id='word_1_821' title='bbox 2925 4941 3185 5012; x_wconf 87' lang='lat' dir='ltr'>ﬁgurata,</span> <span class='ocrx_word' id='word_1_822' title='bbox 3238 4932 3453 5008; x_wconf 78' lang='lat' dir='ltr'>quibus</span> <span class='ocrx_word' id='word_1_823' title='bbox 3502 4926 3783 5013; x_wconf 88' lang='lat' dir='ltr'>nimirum</span> <span class='ocrx_word' id='word_1_824' title='bbox 3814 4935 3962 4995; x_wconf 81' lang='lat' dir='ltr'>pra-</span> 
     </span>
    </p>
   </div>
   <div class='ocr_carea' id='block_1_99' title="bbox 2255 5012 3960 5117">
    <p class='ocr_par' dir='ltr' id='par_1_99' title="bbox 2255 5012 3960 5117">
     <span class='ocr_line' id='line_1_99' title="bbox 2255 5012 3960 5117; baseline -0.021 -17"><span class='ocrx_word' id='word_1_825' title='bbox 2255 5038 2499 5117; x_wconf 90' lang='lat' dir='ltr'>grandia</span> <span class='ocrx_word' id='word_1_826' title='bbox 2547 5035 2735 5094; x_wconf 72' lang='lat' dir='ltr'>valeat</span> <span class='ocrx_word' id='word_1_827' title='bbox 2784 5030 3020 5088; x_wconf 89' lang='lat' dir='ltr'>arbusta</span> <span class='ocrx_word' id='word_1_828' title='bbox 3065 5038 3275 5091; x_wconf 87' lang='lat' dir='ltr'>secare,</span> <span class='ocrx_word' id='word_1_829' title='bbox 3327 5028 3613 5117; x_wconf 66' lang='lat' dir='ltr'>terraque</span> <span class='ocrx_word' id='word_1_830' title='bbox 3657 5012 3960 5117; x_wconf 56' lang='lat' dir='ltr'>deponere.</span> 
     </span>
    </p>
   </div>
   <div class='ocr_carea' id='block_1_100' title="bbox 2252 5095 3965 5189">
    <p class='ocr_par' dir='ltr' id='par_1_100' title="bbox 2252 5095 3965 5189">
     <span class='ocr_line' id='line_1_100' title="bbox 2252 5095 3965 5189; baseline -0.02 -1"><span class='ocrx_word' id='word_1_831' title='bbox 2252 5095 2568 5187; x_wconf 52' lang='lat' dir='ltr'>Eun—Ivem</span> <span class='ocrx_word' id='word_1_832' title='bbox 2609 5120 2835 5189; x_wconf 89' lang='lat' dir='ltr'>sitierit,</span> <span class='ocrx_word' id='word_1_833' title='bbox 2889 5114 3131 5175; x_wconf 90' lang='lat' dir='ltr'>veniens</span> <span class='ocrx_word' id='word_1_834' title='bbox 3174 5111 3247 5170; x_wconf 93' lang='lat' dir='ltr'>ad</span> <span class='ocrx_word' id='word_1_835' title='bbox 3291 5108 3645 5182; x_wconf 88' lang='lat' dir='ltr'>Euphratem</span> <span class='ocrx_word' id='word_1_836' title='bbox 3682 5095 3965 5189; x_wconf 22' lang='lat' dir='ltr'>808nm-</span> 
     </span>
    </p>
   </div>
   <div class='ocr_carea' id='block_1_101' title="bbox 2253 5186 3967 5287">
    <p class='ocr_par' dir='ltr' id='par_1_101' title="bbox 2253 5186 3967 5287">
     <span class='ocr_line' id='line_1_101' title="bbox 2253 5186 3967 5287; baseline -0.019 -12"><span class='ocrx_word' id='word_1_837' title='bbox 2253 5186 2339 5275; x_wconf 85' lang='lat' dir='ltr'>bit</span> <span class='ocrx_word' id='word_1_838' title='bbox 2372 5233 2385 5273; x_wconf 89' lang='lat'>:</span> <span class='ocrx_word' id='word_1_839' title='bbox 2422 5227 2594 5287; x_wconf 89' lang='lat' dir='ltr'>prope</span> <span class='ocrx_word' id='word_1_840' title='bbox 2659 5186 2834 5284; x_wconf 89' lang='lat' dir='ltr'>quem</span> <span class='ocrx_word' id='word_1_841' title='bbox 2880 5202 3148 5263; x_wconf 84' lang='lat' dir='ltr'>videlicet</span> <span class='ocrx_word' id='word_1_842' title='bbox 3192 5198 3444 5257; x_wconf 89' lang='lat' dir='ltr'>ﬂuvium</span> <span class='ocrx_word' id='word_1_843' title='bbox 3499 5194 3693 5287; x_wconf 80' lang='lat' dir='ltr'>frutex</span> <span class='ocrx_word' id='word_1_844' title='bbox 3730 5186 3967 5287; x_wconf 70' lang='lat' dir='ltr'>quidam</span> 
     </span>
    </p>
   </div>
   <div class='ocr_carea' id='block_1_102' title="bbox 2254 5274 3966 5373">
    <p class='ocr_par' dir='ltr' id='par_1_102' title="bbox 2254 5274 3966 5373">
     <span class='ocr_line' id='line_1_102' title="bbox 2254 5274 3966 5373; baseline -0.02 -11"><span class='ocrx_word' id='word_1_845' title='bbox 2254 5274 2544 5366; x_wconf 46' lang='lat' dir='ltr'>nascitur:</span> <span class='ocrx_word' id='word_1_846' title='bbox 2567 5274 2946 5373; x_wconf 42' lang='lat' dir='ltr'>qui-Gericine</span> <span class='ocrx_word' id='word_1_847' title='bbox 2986 5287 3268 5348; x_wconf 89' lang='lat' dir='ltr'>vocabulo</span> <span class='ocrx_word' id='word_1_848' title='bbox 3301 5285 3694 5354; x_wconf 88' lang='lat' dir='ltr'>nuncupatur,</span> <span class='ocrx_word' id='word_1_849' title='bbox 3752 5274 3966 5332; x_wconf 84' lang='lat' dir='ltr'>habens</span> 
     </span>
    </p>
   </div>
   <div class='ocr_carea' id='block_1_103' title="bbox 2254 5368 3962 5466">
    <p class='ocr_par' dir='ltr' id='par_1_103' title="bbox 2254 5368 3962 5466">
     <span class='ocr_line' id='line_1_103' title="bbox 2254 5368 3962 5466; baseline -0.02 -14"><span class='ocrx_word' id='word_1_850' title='bbox 2254 5392 2511 5466; x_wconf 88' lang='lat' dir='ltr'>virgulta</span> <span class='ocrx_word' id='word_1_851' title='bbox 2545 5368 2780 5448; x_wconf 81' lang='lat' dir='ltr'>subtilia</span> <span class='ocrx_word' id='word_1_852' title='bbox 2828 5390 3001 5456; x_wconf 91' lang='lat' dir='ltr'>atque</span> <span class='ocrx_word' id='word_1_853' title='bbox 3042 5376 3287 5466; x_wconf 79' lang='lat' dir='ltr'>prolixa.</span> <span class='ocrx_word' id='word_1_854' title='bbox 3316 5371 3575 5466; x_wconf 24' lang='lat' dir='ltr'>AVeniens</span> <span class='ocrx_word' id='word_1_855' title='bbox 3606 5368 3819 5466; x_wconf 66' lang='lat' dir='ltr'>itaque</span> <span class='ocrx_word' id='word_1_856' title='bbox 3844 5376 3962 5466; x_wconf 40' lang='lat' dir='ltr'>‘au-</span> 
     </span>
    </p>
   </div>
   <div class='ocr_carea' id='block_1_104' title="bbox 2260 5454 3961 5553">
    <p class='ocr_par' dir='ltr' id='par_1_104' title="bbox 2260 5454 3961 5553">
     <span class='ocr_line' id='line_1_104' title="bbox 2260 5454 3961 5553; baseline -0.02 -13"><span class='ocrx_word' id='word_1_857' title='bbox 2260 5454 2525 5553; x_wconf 74' lang='lat' dir='ltr'>tlialopus</span> <span class='ocrx_word' id='word_1_858' title='bbox 2553 5477 2624 5536; x_wconf 87' lang='lat' dir='ltr'>ad</span> <span class='ocrx_word' id='word_1_859' title='bbox 2655 5454 3007 5540; x_wconf 82' lang='lat' dir='ltr'>Gericinam,</span> <span class='ocrx_word' id='word_1_860' title='bbox 3047 5468 3189 5525; x_wconf 91' lang='lat' dir='ltr'>dum</span> <span class='ocrx_word' id='word_1_861' title='bbox 3232 5462 3432 5521; x_wconf 84' lang='lat' dir='ltr'>ludere</span> <span class='ocrx_word' id='word_1_862' title='bbox 3488 5454 3961 5553; x_wconf 47' lang='lat' dir='ltr'>lasciviens-ten-</span> 
     </span>
    </p>
   </div>
   <div class='ocr_carea' id='block_1_105' title="bbox 2259 5540 4003 5639">
    <p class='ocr_par' dir='ltr' id='par_1_105' title="bbox 2259 5540 4003 5639">
     <span class='ocr_line' id='line_1_105' title="bbox 2259 5540 4003 5639; baseline -0.018 -11"><span class='ocrx_word' id='word_1_863' title='bbox 2259 5576 2359 5639; x_wconf 92' lang='lat' dir='ltr'>tat,</span> <span class='ocrx_word' id='word_1_864' title='bbox 2414 5540 2635 5627; x_wconf 76' lang='lat' dir='ltr'>cornua</span> <span class='ocrx_word' id='word_1_865' title='bbox 2686 5577 2792 5621; x_wconf 88' lang='lat' dir='ltr'>sua</span> <span class='ocrx_word' id='word_1_866' title='bbox 2846 5556 3116 5630; x_wconf 75' lang='lat' dir='ltr'>virgultis</span> <span class='ocrx_word' id='word_1_867' title='bbox 3170 5545 3667 5639; x_wconf 64' lang='lat' dir='ltr'>crebrescentibus</span> <span class='ocrx_word' id='word_1_868' title='bbox 3731 5540 3958 5639; x_wconf 80' lang='lat' dir='ltr'>obligat.</span> <span class='ocrx_word' id='word_1_869' title='bbox 4000 5584 4003 5597; x_wconf 56' lang='grc' dir='ltr'>π</span> 
     </span>
    </p>
   </div>
   <div class='ocr_carea' id='block_1_106' title="bbox 2260 5630 3963 5722">
    <p class='ocr_par' dir='ltr' id='par_1_106' title="bbox 2260 5630 3963 5722">
     <span class='ocr_line' id='line_1_106' title="bbox 2260 5630 3963 5722; baseline -0.018 -4"><span class='ocrx_word' id='word_1_870' title='bbox 2260 5630 2407 5718; x_wconf 81' lang='lat' dir='ltr'>Cum</span> <span class='ocrx_word' id='word_1_871' title='bbox 2454 5669 2592 5716; x_wconf 84' lang='lat' dir='ltr'>vero</span> <span class='ocrx_word' id='word_1_872' title='bbox 2642 5650 2864 5711; x_wconf 87' lang='lat' dir='ltr'>diutius</span> <span class='ocrx_word' id='word_1_873' title='bbox 2913 5658 3201 5722; x_wconf 85' lang='lat' dir='ltr'>pugnans,</span> <span class='ocrx_word' id='word_1_874' title='bbox 3255 5655 3379 5700; x_wconf 88' lang='lat' dir='ltr'>sesc</span> <span class='ocrx_word' id='word_1_875' title='bbox 3434 5633 3774 5696; x_wconf 83' lang='lat' dir='ltr'>nullatenus</span> <span class='ocrx_word' id='word_1_876' title='bbox 3826 5630 3963 5690; x_wconf 79' lang='lat' dir='ltr'>valet</span> 
     </span>
    </p>
   </div>
  </div>
