4054 6184
73 322 180 383 769

989 319 1241 382 OPUSC.
1284 321 1410 381 LII.
1458 352 1524 365 -—-
1563 321 1660 380 DE
1702 317 1896 379 BONO
1934 316 2312 380 RELIGIOSI
2353 317 2662 381 STATUS.

3479 330 3588 390 770

66 449 334 519 educere,
369 447 595 519 magnis
634 446 839 520 incipit
869 447 1108 507 vocibus
1145 448 1494 507 exclamare.
1546 448 1654 507 His
1692 446 1936 506 ex-Atu
1965 446 2025 504 in
2060 447 2212 505 vires
2254 455 2306 505 te
2352 449 2613 521 protinus
2665 449 2840 521 erige,
2891 463 2958 506 ac
3003 449 3197 510 deesse
3240 450 3341 509 tibi
3395 452 3573 511 luxu-

65 538 278 597 citatus
331 537 682 596 clamoribus
734 545 972 596 venator
1015 540 1281 609 accurrit,
1338 554 1591 614 eumque
1647 539 1789 596 dum

65 626 313 700 propriis
363 625 614 683 nexibus
664 632 943 696 arctatur,
1000 626 1228 685 occidit.
1289 629 1396 693 'l‘u,
1455 642 1617 685 serve
1663 626 1787 698 Dei,

66 715 171 789 qui
203 714 431 772 duobus
456 730 517 771 es
545 713 927 775 Testameutis
975 716 1329 789 admonitus,
1362 718 1527 792 quasi
1559 718 1790 776 totidem

64 805 340 863 cornibus
369 800 595 863 invicte
612 806 894 876 munitus,
936 808 1151 881 quibus
1187 808 1467 867 nimirum
1496 816 1551 867 et
1604 816 1793 868 temet-

64 893 262 966 ipsum
318 893 639 952 inviolabili
694 894 887 952 valeas
938 896 1182 955 tuitione
1225 905 1537 971 protegere,
1588 905 1643 957 et
1689 902 1792 957 ad-

66 989 362 1039 versantes
392 982 632 1054 spiritus
673 982 1075 1042 robustissime
1115 984 1432 1053 ventilare;
1489 994 1794 1061 postquam

64 1071 279 1141 Deum,
360 1072 576 1130 fontem
634 1072 849 1131 scilicet
908 1075 1130 1145 vivum,
1203 1075 1569 1135 laudabiliter
1634 1077 1792 1136 sitire

64 1158 316 1231 coepisti,
365 1168 665 1233 postquam
706 1160 900 1233 magni
950 1161 1276 1234 Euphratis,
1329 1163 1387 1221 id
1422 1170 1506 1222 est
1550 1165 1794 1223 caelestis

64 1249 289 1321 eloquii
311 1249 524 1308 ﬂuenta
550 1249 769 1320 bibisti,
797 1251 917 1309 noli
940 1252 1060 1324 jam
1088 1268 1393 1311 causarum
1424 1253 1792 1312 saecularium

66 1350 279 1393 vacare
339 1338 622 1410 negotiis;
673 1337 793 1395 noli
855 1345 928 1407 te,
986 1338 1146 1397 velut
1196 1338 1490 1413 petulcum
1550 1340 1788 1413 animal,

64 1424 435 1499 voluptatum
464 1425 789 1485 carnalium
826 1426 1053 1485 irretire
1089 1426 1361 1500 virgultis
1390 1451 1404 1499 ;
1436 1444 1509 1487 ne
1558 1429 1698 1486 dum
1740 1436 1790 1487 te

69 1515 201 1572 haec
256 1515 377 1572 suis
430 1514 686 1572 nexibus
743 1514 1020 1587 obligant,
1097 1523 1329 1589 repente
1398 1517 1791 1591 nequissimus

65 1603 444 1661 adversarius
480 1603 716 1677 impetat
755 1619 821 1662 ac
865 1603 1075 1662 lethale
1106 1605 1325 1663 vulnus
1356 1611 1634 1680 tauquam
1675 1608 1785 1663 im-

62 1691 287 1765 probus
343 1698 582 1750 venator
632 1692 877 1766 iuﬂigat.
941 1693 1168 1751 Excitat
1221 1695 1380 1752 enim
1451 1702 1782 1753 venatorem

1875 534 2061 592 riandi
2111 536 2407 593 materiam
2457 543 2700 594 testones
2747 538 3001 620 ostende,
3045 540 3242 598 dicens
3278 540 3409 598 illi:
3465 544 3583 601 Cur
3644 587 3657 598 .

1876 638 1967 681 me
2012 625 2373 699 persequeris
2401 627 2428 680 ?
2472 640 2576 683 cur
2623 641 2715 682 me
2760 633 2987 698 propter
3021 644 3141 686 rem
3185 644 3320 702 quae
3376 631 3436 688 in
3488 648 3582 690 me

1868 712 1987 784 jam
2021 727 2133 769 non
2180 718 2264 769 est
2287 713 2512 771 irretire
2563 715 2787 771 conaris
2818 713 2845 771 ?
2878 714 2964 773 En
2991 731 3096 789 ego
3153 719 3399 776 verenda
3460 735 3575 777 non

1877 801 2078 871 habeo,
2123 801 2283 869 dum,
2311 808 2601 874 amputato
2629 803 2880 861 luxuriae
2919 805 3248 872 seminario,
3301 808 3578 866 castitatis

1874 889 2229 962 propositum
2260 889 2670 948 inviolabiliter
2706 908 2891 950 servo.
2936 892 3085 949 Dicit
3115 894 3270 965 enim
3302 897 3445 954 mihi
3480 913 3580 969 per

1875 977 2082 1035 Isaiam
2110 976 2390 1037 Dominus
2419 995 2586 1038 meus
2621 999 2634 1039 :
2664 1002 2690 1034 «
2725 981 2851 1039 Non
2881 982 3029 1040 dicat
3056 986 3399 1044 eunuchus:
3432 966 3574 1045 Ecce
3616 966 3645 1001 ’

1873 1081 1978 1139 ego
2007 1066 2233 1137 lignum
2253 1067 2504 1137 aridum,
2532 1069 2671 1144 quia
2692 1070 2815 1128 haec
2829 1069 2966 1128 dicit
2988 1071 3269 1132 Dominus
3289 1075 3577 1133 eunuchis

1875 1156 1976 1231 qui
2007 1156 2382 1215 custodierint
2413 1156 2656 1215 Sabbata
2686 1174 2833 1230 mea,
2864 1167 2919 1217 et
2942 1160 3217 1233 elegerint
3252 1179 3388 1236 quae
3416 1165 3576 1223 volui

1873 1251 1927 1302 et
1958 1245 2255 1303 tenuerint
2280 1245 2466 1303 foedus
2497 1261 2689 1302 meum
2723 1265 2735 1302 :
2769 1248 2916 1305 dabo
2945 1248 3028 1305 eis
3055 1248 3116 1306 in
3144 1250 3314 1309 domo
3344 1267 3491 1322 mea,
3524 1260 3580 1311 et

1873 1333 1934 1390 in
1972 1334 2158 1391 muris
2189 1333 2330 1390 meis
2363 1324 2655 1403 loculufet
2684 1350 2895 1392 nomen
2922 1336 3134 1397 melius
3164 1355 3197 1396 a
3242 1339 3379 1398 ﬁliis
3426 1349 3481 1399 et
3509 1343 3577 1399 ti-

1873 1421 2063 1479 liabus
2101 1424 2225 1494 (Isa.
2283 1423 2416 1493 LIV).
2458 1445 2475 1468 »
2518 1421 2636 1495 Ego
2673 1423 2959 1495 siquidem
3002 1443 3074 1483 ex
3124 1426 3262 1499 ipsis
3310 1444 3458 1499 sum,
3510 1431 3580 1490 de

1871 1508 2084 1582 quibus
2127 1525 2227 1583 per
2258 1511 2629 1583 semetipsum
2674 1511 2736 1568 in
2788 1512 3102 1587 Evangelia
3133 1514 3316 1574 dicit:
3374 1541 3393 1568 ε
3430 1520 3578 1578 Sunt

1871 1600 2124 1657 eunuchi
2159 1600 2260 1672 qui
2303 1616 2364 1657 se
2408 1609 2807 1660 castraverunt
2844 1609 3074 1677 propter
3112 1620 3359 1677 regnum
3409 1608 3577 1665 coelo-

1870 1702 2004 1745 rum
2053 1691 2269 1756 (Matth.
2297 1689 2444 1760 XlX).
2481 1714 2503 1738 ι»
2543 1690 2665 1748 Hoc
2725 1692 2921 1765 itaque
2979 1692 3147 1750 modo
3199 1693 3439 1752 sollicite
3480 1684 3578 1754 ica-

63 1794 190 1838 vox
241 1779 529 1852 clamoris,
582 1796 715 1840 cum
771 1789 823 1839 te
868 1782 1131 1842 accendit
1186 1782 1419 1841 ﬂamma
1497 1784 1847 1859 libidinis,B
1870 1778 2123 1836 vendqu
2155 1783 2256 1850 est,
2290 1795 2365 1837 ne
2403 1789 2670 1840 versutus
2696 1782 2878 1841 hostis
2916 1784 3297 1843 tentationum
3324 1802 3566 1847 suarum

64 1866 246 1926 Nulla
291 1870 504 1942 quippe
570 1886 681 1929 vox
735 1871 1053 1930 criminum
1100 1874 1375 1931 souorius
1420 1873 1686 1933 elevatur
1722 1876 1787 1935 in

63 1956 306 2029 malum,
333 1959 404 2017 de
431 1976 545 2034 qua
582 1962 656 2019 ad
698 1962 995 2021 Abraham
1052 1963 1263 2021 dicitur
1296 1988 1308 2021 :
1349 1990 1375 2013 κ
1407 1965 1638 2024 Clamor
1681 1966 1786 2027 So-

70 2049 386 2107 domorum
435 2055 491 2106 et
544 2048 1055 2111 Gomorrhzeorum
1111 2051 1530 2126 multiplicatus
1579 2060 1681 2123 est,
1729 2062 1787 2113 et

71 2145 376 2212 peccatum
418 2154 618 2198 eorum
662 2150 1036 2215 aggravatum
1076 2149 1162 2200 est
1188 2143 1366 2201 nimis
1396 2162 1412 2214 ;
1441 2145 1786 2204 descendam

74 2237 133 2288 et
169 2230 382 2288 videbo
415 2238 612 2290 utrum
654 2233 987 2302 clamorem,
1014 2233 1119 2307 qui
1151 2233 1311 2290 venit
1342 2233 1414 2291 ad
1436 2239 1568 2303 ‘me,
1612 2250 1785 2308 opere

72 2323 494 2397 compleverint
546 2326 696 2395 (Gen.
746 2324 935 2396 XVIII).
974 2346 994 2371 ι
1044 2321 1155 2380 Sed
1201 2330 1266 2380 ut
1315 2322 1469 2381 vires
1517 2325 1786 2383 amittant

74 2409 371 2479 incentiva
416 2409 755 2480 libidinum,
813 2408 1154 2467 declinanda
1205 2416 1289 2466 est
1344 2411 1540 2482 procul
1605 2412 1786 2471 dubio

78 2498 319 2557 societas
341 2497 717 2557 feminarum.

756 2637 1001 2698 CAPUT
1047 2637 1115 2695 V.

297 2745 451 2812 Quod
486 2747 819 2813 feminarum
843 2750 1096 2816 aspectus
1144 2749 1222 2799 est
1249 2745 1572 2813 fugiendus.

152 2850 222 2908 In
264 2850 517 2922 quodam
574 2866 782 2923 nempe
830 2856 1025 2909 monte
1074 2849 1343 2921 Orientis,
1392 2850 1611 2924 lapides
1658 2858 1796 2910 sunt

87 2941 344 3015 igniferi,
397 2940 497 3014 qui
546 2942 844 3000 masculus
885 2948 938 3000 et
982 2942 1202 2999 femina
1249 2947 1684 3016 nuncupantur,
1740 2948 1795 3001 et

85 3033 358 3091 dicuntur
392 3035 667 3102 Pyroboli.
702 3032 813 3103 Qui
842 3032 1128 3091 nimirum
1171 3048 1305 3091 cum
1353 3048 1388 3090 a
1431 3048 1492 3091 se
1542 3033 1790 3090 invicem

85 3119 285 3192 procul
312 3126 467 3189 sunt,
494 3135 609 3178 non
643 3120 1077 3191 accenduntur;
1109 3122 1158 3177 si
1186 3135 1323 3177 vero
1352 3120 1568 3177 femina
1593 3134 1792 3193 appro-
1812 3146 1856 3206 ο

84 3209 451 3284 pinquaverit
481 3211 757 3280 masculo,
776 3211 1040 3284 protinus
1066 3225 1139 3268 ex
1169 3210 1253 3267 eis
1283 3208 1437 3282 ignis
1463 3209 1788 3283 egreditur;

86 3297 163 3355 ita
197 3304 264 3356 ut
294 3298 489 3356 omnia
535 3314 669 3374 qua
714 3299 875 3369 ,circa
912 3306 1170 3357 montem
1216 3303 1353 3357 sunt
1392 3297 1645 3355 ﬂammis
1691 3313 1791 3354 va-

88 3386 424 3457 porantibus
457 3392 801 3444 exurantur.
830 3386 922 3444 Ab
969 3385 1111 3458 ipsis
1158 3400 1292 3458 ergo
1336 3384 1626 3457 lapidibus
1655 3384 1791 3443 edo-

87 3488 307 3543 cemur,
365 3482 431 3532 ut
475 3475 524 3532 si
574 3475 837 3533 consumi
881 3473 1144 3533 libidinis
1180 3473 1452 3532 incendio
1496 3472 1791 3543 nolumus,

88 3562 394 3620 muliebris
423 3572 685 3636 aspectus
728 3564 980 3638 speciem
1028 3562 1411 3633 declinemus,
1443 3577 1519 3620 ne
1544 3562 1615 3620 de
1651 3578 1794 3620 con-

88 3657 278 3723 specta
316 3651 497 3709 forma
547 3653 780 3711 ﬂamma
835 3652 1115 3726 prosiliat,
1171 3667 1308 3725 quae
1363 3651 1426 3709 in
1469 3651 1636 3710 nobis
1678 3666 1797 3709 non

87 3743 321 3809 montis,
353 3743 452 3800 sed
483 3744 692 3802 mentis
724 3744 932 3802 fruteta
960 3743 1260 3816 pervadat.

154 3831 247 3888 Ad
297 3832 792 3905 exstinguendum
838 3832 1033 3906 itaque
1106 3832 1370 3914 libidinis
1432 3832 1795 3891 incentivum

82 3932 277 3992 operae
304 3920 555 3993 pretium
584 3928 668 3980 est
704 3929 767 3979 ut
789 3922 965 3982 etiam
995 3921 1233 3979 castoris
1264 3921 1566 3979 imitemur
1595 3935 1796 3978 exem-

84 4008 270 4080 plum.
333 4009 512 4082 Cujus
558 4010 773 4069 scilicet
826 4010 1077 4070 testiculi
1138 4009 1582 4068 medicinalibus
1642 4009 1801 4068 curis

85 4104 226 4155 sunt
276 4099 634 4171 permaxime
682 4100 1010 4160 necessarii.
1052 4099 1247 4158 Castor
1300 4100 1493 4173 itaque
1548 4114 1683 4159 cum
1740 4115 1801 4157 se

87 4185 245 4244 videt
298 4203 332 4244 a
385 4195 654 4246 venatore
709 4194 936 4262 propter
989 4189 1265 4263 genitalia
1315 4189 1610 4263 persequi,
1669 4190 1798 4247 haec

86 4273 385 4332 mordicus
418 4274 718 4346 abscindit,
767 4283 825 4335 et
865 4270 1008 4335 ante
1031 4276 1321 4335 venatoris
1371 4279 1576 4336 faciem
1619 4277 1797 4351 proji-

84 4364 184 4422 cit.
230 4363 328 4423 Sic
354 4365 511 4425 illico
552 4375 787 4428 venator
814 4368 1087 4440 abscedit,
1120 4369 1262 4430 dum
1293 4370 1352 4427 id
1377 4377 1606 4445 propter
1643 4370 1800 4445 quod

85 4468 226 4511 eum
282 4456 735 4529 persequebatur
780 4459 1037 4517 extorsit.
1092 4457 1155 4518 Si
1200 4474 1334 4517 vero
1382 4459 1684 4533 contigerit
1737 4466 1801 4519 ut

83 4540 237 4596 alter
264 4554 401 4598 eum
431 4558 631 4601 rursus
659 4552 893 4603 venator
939 4546 1222 4615 inveniat,
1253 4560 1504 4619 eumque
1530 4546 1720 4605 acrius
1748 4554 1804 4605 et

86 4629 403 4688 instantius
467 4647 839 4705 persequens,
919 4634 1203 4692 evadendi
1275 4634 1497 4692 aditum
1565 4635 1806 4709 jamjam

86 4720 326 4790 penitus
396 4720 699 4794 desperare
763 4723 1086 4796 compellat,
1159 4724 1221 4781 in
1297 4730 1452 4782 arcto
1520 4725 1688 4796 situs,
1744 4725 1807 4782 in

88 4821 157 4864 os
208 4822 271 4865 se
325 4808 615 4867 venatoris
676 4809 865 4883 erigit,
934 4811 1044 4868 sibi
1124 4811 1322 4869 deesse
1391 4811 1603 4880 virilia,
1673 4827 1807 4885 pro-

91 4902 221 4968 pter
290 4912 423 4969 quaa
489 4904 848 4970 perurgelur,
908 4898 1173 4956 ostendit.
1241 4898 1333 4958 Sic
1404 4899 1489 4958 sic
1559 4901 1633 4958 ab
1710 4901 1805 4958 in-

89 4984 363 5043 sectantis
419 4986 706 5046 venabulo
781 4987 1077 5059 liberatur,
1161 4987 1302 5047 dum
1378 4989 1625 5047 ostendit
1695 4988 1808 5047 sibi

86 5069 290 5128 deesse
334 5073 488 5145 quod
541 5074 843 5148 quaeritur.
903 5073 993 5133 Tu
1073 5090 1306 5151 quoque
1363 5075 1412 5134 si
1477 5075 1567 5133 vis
1621 5091 1808 5135 casses

86 5159 287 5217 intimi
352 5163 642 5221 venatoris
695 5162 948 5233 eludere,
1007 5162 1244 5221 solerter
1303 5180 1338 5221 a
1391 5171 1445 5221 te
1491 5164 1657 5222 stude
1734 5166 1805 5223 ti-

88 5248 349 5307 tillantes
426 5250 773 5311 illecebrosas
865 5251 1125 5310 libidinis
1190 5252 1418 5310 fomites
1486 5259 1803 5326 amputare.

85 5333 240 5392 809
266 5338 521 5398 Praecide
554 5357 589 5398 a
626 5352 848 5414 pectore
891 5350 987 5401 tuo
1015 5359 1191 5401 omne
1232 5342 1573 5403 luxuriandi
1601 5360 1804 5419 propo-

84 5426 295 5497 situm,
328 5437 383 5485 et
411 5429 493 5487 sic
538 5431 717 5502 quasi
740 5431 989 5490 radicem
1034 5432 1292 5491 luxurias
1321 5431 1571 5491 verenda
1618 5433 1804 5507 repel-

88 5515 184 5579 lis,
212 5508 357 5573 dum
389 5516 648 5577 libidinis
681 5527 873 5576 actum
901 5535 1038 5577 cum
1066 5521 1189 5595 ipsa
1240 5520 1470 5594 penitus
1511 5522 1806 5581 voluntate

86 5604 359 5677 deponis.
420 5605 488 5662 Et
536 5605 681 5665 dum
734 5608 1022 5680 malignus
1070 5610 1308 5682 spiritus
1358 5616 1632 5684 tanquam
1692 5610 1804 5669 im-

88 5692 316 5766 probus
360 5701 597 5753 venator
629 5695 758 5753 telis
795 5694 1103 5756 adversum
1135 5703 1191 5756 te
1244 5696 1505 5757 luxurias
1549 5698 1801 5773 dimicat,

1811 4506 1863 4565 D

1866 1867 2083 1927 aculeis
2128 1868 2297 1926 corda
2351 1875 2543 1928 nostra
2589 1873 2904 1946 transﬁgat,
2973 1880 3028 1930 et
3084 1876 3375 1946 castitatis,
3446 1878 3570 1937 sive

1866 1959 2177 2105 gujuslibet
2206 1958 2341 2018 boni
2390 1961 2581 2034 operis
2606 1962 2881 2033 fructum,
2934 1970 3141 2023 astutae
3194 1964 3418 2025 fraudis
3447 1972 3568 2027 arte

1908 2052 2148 2105 ecernat.

1908 2052 2148 2122 ecerpat.

2539 2147 2783 2207 CAPUT
2812 2147 2912 2207 Vl.

2524 2260 2601 2311 De
2627 2259 2928 2318 herinaceo.

1941 2359 2132 2431 Hujus
2163 2368 2357 2419 autem
2404 2363 2649 2435 figuram
2680 2366 2853 2423 etiam
2886 2367 3227 2428 herinaceus
3260 2386 3576 2444 repraesen-

1870 2454 1970 2518 tat,
2017 2444 2133 2522 qui‘
2164 2449 2449 2507 nimirum
2478 2451 2618 2509 dum
2665 2460 2779 2512 toto
2814 2469 3050 2529 corpore
3078 2459 3266 2531 spinis
3306 2460 3378 2517 sit
3431 2462 3581 2519 obsi-

1873 2540 1982 2604 tus,
2038 2537 2466 2595 vindemiarum
2515 2546 2767 2613 tempore
2818 2542 3143 2615 ingreditur
3207 2547 3457 2616 vineam,
3520 2556 3575 2608 et

1871 2639 2046 2697 quam
2096 2623 2392 2683 meliorem
2434 2625 2641 2684 viderit
2684 2637 2921 2702 occupat
2973 2647 3171 2691 uvam.
3208 2632 3393 2702 Quam
3436 2651 3576 2696 mox

1873 2718 1987 2770 tam
2034 2712 2316 2770 violenter
2360 2714 2631 2786 exagitat,
2672 2725 2736 2773 ut
2772 2718 2968 2775 omnia
3022 2720 3149 2792 ejus
3202 2722 3264 2779 in
3324 2724 3575 2785 humum

1875 2818 2056 2876 grana
2083 2808 2430 2875 prosternat;
2473 2803 2723 2876 indeque
2767 2805 3137 2878 descendens,
3175 2810 3374 2870 taudiu
3414 2830 3587 2887 super

1877 2889 2077 2947 eadem
2130 2905 2309 2962 grana
2368 2892 2748 2965 provolvitur,
2832 2894 3014 2952 donec
3083 2896 3380 2969 spinarum
3449 2904 3574 2976 ejus

1876 2978 2090 3037 aculeis
2141 2981 2335 3036 omnia
2394 2980 2823 3053 transﬁgantur.
2883 2980 2977 3041 Sic
3029 2985 3290 3060 undique
3329 2998 3579 3052 onustus

1878 3073 2110 3134 remeat,
2150 3073 2323 3141 atque
2378 3068 2505 3126 haec
2549 3069 2689 3127 filiis
2742 3070 2864 3129 suis
2909 3070 3186 3132 alimenta
3242 3086 3578 3151 comportat.

1877 3152 2259 3212 Custodienda
2308 3162 2393 3212 est
2426 3171 2564 3228 ergo
2614 3155 2749 3214 boni
2800 3158 2990 3230 operis
3040 3160 3230 3230 vinea,
3289 3179 3363 3221 ne
3408 3180 3585 3238 super

1874 3259 2001 3301 eam
2036 3244 2315 3318 antiquus
2353 3244 2533 3301 hostis
2585 3246 2871 3314 ascendat,
2928 3254 2985 3303 et
3033 3249 3427 3321 spiritualium
3469 3255 3583 3311 vir-

1874 3336 2066 3390 tutum
2119 3332 2401 3406 turgentia
2435 3350 2500 3392 ac
2538 3351 2638 3408 per
2674 3336 2782 3394 hoc
2810 3344 3037 3395 matura
3077 3354 3257 3411 grana
3304 3339 3578 3412 dejiciat;

1874 3418 2085 3477 deinde
2140 3421 2528 3479 tentationum
2581 3437 2817 3480 suarum
2869 3424 3087 3482 aculeis
3133 3425 3347 3493 insuat,
3405 3442 3587 3501 eaque

1875 3506 2075 3564 bestiis
2140 3513 2325 3579 terrae,
2374 3510 2487 3568 hoc
2534 3517 2639 3581 est,
2692 3512 3040 3571 adversariis
3085 3514 3464 3587 potestatibus
3514 3515 3591 3573 ci-

1875 3592 2018 3652 bum
2072 3593 2281 3652 tendat.
2340 3596 2550 3669 Sicque
2606 3596 2980 3657 labefactatus
3046 3606 3219 3674 atque
3276 3599 3592 3659 frustratus

1876 3700 1912 3743 a
1946 3684 2243 3742 laboribus
2281 3684 2403 3744 suis
2454 3686 2644 3747 homo.
2693 3686 2752 3744 id
2797 3686 3043 3761 quodin
3074 3686 3328 3747 Canticis
3376 3687 3588 3761 legitur

1879 3772 2280 3846 gemebundus
2332 3774 2663 3832 exclamet:
2719 3800 2745 3823 κ
2777 3774 3104 3834 Posueruut
3149 3792 3243 3834 me
3289 3776 3587 3834 custodem

1881 3862 1945 3920 in
1981 3861 2189 3932 vineis,
2221 3862 2452 3919 vineam
2499 3878 2687 3919 meam
2738 3878 2853 3919 non
2907 3862 3197 3921 custodivi
3253 3866 3428 3935 (Cant.
3461 3866 3520 3935 1).
3562 3886 3588 3914 η

1883 3953 2045 4014 Sicut
2073 3953 2226 4010 enim
2267 3951 2339 4009 ab
2378 3952 2595 4010 bericio
2642 3952 2843 4011 botrus
2882 3958 3119 4012 exuitur
3161 3954 3385 4023 acinis;
3438 3955 3521 4013 sic
3557 3969 3592 4011 a

1883 4043 2111 4101 diabolo
2160 4043 2428 4101 incautus
2485 4042 2728 4118 quilibet
2779 4043 2953 4101 homo
3014 4043 3270 4102 nudatur
3321 4045 3593 4117 operibus

1883 4130 2066 4190 bouis.
2124 4129 2283 4187 Mille
2352 4129 2557 4187 formis
2625 4129 2783 4187 enim
2862 4137 2917 4187 et
2993 4129 3237 4188 callidus
3312 4130 3593 4204 nequitiae

1882 4220 2119 4294 spiritus
2177 4234 2346 4277 novae
2414 4233 2641 4291 semper
2690 4218 2831 4275 artis
2892 4219 3214 4292 praestigias
3282 4219 3471 4290 struit,
3531 4224 3595 4277 ut

1880 4311 2059 4383 possit
2106 4324 2220 4367 non
2264 4309 2434 4369 modo
2470 4308 2711 4380 nudare,
2766 4308 2864 4366 sed
2910 4316 2966 4366 et
3012 4310 3276 4369 funditus
3319 4309 3596 4368 devorare

1882 4413 2027 4472 quos
2056 4398 2286 4473 decipit.

2541 4496 2785 4558 CAPUT
2816 4458 2941 4557 v11.

2528 4611 2605 4663 De
2646 4610 2952 4679 vulpecula.

1959 4712 2138 4784 Cujus
2167 4710 2369 4783 utique
2398 4711 2703 4784 vulpecula
2733 4726 2965 4787 quoque
3012 4715 3229 4786 praebet
3258 4716 3594 4792 imaginem,

1888 4792 2021 4873 quae
2077 4800 2218 4857 dum
2274 4816 2334 4857 se
2388 4807 2677 4857 mortuam
2729 4799 2912 4872 tingit,
2962 4811 3207 4860 mortem
3264 4806 3598 4867 volucribus

1890 4892 2167 4948 veraciter
2197 4885 2428 4960 ingerit.
2465 4887 2610 4946 Nam
2652 4885 2794 4946 dum
2845 4892 3049 4964 esurit,
3078 4900 3134 4950 et
3179 4895 3355 4952 anxie
3399 4899 3598 4972 requi-

1889 4980 2035 5037 renti
2091 4979 2243 5052 quod
2304 4978 2564 5036 comedat
2613 4993 2729 5038 non
2784 4982 3055 5053 occurrit,
3120 4986 3331 5060 quaerit
3381 4987 3479 5045 ubi
3529 4989 3602 5049 sit

1890 5068 2066 5126 rubra
2119 5074 2310 5136 terra;
2370 5072 2425 5124 et
2478 5066 2622 5126 dum
2678 5069 2906 5143 reperit,
2978 5076 3096 5131 toto
3151 5089 3385 5147 corpore
3441 5074 3507 5133 in
3534 5093 3600 5135 ea

1888 5157 2271 5232 provolvitur,
2328 5165 2392 5216 ut
2445 5154 2588 5212 810
2640 5160 2810 5232 quasi
2859 5176 2989 5220 caro
3052 5162 3207 5221 nuda
3262 5170 3319 5222 et
3361 5172 3598 5223 cruenta

1889 5247 2189 5307 videatur:
2273 5262 2408 5306 mox
2466 5263 2590 5305 sese
2643 5248 2707 5306 in
2774 5255 2986 5308 terram
3064 5252 3230 5326 quasi
3306 5260 3595 5312 mortuam

1888 5337 2130 5412 projicit,
2187 5336 2384 5395 ﬂatum
2417 5338 2567 5395 intra
2619 5354 2681 5395 se
2730 5338 3015 5412 reprimit,
3069 5346 3134 5399 ut
3190 5357 3306 5399 non
3336 5342 3595 5414 respiret.

1889 5428 2156 5502 Dumque
2194 5429 2302 5486 hoc
2346 5428 2516 5486 modo
2555 5436 2796 5487 cruenta
2845 5430 3111 5489 videatur
3140 5440 3195 5490 et
3238 5432 3488 5506 turgida,
3521 5434 3595 5491 ab

1889 5518 2135 5578 incautis
2170 5518 2504 5577 volucribus
2553 5535 2666 5578 non
2712 5520 3077 5578 indubitatur
3127 5522 3431 5580 exstincta.
3483 5523 3595 5581 De-

1889 5610 2171 5669 scendunt
2201 5608 2393 5683 itaque
2436 5616 2500 5667 ut
2536 5625 2664 5668 eam
2691 5611 2995 5669 comedunt
3024 5628 3040 5683 ;
3073 5612 3171 5670 sed
3219 5613 3320 5671 illa
3362 5622 3597 5688 repente

1889 5700 2196 5776 prosiliens
2248 5701 2470 5775 arripit,
2518 5716 2729 5774 easque
2788 5703 3064 5762 veraciter
3136 5703 3394 5778 devorat,
3446 5722 3591 5781 quas
