4054 6184
484 297 583 358 771

941 298 998 358 S.
1046 297 1268 358 PETRI
1307 295 1630 356 DAMIANI
1669 291 1825 354 OPP.
1869 294 2116 356 TOMUS
2159 295 2301 357 SEU
2342 295 2534 357 PARS
2571 295 2674 356 III.
2720 326 2780 339 —
2824 294 3213 357 OPUSCULA
3253 297 3510 360 VABIA.

3868 304 3960 362 772.
4022 297 4023 364 ἐ

487 426 559 484 ad
591 443 651 485 se
679 427 1062 485 devorandam
1093 425 1369 484 fallaciter
1430 426 1726 484 invitabat.
1760 425 1955 500 Hujus
1993 427 2381 499 itaqueAque
2431 443 2563 485 cum
2612 427 2821 485 viderit
2857 429 3208 487 crocoditum
3234 437 3430 503 aperto
3456 446 3553 490 ore
3582 433 3644 491 in
3675 433 3960 505 crepidine
4022 423 4023 430 “

2261 516 2523 574 ﬂuminis
2557 515 2963 588 dormientem,
3016 519 3377 592 provolvitur
3426 522 3483 578 in
3538 521 3679 579 limo
3726 522 3861 591 luti,
3913 535 3960 579 ut
4022 523 4023 548 ³

394 562 404 569 .
479 517 747 589 deceptor
786 518 1060 589 antiquus
1088 516 1388 590 _specimen
1431 515 1724 589 exprimit,
1779 516 1879 590 qui
1925 516 2176 573 carnalia

478 607 641 664 lucra
672 605 1067 678 quaerentibus
1097 622 1156 662 se
1180 606 1346 678 quasi
1391 614 1681 663 mortuum
1728 605 1912 677 tingit,
1944 604 2177 679 illisque

477 712 647 769 opera
679 712 802 765 sua,
855 703 1126 770 tanquam
1181 695 1439 752 membra
1468 710 1570 752 sua
1609 695 1821 768 quibus
1851 703 2173 765 vescantur,

479 786 758 859 exponit:
795 807 821 839 «
870 785 1170 842 Manifesta
1218 785 1377 842 enim
1409 792 1540 842 sunt
1588 801 1755 859 opera
1804 786 2013 853 carnis,
2045 802 2176 858 quae

407 939 430 970 ο
481 884 632 944 sunt,
683 877 830 934 sicut
876 875 1016 934 dicit
1057 877 1379 950 Apostolus,
1431 877 1748 946 fornicatio,
1783 877 2172 946 immunditia,

484 965 747 1036 luxuria,
783 966 1044 1032 avaritia,
1096 966 1380 1022 idolorum
1411 966 1676 1032 servitus,
1729 966 2027 1032 veneﬁcia,
2059 966 2175 1022 ini-

477 1053 734 1120 micitiae,
767 1054 1185 1122 contentiones,
1218 1052 1630 1116 temulationes,
1662 1053 1784 1124 irae,
1838 1054 2005 1122 rixae,
2057 1053 2175 1111 dis-

479 1141 800 1210 sensiones,
864 1149 1051 1211 sectas,
1122 1141 1377 1210 invidize,
1447 1142 1774 1212 homicidia,
1853 1143 2174 1210 ebrietates,

474 1231 927 1288 comessationes
981 1232 1124 1301 (Gal.
1179 1233 1253 1301 v).
1303 1252 1323 1281 ι
1383 1230 1524 1287 Hmc
1580 1233 1744 1304 plane
1797 1238 1936 1289 sunt
1985 1231 2176 1303 iniqui

475 1319 716 1390 spiritus
765 1317 1006 1388 viscera,
1058 1318 1182 1374 hac
1232 1317 1606 1390 reproborum
1649 1326 1703 1375 et
1748 1311 2053 1375 carnaliter
2089 1319 2177 1376 vi-

470 1407 740 1466 ventium
770 1407 1102 1480 quotidiana
1131 1414 1265 1465 sunt
1293 1407 1583 1464 alimenta.
1617 1407 1704 1464 Ad
1725 1409 1850 1465 haec
1879 1407 2018 1466 dum
2047 1423 2177 1481 per-

471 1496 576 1555 diti
630 1495 850 1570 quique
893 1496 1054 1553 velut
1090 1497 1408 1554 esurientes
1453 1495 1700 1562 inhiant,
1755 1511 1852 1553 eos
1889 1496 2179 1569 malignus

471 1585 710 1658 spiritus
764 1589 1039 1656 tanquam
1099 1585 1366 1642 volucres
1418 1584 1609 1657 vulpis
1665 1583 1859 1642 dolosa
1910 1585 2174 1657 deglutit,

471 1688 684 1745 eosque
719 1671 780 1730 in
838 1673 929 1730 sui
977 1672 1228 1746 corporis
1277 1673 1498 1730 viscera
1551 1671 1777 1746 trajicit.
1835 1672 1914 1729 De
1963 1674 2177 1746 quibus

2259 605 2524 664 faucibus
2559 606 2719 663 illius
2761 606 2979 664 lubrico
3017 623 3251 680 corpore
3303 610 3529 668 facilius
3557 611 3736 684 possit
3781 611 3956 669 illabi.

2261 694 2426 751 Tunc
2471 693 2530 750 in
2588 709 2652 751 os
2705 695 2973 752 crocodili
3018 695 3357 753 dormientis
3404 699 3712 769 perniciter
3757 699 3956 767 insilit,

2263 798 2435 856 quem
2467 781 2563 839 ille
2592 783 2953 841 desubitatus
2981 790 3213 856 repente
3240 784 3501 857 deglutit.
3544 785 3781 859 Hydrus
3830 802 3957 844 vero
4022 789 4023 859 ἐ

2263 871 2479 928 viscera
2507 872 2632 944 ejus
2684 881 2888 929 cuncta
2918 871 3177 942 dilaniat,
3211 872 3406 941 donec,
3466 890 3531 932 eo
3554 875 3675 947 jam
3726 891 3957 948 prorsus

2261 960 2564 1022 exstincto.
2605 960 2675 1016 de
2727 961 3005 1017 cadavere
3034 960 3193 1019 illius
3246 961 3419 1020 vivus
3443 969 3497 1019 et
3534 963 3713 1021 victor
3761 980 3953 1022 erum-
4022 965 4023 986 ‘

2258 1058 2373 1122 pat.
2409 1049 2556 1118 Quid
2589 1051 2682 1107 hic
2736 1051 3073 1122 crocodilus,
3133 1052 3247 1109 nisi
3281 1053 3526 1123 ﬁguram
3577 1059 3726 1112 tenet
3758 1057 3954 1112 mortis

2260 1145 2315 1196 et
2347 1138 2540 1195 tartari
2566 1137 2593 1195 ‘?
2619 1139 2756 1212 quid
2792 1139 3032 1212 hydrus,
3063 1139 3179 1197 nisi
3210 1139 3509 1198 victoriam
3537 1141 3730 1200 innuit
3759 1141 3954 1199 Salva-

2261 1227 2453 1285 toris?
2494 1227 2660 1284 Limo
2689 1226 2865 1299 igitur
2890 1228 3110 1300 hydrus
3140 1229 3492 1296 obvolvitur,
3533 1230 3670 1288 dum
3711 1230 3952 1288 Redem-

2260 1321 2386 1389 ptor
2425 1323 2617 1374 noster
2658 1317 2930 1374 humanae
2969 1317 3156 1374 carnis
3207 1317 3330 1375 luto
3368 1320 3626 1376 vestitur.
3671 1320 3778 1377 Hic
3819 1337 3950 1378 ven-

2261 1410 2407 1460 trem
2463 1404 2789 1475 ingreditur
2843 1405 3132 1474 crocodili,
3185 1405 3325 1479 quia
3377 1407 3660 1466 Dominus
3713 1408 3952 1467 claustra

2260 1495 2581 1566 penetravit
2614 1494 2844 1552 inferni.
2893 1494 2998 1552 Hic
3035 1495 3348 1553 demolitur
3385 1496 3590 1554 intima
3623 1498 3947 1566 viscerum;

2260 1585 2315 1635 et
2366 1577 2648 1636 Dominus
2696 1579 2896 1638 mortis
2945 1579 3148 1637 evertit
3201 1580 3536 1653 imperium.
3568 1580 3677 1639 Ille
3730 1598 3950 1640 corroso
4022 1631 4023 1634 η

2258 1681 2325 1722 ac
2377 1675 2670 1739 penetrato
2727 1669 3006 1728 cadavere
3060 1676 3185 1743 post
3240 1672 3539 1730 victoriam
3597 1673 3762 1742 redit,
3823 1674 3949 1746 quia

470 1764 756 1828 nimirum
806 1779 909 1836 per
962 1763 1307 1836 Prophetam
1363 1761 1617 1837 dicitur:
1657 1785 1677 1813 α
1728 1761 2057 1819 Introibunt
2113 1753 2522 1842 inBSalvator
2577 1765 2769 1814 noster
2811 1766 3110 1832 postquam
3151 1760 3450 1819 infernum
3505 1763 3800 1820 moriendo
3837 1778 3947 1819 mo-

469 1851 745 1910 inferiora
789 1858 975 1921 terrae,
1031 1850 1329 1908 tradentur
1379 1849 1441 1906 in
1487 1865 1693 1907 manus
1744 1848 1942 1921 gladii,
1989 1854 2174 1921 partes

464 1940 734 2013 vulpium
768 1947 939 1997 erunt
966 1941 1115 2007 (Psal
1142 1945 1308 2007 LXII).
1347 1966 1371 1986 η
1405 1938 1594 2011 Hujus
1653 1938 1844 2010 vulpis
1884 1953 2017 2010 pars
2054 1943 2175 1994 erat

468 2027 748 2098 Herodes,
806 2027 905 2100 qui
962 2027 1161 2100 capitis
1204 2026 1297 2084 sui
1346 2027 1582 2084 nomine
1622 2027 1979 2096 censebatur,
2037 2042 2173 2084 cum

468 2119 754 2177 Dominus
779 2117 967 2175 aiebat
995 2141 1006 2174 :
1049 2137 1076 2170 «
1110 2117 1213 2188 Ite,
1246 2116 1416 2174 dicite
1447 2116 1610 2189 vulpi
1641 2116 1724 2174 illi
1766 2120 1920 2183 (Luc.
1959 2121 2109 2185 XIII).
2147 2138 2168 2166 ι

470 2207 611 2265 Haec
640 2206 833 2280 vulpis
863 2206 921 2263 in
959 2205 1156 2264 Scriba
1183 2206 1304 2277 illo,
1332 2205 1492 2264 velut
1517 2205 1576 2262 in
1610 2204 1822 2262 scrobis
1853 2221 1974 2263 sua:
2014 2205 2177 2263 fovea

467 2295 744 2366 latitabat,
793 2297 894 2370 qui
941 2313 1017 2353 ex
1066 2313 1162 2355 ore
1203 2296 1470 2355 Veritatis
1520 2295 1834 2354 audiebat:
1885 2321 1905 2345 ε
1964 2295 2181 2370 Vulpes

468 2386 662 2444 foveas
693 2385 904 2443 habent
953 2388 1168 2456 (Matth.
1208 2398 1340 2454 VIII;
1373 2389 1500 2442 Luc.
1536 2386 1634 2456 Ix).
1676 2411 1696 2434 υ
1749 2385 1937 2458 Hujus
1986 2384 2180 2457 vulpis

467 2473 618 2531 fetus
667 2479 723 2530 et
772 2472 859 2530 illi
912 2483 1069 2542 sunt,
1123 2473 1341 2532 scilicet
1395 2473 1669 2544 hteretici,
1728 2472 1798 2530 de
1843 2473 2058 2545 quibus
2115 2472 2176 2528 in

468 2563 718 2623 Canticis
770 2563 1028 2622 dicitur:
1088 2590 1108 2616 ι
1165 2564 1358 2638 Capite
1414 2563 1580 2622 nobis
1631 2563 1834 2637 vulpes
1883 2560 2174 2636 parvulas,

469 2669 602 2727 quae
630 2653 1026 2712 demoliuntur
1057 2655 1258 2711 vineas
1292 2657 1462 2723 (Cant.
1495 2656 1599 2721 III).
1634 2674 1657 2702 ι

1119 2771 1362 2830 CAPUT
1391 2771 1543 2828 VIII.

1166 2872 1242 2924 De
1265 2870 1488 2939 polypo.

544 2968 614 3025 Et
641 2968 780 3041 quid
809 2968 1024 3025 mirum
1070 2966 1118 3023 si
1162 2983 1335 3039 regna
1372 2964 1586 3023 diaboli
1633 2964 1692 3021 in
1724 2964 1919 3022 dolosa
1948 2963 2176 3022 videan-

474 3066 569 3117 tur
606 3058 812 3116 callere
856 3056 1182 3130 vulpecula,
1215 3073 1348 3114 cum
1389 3063 1445 3114 et
1499 3057 1558 3112 in
1611 3055 1863 3128 piscibus
1917 3071 2029 3113 non
2083 3055 2174 3111 in-

471 3149 646 3208 ferior
685 3149 1009 3206 artiﬁciosae
1048 3147 1266 3204 fraudis
1304 3147 1622 3219 reperiatur
1667 3144 1912 3204 astutia?
1939 3151 2003 3203 ut
2030 3145 2171 3203 dum

475 3237 698 3296 cunctis
752 3234 1146 3294 animantibus
1214 3234 1386 3292 homo
1449 3233 1818 3307 praeponitur,
1889 3249 1988 3306 per
2049 3235 2172 3291 hzec

469 3327 669 3396 etiam,
728 3326 944 3400 quibus
997 3329 1223 3396 praeest,
1279 3339 1481 3382 cavere
1536 3323 1792 3396 pericula
1851 3327 2169 3379 moneatur.

471 3415 726 3489 Polypus
756 3415 969 3489 quippe
996 3423 1217 3487 petram
1247 3413 1308 3470 in
1349 3411 1577 3470 vadosis
1606 3412 1895 3470 littoribus
1922 3410 2169 3480 invenit,

469 3505 563 3561 cui
611 3519 671 3560 se
712 3503 858 3560 miro
899 3503 1068 3560 modo
1110 3502 1449 3559 constrictus
1480 3499 1677 3570 alﬁgit,
1718 3500 1960 3572 ejusque
2019 3499 2171 3557 colo-

468 3605 590 3648 rem
648 3606 714 3648 ac
767 3589 1014 3663 speciem
1068 3588 1276 3647 induit.
1334 3589 1628 3647 Obductus
1678 3587 1874 3661 itaque
1912 3591 2065 3658 terga
2109 3586 2172 3642 in

469 3678 914 3738 similitudinem
937 3678 1084 3749 saxi,
1112 3676 1396 3751 plurimos
1422 3674 1668 3748 piscium
1696 3675 1823 3732 sine
1850 3673 1969 3732 ulla
1991 3673 2177 3746 suspi-

471 3767 634 3826 cione
675 3767 898 3825 fraudis
929 3767 1178 3841 allapsos
1218 3765 1508 3839 intercipit
1538 3787 1550 3834 ;
1587 3770 1640 3822 et
1677 3764 1818 3822 dum
1869 3763 2173 3837 scopulum

475 3854 817 3930 simpliciter
841 3856 1176 3930 opinantur,
1211 3855 1438 3912 casibus
1481 3868 1577 3911 eos
1625 3852 1857 3910 furtivae
1884 3851 2024 3909 artis
2076 3866 2172 3909 oc-

473 3945 677 4005 cludit.
734 3945 974 4004 Talibus
1030 3946 1209 4018 igitur
1259 3942 1621 4017 argumentis
1680 3950 1878 4016 sponte
1934 3940 2176 3998 veniens

473 4035 674 4108 rapina
701 4034 987 4108 decipitur
1012 4055 1028 4107 ;
1062 4042 1116 4093 et
1145 4035 1284 4093 dum
1318 4050 1434 4092 non
1473 4032 1678 4090 metuit
1707 4031 1989 4100 fraudem,
2017 4030 2177 4103 igno-

473 4129 563 4180 rat
596 4121 793 4180 ultimi
835 4122 1123 4194 naufragii
1155 4123 1336 4181 vitare
1366 4121 1718 4196 voraginem.
1756 4120 1864 4179 Sed
1895 4119 2038 4193 quid
2076 4135 2176 4192 pe-

471 4217 578 4280 tra,
610 4210 725 4267 nisi
758 4209 1072 4268 Christus?
1102 4211 1243 4283 quid
1277 4212 1538 4284 polypus,
1584 4211 1694 4267 nisi
1728 4211 1902 4268 homo
1940 4207 2175 4266 dolosus

471 4303 526 4355 et
580 4311 906 4368 perversus,
960 4302 1133 4372 atque
1162 4299 1235 4356 ob
1273 4297 1334 4355 id
1364 4297 1726 4357 haereticus?
1760 4298 1874 4355 Hic
1924 4296 2176 4371 adigitur

473 4391 666 4458 petrae,
696 4392 752 4442 et
784 4383 946 4442 saxei
975 4386 1256 4444 mentitur
1294 4387 1526 4443 schema
1552 4386 1757 4444 coloris
1782 4404 1799 4457 ;
1831 4385 1986 4460 quia,
2030 4385 2177 4443 sicut

473 4474 746 4546 magister
799 4475 945 4548 ejus,

479 4569 554 4634 (II
584 4568 701 4625 Cor.
744 4571 847 4636 x1).
903 4565 1172 4624 Adhaeret
1199 4573 1393 4641 petrae,
1425 4569 1562 4640 quia
1600 4568 1705 4626 etsi
1735 4584 1848 4626 non
1904 4584 2005 4641 per
2049 4584 2179 4641 ope-

473 4656 778 4725 rationem,
837 4655 1037 4714 saltem
1095 4671 1194 4729 per
1257 4655 1667 4730 professionem
1738 4665 1950 4715 sanctae
1999 4673 2176 4731 copu-

471 4742 628 4802 latur
684 4743 973 4814 Ecclesiae,
1031 4751 1086 4801 et
1143 4743 1297 4802 velut
1354 4743 1613 4803 incautos
1661 4745 1845 4818 pisces
1896 4744 2177 4819 arripiens

472 4833 729 4902 devorat,
771 4832 911 4890 dum
961 4832 1191 4890 hebetes
1239 4849 1498 4908 quosque
1547 4849 1614 4892 ac
1662 4835 1952 4910 simplices
2001 4835 2175 4910 perﬁ-

475 4921 589 4980 diae
619 4937 742 4979 suae
783 4919 1076 4979 erroribus
1109 4921 1382 4994 implicat.
1426 4922 1589 4981 Unde
1627 4931 1681 4982 et
1713 4926 2022 4998 Apostolus
2053 4927 2131 4983 ait
2160 4948 2172 4983 :

475 5036 502 5068 «
540 5011 848 5073 Sustinetis
904 5012 1060 5071 enim
1110 5013 1158 5071 si
1212 5015 1342 5088 quis
1371 5031 1474 5073 vos
1530 5016 1782 5083 devorat,
1817 5017 1866 5073 si
1916 5015 2047 5089 quis
2077 5032 2179 5075 vos

471 5101 684 5175 decipit
737 5103 936 5173 (Ibid.).
977 5124 996 5150 ι
1031 5099 1439 5160 Verumtamen
1493 5103 1552 5160 in
1589 5104 1924 5178 hujusmodi
1977 5120 2177 5162 versu-

471 5192 567 5250 tiis
597 5196 653 5248 et
678 5188 985 5248 fraudibus
1011 5188 1354 5247 animalium
1391 5190 1704 5266 aliquando
1741 5192 2006 5251 salutaris
2034 5192 2178 5252 alle-

472 5283 648 5374 goriae
680 5281 1131 5356 deprehenditur
1156 5290 1596 5342 sacramentum.

1038 5403 1128 5461 81
1142 5405 1177 5458 1
1209 5407 1452 5466 CAPUT
1508 5408 1606 5466 1X.

991 5503 1069 5557 De
1098 5503 1270 5571 hydro
1299 5509 1350 5558 et
1379 5505 1663 5562 crocodilo.

548 5596 786 5672 Hydrus
838 5597 995 5657 enim
1043 5600 1258 5658 animal
1305 5607 1389 5658 est
1442 5601 1704 5660 habitans
1747 5601 1809 5660 in
1849 5603 2175 5676 gurgitibus

477 5684 814 5758 ﬂuminum,
869 5687 1172 5746 crooodilis
1228 5687 1479 5772 feraliter
1529 5689 1854 5749 inimicum.
1907 5691 2017 5751 Hic
2061 5692 2171 5752 ita-

1025 4490 1084 4531 se
1140 4475 1512 4546 transﬁgurat
1565 4475 1623 4531 in
1707 4478 1980 4548 angelum
2033 4475 2240 4552 lucisD

2260 1844 2488 1912 mordit,
2544 1860 2677 1902 cum
2725 1845 3063 1918 triumphali
3113 1847 3184 1905 de
3233 1849 3493 1922 sepulcro
3540 1849 3721 1922 gloria
3766 1867 3945 1909 resur-

2257 1933 2428 1991 rexit.
2461 1932 2627 1991 Unde
2678 1935 2846 1992 morti
2899 1950 2998 2009 per
3050 1936 3386 2010 prophetam
3432 1937 3806 2011 [Apostolum]
3871 1940 3948 1996 vi-

2257 2029 2376 2079 ctor
2424 2022 2708 2081 insultat:
2751 2049 2770 2073 ·
2810 2024 2919 2083 Ubi
2974 2033 3078 2096 est,
3135 2027 3344 2099 inquit,
3403 2043 3438 2085 ο
3491 2044 3665 2097 mors,
3720 2029 3948 2088 victoria

2255 2109 2397 2168 tua?
2448 2111 2549 2169 ubi
2605 2118 2690 2169 est
2735 2113 3009 2173 stimulus
3061 2114 3284 2173 tuus?-
3327 2117 3374 2185 (Ι
3400 2117 3519 2174 Cor.
3552 2119 3677 2187 xv.)
3726 2118 3796 2174 Et
3846 2118 3943 2175 ite-

2262 2214 2397 2256 rum
2431 2224 2444 2258 :
2484 2224 2506 2252 ι
2541 2201 2605 2259 Οί
2637 2217 2813 2275 mors,
2845 2219 2942 2262 ero
2983 2219 3138 2264 mors
3177 2213 3272 2264 tua
3303 2229 3315 2275 ;
3371 2221 3596 2266 morsus
3649 2213 3784 2265 tuus
3836 2223 3941 2265 ero.

2259 2288 2490 2348 inferne
2519 2292 2671 2361 (Osee
2699 2300 2846 2359 XIII).
2887 2315 2909 2343 ιι

2942 2433 3185 2493 CAPUT
3215 2435 3284 2494 X.

2895 2556 2972 2609 De
3007 2554 3315 2611 charadrio.

2329 2675 2708 2733 Charadrium
2766 2689 2999 2748 quoque
3083 2675 3326 2748 ﬁguram
3405 2677 3588 2734 nostri
3649 2675 3948 2735 Salvatoris

2259 2764 2586 2836 exprimere
2626 2779 2741 2821 non
2779 2762 3150 2836 ambigimus,
3184 2763 3232 2820 si
3280 2762 3602 2821 mirabilem
3633 2764 3757 2836 ejus
3788 2771 3945 2820 natu-

2259 2868 2382 2910 ram
2439 2869 2555 2910 non
2620 2852 2745 2909 sine
2797 2850 3180 2909 admiratione
3235 2868 3565 2925 pensamus.
3623 2851 3721 2910 Est
3779 2851 3947 2923 igitur

2258 2940 2366 2998 hoc
2402 2940 2634 2998 volatile
2663 2947 2846 2998 totum
2874 2939 3095 3010 album,
3130 2955 3236 2997 nec
3265 2939 3383 2998 ulla
3412 2939 3731 3012 nigredinis
3761 2955 3946 2996 macu-

2258 3030 2314 3086 la
2351 3029 2635 3100 reperitur
2678 3027 2737 3084 in
2769 3027 3003 3100 plumis.
3036 3026 3309 3100 Quisquis
3341 3035 3535 3087 autem
3563 3035 3648 3086 est
3695 3028 3753 3085 in
3785 3027 3946 3100 a3ng-

2193 3117 2459 3197 Ctudine
2506 3116 2870 3187 constitutus,
2917 3131 3021 3188 per
3069 3117 3432 3188 praesentiam
3476 3118 3654 3190 hujus
3703 3117 3949 3174 volucris

2256 3209 2405 3263 valet
2430 3203 2646 3278 absque
2697 3203 2984 3261 dubietate
3028 3203 3296 3276 colligere
3329 3209 3527 3262 utrum
3564 3221 3624 3262 se
3667 3205 3728 3262 in
3755 3205 3948 3278 proxi-

2254 3309 2350 3352 mo
2415 3295 2832 3362 convalescere,
2892 3308 2964 3349 an
3046 3293 3392 3351 imminente
3453 3295 3651 3353 mortis
3716 3295 3954 3353 articulo

2257 3397 2488 3440 necesse
2534 3381 2607 3438 sit
2647 3380 2904 3438 interire.
2958 3380 3102 3438 Nam
3145 3380 3195 3439 si
3230 3381 3538 3439 inﬁrmitas
3583 3383 3766 3441 estad
3803 3399 3951 3441 mor-

2257 3476 2391 3541 tem,
2420 3486 2555 3528 mox
2584 3476 2648 3529 ut
2675 3477 2954 3544 tegrotum
2994 3470 3223 3541 viderit,
3270 3472 3533 3544 protinus
3578 3473 3776 3530 oculos
3824 3487 3952 3530 suos

2254 3560 2478 3630 avertit,
2519 3575 2771 3634 eumque
2806 3561 2957 3618 ultra
2993 3575 3110 3617 non
3153 3559 3403 3633 respicit.
3443 3560 3515 3617 Et
3549 3561 3633 3618 sic
3674 3561 3946 3620 indicium

2255 3648 2445 3718 datur,
2485 3648 2760 3722 quoniam
2787 3664 2861 3706 ex
2905 3649 3371 3708 incommoditate
3415 3655 3688 3722 concepta
3734 3650 3951 3724 langui-

2254 3738 2364 3796 dus
2398 3738 2660 3795 moritur.
2694 3737 2972 3812 Alioquin
3003 3738 3052 3795 si
3083 3737 3393 3812 languidus
3439 3736 3541 3795 ille
3565 3737 3830 3796 victurus
3858 3748 3952 3809 est,

2255 3831 2463 3898 przesto
2492 3825 2830 3884 charadrius
2860 3826 3127 3884 obtutum
3156 3842 3330 3885 suum
3358 3826 3422 3883 in
3466 3826 3590 3900 ejus
3620 3841 3719 3884 ora
3747 3827 3949 3900 deﬁgit,

2255 3929 2321 3972 ac
2370 3914 2520 3972 intra
2575 3930 2635 3972 se
2693 3929 2929 3971 omnem
2990 3913 3152 3972 illius
3199 3914 3606 3987 aegritudinem
3672 3916 3946 3989 concipit:

2256 4004 2465 4062 deinde
2510 4011 2706 4063 contra
2767 4004 2906 4063 solis
2943 4004 3208 4062 ardorem
3243 4005 3486 4079 impiger
3519 4004 3726 4074 evolat,
3769 4005 3946 4078 aegroti

2258 4094 2653 4151 valetudinem
2716 4093 2822 4151 soli
2886 4109 2946 4151 se
3011 4092 3340 4166 objiciendo
3396 4094 3702 4163 comburit,
3748 4109 3817 4152 ac
3864 4111 3948 4167 per

2259 4199 2451 4242 aerem
2484 4182 2781 4242 volitando
2811 4183 3105 4256 dispergit.
3145 4182 3410 4242 Mirabile
3451 4183 3581 4242 visu
3613 4187 3626 4242 ι
3673 4183 3951 4256 extemplo

2259 4289 2320 4331 se
2373 4273 2686 4345 languidus
2744 4272 2929 4346 erigit,
2989 4279 3044 4330 et
3083 4272 3395 4331 defmcatus
3433 4272 3594 4331 omni
3627 4272 3947 4346 passionum

2259 4360 2571 4433 gravedine
2650 4360 3016 4419 convalescit.
3093 4359 3257 4429 Quod
3335 4360 3702 4434 Redemptori
3774 4368 3953 4417 nostro

2259 4450 2513 4508 volucris
2562 4450 2742 4524 hujus
2794 4452 2979 4525 ﬁgura
3021 4451 3344 4518 conveniat,
3396 4451 3524 4508 luce
3571 4449 3786 4508 clarius
3823 4449 3954 4507 ratio

2260 4537 2604 4596 manifestat.
2671 4538 2863 4596 Instar
2931 4537 3144 4612 quippe
3209 4537 3492 4596 charadrii
3535 4537 3816 4595 candidus
3883 4546 3952 4594 est

2259 4627 2538 4697 Christus,
2573 4627 2711 4700 quia
2740 4627 2902 4686 nulla
2944 4625 3207 4684 criminis
3242 4625 3505 4698 apparuit
3545 4625 3771 4684 macula
3801 4623 3952 4683 deni-

2257 4722 2474 4788 gratus.
2511 4740 2530 4765 ι
2569 4714 2789 4789 Quippe
2825 4715 2926 4789 qui
2965 4720 3260 4787 peccatum
3298 4729 3413 4771 non
3445 4714 3595 4783 fecit,
3645 4731 3752 4772 nec
3799 4713 3955 4772 dolus

2261 4806 2538 4864 inventus
2597 4814 2680 4862 est
2734 4805 2792 4862 in
2846 4820 2943 4862 ore
2997 4804 3126 4876 ejus
3183 4806 3226 4875 (Ι
3269 4807 3413 4861 Petr.
3448 4816 3534 4874 II;
3590 4806 3698 4862 Isa.
3765 4809 3899 4873 LIII).
3936 4829 3951 4850 -

2260 4894 2342 4953 De
2371 4910 2484 4968 quo
2531 4902 2585 4952 et
2620 4910 2826 4969 sponsa
2854 4894 2992 4953 dicit
3035 4894 3093 4953 in
3142 4895 3388 4952 Canticis
3417 4913 3430 4950 :
3468 4919 3488 4944 ιι
3522 4893 3774 4952 Dilectus
3804 4909 3957 4951 meus

2261 4985 2543 5044 candidus
2589 4991 2645 5042 et
2679 4983 3041 5043 rubicundus
3091 4985 3270 5052 (Cant.
3302 4987 3380 5051 v).
3420 5009 3440 5032 ν
3491 4981 3832 5054 Virginitate
3879 4984 3957 5038 vi-

2261 5073 2465 5131 delicet
2522 5081 2575 5131 et
2634 5073 2966 5131 innocentia
3017 5073 3320 5141 candidus,
3372 5070 3632 5144 martyrii
3684 5071 3960 5142 sanguine

2262 5163 2643 5220 rubicundus.
2679 5162 2789 5230 Qui
2831 5161 3113 5220 nimirum
3143 5162 3214 5218 ad
3258 5161 3554 5219 infirmum
3590 5161 3756 5217 lsrael
3796 5175 3962 5232 pupu-

2261 5252 2382 5311 lum
2424 5253 2555 5325 pius
2603 5251 2863 5309 visitator
2907 5250 3160 5321 advenit,
3208 5247 3352 5306 812
3395 5249 3492 5308 sed
3545 5247 3751 5306 faciem
3807 5263 3962 5306 suam

2258 5340 2332 5400 ab
2387 5356 2454 5397 eo
2514 5341 2802 5413 (quoniam
2859 5338 3117 5413 perﬁdiae
3170 5346 3224 5397 et
3278 5337 3702 5396 incredulitatis
3771 5339 3964 5395 morbo

2259 5428 2624 5500 moriebatur)
2691 5429 2941 5487 avertit:
3003 5429 3102 5486 ad-
3132 5428 3409 5502 gentilem
3467 5443 3602 5485 vero
3661 5427 3965 5501 populum.

2257 5531 2424 5590 mque
2469 5517 2684 5574 scilicet
2735 5516 3080 5590 languidum
3127 5532 3257 5575 cum
3315 5517 3590 5590 respexit,
3636 5516 3868 5589 pietatis
3911 5517 3966 5570 in

2255 5619 2392 5662 eum
2435 5604 2632 5662 oculos
2680 5605 2994 5664 clementer
3038 5605 3256 5675 inﬁxit,
3300 5604 3362 5664 in
3423 5604 3806 5678 semetipsum
3850 5603 3969 5674 ejus

2255 5694 2663 5767 aegritudinem
2710 5696 3021 5768 transtulit,
3083 5712 3334 5770 eumque
3377 5696 3550 5754 saluti
3599 5695 3861 5770 pr'istinze
3889 5711 3966 5749 re-
