  <div class='ocr_page' id='page_1' title='image "/cluster/home/n/w/nwhite01/storage/ocr_20150623/145/hvd.32044048207542/394.png"; bbox 0 0 4054 6184; ppageno 0'>
   <div class='ocr_carea' id='block_1_1' title="bbox 182 315 281 374">
    <p class='ocr_par' dir='ltr' id='par_1_1' title="bbox 182 315 281 374">
     <span class='ocr_line' id='line_1_1' title="bbox 182 315 281 374; baseline -0.01 0"><span class='ocrx_word' id='word_1_1' title='bbox 182 315 281 374; x_wconf 87' lang='lat'>773</span> 
     </span>
    </p>
   </div>
   <div class='ocr_carea' id='block_1_2' title="bbox 1087 307 2746 375">
    <p class='ocr_par' dir='ltr' id='par_1_2' title="bbox 1087 307 2746 375">
     <span class='ocr_line' id='line_1_2' title="bbox 1087 307 2746 375; baseline 0.001 -4"><span class='ocrx_word' id='word_1_2' title='bbox 1087 311 1338 372; x_wconf 86' lang='lat' dir='ltr'>OPUSC.</span> <span class='ocrx_word' id='word_1_3' title='bbox 1383 311 1506 371; x_wconf 90' lang='lat' dir='ltr'>LII.</span> <span class='ocrx_word' id='word_1_4' title='bbox 1549 343 1617 355; x_wconf 90' lang='lat'>——</span> <span class='ocrx_word' id='word_1_5' title='bbox 1655 311 1752 370; x_wconf 91' lang='lat' dir='ltr'><strong>DE</strong></span> <span class='ocrx_word' id='word_1_6' title='bbox 1791 307 1982 370; x_wconf 89' lang='grc' dir='ltr'>ΒΟΝο</span> <span class='ocrx_word' id='word_1_7' title='bbox 2021 310 2398 372; x_wconf 83' lang='lat' dir='ltr'>BELIGIOSI</span> <span class='ocrx_word' id='word_1_8' title='bbox 2441 313 2746 375; x_wconf 82' lang='lat' dir='ltr'>STATUS.</span> 
     </span>
    </p>
   </div>
   <div class='ocr_carea' id='block_1_3' title="bbox 3563 320 3666 379">
    <p class='ocr_par' dir='ltr' id='par_1_3' title="bbox 3563 320 3666 379">
     <span class='ocr_line' id='line_1_3' title="bbox 3563 320 3666 379; baseline -0.01 0"><span class='ocrx_word' id='word_1_9' title='bbox 3563 320 3666 379; x_wconf 77' lang='lat'>774</span> 
     </span>
    </p>
   </div>
   <div class='ocr_carea' id='block_1_4' title="bbox 181 433 3668 510">
    <p class='ocr_par' dir='ltr' id='par_1_4' title="bbox 181 433 3668 510">
     <span class='ocr_line' id='line_1_4' title="bbox 181 433 3668 510; baseline 0.001 -12"><span class='ocrx_word' id='word_1_10' title='bbox 181 439 460 500; x_wconf 81' lang='lat' dir='ltr'>formavit.</span> <span class='ocrx_word' id='word_1_11' title='bbox 507 461 530 488; x_wconf 77' lang='grc' dir='ltr'>ι</span> <span class='ocrx_word' id='word_1_12' title='bbox 592 436 738 494; x_wconf 86' lang='lat' dir='ltr'>Vere</span> <span class='ocrx_word' id='word_1_13' title='bbox 790 437 970 506; x_wconf 90' lang='lat' dir='ltr'>enim,</span> <span class='ocrx_word' id='word_1_14' title='bbox 1025 434 1181 495; x_wconf 85' lang='lat' dir='ltr'>sicut</span> <span class='ocrx_word' id='word_1_15' title='bbox 1229 451 1332 510; x_wconf 88' lang='lat' dir='ltr'>per</span> <span class='ocrx_word' id='word_1_16' title='bbox 1385 436 1598 494; x_wconf 85' lang='lat' dir='ltr'>Isaiam</span> <span class='ocrx_word' id='word_1_17' title='bbox 1648 435 1943 504; x_wconf 88' lang='lat' dir='ltr'>dicitur,A</span> <span class='ocrx_word' id='word_1_18' title='bbox 1963 433 2136 506; x_wconf 90' lang='lat' dir='ltr'>super</span> <span class='ocrx_word' id='word_1_19' title='bbox 2175 450 2394 508; x_wconf 85' lang='lat' dir='ltr'>pennas</span> <span class='ocrx_word' id='word_1_20' title='bbox 2427 445 2728 497; x_wconf 78' lang='lat' dir='ltr'>ventorum</span> <span class='ocrx_word' id='word_1_21' title='bbox 2761 444 2932 508; x_wconf 80' lang='lat' dir='ltr'>(Psal.</span> <span class='ocrx_word' id='word_1_22' title='bbox 2963 446 3139 510; x_wconf 83' lang='lat' dir='ltr'>XVII).</span> <span class='ocrx_word' id='word_1_23' title='bbox 3179 461 3208 494; x_wconf 82' lang='lat'><strong>»</strong></span> <span class='ocrx_word' id='word_1_24' title='bbox 3263 441 3580 501; x_wconf 79' lang='lat' dir='ltr'>Enimvero</span> <span class='ocrx_word' id='word_1_25' title='bbox 3612 451 3668 501; x_wconf 87' lang='lat' dir='ltr'>et</span> 
     </span>
    </p>
   </div>
   <div class='ocr_carea' id='block_1_5' title="bbox 181 525 1884 602">
    <p class='ocr_par' dir='ltr' id='par_1_5' title="bbox 181 525 1884 602">
     <span class='ocr_line' id='line_1_5' title="bbox 181 525 1884 602; baseline -0.004 -14"><span class='ocrx_word' id='word_1_26' title='bbox 181 531 481 602; x_wconf 87' lang='lat' dir='ltr'>languores</span> <span class='ocrx_word' id='word_1_27' title='bbox 537 533 755 584; x_wconf 88' lang='lat' dir='ltr'>nostros</span> <span class='ocrx_word' id='word_1_28' title='bbox 801 525 923 599; x_wconf 89' lang='lat' dir='ltr'>ipse</span> <span class='ocrx_word' id='word_1_29' title='bbox 970 525 1122 595; x_wconf 83' lang='lat' dir='ltr'>tulit,</span> <span class='ocrx_word' id='word_1_30' title='bbox 1171 532 1226 582; x_wconf 92' lang='lat' dir='ltr'>et</span> <span class='ocrx_word' id='word_1_31' title='bbox 1271 533 1498 598; x_wconf 88' lang='lat' dir='ltr'>peccata</span> <span class='ocrx_word' id='word_1_32' title='bbox 1529 533 1726 584; x_wconf 88' lang='lat' dir='ltr'>nostra</span> <span class='ocrx_word' id='word_1_33' title='bbox 1760 525 1884 598; x_wconf 91' lang='lat' dir='ltr'>ipse</span> 
     </span>
    </p>
   </div>
   <div class='ocr_carea' id='block_1_6' title="bbox 179 612 1880 692">
    <p class='ocr_par' dir='ltr' id='par_1_6' title="bbox 179 612 1880 692">
     <span class='ocr_line' id='line_1_6' title="bbox 179 612 1880 692; baseline -0.005 -16"><span class='ocrx_word' id='word_1_34' title='bbox 179 613 438 692; x_wconf 80' lang='lat' dir='ltr'>portavit.</span> <span class='ocrx_word' id='word_1_35' title='bbox 495 613 563 670; x_wconf 88' lang='lat' dir='ltr'>Et</span> <span class='ocrx_word' id='word_1_36' title='bbox 615 629 717 670; x_wconf 91' lang='lat' dir='ltr'>nos</span> <span class='ocrx_word' id='word_1_37' title='bbox 767 612 1102 684; x_wconf 80' lang='lat' dir='ltr'>putavimus</span> <span class='ocrx_word' id='word_1_38' title='bbox 1155 628 1290 670; x_wconf 91' lang='lat' dir='ltr'>eum</span> <span class='ocrx_word' id='word_1_39' title='bbox 1347 613 1512 685; x_wconf 90' lang='lat' dir='ltr'>quasi</span> <span class='ocrx_word' id='word_1_40' title='bbox 1569 612 1880 685; x_wconf 87' lang='lat' dir='ltr'>leprosum,</span> 
     </span>
    </p>
   </div>
   <div class='ocr_carea' id='block_1_7' title="bbox 183 700 1882 780">
    <p class='ocr_par' dir='ltr' id='par_1_7' title="bbox 183 700 1882 780">
     <span class='ocr_line' id='line_1_7' title="bbox 183 700 1882 780; baseline -0.004 -16"><span class='ocrx_word' id='word_1_41' title='bbox 183 713 614 780; x_wconf 40' lang='lat' dir='ltr'>et&#39;percussum</span> <span class='ocrx_word' id='word_1_42' title='bbox 663 718 696 758; x_wconf 91' lang='lat' dir='ltr'>a</span> <span class='ocrx_word' id='word_1_43' title='bbox 749 703 866 759; x_wconf 89' lang='lat' dir='ltr'>Deo</span> <span class='ocrx_word' id='word_1_44' title='bbox 923 709 977 758; x_wconf 89' lang='lat' dir='ltr'>et</span> <span class='ocrx_word' id='word_1_45' title='bbox 1025 701 1438 769; x_wconf 89' lang='lat' dir='ltr'>humiliatum;</span> <span class='ocrx_word' id='word_1_46' title='bbox 1509 700 1632 773; x_wconf 91' lang='lat' dir='ltr'>ipse</span> <span class='ocrx_word' id='word_1_47' title='bbox 1685 707 1882 758; x_wconf 90' lang='lat' dir='ltr'>autem</span> 
     </span>
    </p>
   </div>
   <div class='ocr_carea' id='block_1_8' title="bbox 187 790 1884 864">
    <p class='ocr_par' dir='ltr' id='par_1_8' title="bbox 187 790 1884 864">
     <span class='ocr_line' id='line_1_8' title="bbox 187 790 1884 864; baseline -0.003 -11"><span class='ocrx_word' id='word_1_48' title='bbox 187 798 516 853; x_wconf 79' lang='lat' dir='ltr'>vulneratus</span> <span class='ocrx_word' id='word_1_49' title='bbox 563 797 647 848; x_wconf 90' lang='lat' dir='ltr'>est</span> <span class='ocrx_word' id='word_1_50' title='bbox 699 797 924 864; x_wconf 81' lang='lat' dir='ltr'>propter</span> <span class='ocrx_word' id='word_1_51' title='bbox 971 790 1306 864; x_wconf 84' lang='lat' dir='ltr'>iniquitates</span> <span class='ocrx_word' id='word_1_52' title='bbox 1357 796 1599 858; x_wconf 91' lang='lat' dir='ltr'>nostras,</span> <span class='ocrx_word' id='word_1_53' title='bbox 1656 792 1884 848; x_wconf 86' lang='lat' dir='ltr'>attritus</span> 
     </span>
    </p>
   </div>
   <div class='ocr_carea' id='block_1_9' title="bbox 187 880 1887 956">
    <p class='ocr_par' dir='ltr' id='par_1_9' title="bbox 187 880 1887 956">
     <span class='ocr_line' id='line_1_9' title="bbox 187 880 1887 956; baseline -0.002 -12"><span class='ocrx_word' id='word_1_54' title='bbox 187 891 268 945; x_wconf 90' lang='lat' dir='ltr'>est</span> <span class='ocrx_word' id='word_1_55' title='bbox 309 890 536 956; x_wconf 83' lang='lat' dir='ltr'>propter</span> <span class='ocrx_word' id='word_1_56' title='bbox 578 881 793 938; x_wconf 89' lang='lat' dir='ltr'>scelera</span> <span class='ocrx_word' id='word_1_57' title='bbox 839 887 1053 938; x_wconf 90' lang='lat' dir='ltr'>nostra.</span> <span class='ocrx_word' id='word_1_58' title='bbox 1108 880 1426 954; x_wconf 85' lang='lat' dir='ltr'>Disciplina</span> <span class='ocrx_word' id='word_1_59' title='bbox 1475 885 1631 956; x_wconf 85' lang='lat' dir='ltr'>pacis</span> <span class='ocrx_word' id='word_1_60' title='bbox 1675 889 1887 940; x_wconf 64' lang='lat' dir='ltr'>nostrae</span> 
     </span>
    </p>
   </div>
   <div class='ocr_carea' id='block_1_10' title="bbox 189 971 1881 1047">
    <p class='ocr_par' dir='ltr' id='par_1_10' title="bbox 189 971 1881 1047">
     <span class='ocr_line' id='line_1_10' title="bbox 189 971 1881 1047; baseline -0.007 -13"><span class='ocrx_word' id='word_1_61' title='bbox 189 990 356 1047; x_wconf 87' lang='lat' dir='ltr'>super</span> <span class='ocrx_word' id='word_1_62' title='bbox 393 989 548 1043; x_wconf 90' lang='lat' dir='ltr'>eum,</span> <span class='ocrx_word' id='word_1_63' title='bbox 581 979 637 1029; x_wconf 92' lang='lat' dir='ltr'>et</span> <span class='ocrx_word' id='word_1_64' title='bbox 678 971 859 1029; x_wconf 88' lang='lat' dir='ltr'>livore</span> <span class='ocrx_word' id='word_1_65' title='bbox 888 972 1012 1044; x_wconf 85' lang='lat' dir='ltr'>ejus</span> <span class='ocrx_word' id='word_1_66' title='bbox 1043 972 1226 1030; x_wconf 80' lang='lat' dir='ltr'>sanati</span> <span class='ocrx_word' id='word_1_67' title='bbox 1257 989 1462 1030; x_wconf 90' lang='lat' dir='ltr'>sumus</span> <span class='ocrx_word' id='word_1_68' title='bbox 1519 977 1646 1042; x_wconf 83' lang='lat' dir='ltr'>(Isa.</span> <span class='ocrx_word' id='word_1_69' title='bbox 1679 978 1820 1041; x_wconf 87' lang='lat' dir='ltr'>LIII).</span> <span class='ocrx_word' id='word_1_70' title='bbox 1861 995 1881 1023; x_wconf 75' lang='grc' dir='ltr'><strong><em>ι</em></strong></span> 
     </span>
    </p>
   </div>
   <div class='ocr_carea' id='block_1_11' title="bbox 191 1060 1884 1135">
    <p class='ocr_par' dir='ltr' id='par_1_11' title="bbox 191 1060 1884 1135">
     <span class='ocr_line' id='line_1_11' title="bbox 191 1060 1884 1135; baseline -0.002 -13"><span class='ocrx_word' id='word_1_71' title='bbox 191 1063 607 1132; x_wconf 66' lang='lat' dir='ltr'>Egritudinem</span> <span class='ocrx_word' id='word_1_72' title='bbox 659 1077 795 1120; x_wconf 91' lang='lat' dir='ltr'>vero</span> <span class='ocrx_word' id='word_1_73' title='bbox 854 1078 955 1135; x_wconf 89' lang='lat' dir='ltr'>per</span> <span class='ocrx_word' id='word_1_74' title='bbox 1003 1077 1190 1119; x_wconf 89' lang='lat' dir='ltr'>aerem</span> <span class='ocrx_word' id='word_1_75' title='bbox 1247 1060 1544 1122; x_wconf 91' lang='lat' dir='ltr'>volitando</span> <span class='ocrx_word' id='word_1_76' title='bbox 1597 1061 1884 1135; x_wconf 88' lang='lat' dir='ltr'>dispersit,</span> 
     </span>
    </p>
   </div>
   <div class='ocr_carea' id='block_1_12' title="bbox 191 1149 1885 1225">
    <p class='ocr_par' dir='ltr' id='par_1_12' title="bbox 191 1149 1885 1225">
     <span class='ocr_line' id='line_1_12' title="bbox 191 1149 1885 1225; baseline -0.002 -16"><span class='ocrx_word' id='word_1_77' title='bbox 191 1151 320 1225; x_wconf 85' lang='lat' dir='ltr'>quia</span> <span class='ocrx_word' id='word_1_78' title='bbox 379 1157 680 1224; x_wconf 83' lang='lat' dir='ltr'>potestates</span> <span class='ocrx_word' id='word_1_79' title='bbox 719 1166 913 1208; x_wconf 88' lang='lat' dir='ltr'>aereas</span> <span class='ocrx_word' id='word_1_80' title='bbox 957 1151 1081 1208; x_wconf 86' lang='lat' dir='ltr'>suis</span> <span class='ocrx_word' id='word_1_81' title='bbox 1131 1150 1354 1208; x_wconf 87' lang='lat' dir='ltr'>viribus</span> <span class='ocrx_word' id='word_1_82' title='bbox 1411 1151 1741 1208; x_wconf 69' lang='lat' dir='ltr'>debellavit.</span> <span class='ocrx_word' id='word_1_83' title='bbox 1797 1149 1885 1206; x_wconf 85' lang='lat' dir='ltr'>Ad</span> 
     </span>
    </p>
   </div>
   <div class='ocr_carea' id='block_1_13' title="bbox 188 1238 1882 1311">
    <p class='ocr_par' dir='ltr' id='par_1_13' title="bbox 188 1238 1882 1311">
     <span class='ocr_line' id='line_1_13' title="bbox 188 1238 1882 1311; baseline -0.004 -12"><span class='ocrx_word' id='word_1_84' title='bbox 188 1241 444 1299; x_wconf 91' lang='lat' dir='ltr'>ardorem</span> <span class='ocrx_word' id='word_1_85' title='bbox 506 1239 644 1298; x_wconf 91' lang='lat' dir='ltr'>solis</span> <span class='ocrx_word' id='word_1_86' title='bbox 693 1239 967 1308; x_wconf 87' lang='lat' dir='ltr'>ascendit,</span> <span class='ocrx_word' id='word_1_87' title='bbox 1011 1254 1076 1296; x_wconf 90' lang='lat' dir='ltr'>ac</span> <span class='ocrx_word' id='word_1_88' title='bbox 1131 1239 1251 1296; x_wconf 87' lang='lat' dir='ltr'>vim</span> <span class='ocrx_word' id='word_1_89' title='bbox 1307 1238 1598 1311; x_wconf 83' lang='lat' dir='ltr'>languoris</span> <span class='ocrx_word' id='word_1_90' title='bbox 1641 1239 1882 1306; x_wconf 80' lang='lat' dir='ltr'>exussit,</span> 
     </span>
    </p>
   </div>
   <div class='ocr_carea' id='block_1_14' title="bbox 190 1327 1883 1405">
    <p class='ocr_par' dir='ltr' id='par_1_14' title="bbox 190 1327 1883 1405">
     <span class='ocr_line' id='line_1_14' title="bbox 190 1327 1883 1405; baseline -0.003 -16"><span class='ocrx_word' id='word_1_91' title='bbox 190 1332 460 1405; x_wconf 87' lang='lat' dir='ltr'>quoniam</span> <span class='ocrx_word' id='word_1_92' title='bbox 511 1330 582 1387; x_wconf 91' lang='lat' dir='ltr'>ad</span> <span class='ocrx_word' id='word_1_93' title='bbox 629 1330 854 1387; x_wconf 84' lang='lat' dir='ltr'>Patrem</span> <span class='ocrx_word' id='word_1_94' title='bbox 897 1329 1146 1400; x_wconf 88' lang='lat' dir='ltr'>rediens,</span> <span class='ocrx_word' id='word_1_95' title='bbox 1189 1329 1292 1402; x_wconf 87' lang='lat' dir='ltr'>qui</span> <span class='ocrx_word' id='word_1_96' title='bbox 1350 1337 1434 1387; x_wconf 91' lang='lat' dir='ltr'>est</span> <span class='ocrx_word' id='word_1_97' title='bbox 1488 1329 1569 1387; x_wconf 92' lang='lat' dir='ltr'>sol</span> <span class='ocrx_word' id='word_1_98' title='bbox 1616 1327 1883 1402; x_wconf 74' lang='lat' dir='ltr'>justitite,</span> 
     </span>
    </p>
   </div>
   <div class='ocr_carea' id='block_1_15' title="bbox 189 1415 1883 1491">
    <p class='ocr_par' dir='ltr' id='par_1_15' title="bbox 189 1415 1883 1491">
     <span class='ocr_line' id='line_1_15' title="bbox 189 1415 1883 1491; baseline -0.003 -14"><span class='ocrx_word' id='word_1_99' title='bbox 189 1425 542 1491; x_wconf 89' lang='lat' dir='ltr'>mortemque</span> <span class='ocrx_word' id='word_1_100' title='bbox 609 1415 953 1490; x_wconf 84' lang='lat' dir='ltr'>deglutiens,</span> <span class='ocrx_word' id='word_1_101' title='bbox 1009 1417 1267 1474; x_wconf 88' lang='lat' dir='ltr'>ascendit</span> <span class='ocrx_word' id='word_1_102' title='bbox 1321 1415 1384 1473; x_wconf 93' lang='lat' dir='ltr'>in</span> <span class='ocrx_word' id='word_1_103' title='bbox 1437 1415 1643 1486; x_wconf 90' lang='lat' dir='ltr'>altum,</span> <span class='ocrx_word' id='word_1_104' title='bbox 1703 1416 1883 1489; x_wconf 91' lang='lat' dir='ltr'>capti-</span> 
     </span>
    </p>
   </div>
   <div class='ocr_carea' id='block_1_16' title="bbox 189 1504 1890 1579">
    <p class='ocr_par' dir='ltr' id='par_1_16' title="bbox 189 1504 1890 1579">
     <span class='ocr_line' id='line_1_16' title="bbox 189 1504 1890 1579; baseline -0.002 -14"><span class='ocrx_word' id='word_1_105' title='bbox 189 1523 317 1566; x_wconf 90' lang='lat' dir='ltr'>vam</span> <span class='ocrx_word' id='word_1_106' title='bbox 380 1507 552 1564; x_wconf 84' lang='lat' dir='ltr'>duxit</span> <span class='ocrx_word' id='word_1_107' title='bbox 624 1505 1029 1579; x_wconf 84' lang='lat' dir='ltr'>captivitatem,</span> <span class='ocrx_word' id='word_1_108' title='bbox 1104 1504 1262 1563; x_wconf 90' lang='lat' dir='ltr'>dedit</span> <span class='ocrx_word' id='word_1_109' title='bbox 1325 1506 1478 1564; x_wconf 90' lang='lat' dir='ltr'>dona</span> <span class='ocrx_word' id='word_1_110' title='bbox 1551 1504 1890 1564; x_wconf 91' lang='lat' dir='ltr'>hominibus</span> 
     </span>
    </p>
   </div>
   <div class='ocr_carea' id='block_1_17' title="bbox 193 1599 946 1670">
    <p class='ocr_par' dir='ltr' id='par_1_17' title="bbox 193 1599 946 1670">
     <span class='ocr_line' id='line_1_17' title="bbox 193 1599 946 1670; baseline 0.001 -17"><span class='ocrx_word' id='word_1_111' title='bbox 193 1599 356 1666; x_wconf 84' lang='lat' dir='ltr'>(Psal.</span> <span class='ocrx_word' id='word_1_112' title='bbox 383 1609 583 1670; x_wconf 79' lang='lat' dir='ltr'>LXVII;</span> <span class='ocrx_word' id='word_1_113' title='bbox 613 1599 812 1669; x_wconf 82' lang='lat' dir='ltr'>Ephes.</span> <span class='ocrx_word' id='word_1_114' title='bbox 841 1601 946 1666; x_wconf 87' lang='lat' dir='ltr'>IV).</span> 
     </span>
    </p>
   </div>
   <div class='ocr_carea' id='block_1_18' title="bbox 837 1735 1237 1795">
    <p class='ocr_par' dir='ltr' id='par_1_18' title="bbox 837 1735 1237 1795">
     <span class='ocr_line' id='line_1_18' title="bbox 837 1735 1237 1795; baseline -0.003 0"><span class='ocrx_word' id='word_1_115' title='bbox 837 1735 1080 1795; x_wconf 86' lang='lat' dir='ltr'>CAPUT</span> <span class='ocrx_word' id='word_1_116' title='bbox 1137 1736 1237 1794; x_wconf 88' lang='lat' dir='ltr'>XI.</span> 
     </span>
    </p>
   </div>
   <div class='ocr_carea' id='block_1_19' title="bbox 851 1846 1226 1916">
    <p class='ocr_par' dir='ltr' id='par_1_19' title="bbox 851 1846 1226 1916">
     <span class='ocr_line' id='line_1_19' title="bbox 851 1846 1226 1916; baseline 0.003 -17"><span class='ocrx_word' id='word_1_117' title='bbox 851 1847 930 1900; x_wconf 88' lang='lat' dir='ltr'>De</span> <span class='ocrx_word' id='word_1_118' title='bbox 961 1846 1226 1916; x_wconf 79' lang='lat' dir='ltr'>phamice.</span> 
     </span>
    </p>
   </div>
   <div class='ocr_carea' id='block_1_20' title="bbox 269 1951 1895 2028">
    <p class='ocr_par' dir='ltr' id='par_1_20' title="bbox 269 1951 1895 2028">
     <span class='ocr_line' id='line_1_20' title="bbox 269 1951 1895 2028; baseline -0.001 -16"><span class='ocrx_word' id='word_1_119' title='bbox 269 1951 378 2012; x_wconf 88' lang='lat' dir='ltr'>Sed</span> <span class='ocrx_word' id='word_1_120' title='bbox 431 1959 486 2010; x_wconf 89' lang='lat' dir='ltr'>et</span> <span class='ocrx_word' id='word_1_121' title='bbox 530 1953 793 2028; x_wconf 81' lang='lat' dir='ltr'>phoenix,</span> <span class='ocrx_word' id='word_1_122' title='bbox 841 1952 1074 2011; x_wconf 84' lang='lat' dir='ltr'>volatile</span> <span class='ocrx_word' id='word_1_123' title='bbox 1118 1953 1356 2024; x_wconf 90' lang='lat' dir='ltr'>scilicet,</span> <span class='ocrx_word' id='word_1_124' title='bbox 1407 1953 1563 2028; x_wconf 92' lang='lat' dir='ltr'>quod</span> <span class='ocrx_word' id='word_1_125' title='bbox 1597 1953 1660 2011; x_wconf 92' lang='lat' dir='ltr'>in</span> <span class='ocrx_word' id='word_1_126' title='bbox 1709 1953 1895 2011; x_wconf 67' lang='lat' dir='ltr'>Indiae</span> 
     </span>
    </p>
   </div>
   <div class='ocr_carea' id='block_1_21' title="bbox 195 2040 1894 2116">
    <p class='ocr_par' dir='ltr' id='par_1_21' title="bbox 195 2040 1894 2116">
     <span class='ocr_line' id='line_1_21' title="bbox 195 2040 1894 2116; baseline 0 -16"><span class='ocrx_word' id='word_1_127' title='bbox 195 2040 284 2100; x_wconf 85' lang='lat' dir='ltr'>vel</span> <span class='ocrx_word' id='word_1_128' title='bbox 313 2041 542 2101; x_wconf 69' lang='lat' dir='ltr'>Arabite</span> <span class='ocrx_word' id='word_1_129' title='bbox 569 2043 824 2115; x_wconf 89' lang='lat' dir='ltr'>partibus</span> <span class='ocrx_word' id='word_1_130' title='bbox 856 2043 1094 2112; x_wconf 86' lang='lat' dir='ltr'>habitat,</span> <span class='ocrx_word' id='word_1_131' title='bbox 1141 2043 1413 2100; x_wconf 89' lang='lat' dir='ltr'>eumdem</span> <span class='ocrx_word' id='word_1_132' title='bbox 1451 2043 1894 2116; x_wconf 80' lang='lat' dir='ltr'>Hedemptorem</span> 
     </span>
    </p>
   </div>
   <div class='ocr_carea' id='block_1_22' title="bbox 199 2128 1894 2203">
    <p class='ocr_par' dir='ltr' id='par_1_22' title="bbox 199 2128 1894 2203">
     <span class='ocr_line' id='line_1_22' title="bbox 199 2128 1894 2203; baseline 0.001 -17"><span class='ocrx_word' id='word_1_133' title='bbox 199 2137 456 2188; x_wconf 90' lang='lat' dir='ltr'>nostrum</span> <span class='ocrx_word' id='word_1_134' title='bbox 531 2137 712 2188; x_wconf 88' lang='lat' dir='ltr'>morte</span> <span class='ocrx_word' id='word_1_135' title='bbox 777 2130 952 2187; x_wconf 90' lang='lat' dir='ltr'>simul</span> <span class='ocrx_word' id='word_1_136' title='bbox 1021 2145 1086 2187; x_wconf 88' lang='lat' dir='ltr'>ac</span> <span class='ocrx_word' id='word_1_137' title='bbox 1141 2128 1558 2187; x_wconf 85' lang='lat' dir='ltr'>resurrectione</span> <span class='ocrx_word' id='word_1_138' title='bbox 1611 2128 1894 2203; x_wconf 86' lang='lat' dir='ltr'>designat.</span> 
     </span>
    </p>
   </div>
   <div class='ocr_carea' id='block_1_23' title="bbox 199 2217 1898 2292">
    <p class='ocr_par' dir='ltr' id='par_1_23' title="bbox 199 2217 1898 2292">
     <span class='ocr_line' id='line_1_23' title="bbox 199 2217 1898 2292; baseline 0 -17"><span class='ocrx_word' id='word_1_139' title='bbox 199 2217 326 2292; x_wconf 89' lang='lat' dir='ltr'>Ipse</span> <span class='ocrx_word' id='word_1_140' title='bbox 363 2222 522 2278; x_wconf 91' lang='lat' dir='ltr'>enim</span> <span class='ocrx_word' id='word_1_141' title='bbox 553 2221 728 2278; x_wconf 87' lang='lat' dir='ltr'>dicit:</span> <span class='ocrx_word' id='word_1_142' title='bbox 777 2243 796 2271; x_wconf 74' lang='grc' dir='ltr'>α</span> <span class='ocrx_word' id='word_1_143' title='bbox 837 2219 1175 2276; x_wconf 87' lang='lat' dir='ltr'>Potestatem</span> <span class='ocrx_word' id='word_1_144' title='bbox 1231 2219 1413 2277; x_wconf 90' lang='lat' dir='ltr'>habeo</span> <span class='ocrx_word' id='word_1_145' title='bbox 1465 2219 1719 2292; x_wconf 87' lang='lat' dir='ltr'>ponendi</span> <span class='ocrx_word' id='word_1_146' title='bbox 1770 2221 1898 2276; x_wconf 90' lang='lat' dir='ltr'>ani-</span> 
     </span>
    </p>
   </div>
   <div class='ocr_carea' id='block_1_24' title="bbox 199 2309 1900 2382">
    <p class='ocr_par' dir='ltr' id='par_1_24' title="bbox 199 2309 1900 2382">
     <span class='ocr_line' id='line_1_24' title="bbox 199 2309 1900 2382; baseline -0.001 -13"><span class='ocrx_word' id='word_1_147' title='bbox 199 2326 351 2369; x_wconf 89' lang='lat' dir='ltr'>mam</span> <span class='ocrx_word' id='word_1_148' title='bbox 395 2325 606 2382; x_wconf 89' lang='lat' dir='ltr'>meam,</span> <span class='ocrx_word' id='word_1_149' title='bbox 653 2317 710 2368; x_wconf 91' lang='lat' dir='ltr'>et</span> <span class='ocrx_word' id='word_1_150' title='bbox 753 2315 1086 2382; x_wconf 90' lang='lat' dir='ltr'>potestatem</span> <span class='ocrx_word' id='word_1_151' title='bbox 1133 2311 1316 2368; x_wconf 88' lang='lat' dir='ltr'>habeo</span> <span class='ocrx_word' id='word_1_152' title='bbox 1369 2310 1578 2368; x_wconf 88' lang='lat' dir='ltr'>iterum</span> <span class='ocrx_word' id='word_1_153' title='bbox 1631 2309 1900 2368; x_wconf 89' lang='lat' dir='ltr'>sumendi</span> 
     </span>
    </p>
   </div>
   <div class='ocr_carea' id='block_1_25' title="bbox 201 2398 1900 2470">
    <p class='ocr_par' dir='ltr' id='par_1_25' title="bbox 201 2398 1900 2470">
     <span class='ocr_line' id='line_1_25' title="bbox 201 2398 1900 2470; baseline -0.002 -12"><span class='ocrx_word' id='word_1_154' title='bbox 201 2415 325 2458; x_wconf 89' lang='lat' dir='ltr'>eam</span> <span class='ocrx_word' id='word_1_155' title='bbox 357 2403 536 2467; x_wconf 86' lang='lat' dir='ltr'>(Joan.</span> <span class='ocrx_word' id='word_1_156' title='bbox 571 2404 657 2468; x_wconf 82' lang='lat' dir='ltr'>x).</span> <span class='ocrx_word' id='word_1_157' title='bbox 699 2424 726 2447; x_wconf 84' lang='lat'><strong><em>»</em></strong></span> <span class='ocrx_word' id='word_1_158' title='bbox 769 2398 910 2456; x_wconf 63' lang='lat' dir='ltr'>Haec</span> <span class='ocrx_word' id='word_1_159' title='bbox 949 2399 1128 2470; x_wconf 84' lang='lat' dir='ltr'>igitur</span> <span class='ocrx_word' id='word_1_160' title='bbox 1161 2398 1287 2454; x_wconf 84' lang='lat' dir='ltr'>avis</span> <span class='ocrx_word' id='word_1_161' title='bbox 1327 2413 1462 2456; x_wconf 85' lang='lat' dir='ltr'>mox</span> <span class='ocrx_word' id='word_1_162' title='bbox 1504 2404 1568 2456; x_wconf 91' lang='lat' dir='ltr'>ut</span> <span class='ocrx_word' id='word_1_163' title='bbox 1610 2399 1900 2470; x_wconf 89' lang='lat' dir='ltr'>quingen-</span> 
     </span>
    </p>
   </div>
   <div class='ocr_carea' id='block_1_26' title="bbox 201 2487 1902 2561">
    <p class='ocr_par' dir='ltr' id='par_1_26' title="bbox 201 2487 1902 2561">
     <span class='ocr_line' id='line_1_26' title="bbox 201 2487 1902 2561; baseline -0.001 -16"><span class='ocrx_word' id='word_1_164' title='bbox 201 2493 284 2545; x_wconf 91' lang='lat' dir='ltr'>tos</span> <span class='ocrx_word' id='word_1_165' title='bbox 315 2489 448 2546; x_wconf 66' lang='lat' dir='ltr'>vitae</span> <span class='ocrx_word' id='word_1_166' title='bbox 483 2504 610 2546; x_wconf 66' lang='lat' dir='ltr'>suae</span> <span class='ocrx_word' id='word_1_167' title='bbox 640 2503 824 2546; x_wconf 90' lang='lat' dir='ltr'>annos</span> <span class='ocrx_word' id='word_1_168' title='bbox 869 2487 1217 2561; x_wconf 86' lang='lat' dir='ltr'>impleverit,</span> <span class='ocrx_word' id='word_1_169' title='bbox 1255 2487 1411 2560; x_wconf 88' lang='lat' dir='ltr'>ligna</span> <span class='ocrx_word' id='word_1_170' title='bbox 1442 2487 1648 2544; x_wconf 92' lang='lat' dir='ltr'>Libani</span> <span class='ocrx_word' id='word_1_171' title='bbox 1687 2487 1902 2544; x_wconf 90' lang='lat' dir='ltr'>montis</span> 
     </span>
    </p>
   </div>
   <div class='ocr_carea' id='block_1_27' title="bbox 197 2575 1902 2650">
    <p class='ocr_par' dir='ltr' id='par_1_27' title="bbox 197 2575 1902 2650">
     <span class='ocr_line' id='line_1_27' title="bbox 197 2575 1902 2650; baseline -0.001 -17"><span class='ocrx_word' id='word_1_172' title='bbox 197 2575 537 2648; x_wconf 85' lang='lat' dir='ltr'>ingreditur,</span> <span class='ocrx_word' id='word_1_173' title='bbox 582 2581 638 2633; x_wconf 91' lang='lat' dir='ltr'>et</span> <span class='ocrx_word' id='word_1_174' title='bbox 681 2591 781 2649; x_wconf 92' lang='lat' dir='ltr'>per</span> <span class='ocrx_word' id='word_1_175' title='bbox 821 2576 941 2632; x_wconf 85' lang='lat' dir='ltr'>alas</span> <span class='ocrx_word' id='word_1_176' title='bbox 979 2581 1252 2650; x_wconf 91' lang='lat' dir='ltr'>utrasque</span> <span class='ocrx_word' id='word_1_177' title='bbox 1290 2575 1532 2632; x_wconf 87' lang='lat' dir='ltr'>diversis</span> <span class='ocrx_word' id='word_1_178' title='bbox 1577 2583 1902 2633; x_wconf 89' lang='lat' dir='ltr'>aromatum</span> 
     </span>
    </p>
   </div>
   <div class='ocr_carea' id='block_1_28' title="bbox 203 2663 1903 2738">
    <p class='ocr_par' dir='ltr' id='par_1_28' title="bbox 203 2663 1903 2738">
     <span class='ocr_line' id='line_1_28' title="bbox 203 2663 1903 2738; baseline 0 -17"><span class='ocrx_word' id='word_1_179' title='bbox 203 2663 475 2722; x_wconf 86' lang='lat' dir='ltr'>odoribus</span> <span class='ocrx_word' id='word_1_180' title='bbox 539 2671 830 2721; x_wconf 88' lang='lat' dir='ltr'>oneratur.</span> <span class='ocrx_word' id='word_1_181' title='bbox 893 2663 1017 2721; x_wconf 93' lang='lat' dir='ltr'>Hoc</span> <span class='ocrx_word' id='word_1_182' title='bbox 1080 2663 1273 2738; x_wconf 88' lang='lat' dir='ltr'>itaque</span> <span class='ocrx_word' id='word_1_183' title='bbox 1326 2664 1589 2721; x_wconf 85' lang='lat' dir='ltr'>sacerdos</span> <span class='ocrx_word' id='word_1_184' title='bbox 1653 2664 1903 2722; x_wconf 87' lang='lat' dir='ltr'>civitatis</span> 
     </span>
    </p>
   </div>
   <div class='ocr_carea' id='block_1_29' title="bbox 205 2751 1905 2826">
    <p class='ocr_par' dir='ltr' id='par_1_29' title="bbox 205 2751 1905 2826">
     <span class='ocr_line' id='line_1_29' title="bbox 205 2751 1905 2826; baseline -0.001 -16"><span class='ocrx_word' id='word_1_185' title='bbox 205 2751 561 2824; x_wconf 88' lang='lat' dir='ltr'>Heliopoleos</span> <span class='ocrx_word' id='word_1_186' title='bbox 599 2752 949 2826; x_wconf 89' lang='lat' dir='ltr'>quibusdam</span> <span class='ocrx_word' id='word_1_187' title='bbox 987 2751 1475 2824; x_wconf 88' lang='lat' dir='ltr'>signiﬁcationum</span> <span class='ocrx_word' id='word_1_188' title='bbox 1513 2752 1746 2810; x_wconf 90' lang='lat' dir='ltr'>indiciis</span> <span class='ocrx_word' id='word_1_189' title='bbox 1801 2751 1905 2809; x_wconf 92' lang='lat' dir='ltr'>de-</span> 
     </span>
    </p>
   </div>
   <div class='ocr_carea' id='block_1_30' title="bbox 201 2842 1907 2918">
    <p class='ocr_par' dir='ltr' id='par_1_30' title="bbox 201 2842 1907 2918">
     <span class='ocr_line' id='line_1_30' title="bbox 201 2842 1907 2918; baseline 0 -18"><span class='ocrx_word' id='word_1_190' title='bbox 201 2843 528 2918; x_wconf 84' lang='lat' dir='ltr'>prehendit,</span> <span class='ocrx_word' id='word_1_191' title='bbox 577 2851 632 2902; x_wconf 91' lang='lat' dir='ltr'>et</span> <span class='ocrx_word' id='word_1_192' title='bbox 671 2860 810 2901; x_wconf 87' lang='lat' dir='ltr'>mox</span> <span class='ocrx_word' id='word_1_193' title='bbox 854 2842 1199 2902; x_wconf 88' lang='lat' dir='ltr'>coacervatis</span> <span class='ocrx_word' id='word_1_194' title='bbox 1243 2843 1549 2901; x_wconf 89' lang='lat' dir='ltr'>sarmentis</span> <span class='ocrx_word' id='word_1_195' title='bbox 1597 2851 1768 2916; x_wconf 89' lang='lat' dir='ltr'>atque</span> <span class='ocrx_word' id='word_1_196' title='bbox 1813 2858 1907 2900; x_wconf 88' lang='lat' dir='ltr'>ra-</span> 
     </span>
    </p>
   </div>
   <div class='ocr_carea' id='block_1_31' title="bbox 204 2933 1910 3006">
    <p class='ocr_par' dir='ltr' id='par_1_31' title="bbox 204 2933 1910 3006">
     <span class='ocr_line' id='line_1_31' title="bbox 204 2933 1910 3006; baseline 0 -16"><span class='ocrx_word' id='word_1_197' title='bbox 204 2933 486 2990; x_wconf 89' lang='lat' dir='ltr'>musculis</span> <span class='ocrx_word' id='word_1_198' title='bbox 535 2933 854 3006; x_wconf 87' lang='lat' dir='ltr'>congeriem</span> <span class='ocrx_word' id='word_1_199' title='bbox 919 2933 1116 3002; x_wconf 91' lang='lat' dir='ltr'>struit;</span> <span class='ocrx_word' id='word_1_200' title='bbox 1178 2948 1356 3006; x_wconf 89' lang='lat' dir='ltr'>super</span> <span class='ocrx_word' id='word_1_201' title='bbox 1407 2949 1582 3006; x_wconf 88' lang='lat' dir='ltr'>quam</span> <span class='ocrx_word' id='word_1_202' title='bbox 1641 2933 1910 2990; x_wconf 92' lang='lat' dir='ltr'>videlicet</span> 
     </span>
    </p>
   </div>
   <div class='ocr_carea' id='block_1_32' title="bbox 202 3021 1908 3094">
    <p class='ocr_par' dir='ltr' id='par_1_32' title="bbox 202 3021 1908 3094">
     <span class='ocr_line' id='line_1_32' title="bbox 202 3021 1908 3094; baseline 0 -14"><span class='ocrx_word' id='word_1_203' title='bbox 202 3027 424 3081; x_wconf 88' lang='lat' dir='ltr'>struem</span> <span class='ocrx_word' id='word_1_204' title='bbox 463 3021 704 3093; x_wconf 80' lang='lat' dir='ltr'>phmnix</span> <span class='ocrx_word' id='word_1_205' title='bbox 745 3021 1098 3079; x_wconf 89' lang='lat' dir='ltr'>aromatibus</span> <span class='ocrx_word' id='word_1_206' title='bbox 1143 3028 1350 3080; x_wconf 89' lang='lat' dir='ltr'>onusta</span> <span class='ocrx_word' id='word_1_207' title='bbox 1390 3021 1703 3094; x_wconf 89' lang='lat' dir='ltr'>descendit,</span> <span class='ocrx_word' id='word_1_208' title='bbox 1752 3038 1908 3080; x_wconf 91' lang='lat' dir='ltr'>sese-</span> 
     </span>
    </p>
   </div>
   <div class='ocr_carea' id='block_1_33' title="bbox 203 3111 1968 3193">
    <p class='ocr_par' dir='ltr' id='par_1_33' title="bbox 203 3111 1968 3193">
     <span class='ocr_line' id='line_1_33' title="bbox 203 3111 1968 3193; baseline 0 -23"><span class='ocrx_word' id='word_1_209' title='bbox 203 3128 316 3187; x_wconf 92' lang='lat' dir='ltr'>que</span> <span class='ocrx_word' id='word_1_210' title='bbox 370 3111 662 3184; x_wconf 88' lang='lat' dir='ltr'>supposito</span> <span class='ocrx_word' id='word_1_211' title='bbox 717 3119 1143 3169; x_wconf 90' lang='lat' dir='ltr'>sarmentorum</span> <span class='ocrx_word' id='word_1_212' title='bbox 1194 3111 1328 3183; x_wconf 87' lang='lat' dir='ltr'>igne</span> <span class='ocrx_word' id='word_1_213' title='bbox 1388 3111 1695 3170; x_wconf 89' lang='lat' dir='ltr'>comburit.</span> <span class='ocrx_word' id='word_1_214' title='bbox 1771 3112 1968 3193; x_wconf 74' lang='lat' dir='ltr'>Aliac</span> 
     </span>
    </p>
   </div>
   <div class='ocr_carea' id='block_1_34' title="bbox 202 3201 1906 3276">
    <p class='ocr_par' dir='ltr' id='par_1_34' title="bbox 202 3201 1906 3276">
     <span class='ocr_line' id='line_1_34' title="bbox 202 3201 1906 3276; baseline -0.001 -16"><span class='ocrx_word' id='word_1_215' title='bbox 202 3217 342 3261; x_wconf 86' lang='lat' dir='ltr'>vero</span> <span class='ocrx_word' id='word_1_216' title='bbox 387 3201 481 3259; x_wconf 92' lang='lat' dir='ltr'>die</span> <span class='ocrx_word' id='word_1_217' title='bbox 533 3201 793 3258; x_wconf 88' lang='lat' dir='ltr'>sacerdos</span> <span class='ocrx_word' id='word_1_218' title='bbox 843 3201 1077 3271; x_wconf 89' lang='lat' dir='ltr'>accedit,</span> <span class='ocrx_word' id='word_1_219' title='bbox 1133 3201 1293 3274; x_wconf 90' lang='lat' dir='ltr'>ligna</span> <span class='ocrx_word' id='word_1_220' title='bbox 1331 3217 1463 3274; x_wconf 67' lang='lat' dir='ltr'>quis</span> <span class='ocrx_word' id='word_1_221' title='bbox 1507 3207 1906 3276; x_wconf 90' lang='lat' dir='ltr'>composuerat</span> 
     </span>
    </p>
   </div>
   <div class='ocr_carea' id='block_1_35' title="bbox 203 3290 1904 3364">
    <p class='ocr_par' dir='ltr' id='par_1_35' title="bbox 203 3290 1904 3364">
     <span class='ocr_line' id='line_1_35' title="bbox 203 3290 1904 3364; baseline -0.001 -15"><span class='ocrx_word' id='word_1_222' title='bbox 203 3296 410 3349; x_wconf 88' lang='lat' dir='ltr'>exusta</span> <span class='ocrx_word' id='word_1_223' title='bbox 439 3290 673 3364; x_wconf 88' lang='lat' dir='ltr'>reperit:</span> <span class='ocrx_word' id='word_1_224' title='bbox 707 3307 959 3364; x_wconf 90' lang='lat' dir='ltr'>quorum</span> <span class='ocrx_word' id='word_1_225' title='bbox 997 3291 1219 3348; x_wconf 89' lang='lat' dir='ltr'>cineres</span> <span class='ocrx_word' id='word_1_226' title='bbox 1257 3291 1483 3348; x_wconf 89' lang='lat' dir='ltr'>curiose</span> <span class='ocrx_word' id='word_1_227' title='bbox 1521 3298 1904 3364; x_wconf 89' lang='lat' dir='ltr'>perscrutans,</span> 
     </span>
    </p>
   </div>
   <div class='ocr_carea' id='block_1_36' title="bbox 205 3381 1910 3453">
    <p class='ocr_par' dir='ltr' id='par_1_36' title="bbox 205 3381 1910 3453">
     <span class='ocr_line' id='line_1_36' title="bbox 205 3381 1910 3453; baseline 0.001 -15"><span class='ocrx_word' id='word_1_228' title='bbox 205 3381 431 3439; x_wconf 89' lang='lat' dir='ltr'>invenit</span> <span class='ocrx_word' id='word_1_229' title='bbox 483 3381 868 3439; x_wconf 87' lang='lat' dir='ltr'>vermiculum</span> <span class='ocrx_word' id='word_1_230' title='bbox 923 3381 1088 3440; x_wconf 89' lang='lat' dir='ltr'>valde</span> <span class='ocrx_word' id='word_1_231' title='bbox 1142 3387 1499 3453; x_wconf 89' lang='lat' dir='ltr'>pertenuem,</span> <span class='ocrx_word' id='word_1_232' title='bbox 1551 3382 1649 3439; x_wconf 90' lang='lat' dir='ltr'>sed</span> <span class='ocrx_word' id='word_1_233' title='bbox 1703 3381 1910 3440; x_wconf 83' lang='lat' dir='ltr'>eximii</span> 
     </span>
    </p>
   </div>
   <div class='ocr_carea' id='block_1_37' title="bbox 205 3469 1907 3543">
    <p class='ocr_par' dir='ltr' id='par_1_37' title="bbox 205 3469 1907 3543">
     <span class='ocr_line' id='line_1_37' title="bbox 205 3469 1907 3543; baseline -0.001 -15"><span class='ocrx_word' id='word_1_234' title='bbox 205 3469 398 3528; x_wconf 90' lang='lat' dir='ltr'>odoris</span> <span class='ocrx_word' id='word_1_235' title='bbox 444 3469 728 3529; x_wconf 87' lang='lat' dir='ltr'>suavitate</span> <span class='ocrx_word' id='word_1_236' title='bbox 772 3470 1145 3543; x_wconf 85' lang='lat' dir='ltr'>ﬂagrantem:</span> <span class='ocrx_word' id='word_1_237' title='bbox 1203 3471 1458 3530; x_wconf 91' lang='lat' dir='ltr'>secundo</span> <span class='ocrx_word' id='word_1_238' title='bbox 1509 3470 1602 3528; x_wconf 91' lang='lat' dir='ltr'>die</span> <span class='ocrx_word' id='word_1_239' title='bbox 1655 3470 1907 3541; x_wconf 90' lang='lat' dir='ltr'>rediens,</span> 
     </span>
    </p>
   </div>
   <div class='ocr_carea' id='block_1_38' title="bbox 207 3558 1910 3634">
    <p class='ocr_par' dir='ltr' id='par_1_38' title="bbox 207 3558 1910 3634">
     <span class='ocr_line' id='line_1_38' title="bbox 207 3558 1910 3634; baseline 0 -18"><span class='ocrx_word' id='word_1_240' title='bbox 207 3559 418 3630; x_wconf 88' lang='lat' dir='ltr'>reperit</span> <span class='ocrx_word' id='word_1_241' title='bbox 454 3575 587 3618; x_wconf 88' lang='lat' dir='ltr'>eum</span> <span class='ocrx_word' id='word_1_242' title='bbox 628 3559 919 3618; x_wconf 80' lang='lat' dir='ltr'>aviculam</span> <span class='ocrx_word' id='word_1_243' title='bbox 959 3575 1059 3633; x_wconf 92' lang='lat' dir='ltr'>per</span> <span class='ocrx_word' id='word_1_244' title='bbox 1095 3559 1323 3634; x_wconf 88' lang='lat' dir='ltr'>plumas</span> <span class='ocrx_word' id='word_1_245' title='bbox 1359 3565 1414 3617; x_wconf 91' lang='lat' dir='ltr'>et</span> <span class='ocrx_word' id='word_1_246' title='bbox 1449 3558 1679 3618; x_wconf 89' lang='lat' dir='ltr'>alarum</span> <span class='ocrx_word' id='word_1_247' title='bbox 1735 3560 1910 3617; x_wconf 92' lang='lat' dir='ltr'>remi-</span> 
     </span>
    </p>
   </div>
   <div class='ocr_carea' id='block_1_39' title="bbox 205 3649 1912 3723">
    <p class='ocr_par' dir='ltr' id='par_1_39' title="bbox 205 3649 1912 3723">
     <span class='ocr_line' id='line_1_39' title="bbox 205 3649 1912 3723; baseline -0.001 -15"><span class='ocrx_word' id='word_1_248' title='bbox 205 3651 302 3722; x_wconf 88' lang='lat' dir='ltr'>gia</span> <span class='ocrx_word' id='word_1_249' title='bbox 354 3651 736 3723; x_wconf 88' lang='lat' dir='ltr'>ﬁgurantem:</span> <span class='ocrx_word' id='word_1_250' title='bbox 795 3653 960 3708; x_wconf 91' lang='lat' dir='ltr'>tertio</span> <span class='ocrx_word' id='word_1_251' title='bbox 1014 3651 1253 3708; x_wconf 91' lang='lat' dir='ltr'>demum</span> <span class='ocrx_word' id='word_1_252' title='bbox 1294 3649 1386 3709; x_wconf 91' lang='lat' dir='ltr'>die</span> <span class='ocrx_word' id='word_1_253' title='bbox 1427 3649 1688 3708; x_wconf 90' lang='lat' dir='ltr'>sacerdos</span> <span class='ocrx_word' id='word_1_254' title='bbox 1737 3649 1912 3707; x_wconf 91' lang='lat' dir='ltr'>adve-</span> 
     </span>
    </p>
   </div>
   <div class='ocr_carea' id='block_1_40' title="bbox 213 3736 1914 3812">
    <p class='ocr_par' dir='ltr' id='par_1_40' title="bbox 213 3736 1914 3812">
     <span class='ocr_line' id='line_1_40' title="bbox 213 3736 1914 3812; baseline -0.001 -16"><span class='ocrx_word' id='word_1_255' title='bbox 213 3739 404 3808; x_wconf 89' lang='lat' dir='ltr'>niens,</span> <span class='ocrx_word' id='word_1_256' title='bbox 455 3736 610 3794; x_wconf 90' lang='lat' dir='ltr'>videt</span> <span class='ocrx_word' id='word_1_257' title='bbox 639 3739 948 3812; x_wconf 79' lang='lat' dir='ltr'>perfectam</span> <span class='ocrx_word' id='word_1_258' title='bbox 992 3745 1046 3796; x_wconf 91' lang='lat' dir='ltr'>et</span> <span class='ocrx_word' id='word_1_259' title='bbox 1087 3736 1298 3810; x_wconf 88' lang='lat' dir='ltr'>integri</span> <span class='ocrx_word' id='word_1_260' title='bbox 1324 3743 1506 3796; x_wconf 88' lang='lat' dir='ltr'>status</span> <span class='ocrx_word' id='word_1_261' title='bbox 1533 3745 1715 3795; x_wconf 88' lang='lat' dir='ltr'>astare</span> <span class='ocrx_word' id='word_1_262' title='bbox 1746 3737 1914 3810; x_wconf 76' lang='lat' dir='ltr'>phtB-</span> 
     </span>
    </p>
   </div>
   <div class='ocr_carea' id='block_1_41' title="bbox 209 3827 1912 3903">
    <p class='ocr_par' dir='ltr' id='par_1_41' title="bbox 209 3827 1912 3903">
     <span class='ocr_line' id='line_1_41' title="bbox 209 3827 1912 3903; baseline 0 -18"><span class='ocrx_word' id='word_1_263' title='bbox 209 3828 422 3886; x_wconf 85' lang='lat' dir='ltr'>uicem.</span> <span class='ocrx_word' id='word_1_264' title='bbox 500 3827 750 3887; x_wconf 76' lang='lat' dir='ltr'>Phtenix</span> <span class='ocrx_word' id='word_1_265' title='bbox 821 3829 1014 3903; x_wconf 88' lang='lat' dir='ltr'>itaque</span> <span class='ocrx_word' id='word_1_266' title='bbox 1093 3829 1216 3886; x_wconf 89' lang='lat' dir='ltr'>alas</span> <span class='ocrx_word' id='word_1_267' title='bbox 1284 3827 1522 3886; x_wconf 88' lang='lat' dir='ltr'>refertas</span> <span class='ocrx_word' id='word_1_268' title='bbox 1586 3833 1912 3886; x_wconf 90' lang='lat' dir='ltr'>aromatum</span> 
     </span>
    </p>
   </div>
   <div class='ocr_carea' id='block_1_42' title="bbox 212 3915 1916 3990">
    <p class='ocr_par' dir='ltr' id='par_1_42' title="bbox 212 3915 1916 3990">
     <span class='ocr_line' id='line_1_42' title="bbox 212 3915 1916 3990; baseline -0.001 -15"><span class='ocrx_word' id='word_1_269' title='bbox 212 3917 496 3975; x_wconf 88' lang='lat' dir='ltr'>suavitate</span> <span class='ocrx_word' id='word_1_270' title='bbox 526 3917 826 3990; x_wconf 88' lang='lat' dir='ltr'>deposuit;</span> <span class='ocrx_word' id='word_1_271' title='bbox 877 3917 1016 3990; x_wconf 89' lang='lat' dir='ltr'>quia</span> <span class='ocrx_word' id='word_1_272' title='bbox 1061 3917 1410 3990; x_wconf 83' lang='lat' dir='ltr'>Redemptor</span> <span class='ocrx_word' id='word_1_273' title='bbox 1444 3921 1636 3974; x_wconf 89' lang='lat' dir='ltr'>noster</span> <span class='ocrx_word' id='word_1_274' title='bbox 1669 3915 1740 3974; x_wconf 92' lang='lat' dir='ltr'>de</span> <span class='ocrx_word' id='word_1_275' title='bbox 1773 3917 1916 3974; x_wconf 85' lang='lat' dir='ltr'>ccelo</span> 
     </span>
    </p>
   </div>
   <div class='ocr_carea' id='block_1_43' title="bbox 213 4006 1918 4080">
    <p class='ocr_par' dir='ltr' id='par_1_43' title="bbox 213 4006 1918 4080">
     <span class='ocr_line' id='line_1_43' title="bbox 213 4006 1918 4080; baseline -0.001 -15"><span class='ocrx_word' id='word_1_276' title='bbox 213 4021 350 4065; x_wconf 91' lang='lat' dir='ltr'>cum</span> <span class='ocrx_word' id='word_1_277' title='bbox 408 4007 639 4080; x_wconf 85' lang='lat' dir='ltr'>gemino</span> <span class='ocrx_word' id='word_1_278' title='bbox 690 4007 760 4064; x_wconf 92' lang='lat' dir='ltr'>ad</span> <span class='ocrx_word' id='word_1_279' title='bbox 817 4023 923 4066; x_wconf 89' lang='lat' dir='ltr'>nos</span> <span class='ocrx_word' id='word_1_280' title='bbox 998 4006 1303 4080; x_wconf 91' lang='lat' dir='ltr'>utriusque</span> <span class='ocrx_word' id='word_1_281' title='bbox 1365 4008 1687 4064; x_wconf 89' lang='lat' dir='ltr'>testamenti</span> <span class='ocrx_word' id='word_1_282' title='bbox 1745 4006 1918 4064; x_wconf 90' lang='lat' dir='ltr'>odore</span> 
     </span>
    </p>
   </div>
   <div class='ocr_carea' id='block_1_44' title="bbox 214 4095 1920 4170">
    <p class='ocr_par' dir='ltr' id='par_1_44' title="bbox 214 4095 1920 4170">
     <span class='ocr_line' id='line_1_44' title="bbox 214 4095 1920 4170; baseline 0.001 -17"><span class='ocrx_word' id='word_1_283' title='bbox 214 4095 530 4166; x_wconf 88' lang='lat' dir='ltr'>descendit,</span> <span class='ocrx_word' id='word_1_284' title='bbox 575 4096 815 4155; x_wconf 89' lang='lat' dir='ltr'>dicens:</span> <span class='ocrx_word' id='word_1_285' title='bbox 865 4121 887 4146; x_wconf 80' lang='grc' dir='ltr'>α</span> <span class='ocrx_word' id='word_1_286' title='bbox 929 4096 1054 4154; x_wconf 92' lang='lat' dir='ltr'>Non</span> <span class='ocrx_word' id='word_1_287' title='bbox 1097 4095 1234 4156; x_wconf 91' lang='lat' dir='ltr'>veni</span> <span class='ocrx_word' id='word_1_288' title='bbox 1281 4095 1467 4170; x_wconf 84' lang='lat' dir='ltr'>legem</span> <span class='ocrx_word' id='word_1_289' title='bbox 1517 4096 1757 4166; x_wconf 87' lang='lat' dir='ltr'>solvere,</span> <span class='ocrx_word' id='word_1_290' title='bbox 1821 4097 1920 4155; x_wconf 92' lang='lat' dir='ltr'>sed</span> 
     </span>
    </p>
   </div>
   <div class='ocr_carea' id='block_1_45' title="bbox 213 4186 1920 4263">
    <p class='ocr_par' dir='ltr' id='par_1_45' title="bbox 213 4186 1920 4263">
     <span class='ocr_line' id='line_1_45' title="bbox 213 4186 1920 4263; baseline 0 -17"><span class='ocrx_word' id='word_1_291' title='bbox 213 4186 462 4260; x_wconf 88' lang='lat' dir='ltr'>implere</span> <span class='ocrx_word' id='word_1_292' title='bbox 493 4191 710 4260; x_wconf 82' lang='lat' dir='ltr'>(Matth.</span> <span class='ocrx_word' id='word_1_293' title='bbox 742 4191 820 4261; x_wconf 92' lang='lat' dir='ltr'>v).</span> <span class='ocrx_word' id='word_1_294' title='bbox 855 4189 1077 4257; x_wconf 88' lang='lat' dir='ltr'>Omnis,</span> <span class='ocrx_word' id='word_1_295' title='bbox 1123 4189 1335 4263; x_wconf 90' lang='lat' dir='ltr'>inquit,</span> <span class='ocrx_word' id='word_1_296' title='bbox 1381 4187 1581 4246; x_wconf 91' lang='lat' dir='ltr'>Scriba</span> <span class='ocrx_word' id='word_1_297' title='bbox 1628 4188 1828 4246; x_wconf 89' lang='lat' dir='ltr'>doctus</span> <span class='ocrx_word' id='word_1_298' title='bbox 1857 4187 1920 4246; x_wconf 89' lang='lat' dir='ltr'>in</span> 
     </span>
    </p>
   </div>
   <div class='ocr_carea' id='block_1_46' title="bbox 213 4276 1918 4352">
    <p class='ocr_par' dir='ltr' id='par_1_46' title="bbox 213 4276 1918 4352">
     <span class='ocr_line' id='line_1_46' title="bbox 213 4276 1918 4352; baseline -0.001 -15"><span class='ocrx_word' id='word_1_299' title='bbox 213 4295 396 4352; x_wconf 86' lang='lat' dir='ltr'>regno</span> <span class='ocrx_word' id='word_1_300' title='bbox 447 4279 743 4350; x_wconf 84' lang='lat' dir='ltr'>ccelorum,</span> <span class='ocrx_word' id='word_1_301' title='bbox 807 4277 1018 4336; x_wconf 90' lang='lat' dir='ltr'>similis</span> <span class='ocrx_word' id='word_1_302' title='bbox 1076 4283 1160 4335; x_wconf 91' lang='lat' dir='ltr'>est</span> <span class='ocrx_word' id='word_1_303' title='bbox 1218 4276 1441 4335; x_wconf 90' lang='lat' dir='ltr'>homini</span> <span class='ocrx_word' id='word_1_304' title='bbox 1495 4277 1918 4352; x_wconf 83' lang='lat' dir='ltr'>patrifamilias,</span> 
     </span>
    </p>
   </div>
   <div class='ocr_carea' id='block_1_47' title="bbox 213 4365 1920 4442">
    <p class='ocr_par' dir='ltr' id='par_1_47' title="bbox 213 4365 1920 4442">
     <span class='ocr_line' id='line_1_47' title="bbox 213 4365 1920 4442; baseline -0.002 -17"><span class='ocrx_word' id='word_1_305' title='bbox 213 4367 322 4442; x_wconf 86' lang='lat' dir='ltr'>qui</span> <span class='ocrx_word' id='word_1_306' title='bbox 363 4365 578 4439; x_wconf 87' lang='lat' dir='ltr'>profert</span> <span class='ocrx_word' id='word_1_307' title='bbox 621 4366 692 4425; x_wconf 90' lang='lat' dir='ltr'>de</span> <span class='ocrx_word' id='word_1_308' title='bbox 739 4368 1006 4426; x_wconf 88' lang='lat' dir='ltr'>thesauro</span> <span class='ocrx_word' id='word_1_309' title='bbox 1046 4381 1151 4425; x_wconf 92' lang='lat' dir='ltr'>suo</span> <span class='ocrx_word' id='word_1_310' title='bbox 1193 4381 1342 4424; x_wconf 90' lang='lat' dir='ltr'>nova</span> <span class='ocrx_word' id='word_1_311' title='bbox 1373 4371 1430 4424; x_wconf 90' lang='lat' dir='ltr'>et</span> <span class='ocrx_word' id='word_1_312' title='bbox 1464 4373 1658 4424; x_wconf 87' lang='lat' dir='ltr'>vetera</span> <span class='ocrx_word' id='word_1_313' title='bbox 1697 4367 1920 4434; x_wconf 87' lang='lat' dir='ltr'>(Matth.</span> 
     </span>
    </p>
   </div>
   <div class='ocr_carea' id='block_1_48' title="bbox 1966 522 3666 600">
    <p class='ocr_par' dir='ltr' id='par_1_48' title="bbox 1966 522 3666 600">
     <span class='ocr_line' id='line_1_48' title="bbox 1966 522 3666 600; baseline 0.007 -22"><span class='ocrx_word' id='word_1_314' title='bbox 1966 522 2134 580; x_wconf 90' lang='lat' dir='ltr'>nobis</span> <span class='ocrx_word' id='word_1_315' title='bbox 2160 539 2261 596; x_wconf 93' lang='lat' dir='ltr'>pro</span> <span class='ocrx_word' id='word_1_316' title='bbox 2293 526 2525 585; x_wconf 89' lang='lat' dir='ltr'>modulo</span> <span class='ocrx_word' id='word_1_317' title='bbox 2555 536 2745 584; x_wconf 91' lang='lat' dir='ltr'>nostro</span> <span class='ocrx_word' id='word_1_318' title='bbox 2775 543 2980 600; x_wconf 67' lang='lat' dir='ltr'>pennae</span> <span class='ocrx_word' id='word_1_319' title='bbox 3008 536 3144 587; x_wconf 90' lang='lat' dir='ltr'>sunt</span> <span class='ocrx_word' id='word_1_320' title='bbox 3172 529 3383 598; x_wconf 67' lang='lat' dir='ltr'>insitae,</span> <span class='ocrx_word' id='word_1_321' title='bbox 3424 532 3666 590; x_wconf 88' lang='lat' dir='ltr'>virtutes</span> 
     </span>
    </p>
   </div>
   <div class='ocr_carea' id='block_1_49' title="bbox 1964 609 3670 690">
    <p class='ocr_par' dir='ltr' id='par_1_49' title="bbox 1964 609 3670 690">
     <span class='ocr_line' id='line_1_49' title="bbox 1964 609 3670 690; baseline 0.007 -24"><span class='ocrx_word' id='word_1_322' title='bbox 1964 609 2178 668; x_wconf 87' lang='lat' dir='ltr'>scilicet</span> <span class='ocrx_word' id='word_1_323' title='bbox 2210 613 2553 685; x_wconf 87' lang='lat' dir='ltr'>spirituales,</span> <span class='ocrx_word' id='word_1_324' title='bbox 2585 615 2801 688; x_wconf 89' lang='lat' dir='ltr'>quibus</span> <span class='ocrx_word' id='word_1_325' title='bbox 2826 616 2872 672; x_wconf 89' lang='lat' dir='ltr'>si</span> <span class='ocrx_word' id='word_1_326' title='bbox 2905 617 3147 676; x_wconf 87' lang='lat' dir='ltr'>viriliter</span> <span class='ocrx_word' id='word_1_327' title='bbox 3183 619 3431 690; x_wconf 90' lang='lat' dir='ltr'>utimur,</span> <span class='ocrx_word' id='word_1_328' title='bbox 3459 622 3526 678; x_wconf 91' lang='lat' dir='ltr'>ad</span> <span class='ocrx_word' id='word_1_329' title='bbox 3557 637 3670 677; x_wconf 67' lang='grc' dir='ltr'>(εω-</span> 
     </span>
    </p>
   </div>
   <div class='ocr_carea' id='block_1_50' title="bbox 1967 699 3667 785">
    <p class='ocr_par' dir='ltr' id='par_1_50' title="bbox 1967 699 3667 785">
     <span class='ocr_line' id='line_1_50' title="bbox 1967 699 3667 785; baseline 0.007 -29"><span class='ocrx_word' id='word_1_330' title='bbox 1967 699 2130 758; x_wconf 90' lang='lat' dir='ltr'>lestia</span> <span class='ocrx_word' id='word_1_331' title='bbox 2180 703 2590 772; x_wconf 87' lang='lat' dir='ltr'>sublevamur;</span> <span class='ocrx_word' id='word_1_332' title='bbox 2639 705 2730 762; x_wconf 89' lang='lat' dir='ltr'>sin</span> <span class='ocrx_word' id='word_1_333' title='bbox 2783 713 2977 764; x_wconf 90' lang='lat' dir='ltr'>autem</span> <span class='ocrx_word' id='word_1_334' title='bbox 3031 725 3104 766; x_wconf 87' lang='lat' dir='ltr'>ex</span> <span class='ocrx_word' id='word_1_335' title='bbox 3156 709 3390 767; x_wconf 64' lang='lat' dir='ltr'>desidiae</span> <span class='ocrx_word' id='word_1_336' title='bbox 3443 718 3667 785; x_wconf 89' lang='lat' dir='ltr'>torpore</span> 
     </span>
    </p>
   </div>
   <div class='ocr_carea' id='block_1_51' title="bbox 1967 787 3661 869">
    <p class='ocr_par' dir='ltr' id='par_1_51' title="bbox 1967 787 3661 869">
     <span class='ocr_line' id='line_1_51' title="bbox 1967 787 3661 869; baseline 0.008 -26"><span class='ocrx_word' id='word_1_337' title='bbox 1967 787 2328 860; x_wconf 87' lang='lat' dir='ltr'>deponimus,</span> <span class='ocrx_word' id='word_1_338' title='bbox 2361 807 2588 850; x_wconf 81' lang='lat' dir='ltr'>necesse</span> <span class='ocrx_word' id='word_1_339' title='bbox 2616 800 2699 850; x_wconf 90' lang='lat' dir='ltr'>est</span> <span class='ocrx_word' id='word_1_340' title='bbox 2723 801 2786 852; x_wconf 92' lang='lat' dir='ltr'>ut</span> <span class='ocrx_word' id='word_1_341' title='bbox 2818 795 2880 852; x_wconf 92' lang='lat' dir='ltr'>in</span> <span class='ocrx_word' id='word_1_342' title='bbox 2909 797 3356 869; x_wconf 89' lang='lat' dir='ltr'>subripientium</span> <span class='ocrx_word' id='word_1_343' title='bbox 3384 799 3661 856; x_wconf 85' lang='lat' dir='ltr'>vitiorum</span> 
     </span>
    </p>
   </div>
   <div class='ocr_carea' id='block_1_52' title="bbox 1967 880 2626 955">
    <p class='ocr_par' dir='ltr' id='par_1_52' title="bbox 1967 880 2626 955">
     <span class='ocr_line' id='line_1_52' title="bbox 1967 880 2626 955; baseline 0.011 -20"><span class='ocrx_word' id='word_1_344' title='bbox 1967 880 2252 951; x_wconf 76' lang='lat' dir='ltr'>profunda</span> <span class='ocrx_word' id='word_1_345' title='bbox 2277 897 2626 955; x_wconf 88' lang='lat' dir='ltr'>mergamur.</span> 
     </span>
    </p>
   </div>
   <div class='ocr_carea' id='block_1_53' title="bbox 2607 1050 3008 1114">
    <p class='ocr_par' dir='ltr' id='par_1_53' title="bbox 2607 1050 3008 1114">
     <span class='ocr_line' id='line_1_53' title="bbox 2607 1050 3008 1114; baseline 0.01 -5"><span class='ocrx_word' id='word_1_346' title='bbox 2607 1050 2850 1110; x_wconf 85' lang='lat' dir='ltr'><strong>CAPUT</strong></span> <span class='ocrx_word' id='word_1_347' title='bbox 2879 1053 3008 1114; x_wconf 87' lang='lat' dir='ltr'>XII.</span> 
     </span>
    </p>
   </div>
   <div class='ocr_carea' id='block_1_54' title="bbox 2506 1162 3121 1220">
    <p class='ocr_par' dir='ltr' id='par_1_54' title="bbox 2506 1162 3121 1220">
     <span class='ocr_line' id='line_1_54' title="bbox 2506 1162 3121 1220; baseline 0.008 -6"><span class='ocrx_word' id='word_1_348' title='bbox 2506 1162 2582 1214; x_wconf 86' lang='lat' dir='ltr'>De</span> <span class='ocrx_word' id='word_1_349' title='bbox 2608 1175 2767 1214; x_wconf 77' lang='lat' dir='ltr'>sarra</span> <span class='ocrx_word' id='word_1_350' title='bbox 2801 1163 2914 1216; x_wconf 75' lang='lat' dir='ltr'>sive</span> <span class='ocrx_word' id='word_1_351' title='bbox 2944 1177 3121 1220; x_wconf 80' lang='lat' dir='ltr'>serra.</span> 
     </span>
    </p>
   </div>
   <div class='ocr_carea' id='block_1_55' title="bbox 2041 1279 3669 1359">
    <p class='ocr_par' dir='ltr' id='par_1_55' title="bbox 2041 1279 3669 1359">
     <span class='ocr_line' id='line_1_55' title="bbox 2041 1279 3669 1359; baseline 0.007 -24"><span class='ocrx_word' id='word_1_352' title='bbox 2041 1279 2230 1354; x_wconf 89' lang='lat' dir='ltr'>Hujus</span> <span class='ocrx_word' id='word_1_353' title='bbox 2273 1280 2354 1338; x_wconf 91' lang='lat' dir='ltr'>rei</span> <span class='ocrx_word' id='word_1_354' title='bbox 2393 1288 2594 1355; x_wconf 75' lang='lat' dir='ltr'>typum</span> <span class='ocrx_word' id='word_1_355' title='bbox 2633 1289 2788 1340; x_wconf 86' lang='lat' dir='ltr'>tenet</span> <span class='ocrx_word' id='word_1_356' title='bbox 2824 1300 2981 1342; x_wconf 89' lang='lat' dir='ltr'>sarra</span> <span class='ocrx_word' id='word_1_357' title='bbox 3025 1285 3244 1359; x_wconf 88' lang='lat' dir='ltr'>[serra],</span> <span class='ocrx_word' id='word_1_358' title='bbox 3291 1288 3516 1345; x_wconf 87' lang='lat' dir='ltr'>marina</span> <span class='ocrx_word' id='word_1_359' title='bbox 3556 1288 3669 1346; x_wconf 89' lang='lat' dir='ltr'>sci-</span> 
     </span>
    </p>
   </div>
   <div class='ocr_carea' id='block_1_56' title="bbox 1969 1366 3672 1451">
    <p class='ocr_par' dir='ltr' id='par_1_56' title="bbox 1969 1366 3672 1451">
     <span class='ocr_line' id='line_1_56' title="bbox 1969 1366 3672 1451; baseline 0.008 -26"><span class='ocrx_word' id='word_1_360' title='bbox 1969 1366 2099 1426; x_wconf 89' lang='lat' dir='ltr'>licet</span> <span class='ocrx_word' id='word_1_361' title='bbox 2145 1369 2337 1428; x_wconf 90' lang='lat' dir='ltr'>bellua</span> <span class='ocrx_word' id='word_1_362' title='bbox 2366 1387 2518 1443; x_wconf 67' lang='lat' dir='ltr'>quaz,</span> <span class='ocrx_word' id='word_1_363' title='bbox 2554 1387 2688 1430; x_wconf 90' lang='lat' dir='ltr'>cum</span> <span class='ocrx_word' id='word_1_364' title='bbox 2729 1375 2982 1446; x_wconf 83' lang='lat' dir='ltr'>prolixas</span> <span class='ocrx_word' id='word_1_365' title='bbox 3011 1377 3220 1434; x_wconf 88' lang='lat' dir='ltr'>habeat</span> <span class='ocrx_word' id='word_1_366' title='bbox 3251 1393 3492 1451; x_wconf 88' lang='lat' dir='ltr'>pennas,</span> <span class='ocrx_word' id='word_1_367' title='bbox 3530 1395 3672 1438; x_wconf 91' lang='lat' dir='ltr'>mox</span> 
     </span>
    </p>
   </div>
   <div class='ocr_carea' id='block_1_57' title="bbox 1972 1459 3670 1544">
    <p class='ocr_par' dir='ltr' id='par_1_57' title="bbox 1972 1459 3670 1544">
     <span class='ocr_line' id='line_1_57' title="bbox 1972 1459 3670 1544; baseline 0.008 -29"><span class='ocrx_word' id='word_1_368' title='bbox 1972 1467 2036 1516; x_wconf 90' lang='lat' dir='ltr'>ut</span> <span class='ocrx_word' id='word_1_369' title='bbox 2067 1459 2272 1518; x_wconf 89' lang='lat' dir='ltr'>viderit</span> <span class='ocrx_word' id='word_1_370' title='bbox 2303 1477 2506 1520; x_wconf 85' lang='lat' dir='ltr'>navem</span> <span class='ocrx_word' id='word_1_371' title='bbox 2540 1463 2940 1530; x_wconf 87' lang='lat' dir='ltr'>veliﬁcantem,</span> <span class='ocrx_word' id='word_1_372' title='bbox 2977 1466 3200 1526; x_wconf 90' lang='lat' dir='ltr'>alarum</span> <span class='ocrx_word' id='word_1_373' title='bbox 3241 1477 3296 1525; x_wconf 91' lang='lat' dir='ltr'>et</span> <span class='ocrx_word' id='word_1_374' title='bbox 3341 1471 3466 1542; x_wconf 90' lang='lat' dir='ltr'>ipsa</span> <span class='ocrx_word' id='word_1_375' title='bbox 3515 1487 3670 1544; x_wconf 72' lang='lat' dir='ltr'>prte-</span> 
     </span>
    </p>
   </div>
   <div class='ocr_carea' id='block_1_58' title="bbox 1972 1549 3673 1629">
    <p class='ocr_par' dir='ltr' id='par_1_58' title="bbox 1972 1549 3673 1629">
     <span class='ocr_line' id='line_1_58' title="bbox 1972 1549 3673 1629; baseline 0.008 -23"><span class='ocrx_word' id='word_1_376' title='bbox 1972 1549 2158 1607; x_wconf 90' lang='lat' dir='ltr'>cincta</span> <span class='ocrx_word' id='word_1_377' title='bbox 2185 1551 2459 1624; x_wconf 84' lang='lat' dir='ltr'>remigiis,</span> <span class='ocrx_word' id='word_1_378' title='bbox 2493 1555 2788 1612; x_wconf 89' lang='lat' dir='ltr'>contendit</span> <span class='ocrx_word' id='word_1_379' title='bbox 2817 1555 3108 1614; x_wconf 88' lang='lat' dir='ltr'>veliﬁcare</span> <span class='ocrx_word' id='word_1_380' title='bbox 3137 1563 3262 1629; x_wconf 90' lang='lat' dir='ltr'>post</span> <span class='ocrx_word' id='word_1_381' title='bbox 3295 1574 3524 1617; x_wconf 91' lang='lat' dir='ltr'>navem.</span> <span class='ocrx_word' id='word_1_382' title='bbox 3561 1559 3673 1619; x_wconf 89' lang='lat' dir='ltr'>Sed</span> 
     </span>
    </p>
   </div>
   <div class='ocr_carea' id='block_1_59' title="bbox 1973 1639 3675 1718">
    <p class='ocr_par' dir='ltr' id='par_1_59' title="bbox 1973 1639 3675 1718">
     <span class='ocr_line' id='line_1_59' title="bbox 1973 1639 3675 1718; baseline 0.008 -24"><span class='ocrx_word' id='word_1_383' title='bbox 1973 1639 2074 1695; x_wconf 87' lang='lat' dir='ltr'>vix</span> <span class='ocrx_word' id='word_1_384' title='bbox 2115 1654 2215 1712; x_wconf 85' lang='lat' dir='ltr'>per</span> <span class='ocrx_word' id='word_1_385' title='bbox 2255 1641 2636 1714; x_wconf 85' lang='lat' dir='ltr'>quadraginta</span> <span class='ocrx_word' id='word_1_386' title='bbox 2678 1643 2858 1700; x_wconf 90' lang='lat' dir='ltr'>stadia</span> <span class='ocrx_word' id='word_1_387' title='bbox 2903 1645 2962 1700; x_wconf 91' lang='lat' dir='ltr'>in</span> <span class='ocrx_word' id='word_1_388' title='bbox 3005 1644 3182 1718; x_wconf 87' lang='lat' dir='ltr'>hujus</span> <span class='ocrx_word' id='word_1_389' title='bbox 3217 1649 3548 1707; x_wconf 89' lang='lat' dir='ltr'>certaminis</span> <span class='ocrx_word' id='word_1_390' title='bbox 3587 1649 3675 1708; x_wconf 89' lang='lat' dir='ltr'>la-</span> 
     </span>
    </p>
   </div>
   <div class='ocr_carea' id='block_1_60' title="bbox 1973 1725 3676 1805">
    <p class='ocr_par' dir='ltr' id='par_1_60' title="bbox 1973 1725 3676 1805">
     <span class='ocr_line' id='line_1_60' title="bbox 1973 1725 3676 1805; baseline 0.008 -24"><span class='ocrx_word' id='word_1_391' title='bbox 1973 1725 2110 1783; x_wconf 90' lang='lat' dir='ltr'>bore</span> <span class='ocrx_word' id='word_1_392' title='bbox 2155 1727 2465 1798; x_wconf 90' lang='lat' dir='ltr'>persistens</span> <span class='ocrx_word' id='word_1_393' title='bbox 2506 1727 2716 1800; x_wconf 87' lang='lat' dir='ltr'>deﬁcit,</span> <span class='ocrx_word' id='word_1_394' title='bbox 2761 1737 2816 1787; x_wconf 91' lang='lat' dir='ltr'>et</span> <span class='ocrx_word' id='word_1_395' title='bbox 2845 1731 2928 1788; x_wconf 91' lang='lat' dir='ltr'>sic</span> <span class='ocrx_word' id='word_1_396' title='bbox 2957 1731 3200 1805; x_wconf 84' lang='lat' dir='ltr'>defessa,</span> <span class='ocrx_word' id='word_1_397' title='bbox 3229 1734 3348 1794; x_wconf 90' lang='lat' dir='ltr'>alas</span> <span class='ocrx_word' id='word_1_398' title='bbox 3376 1735 3528 1794; x_wconf 90' lang='lat' dir='ltr'>inter</span> <span class='ocrx_word' id='word_1_399' title='bbox 3555 1737 3676 1794; x_wconf 91' lang='lat' dir='ltr'>dis-</span> 
     </span>
    </p>
   </div>
   <div class='ocr_carea' id='block_1_61' title="bbox 1975 1815 3673 1896">
    <p class='ocr_par' dir='ltr' id='par_1_61' title="bbox 1975 1815 3673 1896">
     <span class='ocr_line' id='line_1_61' title="bbox 1975 1815 3673 1896; baseline 0.007 -24"><span class='ocrx_word' id='word_1_400' title='bbox 1975 1815 2219 1872; x_wconf 87' lang='lat' dir='ltr'>crimina</span> <span class='ocrx_word' id='word_1_401' title='bbox 2291 1816 2516 1872; x_wconf 89' lang='lat' dir='ltr'>marina</span> <span class='ocrx_word' id='word_1_402' title='bbox 2591 1815 2845 1890; x_wconf 90' lang='lat' dir='ltr'>deponit.</span> <span class='ocrx_word' id='word_1_403' title='bbox 2921 1819 3130 1879; x_wconf 89' lang='lat' dir='ltr'>Fluctu</span> <span class='ocrx_word' id='word_1_404' title='bbox 3188 1822 3382 1896; x_wconf 88' lang='lat' dir='ltr'>itaque</span> <span class='ocrx_word' id='word_1_405' title='bbox 3433 1831 3673 1884; x_wconf 88' lang='lat' dir='ltr'>vorante</span> 
     </span>
    </p>
   </div>
   <div class='ocr_carea' id='block_1_62' title="bbox 1975 1902 3678 1986">
    <p class='ocr_par' dir='ltr' id='par_1_62' title="bbox 1975 1902 3678 1986">
     <span class='ocr_line' id='line_1_62' title="bbox 1975 1902 3678 1986; baseline 0.007 -28"><span class='ocrx_word' id='word_1_406' title='bbox 1975 1902 2343 1976; x_wconf 89' lang='lat' dir='ltr'>compellitur</span> <span class='ocrx_word' id='word_1_407' title='bbox 2391 1909 2456 1961; x_wconf 87' lang='lat' dir='ltr'>ut</span> <span class='ocrx_word' id='word_1_408' title='bbox 2500 1904 2571 1962; x_wconf 92' lang='lat' dir='ltr'>ad</span> <span class='ocrx_word' id='word_1_409' title='bbox 2621 1905 2814 1964; x_wconf 89' lang='lat' dir='ltr'>locum</span> <span class='ocrx_word' id='word_1_410' title='bbox 2863 1908 3018 1966; x_wconf 93' lang='lat' dir='ltr'>unde</span> <span class='ocrx_word' id='word_1_411' title='bbox 3073 1911 3354 1984; x_wconf 84' lang='lat' dir='ltr'>remigare</span> <span class='ocrx_word' id='word_1_412' title='bbox 3409 1920 3678 1986; x_wconf 69' lang='lat' dir='ltr'>coeperat,</span> 
     </span>
    </p>
   </div>
   <div class='ocr_carea' id='block_1_63' title="bbox 1977 1993 3680 2074">
    <p class='ocr_par' dir='ltr' id='par_1_63' title="bbox 1977 1993 3680 2074">
     <span class='ocr_line' id='line_1_63' title="bbox 1977 1993 3680 2074; baseline 0.006 -24"><span class='ocrx_word' id='word_1_413' title='bbox 1977 1993 2186 2052; x_wconf 89' lang='lat' dir='ltr'>iterum</span> <span class='ocrx_word' id='word_1_414' title='bbox 2211 1993 2516 2052; x_wconf 91' lang='lat' dir='ltr'>relabatur.</span> <span class='ocrx_word' id='word_1_415' title='bbox 2551 1995 2726 2054; x_wconf 86' lang='lat' dir='ltr'>Navis</span> <span class='ocrx_word' id='word_1_416' title='bbox 2753 1998 2939 2069; x_wconf 89' lang='lat' dir='ltr'>plane,</span> <span class='ocrx_word' id='word_1_417' title='bbox 2971 2016 3102 2074; x_wconf 70' lang='lat' dir='ltr'>quae</span> <span class='ocrx_word' id='word_1_418' title='bbox 3129 2001 3394 2072; x_wconf 87' lang='lat' dir='ltr'>veliﬁcat,</span> <span class='ocrx_word' id='word_1_419' title='bbox 3423 2011 3680 2060; x_wconf 89' lang='lat' dir='ltr'>sanetam</span> 
     </span>
    </p>
   </div>
   <div class='ocr_carea' id='block_1_64' title="bbox 1979 2084 3682 2162">
    <p class='ocr_par' dir='ltr' id='par_1_64' title="bbox 1979 2084 3682 2162">
     <span class='ocr_line' id='line_1_64' title="bbox 1979 2084 3682 2162; baseline 0.004 -20"><span class='ocrx_word' id='word_1_420' title='bbox 1979 2084 2315 2156; x_wconf 86' lang='lat' dir='ltr'>Ecclesiam,</span> <span class='ocrx_word' id='word_1_421' title='bbox 2365 2085 2455 2142; x_wconf 92' lang='lat' dir='ltr'>vel</span> <span class='ocrx_word' id='word_1_422' title='bbox 2505 2101 2978 2162; x_wconf 88' lang='lat' dir='ltr'>unamquamque</span> <span class='ocrx_word' id='word_1_423' title='bbox 3023 2089 3254 2148; x_wconf 89' lang='lat' dir='ltr'>ﬁdelem</span> <span class='ocrx_word' id='word_1_424' title='bbox 3297 2091 3553 2148; x_wconf 90' lang='lat' dir='ltr'>animam</span> <span class='ocrx_word' id='word_1_425' title='bbox 3603 2091 3682 2148; x_wconf 90' lang='lat' dir='ltr'>si-</span> 
     </span>
    </p>
   </div>
   <div class='ocr_carea' id='block_1_65' title="bbox 1982 2172 3683 2251">
    <p class='ocr_par' dir='ltr' id='par_1_65' title="bbox 1982 2172 3683 2251">
     <span class='ocr_line' id='line_1_65' title="bbox 1982 2172 3683 2251; baseline 0.004 -23"><span class='ocrx_word' id='word_1_426' title='bbox 1982 2179 2136 2244; x_wconf 85' lang='lat' dir='ltr'>gnat.</span> <span class='ocrx_word' id='word_1_427' title='bbox 2173 2172 2317 2241; x_wconf 70' lang='lat' dir='ltr'>Qute</span> <span class='ocrx_word' id='word_1_428' title='bbox 2351 2175 2631 2234; x_wconf 91' lang='lat' dir='ltr'>nimirum</span> <span class='ocrx_word' id='word_1_429' title='bbox 2671 2175 2831 2250; x_wconf 90' lang='lat' dir='ltr'>ligno</span> <span class='ocrx_word' id='word_1_430' title='bbox 2875 2179 3065 2236; x_wconf 88' lang='lat' dir='ltr'>crucis</span> <span class='ocrx_word' id='word_1_431' title='bbox 3095 2185 3308 2250; x_wconf 87' lang='lat' dir='ltr'>evecta,</span> <span class='ocrx_word' id='word_1_432' title='bbox 3351 2183 3683 2251; x_wconf 85' lang='lat' dir='ltr'>spumantes</span> 
     </span>
    </p>
   </div>
   <div class='ocr_carea' id='block_1_66' title="bbox 1982 2261 3686 2340">
    <p class='ocr_par' dir='ltr' id='par_1_66' title="bbox 1982 2261 3686 2340">
     <span class='ocr_line' id='line_1_66' title="bbox 1982 2261 3686 2340; baseline 0.004 -23"><span class='ocrx_word' id='word_1_433' title='bbox 1982 2261 2276 2333; x_wconf 87' lang='lat' dir='ltr'>ﬂuctivagi</span> <span class='ocrx_word' id='word_1_434' title='bbox 2327 2264 2534 2320; x_wconf 90' lang='lat' dir='ltr'>mundi</span> <span class='ocrx_word' id='word_1_435' title='bbox 2579 2266 2856 2336; x_wconf 88' lang='lat' dir='ltr'>procellas</span> <span class='ocrx_word' id='word_1_436' title='bbox 2905 2268 3098 2336; x_wconf 88' lang='lat' dir='ltr'>evitat,</span> <span class='ocrx_word' id='word_1_437' title='bbox 3155 2269 3554 2340; x_wconf 90' lang='lat' dir='ltr'>virtutumque</span> <span class='ocrx_word' id='word_1_438' title='bbox 3597 2283 3686 2324; x_wconf 88' lang='lat' dir='ltr'>re-</span> 
     </span>
    </p>
   </div>
   <div class='ocr_carea' id='block_1_67' title="bbox 1985 2350 3684 2428">
    <p class='ocr_par' dir='ltr' id='par_1_67' title="bbox 1985 2350 3684 2428">
     <span class='ocr_line' id='line_1_67' title="bbox 1985 2350 3684 2428; baseline 0.004 -20"><span class='ocrx_word' id='word_1_439' title='bbox 1985 2350 2161 2423; x_wconf 91' lang='lat' dir='ltr'>migio</span> <span class='ocrx_word' id='word_1_440' title='bbox 2188 2352 2256 2408; x_wconf 90' lang='lat' dir='ltr'>ad</span> <span class='ocrx_word' id='word_1_441' title='bbox 2289 2359 2514 2422; x_wconf 92' lang='lat' dir='ltr'>portum</span> <span class='ocrx_word' id='word_1_442' title='bbox 2543 2361 2834 2426; x_wconf 67' lang='lat' dir='ltr'>perpetuae</span> <span class='ocrx_word' id='word_1_443' title='bbox 2864 2357 3078 2428; x_wconf 90' lang='lat' dir='ltr'>quietis</span> <span class='ocrx_word' id='word_1_444' title='bbox 3105 2358 3356 2416; x_wconf 88' lang='lat' dir='ltr'>anhelat.</span> <span class='ocrx_word' id='word_1_445' title='bbox 3393 2358 3504 2417; x_wconf 90' lang='lat' dir='ltr'>Sed</span> <span class='ocrx_word' id='word_1_446' title='bbox 3535 2366 3684 2416; x_wconf 89' lang='lat' dir='ltr'>hanc</span> 
     </span>
    </p>
   </div>
   <div class='ocr_carea' id='block_1_68' title="bbox 1982 2441 3685 2519">
    <p class='ocr_par' dir='ltr' id='par_1_68' title="bbox 1982 2441 3685 2519">
     <span class='ocr_line' id='line_1_68' title="bbox 1982 2441 3685 2519; baseline 0.004 -22"><span class='ocrx_word' id='word_1_447' title='bbox 1982 2455 2138 2498; x_wconf 90' lang='lat' dir='ltr'>sarra</span> <span class='ocrx_word' id='word_1_448' title='bbox 2167 2441 2308 2498; x_wconf 91' lang='lat' dir='ltr'>dum</span> <span class='ocrx_word' id='word_1_449' title='bbox 2352 2441 2736 2515; x_wconf 87' lang='lat' dir='ltr'>persequitur,</span> <span class='ocrx_word' id='word_1_450' title='bbox 2784 2443 3002 2515; x_wconf 82' lang='lat' dir='ltr'>deficit;</span> <span class='ocrx_word' id='word_1_451' title='bbox 3052 2445 3188 2519; x_wconf 92' lang='lat' dir='ltr'>quia</span> <span class='ocrx_word' id='word_1_452' title='bbox 3229 2446 3422 2504; x_wconf 91' lang='lat' dir='ltr'>mollis</span> <span class='ocrx_word' id='word_1_453' title='bbox 3466 2453 3522 2504; x_wconf 85' lang='lat' dir='ltr'>et</span> <span class='ocrx_word' id='word_1_454' title='bbox 3565 2446 3685 2504; x_wconf 91' lang='lat' dir='ltr'>dis-</span> 
     </span>
    </p>
   </div>
   <div class='ocr_carea' id='block_1_69' title="bbox 1985 2529 3684 2606">
    <p class='ocr_par' dir='ltr' id='par_1_69' title="bbox 1985 2529 3684 2606">
     <span class='ocr_line' id='line_1_69' title="bbox 1985 2529 3684 2606; baseline 0.002 -20"><span class='ocrx_word' id='word_1_455' title='bbox 1985 2529 2170 2587; x_wconf 89' lang='lat' dir='ltr'>soluta</span> <span class='ocrx_word' id='word_1_456' title='bbox 2199 2529 2474 2602; x_wconf 60' lang='lat' dir='ltr'>quaelibet</span> <span class='ocrx_word' id='word_1_457' title='bbox 2501 2531 2698 2588; x_wconf 90' lang='lat' dir='ltr'>anima</span> <span class='ocrx_word' id='word_1_458' title='bbox 2727 2531 2945 2589; x_wconf 76' lang='lat' dir='ltr'>fervide</span> <span class='ocrx_word' id='word_1_459' title='bbox 2971 2533 3206 2606; x_wconf 91' lang='lat' dir='ltr'>quidem</span> <span class='ocrx_word' id='word_1_460' title='bbox 3235 2533 3459 2606; x_wconf 89' lang='lat' dir='ltr'>incipit,</span> <span class='ocrx_word' id='word_1_461' title='bbox 3491 2533 3590 2591; x_wconf 92' lang='lat' dir='ltr'>sed</span> <span class='ocrx_word' id='word_1_462' title='bbox 3621 2533 3684 2590; x_wconf 89' lang='lat' dir='ltr'>in</span> 
     </span>
    </p>
   </div>
   <div class='ocr_carea' id='block_1_70' title="bbox 1984 2619 3688 2696">
    <p class='ocr_par' dir='ltr' id='par_1_70' title="bbox 1984 2619 3688 2696">
     <span class='ocr_line' id='line_1_70' title="bbox 1984 2619 3688 2696; baseline 0.001 -19"><span class='ocrx_word' id='word_1_463' title='bbox 1984 2619 2178 2678; x_wconf 88' lang='lat' dir='ltr'>labore</span> <span class='ocrx_word' id='word_1_464' title='bbox 2219 2619 2533 2677; x_wconf 88' lang='lat' dir='ltr'>lassescens</span> <span class='ocrx_word' id='word_1_465' title='bbox 2578 2620 2648 2677; x_wconf 91' lang='lat' dir='ltr'>ad</span> <span class='ocrx_word' id='word_1_466' title='bbox 2695 2621 3062 2694; x_wconf 81' lang='lat' dir='ltr'>perfectionis</span> <span class='ocrx_word' id='word_1_467' title='bbox 3093 2623 3273 2693; x_wconf 85' lang='lat' dir='ltr'>littus,</span> <span class='ocrx_word' id='word_1_468' title='bbox 3307 2622 3459 2696; x_wconf 90' lang='lat' dir='ltr'>quod</span> <span class='ocrx_word' id='word_1_469' title='bbox 3491 2621 3688 2680; x_wconf 87' lang='lat' dir='ltr'>subire</span> 
     </span>
    </p>
   </div>
   <div class='ocr_carea' id='block_1_71' title="bbox 1985 2707 3688 2785">
    <p class='ocr_par' dir='ltr' id='par_1_71' title="bbox 1985 2707 3688 2785">
     <span class='ocr_line' id='line_1_71' title="bbox 1985 2707 3688 2785; baseline -0.001 -18"><span class='ocrx_word' id='word_1_470' title='bbox 1985 2711 2332 2778; x_wconf 83' lang='lat' dir='ltr'>decreverat,</span> <span class='ocrx_word' id='word_1_471' title='bbox 2363 2725 2477 2765; x_wconf 91' lang='lat' dir='ltr'>non</span> <span class='ocrx_word' id='word_1_472' title='bbox 2507 2709 2798 2780; x_wconf 80' lang='lat' dir='ltr'>pertingit.</span> <span class='ocrx_word' id='word_1_473' title='bbox 2832 2707 2980 2767; x_wconf 90' lang='lat' dir='ltr'>Sunt</span> <span class='ocrx_word' id='word_1_474' title='bbox 3004 2712 3159 2768; x_wconf 92' lang='lat' dir='ltr'>enim</span> <span class='ocrx_word' id='word_1_475' title='bbox 3188 2709 3391 2784; x_wconf 90' lang='lat' dir='ltr'>aliqui,</span> <span class='ocrx_word' id='word_1_476' title='bbox 3417 2709 3518 2785; x_wconf 91' lang='lat' dir='ltr'>qui</span> <span class='ocrx_word' id='word_1_477' title='bbox 3546 2709 3688 2768; x_wconf 91' lang='lat' dir='ltr'>dum</span> 
     </span>
    </p>
   </div>
   <div class='ocr_carea' id='block_1_72' title="bbox 1989 2799 3692 2874">
    <p class='ocr_par' dir='ltr' id='par_1_72' title="bbox 1989 2799 3692 2874">
     <span class='ocr_line' id='line_1_72' title="bbox 1989 2799 3692 2874; baseline 0.001 -17"><span class='ocrx_word' id='word_1_478' title='bbox 1989 2800 2132 2857; x_wconf 89' lang='lat' dir='ltr'>alios</span> <span class='ocrx_word' id='word_1_479' title='bbox 2181 2799 2266 2855; x_wconf 91' lang='lat' dir='ltr'>ire</span> <span class='ocrx_word' id='word_1_480' title='bbox 2315 2814 2416 2870; x_wconf 90' lang='lat' dir='ltr'>per</span> <span class='ocrx_word' id='word_1_481' title='bbox 2465 2800 2722 2857; x_wconf 61' lang='lat' dir='ltr'>honestas</span> <span class='ocrx_word' id='word_1_482' title='bbox 2765 2799 2902 2857; x_wconf 61' lang='lat' dir='ltr'>vitze</span> <span class='ocrx_word' id='word_1_483' title='bbox 2955 2801 3243 2858; x_wconf 89' lang='lat' dir='ltr'>tramitem</span> <span class='ocrx_word' id='word_1_484' title='bbox 3286 2808 3549 2868; x_wconf 89' lang='lat' dir='ltr'>cernunt,</span> <span class='ocrx_word' id='word_1_485' title='bbox 3599 2800 3692 2874; x_wconf 89' lang='lat' dir='ltr'>pio</span> 
     </span>
    </p>
   </div>
   <div class='ocr_carea' id='block_1_73' title="bbox 1990 2887 3692 2962">
    <p class='ocr_par' dir='ltr' id='par_1_73' title="bbox 1990 2887 3692 2962">
     <span class='ocr_line' id='line_1_73' title="bbox 1990 2887 3692 2962; baseline -0.001 -16"><span class='ocrx_word' id='word_1_486' title='bbox 1990 2887 2274 2946; x_wconf 90' lang='lat' dir='ltr'>desiderio</span> <span class='ocrx_word' id='word_1_487' title='bbox 2305 2889 2594 2961; x_wconf 84' lang='lat' dir='ltr'>provocati</span> <span class='ocrx_word' id='word_1_488' title='bbox 2628 2895 2755 2961; x_wconf 91' lang='lat' dir='ltr'>post</span> <span class='ocrx_word' id='word_1_489' title='bbox 2799 2903 2895 2946; x_wconf 91' lang='lat' dir='ltr'>eos</span> <span class='ocrx_word' id='word_1_490' title='bbox 2923 2888 3033 2945; x_wconf 89' lang='lat' dir='ltr'>iter</span> <span class='ocrx_word' id='word_1_491' title='bbox 3063 2889 3370 2962; x_wconf 90' lang='lat' dir='ltr'>arripiunt.</span> <span class='ocrx_word' id='word_1_492' title='bbox 3409 2889 3518 2948; x_wconf 90' lang='lat' dir='ltr'>Sed</span> <span class='ocrx_word' id='word_1_493' title='bbox 3550 2890 3692 2946; x_wconf 88' lang='lat' dir='ltr'>dum</span> 
     </span>
    </p>
   </div>
   <div class='ocr_carea' id='block_1_74' title="bbox 1993 2977 3692 3052">
    <p class='ocr_par' dir='ltr' id='par_1_74' title="bbox 1993 2977 3692 3052">
     <span class='ocr_line' id='line_1_74' title="bbox 1993 2977 3692 3052; baseline 0 -18"><span class='ocrx_word' id='word_1_494' title='bbox 1993 2979 2083 3034; x_wconf 90' lang='lat' dir='ltr'>vel</span> <span class='ocrx_word' id='word_1_495' title='bbox 2113 2977 2282 3034; x_wconf 90' lang='lat' dir='ltr'>nimii</span> <span class='ocrx_word' id='word_1_496' title='bbox 2313 2977 2544 3046; x_wconf 92' lang='lat' dir='ltr'>laboris,</span> <span class='ocrx_word' id='word_1_497' title='bbox 2579 2977 2666 3034; x_wconf 88' lang='lat' dir='ltr'>vel</span> <span class='ocrx_word' id='word_1_498' title='bbox 2695 2977 3120 3036; x_wconf 89' lang='lat' dir='ltr'>inundantibus</span> <span class='ocrx_word' id='word_1_499' title='bbox 3146 2977 3456 3052; x_wconf 84' lang='lat' dir='ltr'>cujuslibet</span> <span class='ocrx_word' id='word_1_500' title='bbox 3486 2978 3692 3036; x_wconf 90' lang='lat' dir='ltr'>adver-</span> 
     </span>
    </p>
   </div>
   <div class='ocr_carea' id='block_1_75' title="bbox 1993 3066 3692 3142">
    <p class='ocr_par' dir='ltr' id='par_1_75' title="bbox 1993 3066 3692 3142">
     <span class='ocr_line' id='line_1_75' title="bbox 1993 3066 3692 3142; baseline 0 -18"><span class='ocrx_word' id='word_1_501' title='bbox 1993 3068 2175 3125; x_wconf 89' lang='lat' dir='ltr'>sitatis</span> <span class='ocrx_word' id='word_1_502' title='bbox 2257 3066 2527 3126; x_wconf 89' lang='lat' dir='ltr'>ﬂuctibus</span> <span class='ocrx_word' id='word_1_503' title='bbox 2602 3067 2957 3138; x_wconf 85' lang='lat' dir='ltr'>obruuntur,</span> <span class='ocrx_word' id='word_1_504' title='bbox 3043 3069 3310 3142; x_wconf 87' lang='lat' dir='ltr'>protinus</span> <span class='ocrx_word' id='word_1_505' title='bbox 3387 3085 3422 3128; x_wconf 89' lang='lat' dir='ltr'>a</span> <span class='ocrx_word' id='word_1_506' title='bbox 3497 3067 3692 3125; x_wconf 89' lang='lat' dir='ltr'>labore</span> 
     </span>
    </p>
   </div>
   <div class='ocr_carea' id='block_1_76' title="bbox 1989 3159 3694 3230">
    <p class='ocr_par' dir='ltr' id='par_1_76' title="bbox 1989 3159 3694 3230">
     <span class='ocr_line' id='line_1_76' title="bbox 1989 3159 3694 3230; baseline 0 -14"><span class='ocrx_word' id='word_1_507' title='bbox 1989 3159 2298 3228; x_wconf 84' lang='lat' dir='ltr'>deﬁciunt;</span> <span class='ocrx_word' id='word_1_508' title='bbox 2341 3165 2397 3216; x_wconf 91' lang='lat' dir='ltr'>et</span> <span class='ocrx_word' id='word_1_509' title='bbox 2426 3159 2506 3216; x_wconf 91' lang='lat' dir='ltr'>sic</span> <span class='ocrx_word' id='word_1_510' title='bbox 2542 3160 2614 3218; x_wconf 91' lang='lat' dir='ltr'>ad</span> <span class='ocrx_word' id='word_1_511' title='bbox 2642 3159 3086 3218; x_wconf 87' lang='lat' dir='ltr'>similitudinem</span> <span class='ocrx_word' id='word_1_512' title='bbox 3117 3177 3312 3230; x_wconf 68' lang='lat' dir='ltr'>serrae,</span> <span class='ocrx_word' id='word_1_513' title='bbox 3356 3161 3510 3218; x_wconf 90' lang='lat' dir='ltr'>unde</span> <span class='ocrx_word' id='word_1_514' title='bbox 3553 3159 3694 3216; x_wconf 91' lang='lat' dir='ltr'>veli-</span> 
     </span>
    </p>
   </div>
   <div class='ocr_carea' id='block_1_77' title="bbox 1991 3249 3691 3324">
    <p class='ocr_par' dir='ltr' id='par_1_77' title="bbox 1991 3249 3691 3324">
     <span class='ocr_line' id='line_1_77' title="bbox 1991 3249 3691 3324; baseline 0.001 -18"><span class='ocrx_word' id='word_1_515' title='bbox 1991 3249 2162 3306; x_wconf 91' lang='lat' dir='ltr'>ﬁcare</span> <span class='ocrx_word' id='word_1_516' title='bbox 2201 3255 2511 3322; x_wconf 81' lang='lat' dir='ltr'>coeperant,</span> <span class='ocrx_word' id='word_1_517' title='bbox 2561 3249 2915 3308; x_wconf 90' lang='lat' dir='ltr'>relabuntur.</span> <span class='ocrx_word' id='word_1_518' title='bbox 2963 3251 3042 3308; x_wconf 90' lang='lat' dir='ltr'>De</span> <span class='ocrx_word' id='word_1_519' title='bbox 3073 3251 3291 3323; x_wconf 89' lang='lat' dir='ltr'>quibus</span> <span class='ocrx_word' id='word_1_520' title='bbox 3319 3251 3523 3324; x_wconf 88' lang='lat' dir='ltr'>utique</span> <span class='ocrx_word' id='word_1_521' title='bbox 3550 3252 3691 3308; x_wconf 91' lang='lat' dir='ltr'>scri-</span> 
     </span>
    </p>
   </div>
   <div class='ocr_carea' id='block_1_78' title="bbox 1991 3337 3694 3412">
    <p class='ocr_par' dir='ltr' id='par_1_78' title="bbox 1991 3337 3694 3412">
     <span class='ocr_line' id='line_1_78' title="bbox 1991 3337 3694 3412; baseline -0.001 -18"><span class='ocrx_word' id='word_1_522' title='bbox 1991 3345 2154 3412; x_wconf 89' lang='lat' dir='ltr'>ptum</span> <span class='ocrx_word' id='word_1_523' title='bbox 2201 3344 2324 3394; x_wconf 90' lang='lat' dir='ltr'>est:</span> <span class='ocrx_word' id='word_1_524' title='bbox 2363 3359 2388 3387; x_wconf 82' lang='lat'><em>«</em></span> <span class='ocrx_word' id='word_1_525' title='bbox 2421 3337 2524 3395; x_wconf 61' lang='lat' dir='ltr'>Vas</span> <span class='ocrx_word' id='word_1_526' title='bbox 2567 3338 2658 3394; x_wconf 90' lang='lat' dir='ltr'>his</span> <span class='ocrx_word' id='word_1_527' title='bbox 2707 3339 2812 3411; x_wconf 90' lang='lat' dir='ltr'>qui</span> <span class='ocrx_word' id='word_1_528' title='bbox 2865 3339 3238 3410; x_wconf 88' lang='lat' dir='ltr'>perdiderunt</span> <span class='ocrx_word' id='word_1_529' title='bbox 3289 3339 3694 3397; x_wconf 90' lang='lat' dir='ltr'>sustinentiam</span> 
     </span>
    </p>
   </div>
   <div class='ocr_carea' id='block_1_79' title="bbox 1993 3427 3700 3504">
    <p class='ocr_par' dir='ltr' id='par_1_79' title="bbox 1993 3427 3700 3504">
     <span class='ocr_line' id='line_1_79' title="bbox 1993 3427 3700 3504; baseline -0.001 -18"><span class='ocrx_word' id='word_1_530' title='bbox 1993 3431 2178 3504; x_wconf 77' lang='lat' dir='ltr'>(Eccli.</span> <span class='ocrx_word' id='word_1_531' title='bbox 2235 3430 2312 3500; x_wconf 80' lang='grc' dir='ltr'>ιι).</span> <span class='ocrx_word' id='word_1_532' title='bbox 2368 3455 2386 3478; x_wconf 73' lang='grc' dir='ltr'><strong>ιν</strong></span> <span class='ocrx_word' id='word_1_533' title='bbox 2441 3428 2512 3485; x_wconf 89' lang='lat' dir='ltr'>Et</span> <span class='ocrx_word' id='word_1_534' title='bbox 2571 3427 2662 3486; x_wconf 90' lang='lat' dir='ltr'>vir</span> <span class='ocrx_word' id='word_1_535' title='bbox 2715 3427 2980 3502; x_wconf 89' lang='lat' dir='ltr'>sapiens:</span> <span class='ocrx_word' id='word_1_536' title='bbox 3030 3452 3050 3480; x_wconf 76' lang='grc' dir='ltr'><strong>α</strong></span> <span class='ocrx_word' id='word_1_537' title='bbox 3089 3429 3190 3487; x_wconf 90' lang='lat' dir='ltr'>Est</span> <span class='ocrx_word' id='word_1_538' title='bbox 3242 3429 3462 3486; x_wconf 91' lang='lat' dir='ltr'>amicus</span> <span class='ocrx_word' id='word_1_539' title='bbox 3510 3427 3700 3485; x_wconf 91' lang='lat' dir='ltr'>socius</span> 
     </span>
    </p>
   </div>
   <div class='ocr_carea' id='block_1_80' title="bbox 1993 3515 3694 3589">
    <p class='ocr_par' dir='ltr' id='par_1_80' title="bbox 1993 3515 3694 3589">
     <span class='ocr_line' id='line_1_80' title="bbox 1993 3515 3694 3589; baseline -0.003 -15"><span class='ocrx_word' id='word_1_540' title='bbox 1993 3533 2232 3587; x_wconf 68' lang='lat' dir='ltr'>mensas,</span> <span class='ocrx_word' id='word_1_541' title='bbox 2269 3522 2325 3574; x_wconf 87' lang='lat' dir='ltr'>et</span> <span class='ocrx_word' id='word_1_542' title='bbox 2353 3531 2468 3574; x_wconf 90' lang='lat' dir='ltr'>non</span> <span class='ocrx_word' id='word_1_543' title='bbox 2505 3523 2805 3589; x_wconf 89' lang='lat' dir='ltr'>permanet</span> <span class='ocrx_word' id='word_1_544' title='bbox 2846 3517 2908 3574; x_wconf 91' lang='lat' dir='ltr'>in</span> <span class='ocrx_word' id='word_1_545' title='bbox 2957 3515 3051 3574; x_wconf 91' lang='lat' dir='ltr'>die</span> <span class='ocrx_word' id='word_1_546' title='bbox 3101 3516 3458 3576; x_wconf 88' lang='lat' dir='ltr'>necessitatis</span> <span class='ocrx_word' id='word_1_547' title='bbox 3509 3517 3694 3578; x_wconf 80' lang='lat' dir='ltr'>tEccli.</span> 
     </span>
    </p>
   </div>
   <div class='ocr_carea' id='block_1_81' title="bbox 1997 3603 3700 3679">
    <p class='ocr_par' dir='ltr' id='par_1_81' title="bbox 1997 3603 3700 3679">
     <span class='ocr_line' id='line_1_81' title="bbox 1997 3603 3700 3679; baseline -0.002 -15"><span class='ocrx_word' id='word_1_548' title='bbox 1997 3613 2095 3676; x_wconf 83' lang='lat' dir='ltr'>V1).</span> <span class='ocrx_word' id='word_1_549' title='bbox 2137 3629 2158 3656; x_wconf 73' lang='grc' dir='ltr'><strong>π</strong></span> <span class='ocrx_word' id='word_1_550' title='bbox 2195 3603 2306 3662; x_wconf 90' lang='lat' dir='ltr'>Sed</span> <span class='ocrx_word' id='word_1_551' title='bbox 2339 3603 2550 3662; x_wconf 91' lang='lat' dir='ltr'>talibus</span> <span class='ocrx_word' id='word_1_552' title='bbox 2591 3613 2838 3664; x_wconf 90' lang='lat' dir='ltr'>rectores</span> <span class='ocrx_word' id='word_1_553' title='bbox 2874 3605 3267 3664; x_wconf 89' lang='lat' dir='ltr'>Ecelesiarum</span> <span class='ocrx_word' id='word_1_554' title='bbox 3311 3605 3563 3679; x_wconf 90' lang='lat' dir='ltr'>impigra</span> <span class='ocrx_word' id='word_1_555' title='bbox 3595 3603 3700 3660; x_wconf 90' lang='lat' dir='ltr'>de-</span> 
     </span>
    </p>
   </div>
   <div class='ocr_carea' id='block_1_82' title="bbox 1995 3693 3702 3768">
    <p class='ocr_par' dir='ltr' id='par_1_82' title="bbox 1995 3693 3702 3768">
     <span class='ocr_line' id='line_1_82' title="bbox 1995 3693 3702 3768; baseline -0.002 -15"><span class='ocrx_word' id='word_1_556' title='bbox 1995 3695 2133 3754; x_wconf 91' lang='lat' dir='ltr'>bent</span> <span class='ocrx_word' id='word_1_557' title='bbox 2164 3694 2564 3752; x_wconf 84' lang='lat' dir='ltr'>exhortatione</span> <span class='ocrx_word' id='word_1_558' title='bbox 2611 3711 2965 3767; x_wconf 90' lang='lat' dir='ltr'>succurrere,</span> <span class='ocrx_word' id='word_1_559' title='bbox 2998 3711 3063 3753; x_wconf 90' lang='lat' dir='ltr'>ac</span> <span class='ocrx_word' id='word_1_560' title='bbox 3093 3695 3244 3754; x_wconf 91' lang='lat' dir='ltr'>inter</span> <span class='ocrx_word' id='word_1_561' title='bbox 3279 3695 3402 3768; x_wconf 91' lang='lat' dir='ltr'>ipsa</span> <span class='ocrx_word' id='word_1_562' title='bbox 3455 3693 3702 3752; x_wconf 76' lang='lat' dir='ltr'>szevien-</span> 
     </span>
    </p>
   </div>
   <div class='ocr_carea' id='block_1_83' title="bbox 1999 3785 3706 3860">
    <p class='ocr_par' dir='ltr' id='par_1_83' title="bbox 1999 3785 3706 3860">
     <span class='ocr_line' id='line_1_83' title="bbox 1999 3785 3706 3860; baseline -0.001 -17"><span class='ocrx_word' id='word_1_563' title='bbox 1999 3786 2069 3843; x_wconf 89' lang='lat' dir='ltr'>tis</span> <span class='ocrx_word' id='word_1_564' title='bbox 2119 3785 2382 3860; x_wconf 67' lang='lat' dir='ltr'>procellae</span> <span class='ocrx_word' id='word_1_565' title='bbox 2418 3785 2754 3844; x_wconf 90' lang='lat' dir='ltr'>discrimina</span> <span class='ocrx_word' id='word_1_566' title='bbox 2793 3787 3136 3845; x_wconf 87' lang='lat' dir='ltr'>ﬂuctuantes</span> <span class='ocrx_word' id='word_1_567' title='bbox 3175 3787 3367 3844; x_wconf 88' lang='lat' dir='ltr'>valido</span> <span class='ocrx_word' id='word_1_568' title='bbox 3421 3785 3706 3860; x_wconf 68' lang='lat' dir='ltr'>praedica-</span> 
     </span>
    </p>
   </div>
   <div class='ocr_carea' id='block_1_84' title="bbox 2001 3873 3705 3950">
    <p class='ocr_par' dir='ltr' id='par_1_84' title="bbox 2001 3873 3705 3950">
     <span class='ocr_line' id='line_1_84' title="bbox 2001 3873 3705 3950; baseline 0 -20"><span class='ocrx_word' id='word_1_569' title='bbox 2001 3875 2225 3932; x_wconf 90' lang='lat' dir='ltr'>tionum</span> <span class='ocrx_word' id='word_1_570' title='bbox 2257 3873 2491 3931; x_wconf 91' lang='lat' dir='ltr'>brachio</span> <span class='ocrx_word' id='word_1_571' title='bbox 2532 3874 2820 3943; x_wconf 88' lang='lat' dir='ltr'>roborare,</span> <span class='ocrx_word' id='word_1_572' title='bbox 2870 3883 2934 3932; x_wconf 91' lang='lat' dir='ltr'>ut</span> <span class='ocrx_word' id='word_1_573' title='bbox 2981 3889 3076 3932; x_wconf 91' lang='lat' dir='ltr'>eos</span> <span class='ocrx_word' id='word_1_574' title='bbox 3129 3875 3455 3946; x_wconf 88' lang='lat' dir='ltr'>naufragari</span> <span class='ocrx_word' id='word_1_575' title='bbox 3505 3873 3705 3950; x_wconf 81' lang='lat' dir='ltr'>pelago</span> 
     </span>
    </p>
   </div>
   <div class='ocr_carea' id='block_1_85' title="bbox 1999 3963 3706 4038">
    <p class='ocr_par' dir='ltr' id='par_1_85' title="bbox 1999 3963 3706 4038">
     <span class='ocr_line' id='line_1_85' title="bbox 1999 3963 3706 4038; baseline -0.002 -16"><span class='ocrx_word' id='word_1_576' title='bbox 1999 3966 2263 4024; x_wconf 90' lang='lat' dir='ltr'>sorbente</span> <span class='ocrx_word' id='word_1_577' title='bbox 2313 3966 2672 4036; x_wconf 88' lang='lat' dir='ltr'>prohibeant,</span> <span class='ocrx_word' id='word_1_578' title='bbox 2705 3965 2872 4022; x_wconf 70' lang='lat' dir='ltr'>&#39;dum</span> <span class='ocrx_word' id='word_1_579' title='bbox 2923 3965 2994 4022; x_wconf 90' lang='lat' dir='ltr'>ad</span> <span class='ocrx_word' id='word_1_580' title='bbox 3043 3963 3485 4038; x_wconf 64' lang='lat' dir='ltr'>perseverantiae</span> <span class='ocrx_word' id='word_1_581' title='bbox 3529 3963 3706 4020; x_wconf 92' lang='lat' dir='ltr'>robur</span> 
     </span>
    </p>
   </div>
   <div class='ocr_carea' id='block_1_86' title="bbox 1999 4053 3309 4114">
    <p class='ocr_par' dir='ltr' id='par_1_86' title="bbox 1999 4053 3309 4114">
     <span class='ocr_line' id='line_1_86' title="bbox 1999 4053 3309 4114; baseline -0.004 0"><span class='ocrx_word' id='word_1_582' title='bbox 1999 4055 2342 4114; x_wconf 89' lang='lat' dir='ltr'>inconcussa</span> <span class='ocrx_word' id='word_1_583' title='bbox 2368 4053 2705 4113; x_wconf 67' lang='lat' dir='ltr'>constantia:</span> <span class='ocrx_word' id='word_1_584' title='bbox 2731 4053 2922 4112; x_wconf 90' lang='lat' dir='ltr'>radice</span> <span class='ocrx_word' id='word_1_585' title='bbox 2946 4053 3309 4110; x_wconf 87' lang='lat' dir='ltr'>conﬁrmant.</span> 
     </span>
    </p>
   </div>
   <div class='ocr_carea' id='block_1_87' title="bbox 2631 4217 3082 4279">
    <p class='ocr_par' dir='ltr' id='par_1_87' title="bbox 2631 4217 3082 4279">
     <span class='ocr_line' id='line_1_87' title="bbox 2631 4217 3082 4279; baseline -0.002 0"><span class='ocrx_word' id='word_1_586' title='bbox 2631 4217 2876 4279; x_wconf 81' lang='lat' dir='ltr'>CAPUT</span> <span class='ocrx_word' id='word_1_587' title='bbox 2924 4217 3082 4278; x_wconf 88' lang='lat' dir='ltr'>XIII.</span> 
     </span>
    </p>
   </div>
   <div class='ocr_carea' id='block_1_88' title="bbox 2701 4331 3007 4388">
    <p class='ocr_par' dir='ltr' id='par_1_88' title="bbox 2701 4331 3007 4388">
     <span class='ocr_line' id='line_1_88' title="bbox 2701 4331 3007 4388; baseline 0.016 -5"><span class='ocrx_word' id='word_1_588' title='bbox 2701 4333 2778 4384; x_wconf 89' lang='lat' dir='ltr'>De</span> <span class='ocrx_word' id='word_1_589' title='bbox 2801 4331 3007 4388; x_wconf 79' lang='lat' dir='ltr'>echino.</span> 
     </span>
    </p>
   </div>
   <div class='ocr_carea' id='block_1_89' title="bbox 213 4452 3710 4545">
    <p class='ocr_par' dir='ltr' id='par_1_89' title="bbox 213 4452 3710 4545">
     <span class='ocr_line' id='line_1_89' title="bbox 213 4452 3710 4545; baseline -0.001 -25"><span class='ocrx_word' id='word_1_590' title='bbox 213 4466 372 4528; x_wconf 78' lang='lat' dir='ltr'>XIII).</span> <span class='ocrx_word' id='word_1_591' title='bbox 415 4487 438 4510; x_wconf 73' lang='grc' dir='ltr'><strong>η</strong></span> <span class='ocrx_word' id='word_1_592' title='bbox 481 4458 586 4529; x_wconf 87' lang='lat' dir='ltr'>Qui</span> <span class='ocrx_word' id='word_1_593' title='bbox 641 4461 918 4520; x_wconf 89' lang='lat' dir='ltr'>nimirum</span> <span class='ocrx_word' id='word_1_594' title='bbox 951 4461 1114 4533; x_wconf 87' lang='lat' dir='ltr'>prius</span> <span class='ocrx_word' id='word_1_595' title='bbox 1157 4459 1441 4532; x_wconf 89' lang='lat' dir='ltr'>reperitur</span> <span class='ocrx_word' id='word_1_596' title='bbox 1480 4473 1603 4517; x_wconf 90' lang='lat' dir='ltr'>esse</span> <span class='ocrx_word' id='word_1_597' title='bbox 1633 4458 1984 4545; x_wconf 80' lang='lat' dir='ltr'>vermicu-D</span> <span class='ocrx_word' id='word_1_598' title='bbox 2079 4455 2243 4527; x_wconf 88' lang='lat' dir='ltr'>Quod</span> <span class='ocrx_word' id='word_1_599' title='bbox 2291 4455 2537 4514; x_wconf 89' lang='lat' dir='ltr'>echinus</span> <span class='ocrx_word' id='word_1_600' title='bbox 2574 4453 2770 4526; x_wconf 87' lang='lat' dir='ltr'>etiam,</span> <span class='ocrx_word' id='word_1_601' title='bbox 2820 4453 3015 4514; x_wconf 90' lang='lat' dir='ltr'>brevis</span> <span class='ocrx_word' id='word_1_602' title='bbox 3065 4452 3332 4515; x_wconf 85' lang='lat' dir='ltr'>videlicet</span> <span class='ocrx_word' id='word_1_603' title='bbox 3379 4454 3710 4529; x_wconf 90' lang='lat' dir='ltr'>pisciculus,</span> 
     </span>
    </p>
   </div>
   <div class='ocr_carea' id='block_1_90' title="bbox 212 4547 1924 4622">
    <p class='ocr_par' dir='ltr' id='par_1_90' title="bbox 212 4547 1924 4622">
     <span class='ocr_line' id='line_1_90' title="bbox 212 4547 1924 4622; baseline -0.002 -16"><span class='ocrx_word' id='word_1_604' title='bbox 212 4548 312 4608; x_wconf 89' lang='lat' dir='ltr'>lus</span> <span class='ocrx_word' id='word_1_605' title='bbox 337 4568 360 4620; x_wconf 84' lang='lat'>;.</span> <span class='ocrx_word' id='word_1_606' title='bbox 387 4547 488 4606; x_wconf 90' lang='lat' dir='ltr'>ille</span> <span class='ocrx_word' id='word_1_607' title='bbox 528 4549 778 4622; x_wconf 85' lang='lat' dir='ltr'>profecto</span> <span class='ocrx_word' id='word_1_608' title='bbox 818 4550 918 4622; x_wconf 91' lang='lat' dir='ltr'>qui</span> <span class='ocrx_word' id='word_1_609' title='bbox 949 4549 1124 4606; x_wconf 89' lang='lat' dir='ltr'>dicit:</span> <span class='ocrx_word' id='word_1_610' title='bbox 1171 4569 1192 4598; x_wconf 74' lang='grc' dir='ltr'><strong>α</strong></span> <span class='ocrx_word' id='word_1_611' title='bbox 1235 4547 1353 4620; x_wconf 90' lang='lat' dir='ltr'>Ego</span> <span class='ocrx_word' id='word_1_612' title='bbox 1392 4553 1586 4605; x_wconf 91' lang='lat' dir='ltr'>autem</span> <span class='ocrx_word' id='word_1_613' title='bbox 1631 4563 1764 4605; x_wconf 90' lang='lat' dir='ltr'>sum</span> <span class='ocrx_word' id='word_1_614' title='bbox 1797 4563 1924 4606; x_wconf 89' lang='lat' dir='ltr'>ver-</span> 
     </span>
    </p>
   </div>
   <div class='ocr_carea' id='block_1_91' title="bbox 215 4635 1929 4707">
    <p class='ocr_par' dir='ltr' id='par_1_91' title="bbox 215 4635 1929 4707">
     <span class='ocr_line' id='line_1_91' title="bbox 215 4635 1929 4707; baseline -0.003 -13"><span class='ocrx_word' id='word_1_615' title='bbox 215 4637 353 4706; x_wconf 86' lang='lat' dir='ltr'>mis,</span> <span class='ocrx_word' id='word_1_616' title='bbox 382 4645 434 4694; x_wconf 91' lang='lat' dir='ltr'>et</span> <span class='ocrx_word' id='word_1_617' title='bbox 467 4651 580 4694; x_wconf 90' lang='lat' dir='ltr'>non</span> <span class='ocrx_word' id='word_1_618' title='bbox 615 4637 786 4694; x_wconf 91' lang='lat' dir='ltr'>homo</span> <span class='ocrx_word' id='word_1_619' title='bbox 813 4639 976 4707; x_wconf 81' lang='lat' dir='ltr'>(Psal.</span> <span class='ocrx_word' id='word_1_620' title='bbox 1007 4636 1158 4706; x_wconf 82' lang='lat' dir='ltr'>XXI).</span> <span class='ocrx_word' id='word_1_621' title='bbox 1204 4657 1226 4682; x_wconf 72' lang='grc' dir='ltr'>ι»</span> <span class='ocrx_word' id='word_1_622' title='bbox 1279 4635 1403 4705; x_wconf 89' lang='lat' dir='ltr'>Ille,</span> <span class='ocrx_word' id='word_1_623' title='bbox 1440 4635 1703 4705; x_wconf 88' lang='lat' dir='ltr'>inquam,</span> <span class='ocrx_word' id='word_1_624' title='bbox 1751 4647 1929 4706; x_wconf 91' lang='lat' dir='ltr'>quem</span> 
     </span>
    </p>
   </div>
   <div class='ocr_carea' id='block_1_92' title="bbox 219 4721 1930 4794">
    <p class='ocr_par' dir='ltr' id='par_1_92' title="bbox 219 4721 1930 4794">
     <span class='ocr_line' id='line_1_92' title="bbox 219 4721 1930 4794; baseline -0.003 -13"><span class='ocrx_word' id='word_1_625' title='bbox 219 4723 441 4781; x_wconf 89' lang='lat' dir='ltr'>vermis</span> <span class='ocrx_word' id='word_1_626' title='bbox 513 4722 615 4780; x_wconf 93' lang='lat' dir='ltr'>ille</span> <span class='ocrx_word' id='word_1_627' title='bbox 687 4721 968 4794; x_wconf 76' lang='lat' dir='ltr'>signabat,</span> <span class='ocrx_word' id='word_1_628' title='bbox 1051 4723 1148 4794; x_wconf 87' lang='lat' dir='ltr'>qui</span> <span class='ocrx_word' id='word_1_629' title='bbox 1211 4721 1533 4778; x_wconf 87' lang='lat' dir='ltr'>matutinus</span> <span class='ocrx_word' id='word_1_630' title='bbox 1607 4735 1930 4792; x_wconf 86' lang='lat' dir='ltr'>exsurgens</span> 
     </span>
    </p>
   </div>
   <div class='ocr_carea' id='block_1_93' title="bbox 221 4807 1926 4886">
    <p class='ocr_par' dir='ltr' id='par_1_93' title="bbox 221 4807 1926 4886">
     <span class='ocr_line' id='line_1_93' title="bbox 221 4807 1926 4886; baseline -0.004 -15"><span class='ocrx_word' id='word_1_631' title='bbox 221 4813 496 4871; x_wconf 87' lang='lat' dir='ltr'>hederam</span> <span class='ocrx_word' id='word_1_632' title='bbox 525 4828 698 4886; x_wconf 88' lang='lat' dir='ltr'>super</span> <span class='ocrx_word' id='word_1_633' title='bbox 735 4817 908 4882; x_wconf 89' lang='lat' dir='ltr'>caput</span> <span class='ocrx_word' id='word_1_634' title='bbox 942 4811 1106 4868; x_wconf 74' lang='lat' dir='ltr'>Jonte</span> <span class='ocrx_word' id='word_1_635' title='bbox 1135 4811 1380 4882; x_wconf 89' lang='lat' dir='ltr'>positam</span> <span class='ocrx_word' id='word_1_636' title='bbox 1409 4809 1580 4866; x_wconf 91' lang='lat' dir='ltr'>dente</span> <span class='ocrx_word' id='word_1_637' title='bbox 1599 4807 1926 4882; x_wconf 74' lang='lat' dir='ltr'>percussit,</span> 
     </span>
    </p>
   </div>
   <div class='ocr_carea' id='block_1_94' title="bbox 217 4896 1928 4972">
    <p class='ocr_par' dir='ltr' id='par_1_94' title="bbox 217 4896 1928 4972">
     <span class='ocr_line' id='line_1_94' title="bbox 217 4896 1928 4972; baseline -0.001 -14"><span class='ocrx_word' id='word_1_638' title='bbox 217 4909 280 4958; x_wconf 88' lang='lat' dir='ltr'>et</span> <span class='ocrx_word' id='word_1_639' title='bbox 336 4916 594 4960; x_wconf 86' lang='lat' dir='ltr'>arescere</span> <span class='ocrx_word' id='word_1_640' title='bbox 644 4897 924 4972; x_wconf 92' lang='lat' dir='ltr'>compulit</span> <span class='ocrx_word' id='word_1_641' title='bbox 967 4901 1130 4970; x_wconf 77' lang='lat' dir='ltr'>(J0me</span> <span class='ocrx_word' id='word_1_642' title='bbox 1178 4901 1280 4964; x_wconf 86' lang='lat' dir='ltr'>1v).</span> <span class='ocrx_word' id='word_1_643' title='bbox 1331 4896 1696 4955; x_wconf 66' lang='lat' dir='ltr'>Prmcedente</span> <span class='ocrx_word' id='word_1_644' title='bbox 1753 4896 1928 4969; x_wconf 81' lang='lat' dir='ltr'>quip-</span> 
     </span>
    </p>
   </div>
   <div class='ocr_carea' id='block_1_95' title="bbox 222 4985 1928 5064">
    <p class='ocr_par' dir='ltr' id='par_1_95' title="bbox 222 4985 1928 5064">
     <span class='ocr_line' id='line_1_95' title="bbox 222 4985 1928 5064; baseline -0.005 -14"><span class='ocrx_word' id='word_1_645' title='bbox 222 5006 296 5064; x_wconf 87' lang='lat' dir='ltr'>pe</span> <span class='ocrx_word' id='word_1_646' title='bbox 331 4991 490 5050; x_wconf 87' lang='lat' dir='ltr'>velut</span> <span class='ocrx_word' id='word_1_647' title='bbox 519 4989 804 5048; x_wconf 86' lang='lat' dir='ltr'>matutino</span> <span class='ocrx_word' id='word_1_648' title='bbox 836 4989 974 5059; x_wconf 90' lang='lat' dir='ltr'>sole,</span> <span class='ocrx_word' id='word_1_649' title='bbox 1005 4986 1368 5060; x_wconf 74' lang='lat' dir='ltr'>Evangelicze</span> <span class='ocrx_word' id='word_1_650' title='bbox 1395 4987 1598 5060; x_wconf 76' lang='lat' dir='ltr'>gratiae</span> <span class='ocrx_word' id='word_1_651' title='bbox 1624 4985 1928 5056; x_wconf 90' lang='lat' dir='ltr'>Dominus,</span> 
     </span>
    </p>
   </div>
   <div class='ocr_carea' id='block_1_96' title="bbox 222 5074 1933 5152">
    <p class='ocr_par' dir='ltr' id='par_1_96' title="bbox 222 5074 1933 5152">
     <span class='ocr_line' id='line_1_96' title="bbox 222 5074 1933 5152; baseline -0.002 -16"><span class='ocrx_word' id='word_1_652' title='bbox 222 5093 604 5152; x_wconf 78' lang='lat' dir='ltr'>synagogam,</span> <span class='ocrx_word' id='word_1_653' title='bbox 655 5085 718 5136; x_wconf 91' lang='lat' dir='ltr'>ut</span> <span class='ocrx_word' id='word_1_654' title='bbox 771 5093 970 5136; x_wconf 84' lang='lat' dir='ltr'>revera</span> <span class='ocrx_word' id='word_1_655' title='bbox 1022 5076 1276 5134; x_wconf 88' lang='lat' dir='ltr'>sterilem</span> <span class='ocrx_word' id='word_1_656' title='bbox 1335 5074 1607 5133; x_wconf 89' lang='lat' dir='ltr'>hederam</span> <span class='ocrx_word' id='word_1_657' title='bbox 1659 5074 1933 5132; x_wconf 67' lang='lat' dir='ltr'>districtte</span> 
     </span>
    </p>
   </div>
   <div class='ocr_carea' id='block_1_97' title="bbox 223 5164 1934 5238">
    <p class='ocr_par' dir='ltr' id='par_1_97' title="bbox 223 5164 1934 5238">
     <span class='ocr_line' id='line_1_97' title="bbox 223 5164 1934 5238; baseline -0.003 -15"><span class='ocrx_word' id='word_1_658' title='bbox 223 5167 536 5224; x_wconf 65' lang='lat' dir='ltr'>sententiae</span> <span class='ocrx_word' id='word_1_659' title='bbox 591 5181 712 5225; x_wconf 67' lang='lat' dir='ltr'>suae</span> <span class='ocrx_word' id='word_1_660' title='bbox 767 5166 936 5225; x_wconf 88' lang='lat' dir='ltr'>dente</span> <span class='ocrx_word' id='word_1_661' title='bbox 1011 5164 1284 5238; x_wconf 72' lang='lat' dir='ltr'>praecidit,</span> <span class='ocrx_word' id='word_1_662' title='bbox 1348 5179 1415 5221; x_wconf 86' lang='lat' dir='ltr'>ac</span> <span class='ocrx_word' id='word_1_663' title='bbox 1489 5168 1934 5220; x_wconf 89' lang='lat' dir='ltr'>marcescentem</span> 
     </span>
    </p>
   </div>
   <div class='ocr_carea' id='block_1_98' title="bbox 222 5253 1936 5330">
    <p class='ocr_par' dir='ltr' id='par_1_98' title="bbox 222 5253 1936 5330">
     <span class='ocr_line' id='line_1_98' title="bbox 222 5253 1936 5330; baseline -0.003 -16"><span class='ocrx_word' id='word_1_664' title='bbox 222 5271 468 5330; x_wconf 89' lang='lat' dir='ltr'>prorsus</span> <span class='ocrx_word' id='word_1_665' title='bbox 501 5267 554 5314; x_wconf 93' lang='lat' dir='ltr'>et</span> <span class='ocrx_word' id='word_1_666' title='bbox 591 5258 810 5314; x_wconf 90' lang='lat' dir='ltr'>aridam</span> <span class='ocrx_word' id='word_1_667' title='bbox 860 5257 1124 5315; x_wconf 90' lang='lat' dir='ltr'>reddidit.</span> <span class='ocrx_word' id='word_1_668' title='bbox 1164 5255 1383 5314; x_wconf 90' lang='lat' dir='ltr'>Deinde</span> <span class='ocrx_word' id='word_1_669' title='bbox 1428 5255 1668 5328; x_wconf 78' lang='lat' dir='ltr'>plitenix</span> <span class='ocrx_word' id='word_1_670' title='bbox 1709 5253 1936 5326; x_wconf 88' lang='lat' dir='ltr'>plume-</span> 
     </span>
    </p>
   </div>
   <div class='ocr_carea' id='block_1_99' title="bbox 224 5342 1936 5419">
    <p class='ocr_par' dir='ltr' id='par_1_99' title="bbox 224 5342 1936 5419">
     <span class='ocr_line' id='line_1_99' title="bbox 224 5342 1936 5419; baseline -0.002 -17"><span class='ocrx_word' id='word_1_671' title='bbox 224 5345 384 5404; x_wconf 86' lang='lat' dir='ltr'>facta</span> <span class='ocrx_word' id='word_1_672' title='bbox 429 5351 484 5404; x_wconf 90' lang='lat' dir='ltr'>et</span> <span class='ocrx_word' id='word_1_673' title='bbox 527 5345 585 5402; x_wconf 91' lang='lat' dir='ltr'>in</span> <span class='ocrx_word' id='word_1_674' title='bbox 629 5362 817 5404; x_wconf 89' lang='lat' dir='ltr'>aerem</span> <span class='ocrx_word' id='word_1_675' title='bbox 861 5348 1088 5404; x_wconf 90' lang='lat' dir='ltr'>alarum</span> <span class='ocrx_word' id='word_1_676' title='bbox 1141 5344 1399 5419; x_wconf 84' lang='lat' dir='ltr'>remigiis</span> <span class='ocrx_word' id='word_1_677' title='bbox 1455 5351 1676 5402; x_wconf 89' lang='lat' dir='ltr'>armata</span> <span class='ocrx_word' id='word_1_678' title='bbox 1726 5342 1936 5400; x_wconf 88' lang='lat' dir='ltr'>sustol-</span> 
     </span>
    </p>
   </div>
   <div class='ocr_carea' id='block_1_100' title="bbox 223 5433 1940 5511">
    <p class='ocr_par' dir='ltr' id='par_1_100' title="bbox 223 5433 1940 5511">
     <span class='ocr_line' id='line_1_100' title="bbox 223 5433 1940 5511; baseline -0.001 -19"><span class='ocrx_word' id='word_1_679' title='bbox 223 5433 418 5505; x_wconf 88' lang='lat' dir='ltr'>litur;</span> <span class='ocrx_word' id='word_1_680' title='bbox 455 5437 592 5511; x_wconf 89' lang='lat' dir='ltr'>quia</span> <span class='ocrx_word' id='word_1_681' title='bbox 638 5437 818 5494; x_wconf 88' lang='lat' dir='ltr'>vietor</span> <span class='ocrx_word' id='word_1_682' title='bbox 861 5438 1060 5494; x_wconf 90' lang='lat' dir='ltr'>mortis</span> <span class='ocrx_word' id='word_1_683' title='bbox 1101 5436 1385 5494; x_wconf 87' lang='lat' dir='ltr'>Dominus</span> <span class='ocrx_word' id='word_1_684' title='bbox 1421 5435 1492 5494; x_wconf 90' lang='lat' dir='ltr'>ad</span> <span class='ocrx_word' id='word_1_685' title='bbox 1536 5435 1720 5493; x_wconf 91' lang='lat' dir='ltr'>Patris</span> <span class='ocrx_word' id='word_1_686' title='bbox 1754 5449 1940 5506; x_wconf 91' lang='lat' dir='ltr'>usque</span> 
     </span>
    </p>
   </div>
   <div class='ocr_carea' id='block_1_101' title="bbox 227 5521 1940 5602">
    <p class='ocr_par' dir='ltr' id='par_1_101' title="bbox 227 5521 1940 5602">
     <span class='ocr_line' id='line_1_101' title="bbox 227 5521 1940 5602; baseline 0.004 -24"><span class='ocrx_word' id='word_1_687' title='bbox 227 5521 384 5579; x_wconf 88' lang='lat'>813</span> <span class='ocrx_word' id='word_1_688' title='bbox 428 5541 760 5586; x_wconf 85' lang='lat' dir='ltr'>consessum</span> <span class='ocrx_word' id='word_1_689' title='bbox 803 5527 1296 5600; x_wconf 90' lang='lat' dir='ltr'>conjubilantibus</span> <span class='ocrx_word' id='word_1_690' title='bbox 1353 5527 1616 5600; x_wconf 88' lang='lat' dir='ltr'>undique</span> <span class='ocrx_word' id='word_1_691' title='bbox 1673 5527 1940 5602; x_wconf 91' lang='lat' dir='ltr'>supernis</span> 
     </span>
    </p>
   </div>
   <div class='ocr_carea' id='block_1_102' title="bbox 225 5612 1936 5690">
    <p class='ocr_par' dir='ltr' id='par_1_102' title="bbox 225 5612 1936 5690">
     <span class='ocr_line' id='line_1_102' title="bbox 225 5612 1936 5690; baseline 0.002 -21"><span class='ocrx_word' id='word_1_692' title='bbox 225 5612 552 5672; x_wconf 86' lang='lat' dir='ltr'>virtutibus</span> <span class='ocrx_word' id='word_1_693' title='bbox 581 5615 857 5673; x_wconf 89' lang='lat' dir='ltr'>elevatur.</span> <span class='ocrx_word' id='word_1_694' title='bbox 895 5617 974 5674; x_wconf 90' lang='lat' dir='ltr'>De</span> <span class='ocrx_word' id='word_1_695' title='bbox 1003 5632 1120 5690; x_wconf 89' lang='lat' dir='ltr'>quo</span> <span class='ocrx_word' id='word_1_696' title='bbox 1147 5632 1250 5689; x_wconf 88' lang='lat' dir='ltr'>per</span> <span class='ocrx_word' id='word_1_697' title='bbox 1292 5615 1660 5675; x_wconf 88' lang='lat' dir='ltr'>Psalmistam</span> <span class='ocrx_word' id='word_1_698' title='bbox 1687 5616 1899 5675; x_wconf 89' lang='lat' dir='ltr'>dicitur</span> <span class='ocrx_word' id='word_1_699' title='bbox 1923 5633 1936 5673; x_wconf 88' lang='lat'>:</span> 
     </span>
    </p>
   </div>
   <div class='ocr_carea' id='block_1_103' title="bbox 230 5701 1944 5779">
    <p class='ocr_par' dir='ltr' id='par_1_103' title="bbox 230 5701 1944 5779">
     <span class='ocr_line' id='line_1_103' title="bbox 230 5701 1944 5779; baseline 0.002 -17"><span class='ocrx_word' id='word_1_700' title='bbox 230 5728 264 5751; x_wconf 73' lang='grc' dir='ltr'><strong><em>κ</em></strong></span> <span class='ocrx_word' id='word_1_701' title='bbox 305 5701 418 5771; x_wconf 89' lang='lat' dir='ltr'>Qui</span> <span class='ocrx_word' id='word_1_702' title='bbox 445 5705 700 5764; x_wconf 80' lang='lat' dir='ltr'>ascendit</span> <span class='ocrx_word' id='word_1_703' title='bbox 731 5720 907 5779; x_wconf 87' lang='lat' dir='ltr'>super</span> <span class='ocrx_word' id='word_1_704' title='bbox 946 5707 1270 5779; x_wconf 88' lang='lat' dir='ltr'>cherubim,</span> <span class='ocrx_word' id='word_1_705' title='bbox 1319 5713 1376 5765; x_wconf 91' lang='lat' dir='ltr'>et</span> <span class='ocrx_word' id='word_1_706' title='bbox 1417 5707 1670 5766; x_wconf 89' lang='lat' dir='ltr'>volavit:</span> <span class='ocrx_word' id='word_1_707' title='bbox 1724 5707 1944 5766; x_wconf 83' lang='lat' dir='ltr'>volavit</span> 
     </span>
    </p>
   </div>
   <div class='ocr_carea' id='block_1_104' title="bbox 2008 4544 3710 4618">
    <p class='ocr_par' dir='ltr' id='par_1_104' title="bbox 2008 4544 3710 4618">
     <span class='ocr_line' id='line_1_104' title="bbox 2008 4544 3710 4618; baseline -0.002 -10"><span class='ocrx_word' id='word_1_708' title='bbox 2008 4549 2221 4614; x_wconf 90' lang='lat' dir='ltr'>innuit,</span> <span class='ocrx_word' id='word_1_709' title='bbox 2258 4545 2356 4618; x_wconf 91' lang='lat' dir='ltr'>qui</span> <span class='ocrx_word' id='word_1_710' title='bbox 2385 4561 2563 4604; x_wconf 90' lang='lat' dir='ltr'>naves</span> <span class='ocrx_word' id='word_1_711' title='bbox 2589 4545 2856 4616; x_wconf 85' lang='lat' dir='ltr'>ingentes</span> <span class='ocrx_word' id='word_1_712' title='bbox 2884 4544 3073 4616; x_wconf 88' lang='lat' dir='ltr'>plenis</span> <span class='ocrx_word' id='word_1_713' title='bbox 3099 4551 3398 4603; x_wconf 86' lang='lat' dir='ltr'>currentes</span> <span class='ocrx_word' id='word_1_714' title='bbox 3425 4546 3570 4604; x_wconf 88' lang='lat' dir='ltr'>velis</span> <span class='ocrx_word' id='word_1_715' title='bbox 3597 4548 3710 4604; x_wconf 91' lang='lat' dir='ltr'>im-</span> 
     </span>
    </p>
   </div>
   <div class='ocr_carea' id='block_1_105' title="bbox 2009 4635 3718 4708">
    <p class='ocr_par' dir='ltr' id='par_1_105' title="bbox 2009 4635 3718 4708">
     <span class='ocr_line' id='line_1_105' title="bbox 2009 4635 3718 4708; baseline -0.002 -10"><span class='ocrx_word' id='word_1_716' title='bbox 2009 4637 2302 4698; x_wconf 89' lang='lat' dir='ltr'>mobiliter</span> <span class='ocrx_word' id='word_1_717' title='bbox 2343 4636 2512 4694; x_wconf 85' lang='lat' dir='ltr'>sistit.</span> <span class='ocrx_word' id='word_1_718' title='bbox 2565 4635 2778 4692; x_wconf 88' lang='lat' dir='ltr'>Mirum</span> <span class='ocrx_word' id='word_1_719' title='bbox 2829 4641 2980 4692; x_wconf 91' lang='lat' dir='ltr'>certe</span> <span class='ocrx_word' id='word_1_720' title='bbox 3026 4635 3313 4708; x_wconf 90' lang='lat' dir='ltr'>quomodo</span> <span class='ocrx_word' id='word_1_721' title='bbox 3365 4635 3537 4707; x_wconf 90' lang='lat' dir='ltr'>piscis</span> <span class='ocrx_word' id='word_1_722' title='bbox 3591 4653 3718 4708; x_wconf 89' lang='lat' dir='ltr'>per-</span> 
     </span>
    </p>
   </div>
   <div class='ocr_carea' id='block_1_106' title="bbox 2011 4721 3719 4796">
    <p class='ocr_par' dir='ltr' id='par_1_106' title="bbox 2011 4721 3719 4796">
     <span class='ocr_line' id='line_1_106' title="bbox 2011 4721 3719 4796; baseline 0 -13"><span class='ocrx_word' id='word_1_723' title='bbox 2011 4725 2260 4796; x_wconf 85' lang='lat' dir='ltr'>exiguus</span> <span class='ocrx_word' id='word_1_724' title='bbox 2289 4738 2544 4795; x_wconf 90' lang='lat' dir='ltr'>corpore,</span> <span class='ocrx_word' id='word_1_725' title='bbox 2579 4729 2692 4780; x_wconf 90' lang='lat' dir='ltr'>tam</span> <span class='ocrx_word' id='word_1_726' title='bbox 2722 4737 3020 4779; x_wconf 88' lang='lat' dir='ltr'>enormem</span> <span class='ocrx_word' id='word_1_727' title='bbox 3051 4722 3242 4778; x_wconf 87' lang='lat' dir='ltr'>carabi</span> <span class='ocrx_word' id='word_1_728' title='bbox 3285 4721 3498 4780; x_wconf 90' lang='lat' dir='ltr'>molem</span> <span class='ocrx_word' id='word_1_729' title='bbox 3530 4725 3719 4783; x_wconf 91' lang='lat' dir='ltr'>valeat</span> 
     </span>
    </p>
   </div>
   <div class='ocr_carea' id='block_1_107' title="bbox 2011 4811 3718 4884">
    <p class='ocr_par' dir='ltr' id='par_1_107' title="bbox 2011 4811 3718 4884">
     <span class='ocr_line' id='line_1_107' title="bbox 2011 4811 3718 4884; baseline 0.001 -13"><span class='ocrx_word' id='word_1_730' title='bbox 2011 4814 2351 4872; x_wconf 84' lang='lat' dir='ltr'>inconcusse</span> <span class='ocrx_word' id='word_1_731' title='bbox 2385 4825 2762 4881; x_wconf 85' lang='lat' dir='ltr'>compescere,</span> <span class='ocrx_word' id='word_1_732' title='bbox 2821 4815 2886 4868; x_wconf 92' lang='lat' dir='ltr'>ut</span> <span class='ocrx_word' id='word_1_733' title='bbox 2934 4817 3214 4884; x_wconf 89' lang='lat' dir='ltr'>tanquam</span> <span class='ocrx_word' id='word_1_734' title='bbox 3260 4811 3378 4867; x_wconf 88' lang='lat' dir='ltr'>ﬁxa</span> <span class='ocrx_word' id='word_1_735' title='bbox 3427 4811 3718 4872; x_wconf 88' lang='lat' dir='ltr'>radicibus</span> 
     </span>
    </p>
   </div>
   <div class='ocr_carea' id='block_1_108' title="bbox 2013 4897 3714 4970">
    <p class='ocr_par' dir='ltr' id='par_1_108' title="bbox 2013 4897 3714 4970">
     <span class='ocr_line' id='line_1_108' title="bbox 2013 4897 3714 4970; baseline -0.001 -11"><span class='ocrx_word' id='word_1_736' title='bbox 2013 4900 2278 4960; x_wconf 87' lang='lat' dir='ltr'>videatur</span> <span class='ocrx_word' id='word_1_737' title='bbox 2307 4898 2546 4956; x_wconf 64' lang='lat' dir='ltr'>haerere.</span> <span class='ocrx_word' id='word_1_738' title='bbox 2577 4897 2835 4954; x_wconf 90' lang='lat' dir='ltr'>Echinus</span> <span class='ocrx_word' id='word_1_739' title='bbox 2863 4912 2998 4969; x_wconf 89' lang='lat' dir='ltr'>ergo</span> <span class='ocrx_word' id='word_1_740' title='bbox 3033 4897 3154 4970; x_wconf 84' lang='lat' dir='ltr'>ﬁgit</span> <span class='ocrx_word' id='word_1_741' title='bbox 3201 4897 3262 4955; x_wconf 89' lang='lat' dir='ltr'>in</span> <span class='ocrx_word' id='word_1_742' title='bbox 3295 4898 3568 4958; x_wconf 87' lang='lat' dir='ltr'>ﬂuctibus</span> <span class='ocrx_word' id='word_1_743' title='bbox 3611 4916 3714 4958; x_wconf 85' lang='lat' dir='ltr'>na-</span> 
     </span>
    </p>
   </div>
   <div class='ocr_carea' id='block_1_109' title="bbox 2013 4985 3723 5059">
    <p class='ocr_par' dir='ltr' id='par_1_109' title="bbox 2013 4985 3723 5059">
     <span class='ocr_line' id='line_1_109' title="bbox 2013 4985 3723 5059; baseline -0.002 -10"><span class='ocrx_word' id='word_1_744' title='bbox 2013 5007 2175 5059; x_wconf 86' lang='lat' dir='ltr'>vem;</span> <span class='ocrx_word' id='word_1_745' title='bbox 2220 4995 2402 5046; x_wconf 88' lang='lat' dir='ltr'>rector</span> <span class='ocrx_word' id='word_1_746' title='bbox 2441 4985 2710 5044; x_wconf 63' lang='lat' dir='ltr'>Ecclesia:</span> <span class='ocrx_word' id='word_1_747' title='bbox 2749 5001 2867 5044; x_wconf 89' lang='lat' dir='ltr'>non</span> <span class='ocrx_word' id='word_1_748' title='bbox 2913 4985 3218 5046; x_wconf 90' lang='lat' dir='ltr'>conﬁrmet</span> <span class='ocrx_word' id='word_1_749' title='bbox 3261 4989 3487 5047; x_wconf 90' lang='lat' dir='ltr'>animas</span> <span class='ocrx_word' id='word_1_750' title='bbox 3541 4995 3723 5047; x_wconf 86' lang='lat' dir='ltr'>tenta-</span> 
     </span>
    </p>
   </div>
   <div class='ocr_carea' id='block_1_110' title="bbox 2017 5075 3715 5152">
    <p class='ocr_par' dir='ltr' id='par_1_110' title="bbox 2017 5075 3715 5152">
     <span class='ocr_line' id='line_1_110' title="bbox 2017 5075 3715 5152; baseline -0.001 -14"><span class='ocrx_word' id='word_1_751' title='bbox 2017 5081 2236 5138; x_wconf 91' lang='lat' dir='ltr'>tionum</span> <span class='ocrx_word' id='word_1_752' title='bbox 2291 5075 2774 5135; x_wconf 88' lang='lat' dir='ltr'>inundationibus</span> <span class='ocrx_word' id='word_1_753' title='bbox 2827 5075 3208 5135; x_wconf 79' lang='lat' dir='ltr'>ﬂuctuantes?</span> <span class='ocrx_word' id='word_1_754' title='bbox 3251 5076 3410 5136; x_wconf 90' lang='lat' dir='ltr'>Sicut</span> <span class='ocrx_word' id='word_1_755' title='bbox 3451 5077 3557 5147; x_wconf 92' lang='lat' dir='ltr'>illi,</span> <span class='ocrx_word' id='word_1_756' title='bbox 3615 5079 3715 5152; x_wconf 90' lang='lat' dir='ltr'>qui</span> 
     </span>
    </p>
   </div>
   <div class='ocr_carea' id='block_1_111' title="bbox 2016 5163 3721 5238">
    <p class='ocr_par' dir='ltr' id='par_1_111' title="bbox 2016 5163 3721 5238">
     <span class='ocr_line' id='line_1_111' title="bbox 2016 5163 3721 5238; baseline 0.001 -14"><span class='ocrx_word' id='word_1_757' title='bbox 2016 5167 2242 5226; x_wconf 91' lang='lat' dir='ltr'>dudum</span> <span class='ocrx_word' id='word_1_758' title='bbox 2299 5163 2557 5237; x_wconf 88' lang='lat' dir='ltr'>vestigiis</span> <span class='ocrx_word' id='word_1_759' title='bbox 2619 5163 2680 5220; x_wconf 90' lang='lat' dir='ltr'>in</span> <span class='ocrx_word' id='word_1_760' title='bbox 2748 5163 2948 5238; x_wconf 90' lang='lat' dir='ltr'>pelago</span> <span class='ocrx_word' id='word_1_761' title='bbox 3013 5164 3414 5234; x_wconf 89' lang='lat' dir='ltr'>titubantibus,</span> <span class='ocrx_word' id='word_1_762' title='bbox 3473 5175 3721 5238; x_wconf 77' lang='lat' dir='ltr'>cmperat</span> 
     </span>
    </p>
   </div>
   <div class='ocr_carea' id='block_1_112' title="bbox 2019 5255 3715 5328">
    <p class='ocr_par' dir='ltr' id='par_1_112' title="bbox 2019 5255 3715 5328">
     <span class='ocr_line' id='line_1_112' title="bbox 2019 5255 3715 5328; baseline 0 -14"><span class='ocrx_word' id='word_1_763' title='bbox 2019 5257 2220 5328; x_wconf 78' lang='lat' dir='ltr'>mergi,</span> <span class='ocrx_word' id='word_1_764' title='bbox 2278 5255 2373 5314; x_wconf 92' lang='lat' dir='ltr'>sed</span> <span class='ocrx_word' id='word_1_765' title='bbox 2421 5255 2695 5328; x_wconf 88' lang='lat' dir='ltr'>ereptoris</span> <span class='ocrx_word' id='word_1_766' title='bbox 2735 5255 2949 5312; x_wconf 90' lang='lat' dir='ltr'>meruit</span> <span class='ocrx_word' id='word_1_767' title='bbox 2986 5255 3222 5312; x_wconf 91' lang='lat' dir='ltr'>dextera</span> <span class='ocrx_word' id='word_1_768' title='bbox 3254 5256 3584 5326; x_wconf 90' lang='lat' dir='ltr'>sustentari,</span> <span class='ocrx_word' id='word_1_769' title='bbox 3626 5256 3715 5314; x_wconf 84' lang='lat' dir='ltr'>di-</span> 
     </span>
    </p>
   </div>
   <div class='ocr_carea' id='block_1_113' title="bbox 2019 5343 3717 5417">
    <p class='ocr_par' dir='ltr' id='par_1_113' title="bbox 2019 5343 3717 5417">
     <span class='ocr_line' id='line_1_113' title="bbox 2019 5343 3717 5417; baseline 0 -13"><span class='ocrx_word' id='word_1_770' title='bbox 2019 5353 2172 5406; x_wconf 90' lang='lat' dir='ltr'>ctum</span> <span class='ocrx_word' id='word_1_771' title='bbox 2223 5353 2332 5403; x_wconf 86' lang='lat' dir='ltr'>est:</span> <span class='ocrx_word' id='word_1_772' title='bbox 2397 5369 2416 5394; x_wconf 79' lang='grc' dir='ltr'>ι</span> <span class='ocrx_word' id='word_1_773' title='bbox 2479 5343 2547 5402; x_wconf 88' lang='lat' dir='ltr'>Et</span> <span class='ocrx_word' id='word_1_774' title='bbox 2595 5351 2654 5402; x_wconf 91' lang='lat' dir='ltr'>tu</span> <span class='ocrx_word' id='word_1_775' title='bbox 2709 5344 3021 5417; x_wconf 88' lang='lat' dir='ltr'>aliquando</span> <span class='ocrx_word' id='word_1_776' title='bbox 3073 5359 3386 5402; x_wconf 88' lang='lat' dir='ltr'>conversus</span> <span class='ocrx_word' id='word_1_777' title='bbox 3437 5345 3717 5404; x_wconf 90' lang='lat' dir='ltr'>conﬁrma</span> 
     </span>
    </p>
   </div>
   <div class='ocr_carea' id='block_1_114' title="bbox 2023 5431 3720 5508">
    <p class='ocr_par' dir='ltr' id='par_1_114' title="bbox 2023 5431 3720 5508">
     <span class='ocr_line' id='line_1_114' title="bbox 2023 5431 3720 5508; baseline 0 -13"><span class='ocrx_word' id='word_1_778' title='bbox 2023 5439 2224 5495; x_wconf 87' lang='lat' dir='ltr'>fratres</span> <span class='ocrx_word' id='word_1_779' title='bbox 2259 5443 2386 5494; x_wconf 91' lang='lat' dir='ltr'>tuos</span> <span class='ocrx_word' id='word_1_780' title='bbox 2421 5437 2564 5508; x_wconf 83' lang='lat' dir='ltr'>(Luc.</span> <span class='ocrx_word' id='word_1_781' title='bbox 2607 5435 2776 5502; x_wconf 76' lang='lat' dir='ltr'>XXII).</span> <span class='ocrx_word' id='word_1_782' title='bbox 2827 5458 2847 5483; x_wconf 78' lang='grc' dir='ltr'>ι</span> <span class='ocrx_word' id='word_1_783' title='bbox 2898 5433 3046 5506; x_wconf 90' lang='lat' dir='ltr'>Ergo</span> <span class='ocrx_word' id='word_1_784' title='bbox 3099 5434 3374 5506; x_wconf 68' lang='lat' dir='ltr'>prtesules</span> <span class='ocrx_word' id='word_1_785' title='bbox 3413 5431 3558 5490; x_wconf 78' lang='lat'>814</span> <span class='ocrx_word' id='word_1_786' title='bbox 3592 5437 3720 5494; x_wconf 88' lang='lat' dir='ltr'>ani-</span> 
     </span>
    </p>
   </div>
   <div class='ocr_carea' id='block_1_115' title="bbox 2022 5525 3723 5598">
    <p class='ocr_par' dir='ltr' id='par_1_115' title="bbox 2022 5525 3723 5598">
     <span class='ocr_line' id='line_1_115' title="bbox 2022 5525 3723 5598; baseline 0.001 -14"><span class='ocrx_word' id='word_1_787' title='bbox 2022 5542 2252 5585; x_wconf 90' lang='lat' dir='ltr'>marum</span> <span class='ocrx_word' id='word_1_788' title='bbox 2277 5526 2512 5584; x_wconf 85' lang='lat' dir='ltr'>solerter</span> <span class='ocrx_word' id='word_1_789' title='bbox 2540 5525 2868 5598; x_wconf 89' lang='lat' dir='ltr'>invigilent,</span> <span class='ocrx_word' id='word_1_790' title='bbox 2897 5539 2970 5581; x_wconf 91' lang='lat' dir='ltr'>ne</span> <span class='ocrx_word' id='word_1_791' title='bbox 2999 5539 3143 5596; x_wconf 90' lang='lat' dir='ltr'>quos</span> <span class='ocrx_word' id='word_1_792' title='bbox 3169 5525 3238 5583; x_wconf 91' lang='lat' dir='ltr'>de</span> <span class='ocrx_word' id='word_1_793' title='bbox 3267 5525 3497 5585; x_wconf 89' lang='lat' dir='ltr'>casibus</span> <span class='ocrx_word' id='word_1_794' title='bbox 3523 5526 3723 5586; x_wconf 61' lang='lat' dir='ltr'>saeculi</span> 
     </span>
    </p>
   </div>
   <div class='ocr_carea' id='block_1_116' title="bbox 2023 5615 3710 5689">
    <p class='ocr_par' dir='ltr' id='par_1_116' title="bbox 2023 5615 3710 5689">
     <span class='ocr_line' id='line_1_116' title="bbox 2023 5615 3710 5689; baseline -0.002 -14"><span class='ocrx_word' id='word_1_795' title='bbox 2023 5615 2196 5675; x_wconf 87' lang='lat' dir='ltr'>semel</span> <span class='ocrx_word' id='word_1_796' title='bbox 2229 5615 2504 5689; x_wconf 88' lang='lat' dir='ltr'>eripiunt,</span> <span class='ocrx_word' id='word_1_797' title='bbox 2535 5629 2743 5672; x_wconf 91' lang='lat' dir='ltr'>rursus</span> <span class='ocrx_word' id='word_1_798' title='bbox 2771 5630 2868 5672; x_wconf 89' lang='lat' dir='ltr'>eos</span> <span class='ocrx_word' id='word_1_799' title='bbox 2899 5621 3090 5688; x_wconf 89' lang='lat' dir='ltr'>raptor</span> <span class='ocrx_word' id='word_1_800' title='bbox 3115 5615 3372 5682; x_wconf 88' lang='lat' dir='ltr'>invadat,</span> <span class='ocrx_word' id='word_1_801' title='bbox 3404 5633 3610 5676; x_wconf 89' lang='lat' dir='ltr'>rursus</span> <span class='ocrx_word' id='word_1_802' title='bbox 3644 5617 3710 5674; x_wconf 88' lang='lat' dir='ltr'>ad</span> 
     </span>
    </p>
   </div>
   <div class='ocr_carea' id='block_1_117' title="bbox 2023 5703 2915 5777">
    <p class='ocr_par' dir='ltr' id='par_1_117' title="bbox 2023 5703 2915 5777">
     <span class='ocr_line' id='line_1_117' title="bbox 2023 5703 2915 5777; baseline -0.004 -9"><span class='ocrx_word' id='word_1_803' title='bbox 2023 5706 2310 5768; x_wconf 87' lang='lat' dir='ltr'>vomitum</span> <span class='ocrx_word' id='word_1_804' title='bbox 2360 5705 2545 5764; x_wconf 89' lang='lat' dir='ltr'>redire</span> <span class='ocrx_word' id='word_1_805' title='bbox 2594 5703 2915 5777; x_wconf 88' lang='lat' dir='ltr'>compellat.</span> 
     </span>
    </p>
   </div>
  </div>
