4054 6184
385 299 492 359 775

668 524 674 531 ἢ
1022 439 1266 499 CAPUT
1295 437 1448 497 XIV.

461 541 539 594 De
568 537 791 607 tigride,
825 541 875 591 et
904 536 1040 605 quid
1063 538 1287 605 mystice
1308 550 1408 607 per
1436 549 1553 588 eam
1579 532 2012 600 intelligendum.

458 646 640 719 Cujus
664 646 863 718 utique
891 645 971 703 rei
997 660 1097 718 per
1120 642 1429 717 quamdam
1457 639 1898 699 similitudinem
1924 636 2086 706 tigris

386 735 605 795 indicio
639 743 740 802 est,
783 750 937 807 qua,
971 737 1120 793 sicut
1153 733 1452 797 astruitur,
1485 731 1585 789 ubi
1622 744 1868 787 vacuum
1910 735 2085 800 rapta

383 822 599 881 sobolis
636 822 826 879 cubile
865 822 1095 895 reperit,
1126 820 1334 895 pernix
1364 820 1521 877 illico
1553 818 1809 890 vestigiis
1840 815 2082 889 raptoris

381 910 615 968 insistit.
651 912 726 967 At
756 911 855 968 ille
882 926 1216 985 quanquam
1245 909 1379 984 equi
1410 908 1630 980 fugacis
1656 906 1904 979 agilitate
1934 918 2080 976 pra-

382 1006 594 1070 currat,
628 1000 888 1075 agilioris
917 1011 1104 1059 tamen
1152 1002 1289 1057 fera
1324 1000 1573 1074 quodam
1604 998 1767 1070 quasi
1799 995 1991 1055 volatu
2021 1010 2083 1051 se

380 1089 648 1162 praverti
678 1103 844 1161 posse
870 1103 986 1146 non
1012 1087 1261 1145 dubitat:
1294 1100 1542 1159 cumque
1574 1084 1809 1143 nullum
1840 1082 1949 1141 sibi
1980 1098 2082 1156 pa-

381 1186 498 1237 tere
555 1177 876 1249 suﬂ'ugium
932 1177 1230 1252 conspicit,
1287 1176 1624 1250 hujusmodi
1683 1175 1947 1232 technam
2003 1187 2085 1230 ca-

380 1265 561 1339 ptiosa
608 1266 808 1323 fraude
840 1265 1094 1337 molitur,
1126 1266 1228 1324 ubi
1262 1266 1441 1323 feram
1478 1264 1589 1322 sibi
1620 1264 1950 1336 contiguam
1979 1261 2081 1319 de-

381 1354 708 1428 prehendit,
746 1355 1038 1429 glohosam
1080 1356 1151 1413 de
1196 1356 1344 1413 vitro
1397 1354 1685 1427 spharam
1736 1358 1869 1409 ante
1926 1350 2084 1408 illius

375 1443 575 1501 oculos
626 1444 882 1517 projicit;
948 1452 1006 1501 at
1053 1444 1154 1501 illa
1212 1443 1523 1516 respiciens
1578 1440 1797 1498 velute
1850 1439 2082 1511 speculo

371 1534 588 1608 proprii
627 1535 879 1608 corporis
914 1535 1170 1609 imagine
1214 1534 1456 1601 luditur,
1498 1541 1553 1591 et
1592 1532 1847 1591 sobolem
1889 1530 2079 1605 suspi-

372 1627 553 1680 catur.
595 1622 859 1681 Retentat
897 1623 1076 1696 igitur
1114 1639 1374 1694 cursum,
1413 1624 1554 1681 dum
1598 1621 1865 1695 amplecti
1925 1619 2076 1678 desi-

374 1712 537 1773 derat
587 1714 823 1772 fatum:
877 1713 973 1771 sed
1032 1728 1161 1771 ecce
1215 1713 1355 1770 dum
1412 1712 1575 1769 inani
1629 1727 1689 1768 se
1746 1710 2076 1768 frustratam

372 1806 559 1879 specie
586 1804 883 1877 comperit,
918 1802 1049 1861 totis
1075 1803 1145 1860 ad
1173 1801 1782 1875 comprehendendum
1822 1802 2078 1873 equitem

375 1892 603 1951 viribus
629 1892 825 1949 fundit
851 1915 863 1948 :
902 1892 1003 1949 sed
1033 1890 1175 1948 dum
1200 1889 1455 1948 stimulis
1487 1891 1571 1946 ire
1604 1888 1851 1947 velocior
1877 1888 2077 1946 immi-

376 1990 477 2042 net
509 1982 779 2057 fugienti,
813 1981 909 2039 ille
952 1982 1235 2055 spharam
1275 1979 1570 2054 sequentis
1611 1978 1908 2038 obtutibus
1945 1978 2081 2036 alte-

375 2086 501 2131 ram
536 2071 775 2145 objicit:
817 2086 923 2129 nec
952 2077 1141 2129 tamen
1173 2070 1539 2128 sedulitatem
1572 2068 1771 2127 matris
1799 2068 2080 2145 memoria

372 2138 914 2221 fraudis'excludit.
965 2161 1111 2219 Nam
1154 2160 1315 2233 tigris
1344 2159 1510 2232 quasi
1544 2160 1823 2216 lactatura
1858 2138 2073 2230 prorem

724 278 737 291 ‘
840 295 900 359 s.
943 296 1168 358 PETRI
1208 293 1530 356 DAMIANI
1566 293 1725 355 ore.
1765 291 2017 354 TOMUS
2057 288 2199 351 san
2246 291 2440 353 rans
2478 290 2584 351 III.
2629 323 2697 334 —
2736 286 3126 350 OPUSCULA
3164 287 3423 348 VARIA.

2101 416 2345 488 Agnam
2395 418 2448 483 ei
2498 417 2686 475 vicem
2730 416 2954 488 ingrata
3005 412 3227 472 soboles
3264 427 3377 470 non
3418 414 3697 486 rependit.
3737 414 3882 487 Ejus

3776 287 3882 348 776

2167 506 2383 579 quippe
2414 506 2521 563 ﬁlii
2551 521 2686 563 mox
2721 509 2787 563 ut
2820 503 3400 577 incipiuntcrescere,
3430 508 3748 577 utrumque
3773 519 3879 577 pa-

2169 601 2388 652 rentem
2434 594 2777 653 adoriuntur
2815 591 3170 651 unanimiter
3217 590 3579 663 impugnare,
3630 593 3730 665 qui
3782 609 3878 650 re-

2167 685 2553 754 percutientes
2593 698 2708 749 eos,
2748 681 2889 753 quia
2917 678 3244 750 disciplina
3274 677 3513 735 modum
3548 687 3737 737 tenere
3764 696 3877 738 ne-

2167 770 2375 839 sciunt,
2420 769 2848 843 quodammodo
2887 766 3233 825 eruditionis
3274 766 3517 824 ferulam
3560 767 3619 825 in
3649 768 3878 837 gladios

2165 868 2416 929 vertunt,
2439 861 2580 917 dum
2610 859 2809 917 nimiis
2830 856 3170 916 verberibus
3190 854 3339 913 ﬁlios
3358 856 3736 928 interficiunt;
3764 867 3881 915 ter-

2165 950 2243 1006 tia
2286 966 2420 1007 vero
2470 950 2564 1006 die
2606 964 2779 1020 super
2824 954 3079 1005 mortuos
3134 951 3315 1003 mater
3364 946 3670 1019 incumbit,
3718 948 3875 1006 latus

2163 1056 2336 1098 suum
2370 1046 2551 1098 rostro
2577 1038 2904 1113 percutiens
2932 1036 3135 1110 aperit,
3168 1035 3323 1093 unde
3355 1051 3528 1109 super
3553 1036 3873 1096 exstinctos

2166 1132 2465 1184 maternus
2492 1141 2660 1183 cruor
2690 1123 2953 1193 instillat,
2991 1123 3093 1197 qui
3133 1122 3392 1195 protinus
3438 1138 3535 1182 eos
3570 1124 3642 1181 ad
3688 1124 3874 1183 vitam

2167 1214 2488 1273 incolumes
2544 1213 3007 1291 suscitat.tQua
3063 1214 3341 1272 nimirum
3407 1230 3499 1271 res
3565 1231 3684 1274 non
3748 1222 3872 1274 tam

2166 1302 2372 1375 figura.
2404 1318 2578 1376 quam
2605 1302 2935 1376 evangelica
2964 1301 3195 1360 videtur
3222 1302 3481 1360 historia.
3518 1302 3626 1360 Per
3656 1303 3873 1361 Isaiam

2166 1405 2417 1465 namque
2444 1390 2719 1450 Conditor
2762 1392 3073 1449 hominum
3115 1390 3416 1449 manifeste
3445 1392 3870 1466 conqueritur:

2167 1503 2193 1527 α
2233 1478 2430 1549 Filios,
2466 1480 2677 1553 inquit,
2707 1480 2904 1551 genui,
2936 1488 2993 1537 et
3028 1479 3305 1547 exaltavi,
3338 1479 3446 1552 ipsi
3478 1496 3611 1537 vero
3636 1496 3875 1553 spreve-

2161 1574 2297 1623 runt
2353 1582 2443 1623 me
2492 1570 2626 1649 (Ιεᾳ.
2658 1571 2718 1636 1).
2764 1590 2787 1614 ιο
2831 1566 2945 1635 Qui
2974 1566 3144 1625 etiam
3186 1581 3492 1639 percussus
3528 1573 3615 1624 est
3651 1565 3724 1623 ab
3762 1567 3878 1625 eis-

2162 1655 2295 1713 dem
2326 1656 2582 1729 reprobis
2613 1655 2769 1722 filiis,
2796 1655 2946 1714 sicut
2973 1656 3269 1729 pelicanus
3292 1671 3325 1713 a
3350 1657 3526 1730 pullis
3546 1658 3690 1725 suis,
3720 1656 3879 1714 sicut

2094 1759 2263 1827 Bper
2298 1743 2474 1801 aliam
2511 1744 2851 1818 scripturam
2886 1743 3059 1802 dicit:
3117 1768 3137 1793 -
3181 1744 3640 1803 Insurrexerunt
3677 1744 3737 1801 in
3777 1760 3876 1803 me

2162 1831 2275 1888 viri
2317 1832 2509 1905 iniqui
2538 1832 2756 1907 absque
2802 1831 3216 1903 misericordia,
3248 1828 3605 1904 quasierunt
3643 1847 3739 1891 me
3775 1834 3875 1891 in-

2162 1919 2442 1989 terficere,
2473 1925 2529 1977 et
2556 1936 2671 1978 non
2700 1926 3082 1995 pepercerunt
3104 1921 3166 1978 in
3193 1919 3399 1978 faciem
3429 1934 3617 1979 meam
3641 1936 3873 1994 spuere,

2161 2016 2217 2067 et
2252 2008 2466 2067 lanceis
2494 2009 2617 2067 suis
2656 2010 3112 2068 vulneraverunt
3147 2024 3260 2067 me.
3306 2033 3332 2059 υ

2234 2095 2537 2155 Pelicanus
2560 2102 2773 2155 autem
2806 2112 2941 2155 suos
2970 2097 3165 2170 pullos
3195 2098 3588 2171 repercutiens
3615 2099 3869 2173 perimit,

2160 2184 2299 2260 quia
2348 2184 2500 2243 Deus
2538 2200 2884 2258 perversum
2938 2187 3220 2260 populum
3269 2188 3433 2260 gravi
3471 2187 3873 2261 captivitatum

364 2266 585 2350 cagsqm
633 2250 1198 2350 νίῗτδίῖῳσῖθδίηθῃ
1233 2249 1357 2308 Hoc
1394 2249 1589 2323 itaque
1611 2248 1881 2350 .[_n°d°,ft
1912 2247 2078 2350 tigris
2157 2247 2331 2347 atque
2361 2247 2645 2332 bellorum
2673 2274 2835 2332 clade
2865 2247 3170 2347 percussit.
3220 2247 3382 2335 Sicut
3410 2277 3465 2333 ei
3490 2247 3589 2350 per
3618 2278 3875 2350 prophe-

367 2339 629 2408 Orbamr»
659 2345 715 2396 εί
742 2338 887 2397 nmo
918 2338 989 2434 {ie
1022 2347 1293 2434 venatore
1322 2352 1439 2434 ηοη
1471 2336 1740 2395 Sumit”-
1777 2334 1851 2393 Ut
1877 2344 2072 2434 aufem
2160 2334 2278 2418 tam
2315 2361 2565 2420 dicitur:
2603 2385 2624 2413 ι
2664 2334 3006 2421 Percussisti
3032 2378 3150 2434 eos,
3194 2334 3299 2422 nec
3326 2334 3676 2432 doluerunt;
3707 2334 3873 2421 attri-

374 2430 483 2488 hoc
531 2429 598 2487 ad
656 2445 800 2487 usus
827 2427 1238 2487 ecclesiasticos
1265 2443 1378 2526 non
1410 2428 1733 2526 incongrue
1772 2426 2076 2484 transfera-
2160 2450 2295 2509 vis“
2348 2466 2464 2522 eos,
2520 2460 2576 2509 et
2628 2452 2944 2511 uoluerunt
2997 2426 3255 2526 amisere
3309 2426 3682 2526 disciplina“,
3740 2456 3869 2523 (λεν.

374 2528 485 2615 ΨΥ,
516 2518 952 2615 (ἰυίίζνξῖηδῖοτν
986 2518 1119 2615 ,ῐξξδί
1173 2516 1561 2615 praedicator?
1610 2515 1773 2574 unde
1810 2532 1923 2615 Pe"
1951 2531 2077 2615 prof
2154 2540 2232 2612 ν).
2272 2560 2299 2593 ι)
2341 2515 2460 2598 8ρᾶ
2494 2539 2739 2613 ingratis
2785 2540 2926 2599 filiis
2967 2515 3188 2600 bonum
3239 2556 3343 2615 pro
3388 2515 3540 2600 malo
3586 2515 3873 2612 redditur,

364 2610 597 2703 Ρῒιθῖλξῐη
637 2607 848 2667 dicm"
871 2632 884 2666 ε
922 2633 965 2703 '_
985 2606 1210 2703 Μίῖίθηξ
1254 2608 1339 2665 eis
1393 2606 1628 2703 ωιληοὲ
1653 2613 1970 2703 venam-“39’
2000 2612 2077 2703 ft
2156 2606 2290 2686 cum
2319 2628 2392 2685 ad
2420 2606 2598 2686 vitam
2627 2638 2886 2687 materno
2916 2628 3203 2702 sanguine
3231 2606 3592 2688 revocantur.
3629 2606 3875 2703 Sapien;

371 2697 744 2755 venabuntur
791 2711 887 2753 eos
934 2696 1005 2753 de
1054 2697 1214 2754 omni
1263 2703 1459 2754 monte
1496 2701 1552 2752 et
1596 2695 1668 2751 de
1714 2695 1874 2752 omni
1931 2693 2062 2752 colle

2265 2717 2477 2792 quippe
2517 2718 2640 2790 Dei,
2677 2726 2858 2778 mater
2886 2720 3104 2779 scilicet
3130 2721 3395 2779 omnium
3427 2721 3778 2789 viventium,
3810 2722 3872 2778 in

371 2786 661 2884 (fer-3Y1)-
680 2783 969 2884 ,ἶβξίῐυίά
994 2784 1087 2884 hi9
1106 2783 1415 2884 “etiamsi
1437 2782 1702 2839 diaboms
1723 2782 1891 2884 δεῖδεῖ
1911 2782 2079 2884 ίΠίῩῙ“
2160 2782 2329 2866 cruce
2358 2782 2792 2880 pendens'latus
2818 2811 3065 2883 aperuit,
3100 2810 3300 2884 sicque
3326 2818 3653 2884 peremptos
3677 2782 3875 2869 ad'vi-

373 2873 513 2971 “Si?
535 2868 756 2973 Τίὲτξίξξ
787 2870 1261 2973 ίίξξίιξιθξθίυίυω
1289 2868 1568 2941 Γθίβωυδθ
1594 2868 1817 2973 Ἥωιάξθ
1837 2869 2075 2968 ΠΨΠίῘοι
2162 2904 2276 2955 tam
2326 2868 2671 2957 sacrosancti
2728 2868 3029 2973 sanguinis
3053 2868 3065 2881 '
3085 2900 3177 2958 sui
3204 2868 3509 2973 'proiluvio
3529 2868 3542 2884 ⁸
3561 2868 3873 2960 revecavit.

373 2959 789 3063 (Ιίξίθδίεξψίιίξθ
810 2958 1045 3063 (1)3139“,
1069 2972 1416 3016 conversum
1436 2958 1755 3063 quelglibel
1780 2958 2080 3059 homin?“
2164 2983 2273 3043 Sed
2306 2985 2454 3044 sicut
2481 2987 2607 3045 avis
2638 2958 3047 3063 hujus,uquam
3080 2958 3349 3052 dicimus.
3399 2988 3550 3047 fetus
3593 2958 3876 3048 duritiam

378 3049 447 3108 ad
487 3048 804 3107 sanctitatis
839 3047 1104 3105 habitum
1140 3061 1536 3120 provocamus.
1570 3046 1718 3104 Cum
1748 3063 1881 3121 ergo
1910 3047 2077 3121 spiri-

377 3139 549 3198 talem
602 3143 726 3211 post
784 3153 888 3195 nos
936 3119 1199 3209 tigridem
1257 3151 1489 3194 currere
1540 3150 1641 3208 per
1700 3119 2148 3195 tentationumCl

377 3239 618 3286 suarum
666 3230 1007 3298 argumenta
1045 3222 1345 3292 sentimus,
1387 3221 1624 3279 vitream
1672 3221 1759 3279 illi
1797 3223 2083 3295 spharam

376 3314 706 3387 objicimus,
764 3313 908 3371 dum
956 3311 1190 3385 fragiles
1244 3310 1357 3369 sibi
1412 3310 1696 3382 homines,
1757 3310 1857 3369 ubi
1914 3327 2083 3369 suam

376 3403 693 3478 imaginem
730 3402 985 3472 videant,
1036 3401 1523 3459 demonstramus.
1558 3399 1706 3458 Suos
1744 3406 1941 3459 autem
1974 3401 2083 3459 sibi

377 3494 789 3562 demonstrare,
843 3500 929 3550 est
971 3492 1045 3549 ab
1097 3492 1223 3565 ejus
1268 3490 1536 3564 pestifera
1584 3488 1805 3548 visione
1858 3498 2085 3549 nostros

380 3581 748 3641 abscondere.
797 3580 867 3638 In
922 3580 1047 3639 suis
1095 3587 1291 3638 autem
1349 3579 1531 3638 hostis
1584 3580 1862 3652 antiquus
1920 3594 2087 3638 suam

384 3669 566 3728 cernit
601 3667 939 3741 imaginem,
976 3670 1039 3726 in
1078 3667 1292 3741 quibus
1342 3667 1545 3741 utique
1585 3667 1792 3740 reperit
1845 3668 2090 3741 propria

390 3757 669 3832 nequitia
708 3756 1064 3829 pravitatem.
1105 3754 1186 3813 De
1218 3754 1309 3812 his
1353 3770 1563 3828 nempe
1597 3755 1793 3813 vitreis
1832 3755 2091 3814 homini-

388 3844 516 3916 bus,
548 3846 792 3918 ejusque
822 3845 1134 3919 imaginem
1166 3842 1622 3913 refundentibus,
1656 3843 1713 3901 in
1747 3844 2092 3919 Apocalypsi

381 3934 638 3993 dicitur:
691 3960 712 3985 ι
749 3931 811 3993 Si
846 3934 979 4009 quis
1018 3930 1343 3991 adoraverit
1374 3930 1639 3996 bestiam
1673 3938 1728 3990 et
1776 3932 2091 4006 imaginem

381 4024 534 4097 ejus,
574 4031 631 4081 et
666 4025 946 4097 acceperit
980 4023 1370 4081 characterem
1402 4021 1463 4078 in
1517 4021 1705 4079 fronte
1754 4036 1861 4079 sua
1915 4029 1969 4079 et
2029 4021 2092 4078 in

386 4130 564 4173 manu
591 4131 696 4173 sua
726 4118 913 4188 (Apoc.
949 4116 1097 4187 XIV),
1134 4137 1156 4164 ιο
1190 4119 1246 4170 et
1269 4110 1512 4185 reliqua.
1540 4109 1887 4170 Studeamus
1915 4112 2092 4185 igitur

382 4220 417 4263 a
443 4204 650 4278 tigride
678 4205 899 4261 catulos
921 4201 1233 4269 custodire,
1261 4212 1407 4270 quos
1437 4198 1711 4269 tulimus;
1741 4206 1861 4257 uta
1891 4199 2091 4257 ferinis

385 4298 645 4349 cruenta
680 4290 880 4347 bestia
921 4287 1197 4346 uberibus
1234 4285 1398 4357 rapti,
1437 4284 1582 4343 lacte
1618 4287 1877 4358 quotidie
1917 4288 2089 4345 cale-

386 4380 491 4437 stis
535 4379 751 4452 eloquii
779 4394 893 4436 non
923 4377 1258 4435 desinamus
1297 4380 1560 4447 recreari,
1590 4393 1682 4447 ne,
1712 4377 1867 4451 quod
1917 4378 2088 4448 absit,

386 4469 538 4528 illud
566 4469 733 4528 nobis
759 4468 946 4528 valeat
974 4467 1168 4541 objici,
1195 4464 1350 4540 quod
1380 4464 1692 4524 Pharisais
1721 4468 1937 4526 dictum
1964 4475 2047 4525 est
2071 4492 2082 4525 :
2102 4487 2155 4547 ι)

390 4584 417 4609 ‹‹
461 4557 565 4617 Va
598 4557 777 4623 vobis,
811 4556 915 4630 qui
947 4553 1204 4614 circuitis
1226 4566 1399 4613 mare.
1422 4561 1476 4610 et
1502 4555 1745 4626 aridam,
1777 4564 1841 4614 ut
1867 4555 2089 4614 faciatis

389 4663 576 4709 unum
614 4646 1002 4720 proselytum;
1042 4652 1099 4704 et
1123 4662 1254 4705 cum
1285 4638 1466 4701 factus
1506 4641 1695 4712 fuerit,
1741 4644 1926 4705 facitis
1953 4660 2089 4703 eum

391 4736 578 4794 ﬁlium
601 4736 885 4809 gehenna
908 4733 1084 4807 duplo
1109 4750 1283 4808 quam
1311 4750 1414 4793 vos
1440 4736 1658 4804 (Matth.
1692 4738 1901 4804 xxut);
1931 4756 1957 4783 ιο
1990 4733 2090 4792 sed

388 4825 446 4885 id
476 4826 687 4899 potius,
717 4824 869 4897 quod
894 4822 966 4880 de
992 4838 1053 4880 se
1079 4822 1303 4882 Veritas
1324 4823 1479 4882 Patri
1503 4823 1669 4882 dicit:
1712 4848 1739 4875 α
1776 4823 1922 4893 Quia
1944 4838 2090 4895 quos

390 4913 599 4973 dedisti
643 4911 812 4977 mihi,
846 4925 961 4968 non
1000 4910 1224 4983 perdidi
1262 4927 1337 4970 ex
1386 4913 1471 4971 eis
1508 4928 1858 4987 quemquam
1912 4917 2086 4986 (Joan.

389 5004 575 5077 XVIII).
623 5027 643 5056 ι
687 5002 771 5061 De
813 5016 931 5075 quo
978 5010 1031 5060 et
1080 5001 1332 5062 Joannes
1379 5004 1551 5062 dicit:
1598 5029 1623 5055 α
1663 5004 1773 5076 Qui
1821 5021 1956 5065 cum
1998 5005 2089 5064 di-

390 5094 627 5152 lexisset
654 5106 809 5161 suos,
840 5090 900 5148 in
929 5090 1107 5148 finem
1131 5091 1340 5150 dilexit
1360 5107 1457 5151 eos
1485 5096 1655 5166 (Joan.
1691 5096 1838 5168 xm).
1880 5115 1907 5148 ι)

949 5211 1093 5269 815
1131 5215 1374 5275 CAPUT
1404 5216 1526 5275 XV.

784 5316 861 5369 De
892 5315 1163 5386 pelicano,
1214 5319 1265 5370 et
1300 5315 1438 5385 quid
1472 5317 1686 5385 ﬁguret.

456 5417 682 5488 Quanto
719 5417 969 5491 denique
1007 5433 1141 5475 suos
1174 5433 1371 5475 amore
1398 5418 1687 5489 dilexerit,
1727 5434 1829 5493 per
1864 5426 2088 5479 natura

385 5523 509 5568 sua
556 5510 677 5566 vim
720 5509 891 5566 etiam
946 5507 1241 5581 pelicanus
1287 5508 1553 5566 ostendit.
1602 5508 1712 5566 Hic
1744 5509 1902 5567 enim
1945 5510 2086 5581 ales,

389 5596 540 5654 sicut
585 5595 817 5652 tradunt
842 5595 884 5652 ii
912 5595 1014 5667 qui
1053 5595 1332 5654 rimandis
1356 5597 1704 5655 animalium
1744 5597 2088 5658 insudavere

390 5683 633 5755 naturis,
684 5690 849 5740 natos
885 5697 1023 5758 suos
1051 5682 1580 5756 incomparabiliter
1621 5683 1830 5758 diligit,
1869 5686 1968 5745 sed
1996 5687 2088 5746 di-

2164 3073 2504 3146 exprimunt
2531 3074 2774 3148 ingrata
2803 3075 3017 3134 sobolis
3043 3096 3056 3134 :
3090 3077 3171 3135 sic
3196 3092 3228 3134 e
3256 3076 3483 3136 diverso
3509 3093 3704 3152 upupa
3735 3080 3881 3151 ligu-

2169 3183 2293 3225 ram
2323 3168 2561 3227 exhibet
2588 3170 2834 3242 pietatis.
2871 3170 2945 3229 Ut
2989 3171 3140 3230 sicut
3181 3171 3243 3230 in
3290 3189 3409 3233 uno
3456 3173 3669 3246 reperit
3707 3188 3878 3231 mens

2168 3257 2412 3316 discreta
2454 3259 2608 3332 quod
2659 3266 2908 3334 spernat,
2957 3261 3041 3321 sic
3076 3262 3135 3320 in
3170 3263 3349 3323 altero
3395 3264 3722 3324 Christiana
3764 3265 3880 3337 pie-

2168 3351 2255 3406 tas
2281 3347 2423 3420 quid
2457 3347 2718 3406 imitetur
2740 3347 3018 3409 addiscat.

2802 3489 3047 3550 CAPUT
3080 3490 3234 3550 XVI.

2600 3604 2677 3657 De
2713 3619 2921 3674 upupa,
2955 3605 3147 3674 aquila
3179 3608 3229 3659 et
3250 3605 3445 3673 fulica.

2245 3717 2354 3776 Ha
2378 3717 2670 3792 siquidem
2701 3719 2968 3779 volucres
2992 3736 3129 3780 cum
3154 3720 3322 3779 senili
3344 3726 3663 3793 gravantur
3686 3728 3878 3792 atate,

2176 3813 2240 3864 ut
2263 3806 2385 3879 jam
2412 3822 2520 3865 nec
2554 3806 2747 3866 volare
2793 3808 3025 3866 valeant
3066 3824 3172 3866 nec
3213 3807 3426 3875 videre,
3469 3808 3581 3867 ﬁlii
3621 3811 3880 3883 parenti-

2174 3893 2288 3953 bus
2316 3894 2439 3953 suis
2467 3894 2560 3969 pio
2588 3896 3003 3970 compatientes
3048 3895 3277 3962 affectu,
3310 3902 3564 3955 vetustas
3592 3897 3701 3954 sibi
3732 3913 3879 3971 pen-

2175 3998 2279 4041 nas
2309 3984 2590 4055 evellunt,
2621 3993 2677 4045 et
2703 4001 2904 4044 eorum
2929 3984 3128 4044 oculos
3149 3984 3257 4043 alis
3282 3986 3525 4057 propriis
3543 3988 3879 4053 confoveat,

2173 4089 2237 4131 ac
2287 4080 2469 4132 totum
2516 4090 2723 4149 corpus
2769 4075 3032 4149 undique
3079 4073 3240 4132 velut
3282 4074 3614 4133 obliniendo
3656 4092 3722 4133 ac
3766 4078 3883 4149 pal-

2172 4164 2361 4236 pando
2390 4164 2753 4233 demulcent;
2787 4164 2971 4223 donec
3014 4170 3128 4222 toto
3158 4179 3394 4237 corpore
3422 4165 3702 4231 renovati,
3742 4166 3880 4238 plu-

2174 4254 2287 4312 mis
2326 4252 2586 4327 undique
2638 4253 3056 4323 reﬂorentibus,
3093 4253 3445 4312 adolescant.
3483 4252 3578 4312 Sic
3622 4268 3724 4325 per
3766 4253 3882 4326 pia

2171 4341 2351 4415 prolis
2378 4340 2724 4416 obsequium
2765 4350 3041 4417 tanquam
3070 4342 3263 4415 primo
3300 4342 3682 4416 pubescentes
3715 4341 3883 4411 ﬂore,

2174 4438 2228 4487 et
2254 4431 2443 4489 visum
2466 4431 2749 4504 recipiunt
2771 4438 2826 4491 et
2846 4431 3120 4489 volatum.

2244 4517 2354 4576 Sed
2401 4518 2546 4593 quid
2587 4521 2874 4579 miramur
2912 4534 3169 4595 upupam
3209 4519 3620 4578 misericordia
3661 4519 3883 4577 viscera

2170 4608 2505 4681 parentibus
2545 4608 2941 4682 exhibentem,
2971 4627 3104 4671 cum
3132 4613 3433 4672 videamus
3464 4620 3521 4671 et
3553 4611 3788 4671 fulicam
3817 4612 3880 4670 in

2169 4698 2350 4755 alieni
2396 4713 2629 4772 quoque
2674 4701 2907 4772 generis
2952 4702 3137 4759 fetum
3189 4711 3505 4760 maternam
3561 4700 3881 4758 extendere

2173 4785 2492 4859 pietatem?
2555 4787 2717 4847 Sicut
2766 4789 2924 4847 enim
2978 4806 3013 4848 a
3068 4797 3405 4850 naturarum
3458 4789 3881 4849 scrutatoribus

2171 4877 2525 4952 perhibetur,
2565 4877 2782 4952 aquila,
2813 4895 2948 4954 qua
2984 4876 3129 4936 816
3181 4881 3380 4954 regina
3410 4881 3621 4939 dicitur
3648 4880 3871 4938 avium.

2170 4965 2361 5038 pullos
2404 4982 2538 5025 suos
2568 4970 3009 5029 coruscantibus
3048 4971 3186 5030 solis
3226 4971 3411 5049 .radiis
3453 4970 3667 5043 objicit,
3698 4978 3876 5043 atque

2171 5054 2233 5113 in
2258 5055 2410 5113 aeris
2439 5057 2701 5116 vastitate
2730 5057 2984 5129 libratos,
3017 5060 3112 5134 pio
3145 5072 3372 5121 teneros
3401 5075 3600 5134 ungue
3630 5074 3882 5131 suspen-

2172 5144 2276 5203 dit.
2333 5144 2608 5219 Quisquis
2662 5155 2857 5207 autem
2910 5150 3150 5209 illorum
3195 5150 3540 5224 intrepidam
3574 5151 3883 5209 oculorum

2167 5236 2351 5294 aciem
2401 5236 2686 5296 inoffenso
2735 5240 2935 5297 tuendi
2967 5240 3168 5313 vigore
3217 5248 3536 5309 conservat,
3569 5239 3723 5296 hunc
3752 5253 3885 5294 ma-

2171 5331 2255 5382 ter
2300 5325 2371 5384 ad
2427 5328 2862 5401 pmpagandum
2906 5330 3052 5402 regii
3096 5330 3277 5388 decus
3324 5331 3554 5403 generis
3606 5329 3882 5388 idoneum

2163 5417 2405 5491 judicat.
2451 5417 2513 5476 Si
2559 5420 2692 5493 quis
2728 5427 2919 5478 autem
2966 5420 3192 5479 lumina
3235 5436 3343 5479 sua
3379 5420 3520 5479 solis
3562 5421 3722 5478 radio
3763 5436 3889 5493 per-

2169 5507 2396 5565 strictus
2446 5507 2753 5575 inﬂexerit,
2807 5509 2964 5567 velut
3011 5510 3284 5581 degener,
3340 5517 3397 5567 et
3439 5508 3719 5582 indignus
3766 5515 3884 5567 tam

2168 5595 2476 5655 excellenti
2518 5596 2816 5655 nobilitate
2846 5597 3185 5671 projicitur;
3220 5603 3276 5655 et
3304 5605 3581 5670 tanquam
3611 5597 3880 5655 exhareo

2167 5687 2337 5746 datus
2378 5701 2445 5745 ac
2487 5686 2721 5759 spurius
2767 5686 2920 5746 inter
2969 5686 3125 5747 filios
3172 5702 3290 5746 non
3340 5686 3607 5747 habetur.
3659 5686 3732 5745 Et
3776 5687 3877 5763 qui
