4054 6184
387 293 489 345 ΠΙ

1235 285 1476 345 OPUSC.
1518 288 1626 343 ιιι.
1665 321 1729 330 -ε
1769 288 1857 344 DE
1897 288 2078 345 ΒΟΝο
2117 287 2456 343 RELIGIOSI
2497 286 2791 345 STATUS.

3533 288 3635 342 πκ

387 418 483 474 per
525 401 896 456 inﬁrmitatem
925 398 1145 455 luminis
1172 398 1239 453 ab
1280 399 1610 476 ingenuitate
1637 399 1968 463 destituitur,
2002 408 2042 465 Α
2077 406 2203 461 trat,
2242 412 2338 465 per
2364 410 2548 449 aurem
2578 393 2885 464 egreditur;
2912 394 3061 462 quia,
3092 402 3150 447 nt
3182 394 3255 447 ita
3292 392 3485 457 fatear,
3515 412 3645 450 con-

386 496 600 565 generis
653 492 1022 548 lunreditatem
1069 492 1466 561 quodammodo
1511 491 1651 545 inter
1703 492 1963 559 ingenuos

388 586 527 639 filios
574 599 679 638 non
724 583 967 637 sortitur.
1016 581 1123 636 Sed
1166 580 1465 651 aquilinuin
1514 581 1657 634 hunc
1696 579 1895 649 pullutn
1934 594 1964 631 a

388 674 632 746 genuinae
660 672 922 744 prosapia:
950 670 1278 726 sublimitate
1304 669 1571 737 dejectum
1596 669 1803 739 plebeia
1827 684 1968 739 quae-

388 768 510 819 dam
551 765 686 829 avis,
724 762 886 817 fulica
931 761 1199 826 videlicet,
1228 775 1351 830 qua:
1378 760 1566 815 Graece
1600 760 1797 813 dicitur
1822 764 1963 833 priva,

387 857 534 911 velut
559 855 867 925 adeptivum
906 854 1167 923 suscipit,
1199 861 1254 907 et
1281 863 1535 922 tanquam
1563 852 1805 906 naturale
1831 854 1969 906 inter

389 948 636 1017 proprios
662 947 802 1001 fetus
832 946 1126 1000 clementer
1148 944 1372 1000 enutrit.
1402 944 1470 997 Et
1492 944 1596 997 hoc
1625 944 1784 997 modo
1807 958 1968 1013 quem

387 1038 565 1107 aquila
588 1037 881 1092 crudeliter
900 1046 1139 1105 paternae
1159 1034 1287 1090 fecit
1310 1036 1640 1090 hiereditatis
1671 1048 1965 1101 exsortem,

390 1128 487 1181 ista
514 1128 613 1181 sibi
638 1127 792 1196 quasi
833 1137 1093 1181 materna:
1127 1126 1345 1196 pietatis
1379 1126 1577 1180 intuitu
1602 1125 1715 1181 suis
1748 1125 1971 1195 adopta-

388 1221 463 1274 vit
489 1220 612 1276 liliis
638 1220 997 1275 cohzeredem.

963 1310 1189 1367 CAPUT
1227 1312 1388 1367 XVII.

798 1402 878 1457 De
904 1402 1197 1458 vulturibus
1221 1414 1269 1459 et
1302 1402 1548 1459 mustela.

460 1495 529 1551 Ut
576 1495 737 1565 igitur
787 1509 939 1549 arma
985 1496 1249 1551 virtutum
1299 1496 1351 1550 in
1399 1497 1629 1566 spiritali
1678 1500 1973 1554 certamine

387 1584 660 1638 constituti
696 1582 857 1639 etiam
889 1599 918 1637 a
948 1584 1260 1640 volucribus
1302 1594 1634 1650 mutuemur,
1687 1588 1826 1642 sicut
1870 1589 1969 1642 hu-

387 1692 623 1741 manam,
671 1675 781 1729 imo
822 1674 1185 1731 Christianam
1231 1677 1665 1745 obstupescimus
1713 1679 1765 1731 in
1811 1678 1970 1732 fulica

2069 496 2255 555 ceptus
2280 499 2417 539 esca:
2439 483 2670 536 fructmn
2696 482 2838 551 parit
2858 481 3207 547 obedientitc;
3232 492 3285 536 et
3308 498 3466 551 quem
3494 485 3648 540 cibus

2068 576 2275 630 edendo
2300 573 2447 627 velut
2482 572 2835 641 concipiendo
2874 570 3127 635 delectat,
3157 571 3307 627 labor
3331 572 3649 629 obedientite

2068 664 2221 736 quasi
2254 663 2599 733 parturiendo
2624 662 2829 733 fatigat.

2140 754 2297 823 Aspis
2325 763 2505 808 autem
2534 762 2779 817 econtra,
2802 751 3055 821 quoniam
3074 751 3526 809 incantationibus
3550 771 3648 809 au-

2071 858 2160 900 res
2180 845 2419 908 obturat,
2456 843 2741 899 obstinatae
2774 841 2967 897 mentis
2996 841 3417 896 inobedicntiam
3440 844 3643 913 signat.

2070 933 2207 988 Nam
2229 949 2350 989 cum
2382 950 2502 988 eam
2532 933 2598 987 ad
2625 947 2687 987 os
2715 931 2984 1002 speluncae
3022 944 3256 998 marsus,
3304 941 3362 986 ut
3403 935 3644 1003 egrediao

2072 1030 2180 1089 tur,
2207 1024 2477 1088 incantat,
2536 1022 2623 1077 illa
2650 1021 2898 1091 protinus
2929 1035 3091 1074 unam
3118 1036 3303 1074 aurem
3334 1030 3491 1076 terra:
3520 1023 3651 1077 stri-

2071 1113 2212 1167 ctius
2242 1113 2520 1181 imprimit,
2564 1112 2721 1165 alteri
2772 1110 3003 1166 caudam
3043 1111 3189 1166 velut
3241 1111 3651 1179 impenetrabile

2073 1200 2350 1255 suillamen
2375 1202 2615 1271 opponit.
2653 1201 2851 1270 Sicque
2873 1201 2999 1255 dum
3032 1216 3136 1255 vox
3174 1201 3403 1256 venelici
3437 1204 3649 1259 aurium

2072 1293 2191 1364 ejus
2220 1293 2479 1347 interiora
2511 1308 2617 1346 non
2645 1299 2913 1361 penetrat,
2942 1291 3034 1345 illa
3071 1292 3127 1345 in
3150 1306 3314 1346 cavea
3345 1308 3441 1346 sua
3462 1292 3653 1349 immo-

2072 1383 2196 1439 bilis
2232 1392 2560 1453 perseverat.
2606 1382 2778 1453 Hujus
2824 1397 2986 1451 porro
3039 1383 3308 1453 serpentis
3357 1384 3649 1439 multorum

2072 1475 2313 1545 pravitas
2336 1475 2613 1528 hominum
2646 1474 2890 1528 imitatur
2918 1474 3242 1544 exemplum,
3276 1473 3389 1541 qui,
3416 1474 3539 1529 dum
3566 1475 3655 1529 hic

2074 1576 2289 1621 terrena
2316 1566 2567 1636 diligunt,
2592 1566 2701 1621 illic
2747 1567 2801 1621 in
2825 1567 3142 1636 posterioris
3168 1567 3290 1620 vitae
3309 1566 3653 1637 longaavitate

2075 1672 2185 1712 non
2236 1657 2534 1722 confidunt,
2586 1658 2741 1725 quasi
2801 1666 2999 1711 terram
3047 1666 3102 1711 et
3167 1659 3392 1712 caudam
3429 1660 3655 1715 auribus
3716 1650 3727 1657 ”

385 1768 637 1839 pietatem
660 1807 675 1831 ,
720 1768 799 1821 sic
832 1767 995 1821 etiam
1040 1767 1202 1823 altius
1232 1766 1567 1821 admiremur
1596 1768 1880 1824 fecundam
1912 1771 1965 1824 in

2076 1748 2204 1815 suis,
2239 1762 2309 1803 ne
2332 1762 2435 1803 vox
2463 1748 2862 1817 praedicationis
2886 1748 3237 1818 ingrediatur,
3276 1758 3577 1820 opponunt.
3630 1766 3638 1775 ·

385 1858 686 1913 vulturibus
714 1857 1099 1926 virginitatem.
1145 1856 1508 1912 Perhibentur
1541 1859 1685 1912 enim
1732 1859 1971 1915 vultures

386 1957 701 2003 ceterarum
750 1948 929 2002 avium
993 1963 1147 2004 more
1192 1948 1500 2004 concubitui
1531 1949 1839 2006 nullatenus
1885 1951 1970 2004 in-

387 2036 633 2107 dulgere,
668 2037 761 2092 sed
804 2038 1009 2107 absque
1051 2037 1158 2091 ulla
1203 2052 1428 2108 prorsus
1476 2039 1758 2094 masculini
1810 2055 1972 2095 sexus

386 2129 706 2184 admistiOnc
732 2130 1052 2200 concipere;
1105 2138 1185 2197 ut,
1218 2131 1263 2186 si
1307 2132 1375 2186 ad
1418 2132 1681 2188 castitatis
1712 2133 1973 2189 habenda:

385 2220 702 2274 munditiam
749 2220 987 2275 humana
1035 2235 1136 2276 nos
1180 2221 1427 2290 exempla
1484 2238 1590 2276 non
1643 2228 1995 2292 provocant,’

385 2310 579 2366 saltem
615 2313 681 2366 de
706 2310 1015 2381 virginitate
1054 2310 1327 2364 vulturum
1368 2312 1620 2380 prodiens
1664 2315 1838 2381 pudor
1865 2314 1971 2368 im-

383 2402 587 2473 pellat;
623 2415 724 2456 nec
756 2409 962 2455 tantum
991 2416 1107 2466 eos,
1135 2401 1227 2470 qui
1254 2416 1320 2455 ex
1346 2402 1449 2457 hac
1477 2402 1678 2459 fuerint
1708 2407 1969 2475 stupenda

386 2491 763 2563 singularitate
804 2490 1112 2561 progeniti,
1156 2491 1338 2546 brevis
1376 2491 1499 2546 vitae
1528 2492 1649 2547 finis
1683 2504 1970 2564 angustat,

387 2596 509 2636 cum
538 2594 708 2651 usque
736 2580 805 2635 ad
835 2588 1052 2634 centum
1082 2594 1254 2635 annos
1289 2579 1527 2651 longmva
1558 2596 1617 2635 se
1645 2596 1831 2638 eorum
1862 2583 1969 2637 vita

386 2670 670 2738 producat.

459 2760 601 2829 Apes
624 2759 786 2813 etiam
812 2758 955 2814 sicut
981 2767 1107 2815 sunt
1135 2759 1403 2816 immunes
1444 2775 1474 2814 a
1505 2762 1673 2827 coitu,
1707 2762 1780 2816 ita
1807 2763 1970 2817 etiam

390 2850 700 2905 nullatenus
737 2861 1158 2921 corrumpuntur
1187 2851 1242 2905 in
1274 2860 1464 2922 partu;
1498 2862 1553 2907 et
1586 2852 1727 2908 sicut
1762 2854 1814 2909 in
1842 2869 1973 2909 con-

391 2950 548 3010 ceptu
578 2956 740 2996 sexus
764 2942 917 2998 sexui
948 2956 1055 2997 non
1084 2940 1364 3008 miscetur,
1393 2943 1473 2998 sic
1511 2944 1565 2997 in
1591 2944 1814 2999 edendis
1848 2943 1973 3000 feti-

388 3033 490 3087 bus
529 3048 868 3104 nequaquam
907 3032 1190 3104 virginalis
1233 3034 1517 3103 integritas
1562 3036 1812 3090 violatur.
1852 3036 1970 3093 Non

2637 1836 2864 1897 CAPUT
2900 1837 3081 1894 XVIII.

2533 1930 2609 1985 De
2634 1932 2812 1985 ascida
2835 1941 2884 1985 et
2911 1929 3145 2001 alcyone.

2145 2021 2251 2078 Sed
2273 2022 2415 2078 sicut
2433 2021 2579 2091 aspis
2602 2035 2695 2075 eos
2725 2019 2979 2089 exprimit
3004 2022 3093 2089 qui
3118 2036 3212 2075 cor
3233 2020 3287 2075 in
3319 2024 3553 2078 terrenis
3585 2038 3648 2079 ac

2073 2112 2459 2184 temporalibus
2496 2111 2686 2181 figunt,
2720 2111 2799 2165 sic
2845 2112 3028 2166 ascida
3056 2110 3257 2184 [asida]
3291 2113 3486 2183 ligarat
3529 2128 3646 2180 eos,

2072 2205 2164 2273 qui
2196 2182 2348 2273 spem
2377 2220 2530 2258 suam
2563 2204 2616 2257 in
2647 2202 2957 2257 cmlestibus
2978 2182 3204 2272 ponunt.
3237 2182 3501 2259 Iistenim
3529 2208 3650 2261 ani~

2073 2292 2180 2347 mal
2203 2303 2496 2362 pennatam
2520 2292 2760 2361 quidem,
2804 2293 2896 2346 sed
2926 2294 3104 2347 volare
3153 2310 3260 2349 non
3294 2294 3509 2361 valens;
3564 2308 3649 2351 est

2073 2383 2236 2440 etiam
2268 2383 2589 2437 naturaliter
2640 2381 2957 2437 obliviosunt
3010 2399 3074 2438 ac
3116 2385 3390 2439 memor-i2
3442 2388 3649 2443 viribus

2071 2489 2339 2538 vacuum;
2379 2481 2435 2527 ct
2462 2473 2583 2527 ideo
2616 2487 2889 2543 nunquam
2925 2473 3087 2542 parit,
3118 2474 3221 2527 nisi
3252 2489 3374 2528 cum
3414 2476 3469 2528 in
3501 2486 3649 2531 astra

2070 2565 2411 2636 prospiciens
2461 2564 2713 2634 vergilias
2734 2564 2847 2632 jam
2879 2580 3103 2634 surgere
3145 2566 3197 2619 in
3236 2569 3519 2636 superiora
3559 2582 3652 2622 co-

2071 2658 2337 2727 gnOVerit.
2361 2656 2571 2712 IEstivo
2595 2657 2773 2726 itaque
2807 2666 3067 2725 tempore,
3093 2655 3249 2724 juxta
3287 2658 3509 2714 Junium
3541 2660 3649 2715 sci-

2074 2747 2195 2802 licet
2238 2762 2499 2810 mensem,
2552 2748 2713 2817 parit,
2767 2748 2903 2802 etin
2941 2749 3072 2802 solis
3104 2748 3317 2805 fervore
3360 2752 3645 2807 conlidens

2072 2852 2170 2890 ova
2198 2850 2293 2891 sua
2328 2837 2517 2892 sabulo
2546 2837 2628 2891 vel
2660 2838 2839 2892 arenis
2874 2818 3177 2903 abscondit,
3207 2853 3284 2904 ut,
3311 2841 3438 2895 dum
3474 2850 3650 2896 mater

2073 2927 2155 2983 sui
2183 2928 2326 2983 fetus
2367 2929 2702 2983 obliviscitur
2731 2940 2786 2984 et
2812 2928 2988 2984 locum
3039 2933 3295 3001 depositae
3335 2934 3537 2990 sobolis
3563 2937 3648 2990 in-

2075 3019 2289 3089 tercipit
2312 3033 2533 3087 prorsus
2552 3019 2773 3086 oblivio,
2805 3022 2956 3075 calor
2983 3021 3113 3077 solis
3160 3033 3215 3077 et
3242 3024 3531 3080 clementia
3561 3026 3641 3081 si-

389 3125 531 3179 enitn
559 3101 739 3190 vulva,
780 3126 894 3190 sed,
927 3101 1089 3182 utiita
1117 3125 1325 3196 loquar,
1357 3101 1531 3181 bucca
1566 3127 1806 3183 sobolem
1838 3143 1965 3197 ρι-ο-
1997 3101 2043 3162 C
2074 3112 2185 3169 mul
2214 3112 2356 3167 aeris
2384 3128 2483 3168 ova
2515 3111 2864 3178 confoveant,
2910 3129 2973 3168 ac
3010 3114 3158 3168 velut
3184 3115 3249 3169 ad
3277 3125 3535 3172 materna:
3561 3133 3647 3173 sco

390 3224 603 3279 creant,
629 3224 685 3269 et
714 3214 931 3270 illibata:
984 3230 1203 3286 prorsus
1237 3224 1291 3270 et
1326 3216 1549 3286 integrae
1575 3215 1642 3269 ab
1670 3214 1817 3270 omni
1850 3231 1969 3270 cor-

392 3304 613 3375 ruptelae
637 3306 887 3375 contagio
914 3314 1280 3375 perseverant.
1312 3304 1446 3359 Nam
1483 3320 1579 3361 ore
1606 3304 1744 3360 filios
1770 3306 1809 3361 e~
1830 3305 1970 3361 foliis

390 3394 595 3464 legunt,
634 3404 690 3450 et
726 3395 805 3450 sic
832 3409 1162 3450 successum
1192 3394 1524 3464 posteritatis
1551 3409 1778 3450 examen
1808 3396 1967 3451 emit-

394 3492 531 3537 tnnt.

465 3570 569 3625 Sed
614 3586 712 3625 cur
755 3554 853 3626 nos
899 3571 1225 3642 virginitatis
1265 3570 1507 3627 fecundae
1552 3571 1872 3628 miraculum
1919 3574 1972 3628 in

392 3660 699 3716 volatilibus
729 3670 938 3716 tantum
966 3663 1342 3733 prredicemus,
1370 3678 1494 3718 cum
1529 3662 1585 3717 in
1611 3663 1807 3719 vilibus
1836 3678 1969 3733 quo-

391 3768 499 3822 que
526 3753 803 3822 reptilibus
834 3764 1151 3826 conceptum
1170 3796 1185 3821 ,
1231 3756 1392 3810 simul
1429 3764 1487 3811 et
1516 3765 1729 3826 partum
1756 3772 1861 3811 non
1893 3757 1973 3812 le-

393 3844 513 3897 vius
539 3843 906 3899 admiremur?
933 3842 1160 3899 Mustela
1205 3844 1424 3915 quippe,
1449 3845 1589 3900 sicut
1615 3846 1825 3916 pbysici
1854 3861 1976 3914 per-

395 3932 603 3997 bibent,
625 3946 722 4001 per
747 3947 809 3988 os
830 3934 1052 4002 quidem
1074 3935 1330 4003 concipit,
1355 3935 1450 3991 sed
1473 3940 1570 4005 per
1595 3951 1780 3991 aurem
1811 3938 1972 4006 parit.

394 4020 495 4075 Cui
526 4022 790 4092 profecto,
825 4023 872 4079 si
905 4024 1409 4094 dignum'ducimus
1437 4027 1730 4084 immundis
1760 4044 1825 4084 ac
1877 4030 1976 4084 mi-

394 4113 633 4168 nusculis
662 4115 821 4170 rebus
871 4116 1105 4171 humana
1152 4116 1419 4183 conferre,
1467 4134 1705 4189 congrue
1753 4120 1976 4175 forsitan

395 4202 654 4271 quosdam
689 4204 887 4261 fratres
936 4206 1115 4261 minus
1139 4207 1358 4276 quidem
1386 4208 1716 4279 jejunantes,
1748 4212 1842 4266 sed
1873 4213 1978 4265 hu-

394 4290 596 4345 militer
647 4292 991 4360 obedientes,
1046 4311 1333 4365 possumus
1382 4307 1656 4367 coaptare.
1714 4298 1819 4353 Per
1866 4301 1979 4359 oris

397 4382 593 4453 quippe
626 4394 943 4456 conceptum
972 4387 1321 4459 intelligimus
1352 4390 1556 4457 cibum,
1596 4391 1737 4447 sicut
1769 4390 1977 4448 Veritas

397 4449 568 4527 dicit:
605 4492 623 4524 ι
662 4474 852 4541 Omne,
879 4477 1024 4545 quod
1056 4477 1109 4531 in
1135 4449 1198 4532 os
1228 4478 1411 4543 intrat,
1449 4479 1503 4534 in
1538 4493 1780 4534 ventrem
1807 4481 1973 4547 vadit,
2009 4449 2054 4507 θ

397 4570 453 4615 et
494 4562 549 4617 in
593 4578 866 4620 secessum
904 4568 1169 4621 emittitur
1204 4566 1419 4639 (Matth.
1459 4576 1573 4639 xv).
1619 4590 1638 4621 ι
1682 4570 1784 4625 Per
1827 4573 1977 4627 auris

396 4668 529 4709 vero
554 4665 769 4724 partum
792 4658 1038 4727 signatur
1056 4658 1387 4723 obedientia,
1410 4662 1551 4714 sicut
1576 4662 1835 4730 scriptum
1858 4674 1940 4717 est
1960 4680 1973 4714 :

403 4761 423 4795 ε
461 4744 719 4815 Populus,
744 4762 904 4815 quem
935 4746 1042 4805 non
1077 4749 1338 4817 cognovi,
1369 4751 1589 4804 servivit
1618 4752 1775 4816 mihi,
1809 4754 1978 4807 obau-

398 4833 509 4886 ditu
540 4834 689 4887 auris
711 4834 947 4888 obedivit
974 4836 1103 4889 mihi
1131 4834 1304 4904 (Psal.
1328 4842 1484 4905 xvn).
1520 4858 1537 4887 ι
1579 4838 1717 4891 Sunt
1745 4855 1977 4908 namque

400 4923 637 4976 nonnulli
664 4922 883 4986 fratres,
909 4924 1111 4991 quivel
1138 4939 1250 4992 prae
1276 4925 1580 4981 valetudine
1607 4928 1871 4994 corporis,
1895 4929 1980 4981 vel

401 5016 596 5069 mentis
626 5014 917 5085 fragilitate
939 5015 1185 5084 jejunare
1209 5018 1294 5071 vix
1321 5019 1484 5088 817
1517 5028 1760 5088 possunt,
1789 5021 1881 5075 sed
1912 5023 1980 5075 ad

402 5105 807 5159 exsecutionem
829 5105 1167 5171 obedientiae,
1198 5122 1531 5176 quaecunque
1559 5108 1663 5162 illis
1688 5110 1979 5179 iniungun-

405 5204 511 5260 tur,
540 5194 812 5250 ferventer
847 5211 905 5252 se
948 5197 1264 5267 accingunt;
1298 5209 1353 5252 et
1395 5214 1502 5267 quo
1544 5199 1772 5253 validius
1819 5203 1981 5257 robur

403 5297 499 5350 per
529 5284 780 5338 alimenta
816 5286 1140 5354 percipiunt,
1174 5300 1239 5340 eo
1267 5286 1531 5355 gravioris
1555 5287 1876 5343 obedientizc
1905 5288 1981 5342 la-

405 5375 562 5427 bores
605 5372 804 5427 fcrunt.
852 5375 954 5428 Per
999 5390 1061 5429 os
1100 5389 1229 5443 ergo
1263 5376 1442 5429 cibum
1491 5385 1745 5443 tanquam
1795 5392 1979 5431 semen

406 5462 797 5517 delectabiliter
830 5464 1035 5518 edendo
1057 5464 1384 5532 concipiunt,
1423 5463 1575 5532 cujus
1601 5465 1705 5519 cibi
1746 5464 1980 5520 fructum

407 5568 529 5605 cum
576 5552 758 5607 labore
804 5568 897 5621 per
943 5557 1304 5609 obedientiam
1355 5563 1607 5624 tanquam
1650 5568 1746 5623 per
1796 5570 1980 5608 aurem

408 5644 769 5713 parturientes
797 5645 1065 5697 emittunt.
1109 5649 1302 5701 Semen
1334 5662 1461 5715 ergo
1502 5644 1641 5714 quod
1678 5661 1773 5714 per
1800 5661 1860 5701 os
1904 5648 1980 5700 in—

688 5738 955 5802 Ριτιοι.
1003 5741 1044 5801 C
1060 5740 1248 5801 XLV.

2073 3202 2317 3261 dulitatis
2370 3206 2674 3261 accubitum
2724 3205 2864 3260 fetus
2927 3217 3196 3277 erumpat.
3245 3208 3648 3265 Obstetricantc

2074 3300 2240 3368 igitur
2265 3299 2397 3363 sole,
2427 3307 2726 3352 nascuntur
2753 3299 2950 3353 ascida:
2972 3299 3122 3368 pulli,
3152 3300 3299 3354 velut
3329 3304 3445 3370 ipsa
3476 3312 3651 3354 matre
3750 3298 3753 3301 ’

2073 3390 2302 3458 desuper
2324 3389 2625 3443 accubante
2647 3386 2870 3442 confoti.
2888 3387 3013 3444 Haec
3038 3391 3219 3459 itaque
3239 3391 3493 3456 volucris,
3520 3391 3647 3445 dum

2072 3479 2357 3535 oblivionis
2378 3478 2609 3547 propria:
2634 3480 2851 3533 conseia
2882 3481 2948 3534 de
2991 3495 3050 3535 se
3079 3482 3321 3549 paritura
3348 3480 3556 3543 diilidit,
3578 3482 3647 3535 ad

2074 3571 2270 3626 cmlum
2296 3571 2447 3639 prius
2476 3570 2661 3625 oculos
2679 3571 2858 3641 erigit,
2893 3580 2952 3625 ut
2994 3572 3195 3627 fetibus
3225 3573 3341 3627 suis
3372 3574 3515 3627 aeris
3543 3572 3653 3628 cle-

2075 3660 2278 3715 mentia
2307 3658 2572 3729 suppleat,
2596 3662 2739 3728 quod
2759 3671 3001 3716 materna
3028 3662 3295 3717 stoliditas
3326 3671 3505 3733 negat.
3538 3662 3648 3719 Nos

2074 3752 2258 3817 etiam,
2286 3762 2345 3806 ut
2378 3766 2445 3806 ex
2474 3753 2628 3807 nobis
2656 3753 2781 3808 boni
2803 3754 2982 3823 operis
3008 3770 3225 3824 germen
3247 3764 3517 3824 erumpat,
3541 3770 3650 3809 non

2076 3842 2385 3898 haasitemus
2412 3842 2651 3897 favorem
2675 3844 2839 3898 divini
2873 3843 3110 3913 Spiritus
3133 3846 3197 3899 de
3220 3844 3537 3901 cmicstibus
3556 3845 3648 3898 lla-

2077 3933 2268 4002 gitare,
2300 3939 2361 3986 ut
2386 3933 2640 3987 cordibus
2660 3934 2881 3998 nostris,
2910 3950 3030 4004 qua:
3056 3936 3273 4005 propria
3305 3935 3526 3991 fatuitas
3552 3937 3650 3990 he-

2076 4023 2244 4089 betat,
2274 4024 2391 4093 ipse
2418 4024 2561 4079 vires
2584 4026 2806 4080 edendae
2846 4026 3140 4082 salutifera:
3183 4027 3349 4098 prolis
3380 4028 3651 4083 infundat.

2146 4116 2276 4170 Avis
2303 4117 2485 4180 etiam,
2516 4130 2637 4184 quae
2666 4116 2862 4187 alcyon
2888 4117 3112 4183 dicitur,
3131 4118 3184 4172 in
3204 4119 3429 4173 edendis
3454 4118 3654 4174 fetibus

2079 4204 2340 4259 mirabilis
2367 4206 2702 4275 perhibetur.
2734 4206 2801 4261 Et
2838 4207 2980 4262 sicut
3010 4205 3121 4274 illa,
3173 4224 3335 4279 quam
3394 4210 3651 4275 diximus,

2078 4298 2322 4352 aestivum
2344 4298 2539 4367 quterit
2570 4299 2622 4352 in
2648 4299 2859 4354 edendo
2891 4299 3161 4366 calorem;
3193 4303 3273 4357 sic
3305 4302 3409 4356 ista
3433 4304 3653 4359 bruma-

2081 4387 2185 4442 lem
2213 4388 2363 4459 eligit
2390 4404 2496 4444 non
2527 4390 2642 4444 sine
2668 4391 2892 4448 marinis
2913 4391 3184 4448 littoribus
3215 4393 3469 4449 hiemem.
3516 4394 3651 4449 Bru-

2082 4477 2207 4531 mali
2248 4479 2446 4549 quippe
2489 4488 2731 4549 tempore
2759 4480 2813 4534 in
2844 4495 3007 4536 arena
3051 4484 3247 4537 marini
3304 4484 3500 4540 littoris
3550 4500 3650 4539 ova

2081 4569 2323 4636 deponit,
2356 4584 2478 4623 cum
2506 4570 2757 4625 videlicet
2787 4573 3143 4639 procellarum
3172 4576 3401 4644 impetus
3447 4578 3653 4632 ferven-

2082 4657 2188 4710 tius
2228 4658 2281 4709 in
2310 4658 2556 4713 cumulos
2584 4659 2848 4725 elevatur,
2891 4676 2954 4714 ac
2990 4662 3261 4716 littoribus
3300 4666 3527 4719 validior
3556 4667 3652 4721 llu-

2084 4755 2201 4799 ctus
2226 4747 2467 4801 illiditur.
2494 4748 2623 4813 Sed,
2638 4764 2669 4801 ο
2686 4764 2932 4817 superna:
2947 4750 3313 4818 dispositionis
3331 4757 3651 4821 stupendum

2083 4836 2239 4890 valde
2292 4839 2651 4895 miraculuml
2685 4854 2809 4892 mox
2860 4849 2918 4892 ut
2954 4840 3143 4908 alcyon
3190 4855 3353 4909 super
3407 4842 3652 4898 littoreas

2084 4940 2277 4979 arenas
2296 4926 2465 4995 818
2495 4941 2595 4979 ova
2619 4927 2953 4995 deposuerit,
2974 4930 3370 4996 quantumlibet
3392 4934 3650 4996 undosus,

2074 5016 2419 5085 Quantalibet
2444 5017 2514 5071 sit
2542 5024 2861 5086 tempestate
2884 5034 3201 5087 concussus,
3231 5021 3437 5091 placida
3460 5033 3649 5091 pontus

2086 5104 2469 5173 tranquillitate
2497 5106 2747 5161 mitescit.
2771 5108 3044 5166 Elationes
3064 5110 3321 5166 fluctuum
3337 5116 3646 5177 concidunt,

2086 5201 2139 5247 et
2186 5209 2374 5249 omnes
2430 5196 2721 5250 furentium
2772 5207 3053 5253 ventorum
3098 5202 3340 5257 turbines
3398 5205 3658 5273 conquie-

2087 5295 2273 5350 scunt;
2304 5297 2358 5342 et
2386 5289 2557 5343 donec
2610 5291 2727 5344 avis
2774 5292 2888 5346 haec
2917 5309 3017 5346 ova
3057 5308 3152 5346 sua
3203 5294 3469 5358 confovet,
3505 5313 3656 5350 mare

2094 5380 2440 5447 tranquillum
2466 5392 2520 5435 et
2545 5384 2785 5451 quietum
2822 5385 2987 5451 jacet.
3019 5386 3236 5453 Septem
3271 5402 3433 5455 porro
3462 5390 3646 5444 diebus

2088 5472 2245 5525 editis
2265 5473 2381 5526 ovis
2406 5474 2702 5539 incumbit;
2737 5486 2941 5542 septem
2969 5491 3199 5544 quoque,
3240 5487 3519 5546 postquam
3543 5480 3649 5533 uati

2088 5572 2234 5627 sunt,
2288 5565 2460 5631 pullos
2512 5567 2739 5620 enutrit.
2793 5566 2905 5621 Iloc
2931 5569 3074 5620 enim
3128 5568 3429 5624 brevissimi
3480 5575 3659 5640 spatio

2090 5653 2343 5719 temporis
2367 5654 2698 5723 adolescunt,
2724 5656 3038 5723 alarumque
3065 5658 3299 5727 remigiis
3321 5660 3534 5716 avolarc
3556 5676 3643 5731 pu-

2976 5751 3053 5810 ‘25
