  <div class='ocr_page' id='page_1' title='image "/cluster/home/n/w/nwhite01/storage/ocr_20150623/145/hvd.32044048207542/397.png"; bbox 0 0 4054 6184; ppageno 0'>
   <div class='ocr_carea' id='block_1_1' title="bbox 364 272 485 338">
    <p class='ocr_par' dir='ltr' id='par_1_1' title="bbox 364 272 485 338">
     <span class='ocr_line' id='line_1_1' title="bbox 364 272 485 338; baseline 0 0"><span class='ocrx_word' id='word_1_1' title='bbox 364 272 485 338; x_wconf 67' lang='grc' dir='ltr'><strong>Ἳτυ</strong></span> 
     </span>
    </p>
   </div>
   <div class='ocr_carea' id='block_1_2' title="bbox 804 259 3164 329">
    <p class='ocr_par' dir='ltr' id='par_1_2' title="bbox 804 259 3164 329">
     <span class='ocr_line' id='line_1_2' title="bbox 804 259 3164 329; baseline -0.005 -1"><span class='ocrx_word' id='word_1_2' title='bbox 804 270 865 329; x_wconf 89' lang='lat' dir='ltr'><strong>S.</strong></span> <span class='ocrx_word' id='word_1_3' title='bbox 895 270 1102 327; x_wconf 81' lang='lat' dir='ltr'><strong>PETRI</strong></span> <span class='ocrx_word' id='word_1_4' title='bbox 1141 268 1423 326; x_wconf 74' lang='lat' dir='ltr'><strong>DAMIANI</strong></span> <span class='ocrx_word' id='word_1_5' title='bbox 1463 267 1613 325; x_wconf 84' lang='lat' dir='ltr'><strong>OPI&#39;.</strong></span> <span class='ocrx_word' id='word_1_6' title='bbox 1642 268 1879 326; x_wconf 75' lang='lat' dir='ltr'><strong>TOMUS</strong></span> <span class='ocrx_word' id='word_1_7' title='bbox 1919 266 2048 325; x_wconf 86' lang='lat' dir='ltr'><strong>SEU</strong></span> <span class='ocrx_word' id='word_1_8' title='bbox 2091 265 2271 323; x_wconf 80' lang='lat' dir='ltr'><strong>PARS</strong></span> <span class='ocrx_word' id='word_1_9' title='bbox 2305 266 2392 321; x_wconf 86' lang='lat' dir='ltr'><strong>Ill.</strong></span> <span class='ocrx_word' id='word_1_10' title='bbox 2430 295 2498 306; x_wconf 96' lang='lat'><strong>—</strong></span> <span class='ocrx_word' id='word_1_11' title='bbox 2526 261 2892 321; x_wconf 78' lang='lat' dir='ltr'><strong>OPUSCULA</strong></span> <span class='ocrx_word' id='word_1_12' title='bbox 2933 259 3164 319; x_wconf 66' lang='lat' dir='ltr'><strong>VARIA.</strong></span> 
     </span>
    </p>
   </div>
   <div class='ocr_carea' id='block_1_3' title="bbox 3535 264 3639 319">
    <p class='ocr_par' dir='ltr' id='par_1_3' title="bbox 3535 264 3639 319">
     <span class='ocr_line' id='line_1_3' title="bbox 3535 264 3639 319; baseline 0 -2"><span class='ocrx_word' id='word_1_13' title='bbox 3535 264 3639 319; x_wconf 73' lang='lat'><strong>780</strong></span> 
     </span>
    </p>
   </div>
   <div class='ocr_carea' id='block_1_4' title="bbox 376 376 3646 453">
    <p class='ocr_par' dir='ltr' id='par_1_4' title="bbox 376 376 3646 453">
     <span class='ocr_line' id='line_1_4' title="bbox 376 376 3646 453; baseline -0.003 -9"><span class='ocrx_word' id='word_1_14' title='bbox 376 391 660 444; x_wconf 84' lang='lat' dir='ltr'><strong>beseentes</strong></span> <span class='ocrx_word' id='word_1_15' title='bbox 686 382 970 453; x_wconf 91' lang='lat' dir='ltr'><strong>incipiunt.</strong></span> <span class='ocrx_word' id='word_1_16' title='bbox 1011 380 1105 435; x_wconf 86' lang='lat' dir='ltr'><strong>His</strong></span> <span class='ocrx_word' id='word_1_17' title='bbox 1162 379 1345 449; x_wconf 98' lang='lat' dir='ltr'><strong>itaque</strong></span> <span class='ocrx_word' id='word_1_18' title='bbox 1393 379 1803 447; x_wconf 89' lang='lat' dir='ltr'><strong>quatuordecim</strong></span> <span class='ocrx_word' id='word_1_19' title='bbox 1851 379 1965 433; x_wconf 90' lang='lat' dir='ltr'><strong>die-</strong></span> <span class='ocrx_word' id='word_1_20' title='bbox 1995 387 2041 445; x_wconf 70' lang='grc' dir='ltr'><strong>Α</strong></span> <span class='ocrx_word' id='word_1_21' title='bbox 2070 392 2295 449; x_wconf 90' lang='lat' dir='ltr'><strong>quoque</strong></span> <span class='ocrx_word' id='word_1_22' title='bbox 2348 376 2752 448; x_wconf 89' lang='lat' dir='ltr'><strong>Scripturarum</strong></span> <span class='ocrx_word' id='word_1_23' title='bbox 2807 376 2862 432; x_wconf 92' lang='lat' dir='ltr'><strong>hi</strong></span> <span class='ocrx_word' id='word_1_24' title='bbox 2902 387 3223 446; x_wconf 81' lang='lat' dir='ltr'><strong>permanere</strong></span> <span class='ocrx_word' id='word_1_25' title='bbox 3266 385 3513 445; x_wconf 89' lang='lat' dir='ltr'><strong>possunt,</strong></span> <span class='ocrx_word' id='word_1_26' title='bbox 3554 380 3646 449; x_wconf 83' lang='lat' dir='ltr'><strong>qui</strong></span> 
     </span>
    </p>
   </div>
   <div class='ocr_carea' id='block_1_5' title="bbox 368 470 1951 546">
    <p class='ocr_par' dir='ltr' id='par_1_5' title="bbox 368 470 1951 546">
     <span class='ocr_line' id='line_1_5' title="bbox 368 470 1951 546; baseline -0.005 -13"><span class='ocrx_word' id='word_1_27' title='bbox 368 477 472 533; x_wconf 87' lang='lat' dir='ltr'><strong>bus</strong></span> <span class='ocrx_word' id='word_1_28' title='bbox 519 485 731 546; x_wconf 90' lang='lat' dir='ltr'><strong>tempus</strong></span> <span class='ocrx_word' id='word_1_29' title='bbox 775 485 1045 533; x_wconf 84' lang='lat' dir='ltr'><strong>serenum,</strong></span> <span class='ocrx_word' id='word_1_30' title='bbox 1088 485 1239 524; x_wconf 88' lang='lat' dir='ltr'><strong>mare</strong></span> <span class='ocrx_word' id='word_1_31' title='bbox 1280 470 1660 540; x_wconf 89' lang='lat' dir='ltr'><strong>tranquillum,</strong></span> <span class='ocrx_word' id='word_1_32' title='bbox 1705 479 1761 526; x_wconf 91' lang='lat' dir='ltr'><strong>et</strong></span> <span class='ocrx_word' id='word_1_33' title='bbox 1806 470 1951 525; x_wconf 89' lang='lat' dir='ltr'><strong>nulla</strong></span> 
     </span>
    </p>
   </div>
   <div class='ocr_carea' id='block_1_6' title="bbox 368 560 1953 637">
    <p class='ocr_par' dir='ltr' id='par_1_6' title="bbox 368 560 1953 637">
     <span class='ocr_line' id='line_1_6' title="bbox 368 560 1953 637; baseline -0.003 -18"><span class='ocrx_word' id='word_1_34' title='bbox 368 580 603 637; x_wconf 75' lang='lat' dir='ltr'><strong>prorsus</strong></span> <span class='ocrx_word' id='word_1_35' title='bbox 622 562 916 618; x_wconf 82' lang='lat' dir='ltr'><strong>elllantium</strong></span> <span class='ocrx_word' id='word_1_36' title='bbox 956 561 1153 617; x_wconf 84' lang='lat' dir='ltr'><strong>stridet</strong></span> <span class='ocrx_word' id='word_1_37' title='bbox 1173 568 1464 615; x_wconf 83' lang='lat' dir='ltr'><strong>ventorum</strong></span> <span class='ocrx_word' id='word_1_38' title='bbox 1497 560 1755 631; x_wconf 75' lang='lat' dir='ltr'><strong>procella.</strong></span> <span class='ocrx_word' id='word_1_39' title='bbox 1782 560 1953 630; x_wconf 87' lang='lat' dir='ltr'><strong>Cujus</strong></span> 
     </span>
    </p>
   </div>
   <div class='ocr_carea' id='block_1_7' title="bbox 2060 468 3651 542">
    <p class='ocr_par' dir='ltr' id='par_1_7' title="bbox 2060 468 3651 542">
     <span class='ocr_line' id='line_1_7' title="bbox 2060 468 3651 542; baseline 0.001 -17"><span class='ocrx_word' id='word_1_40' title='bbox 2060 473 2171 526; x_wconf 90' lang='lat' dir='ltr'><strong>Deo</strong></span> <span class='ocrx_word' id='word_1_41' title='bbox 2198 471 2427 535; x_wconf 85' lang='lat' dir='ltr'><strong>vivunt;</strong></span> <span class='ocrx_word' id='word_1_42' title='bbox 2454 470 2702 540; x_wconf 87' lang='lat' dir='ltr'><strong>quisquis</strong></span> <span class='ocrx_word' id='word_1_43' title='bbox 2724 479 2906 524; x_wconf 85' lang='lat' dir='ltr'><strong>autem</strong></span> <span class='ocrx_word' id='word_1_44' title='bbox 2948 485 2980 524; x_wconf 85' lang='lat' dir='ltr'><strong>a</strong></span> <span class='ocrx_word' id='word_1_45' title='bbox 3030 469 3133 523; x_wconf 78' lang='lat' dir='ltr'><strong>fide</strong></span> <span class='ocrx_word' id='word_1_46' title='bbox 3181 468 3266 524; x_wconf 88' lang='lat' dir='ltr'><strong>vel</strong></span> <span class='ocrx_word' id='word_1_47' title='bbox 3317 470 3483 525; x_wconf 89' lang='lat' dir='ltr'><strong>rectis</strong></span> <span class='ocrx_word' id='word_1_48' title='bbox 3520 486 3651 542; x_wconf 87' lang='lat' dir='ltr'><strong>ope-</strong></span> 
     </span>
    </p>
   </div>
   <div class='ocr_carea' id='block_1_8' title="bbox 2057 558 3648 631">
    <p class='ocr_par' dir='ltr' id='par_1_8' title="bbox 2057 558 3648 631">
     <span class='ocr_line' id='line_1_8' title="bbox 2057 558 3648 631; baseline -0.001 -14"><span class='ocrx_word' id='word_1_49' title='bbox 2057 563 2211 617; x_wconf 84' lang='lat' dir='ltr'><strong>ribus</strong></span> <span class='ocrx_word' id='word_1_50' title='bbox 2264 562 2513 625; x_wconf 85' lang='lat' dir='ltr'><strong>moritur,</strong></span> <span class='ocrx_word' id='word_1_51' title='bbox 2545 568 2834 631; x_wconf 88' lang='lat' dir='ltr'><strong>corruptus</strong></span> <span class='ocrx_word' id='word_1_52' title='bbox 2872 575 2935 615; x_wconf 86' lang='lat' dir='ltr'><strong>ac</strong></span> <span class='ocrx_word' id='word_1_53' title='bbox 2974 558 3173 615; x_wconf 83' lang='lat' dir='ltr'><strong>fetidus</strong></span> <span class='ocrx_word' id='word_1_54' title='bbox 3203 574 3233 613; x_wconf 89' lang='lat' dir='ltr'><strong>a</strong></span> <span class='ocrx_word' id='word_1_55' title='bbox 3263 559 3467 615; x_wconf 89' lang='lat' dir='ltr'><strong>Christi</strong></span> <span class='ocrx_word' id='word_1_56' title='bbox 3520 576 3648 616; x_wconf 87' lang='lat' dir='ltr'><strong>cor-</strong></span> 
     </span>
    </p>
   </div>
   <div class='ocr_carea' id='block_1_9' title="bbox 378 653 3650 729">
    <p class='ocr_par' dir='ltr' id='par_1_9' title="bbox 378 653 3650 729">
     <span class='ocr_line' id='line_1_9' title="bbox 378 653 3650 729; baseline -0.002 -14"><span class='ocrx_word' id='word_1_57' title='bbox 378 659 622 729; x_wconf 91' lang='lat' dir='ltr'><strong>profecto</strong></span> <span class='ocrx_word' id='word_1_58' title='bbox 644 666 829 727; x_wconf 79' lang='lat' dir='ltr'><strong>typum</strong></span> <span class='ocrx_word' id='word_1_59' title='bbox 858 663 1047 709; x_wconf 90' lang='lat' dir='ltr'><strong>sancta</strong></span> <span class='ocrx_word' id='word_1_60' title='bbox 1079 663 1226 708; x_wconf 88' lang='lat' dir='ltr'><strong>tenet</strong></span> <span class='ocrx_word' id='word_1_61' title='bbox 1256 653 1531 719; x_wconf 78' lang='lat' dir='ltr'><strong>Ecclesia,</strong></span> <span class='ocrx_word' id='word_1_62' title='bbox 1552 667 1675 723; x_wconf 68' lang='lat' dir='ltr'><strong>qua:</strong></span> <span class='ocrx_word' id='word_1_63' title='bbox 1721 667 1820 723; x_wconf 90' lang='lat' dir='ltr'><strong>per</strong></span> <span class='ocrx_word' id='word_1_64' title='bbox 1862 667 1942 707; x_wconf 66' lang='lat' dir='ltr'><strong>se</strong></span> <span class='ocrx_word' id='word_1_65' title='bbox 2053 671 2204 726; x_wconf 90' lang='lat' dir='ltr'><strong>pore,</strong></span> <span class='ocrx_word' id='word_1_66' title='bbox 2222 656 2366 726; x_wconf 85' lang='lat' dir='ltr'><strong>quod</strong></span> <span class='ocrx_word' id='word_1_67' title='bbox 2385 663 2469 710; x_wconf 91' lang='lat' dir='ltr'><strong>est</strong></span> <span class='ocrx_word' id='word_1_68' title='bbox 2485 653 2745 720; x_wconf 86' lang='lat' dir='ltr'><strong>Ecclesia,</strong></span> <span class='ocrx_word' id='word_1_69' title='bbox 2774 660 2998 708; x_wconf 79' lang='lat' dir='ltr'><strong>necesse</strong></span> <span class='ocrx_word' id='word_1_70' title='bbox 3022 660 3418 716; x_wconf 83' lang='lat' dir='ltr'><strong>estevOmatur,</strong></span> <span class='ocrx_word' id='word_1_71' title='bbox 3439 653 3650 710; x_wconf 88' lang='lat' dir='ltr'><strong>dicente</strong></span> 
     </span>
    </p>
   </div>
   <div class='ocr_carea' id='block_1_10' title="bbox 380 730 1953 818">
    <p class='ocr_par' dir='ltr' id='par_1_10' title="bbox 380 730 1953 818">
     <span class='ocr_line' id='line_1_10' title="bbox 380 730 1953 818; baseline -0.003 -15"><span class='ocrx_word' id='word_1_72' title='bbox 380 748 684 818; x_wconf 82' lang='lat' dir='ltr'><strong>ptenarium</strong></span> <span class='ocrx_word' id='word_1_73' title='bbox 736 760 1020 800; x_wconf 87' lang='lat' dir='ltr'><strong>numerum</strong></span> <span class='ocrx_word' id='word_1_74' title='bbox 1056 754 1111 799; x_wconf 90' lang='lat' dir='ltr'><strong>et</strong></span> <span class='ocrx_word' id='word_1_75' title='bbox 1144 744 1287 799; x_wconf 89' lang='lat' dir='ltr'><strong>fovet</strong></span> <span class='ocrx_word' id='word_1_76' title='bbox 1325 753 1380 800; x_wconf 91' lang='lat' dir='ltr'><strong>et</strong></span> <span class='ocrx_word' id='word_1_77' title='bbox 1409 747 1609 811; x_wconf 78' lang='lat' dir='ltr'><strong>nutrit;</strong></span> <span class='ocrx_word' id='word_1_78' title='bbox 1642 746 1767 815; x_wconf 83' lang='lat' dir='ltr'><strong>quia</strong></span> <span class='ocrx_word' id='word_1_79' title='bbox 1812 730 1953 814; x_wconf 81' lang='lat' dir='ltr'><strong>quos</strong></span> 
     </span>
    </p>
   </div>
   <div class='ocr_carea' id='block_1_11' title="bbox 384 834 1949 910">
    <p class='ocr_par' dir='ltr' id='par_1_11' title="bbox 384 834 1949 910">
     <span class='ocr_line' id='line_1_11' title="bbox 384 834 1949 910; baseline -0.004 -15"><span class='ocrx_word' id='word_1_80' title='bbox 384 856 481 910; x_wconf 88' lang='lat' dir='ltr'><strong>per</strong></span> <span class='ocrx_word' id='word_1_81' title='bbox 500 837 829 907; x_wconf 88' lang='lat' dir='ltr'><strong>septiformis</strong></span> <span class='ocrx_word' id='word_1_82' title='bbox 850 837 1041 905; x_wconf 72' lang='lat' dir='ltr'><strong>gratia:</strong></span> <span class='ocrx_word' id='word_1_83' title='bbox 1067 836 1303 906; x_wconf 74' lang='lat' dir='ltr'><strong>Spiritus</strong></span> <span class='ocrx_word' id='word_1_84' title='bbox 1333 836 1384 890; x_wconf 90' lang='lat' dir='ltr'><strong>in</strong></span> <span class='ocrx_word' id='word_1_85' title='bbox 1406 837 1737 905; x_wconf 76' lang='lat' dir='ltr'><strong>baptismate</strong></span> <span class='ocrx_word' id='word_1_86' title='bbox 1763 835 1829 889; x_wconf 84' lang='lat' dir='ltr'><strong>ad</strong></span> <span class='ocrx_word' id='word_1_87' title='bbox 1883 834 1949 888; x_wconf 81' lang='lat' dir='ltr'><strong>ft-</strong></span> 
     </span>
    </p>
   </div>
   <div class='ocr_carea' id='block_1_12' title="bbox 375 928 1956 1000">
    <p class='ocr_par' dir='ltr' id='par_1_12' title="bbox 375 928 1956 1000">
     <span class='ocr_line' id='line_1_12' title="bbox 375 928 1956 1000; baseline -0.001 -14"><span class='ocrx_word' id='word_1_88' title='bbox 375 934 498 987; x_wconf 90' lang='lat' dir='ltr'><strong>dem</strong></span> <span class='ocrx_word' id='word_1_89' title='bbox 539 930 701 1000; x_wconf 85' lang='lat' dir='ltr'><strong>parit,</strong></span> <span class='ocrx_word' id='word_1_90' title='bbox 738 944 838 998; x_wconf 90' lang='lat' dir='ltr'><strong>per</strong></span> <span class='ocrx_word' id='word_1_91' title='bbox 881 928 1124 997; x_wconf 85' lang='lat' dir='ltr'><strong>ejusdem</strong></span> <span class='ocrx_word' id='word_1_92' title='bbox 1171 929 1407 999; x_wconf 78' lang='lat' dir='ltr'><strong>Spiritus</strong></span> <span class='ocrx_word' id='word_1_93' title='bbox 1445 930 1585 983; x_wconf 86' lang='lat' dir='ltr'><strong>dona</strong></span> <span class='ocrx_word' id='word_1_94' title='bbox 1636 930 1704 983; x_wconf 88' lang='lat' dir='ltr'><strong>ad</strong></span> <span class='ocrx_word' id='word_1_95' title='bbox 1752 936 1956 984; x_wconf 66' lang='lat' dir='ltr'><strong>saneta;</strong></span> 
     </span>
    </p>
   </div>
   <div class='ocr_carea' id='block_1_13' title="bbox 374 1017 1956 1091">
    <p class='ocr_par' dir='ltr' id='par_1_13' title="bbox 374 1017 1956 1091">
     <span class='ocr_line' id='line_1_13' title="bbox 374 1017 1956 1091; baseline -0.001 -16"><span class='ocrx_word' id='word_1_96' title='bbox 374 1020 707 1091; x_wconf 85' lang='lat' dir='ltr'><strong>operationis</strong></span> <span class='ocrx_word' id='word_1_97' title='bbox 736 1020 1067 1073; x_wconf 83' lang='lat' dir='ltr'><strong>incrementa</strong></span> <span class='ocrx_word' id='word_1_98' title='bbox 1091 1019 1358 1088; x_wconf 82' lang='lat' dir='ltr'><strong>perducit.</strong></span> <span class='ocrx_word' id='word_1_99' title='bbox 1394 1017 1501 1073; x_wconf 87' lang='lat' dir='ltr'><strong>Sed</strong></span> <span class='ocrx_word' id='word_1_100' title='bbox 1535 1018 1588 1073; x_wconf 91' lang='lat' dir='ltr'><strong>in</strong></span> <span class='ocrx_word' id='word_1_101' title='bbox 1633 1019 1956 1087; x_wconf 75' lang='lat' dir='ltr'><strong>exponendo</strong></span> 
     </span>
    </p>
   </div>
   <div class='ocr_carea' id='block_1_14' title="bbox 380 1110 1952 1181">
    <p class='ocr_par' dir='ltr' id='par_1_14' title="bbox 380 1110 1952 1181">
     <span class='ocr_line' id='line_1_14' title="bbox 380 1110 1952 1181; baseline -0.004 -14"><span class='ocrx_word' id='word_1_102' title='bbox 380 1112 617 1167; x_wconf 81' lang='lat' dir='ltr'><strong>volueris</strong></span> <span class='ocrx_word' id='word_1_103' title='bbox 649 1110 809 1181; x_wconf 85' lang='lat' dir='ltr'><strong>hujus</strong></span> <span class='ocrx_word' id='word_1_104' title='bbox 851 1120 1008 1181; x_wconf 90' lang='lat' dir='ltr'><strong>partu</strong></span> <span class='ocrx_word' id='word_1_105' title='bbox 1058 1110 1445 1180; x_wconf 85' lang='lat' dir='ltr'><strong>postponimus</strong></span> <span class='ocrx_word' id='word_1_106' title='bbox 1482 1122 1697 1165; x_wconf 86' lang='lat' dir='ltr'><strong>moram</strong></span> <span class='ocrx_word' id='word_1_107' title='bbox 1744 1115 1952 1172; x_wconf 83' lang='lat' dir='ltr'><strong>terere,</strong></span> 
     </span>
    </p>
   </div>
   <div class='ocr_carea' id='block_1_15' title="bbox 378 1200 1948 1276">
    <p class='ocr_par' dir='ltr' id='par_1_15' title="bbox 378 1200 1948 1276">
     <span class='ocr_line' id='line_1_15' title="bbox 378 1200 1948 1276; baseline -0.004 -16"><span class='ocrx_word' id='word_1_108' title='bbox 378 1222 448 1261; x_wconf 86' lang='lat' dir='ltr'><strong>ne</strong></span> <span class='ocrx_word' id='word_1_109' title='bbox 469 1215 523 1260; x_wconf 89' lang='lat' dir='ltr'><strong>et</strong></span> <span class='ocrx_word' id='word_1_110' title='bbox 556 1205 659 1276; x_wconf 89' lang='lat' dir='ltr'><strong>ipsi</strong></span> <span class='ocrx_word' id='word_1_111' title='bbox 690 1204 974 1259; x_wconf 81' lang='lat' dir='ltr'><strong>videamur</strong></span> <span class='ocrx_word' id='word_1_112' title='bbox 1000 1202 1294 1258; x_wconf 79' lang='lat' dir='ltr'><strong>&#39;fastidium</strong></span> <span class='ocrx_word' id='word_1_113' title='bbox 1332 1202 1636 1272; x_wconf 79' lang='lat' dir='ltr'><strong>legentibus</strong></span> <span class='ocrx_word' id='word_1_114' title='bbox 1660 1200 1948 1271; x_wconf 79' lang='lat' dir='ltr'><strong>parturire.</strong></span> 
     </span>
    </p>
   </div>
   <div class='ocr_carea' id='block_1_16' title="bbox 368 1292 1961 1367">
    <p class='ocr_par' dir='ltr' id='par_1_16' title="bbox 368 1292 1961 1367">
     <span class='ocr_line' id='line_1_16' title="bbox 368 1292 1961 1367; baseline -0.007 -12"><span class='ocrx_word' id='word_1_115' title='bbox 368 1298 491 1354; x_wconf 72' lang='lat' dir='ltr'><strong>‘iloc</strong></span> <span class='ocrx_word' id='word_1_116' title='bbox 540 1311 669 1367; x_wconf 89' lang='lat' dir='ltr'><strong>ergo</strong></span> <span class='ocrx_word' id='word_1_117' title='bbox 721 1295 844 1351; x_wconf 87' lang='lat' dir='ltr'><strong>ideo</strong></span> <span class='ocrx_word' id='word_1_118' title='bbox 890 1309 998 1349; x_wconf 91' lang='lat' dir='ltr'><strong>non</strong></span> <span class='ocrx_word' id='word_1_119' title='bbox 1048 1294 1369 1365; x_wconf 69' lang='lat' dir='ltr'><strong>exponendo</strong></span> <span class='ocrx_word' id='word_1_120' title='bbox 1410 1292 1862 1355; x_wconf 86' lang='lat' dir='ltr'><strong>transcurrimus,</strong></span> <span class='ocrx_word' id='word_1_121' title='bbox 1902 1301 1961 1345; x_wconf 90' lang='lat' dir='ltr'><strong>ut</strong></span> 
     </span>
    </p>
   </div>
   <div class='ocr_carea' id='block_1_17' title="bbox 380 1384 1964 1458">
    <p class='ocr_par' dir='ltr' id='par_1_17' title="bbox 380 1384 1964 1458">
     <span class='ocr_line' id='line_1_17' title="bbox 380 1384 1964 1458; baseline -0.004 -14"><span class='ocrx_word' id='word_1_122' title='bbox 380 1390 755 1445; x_wconf 84' lang='lat' dir='ltr'><strong>tantummodo</strong></span> <span class='ocrx_word' id='word_1_123' title='bbox 822 1387 1125 1458; x_wconf 80' lang='lat' dir='ltr'><strong>legentibus</strong></span> <span class='ocrx_word' id='word_1_124' title='bbox 1200 1386 1277 1441; x_wconf 90' lang='lat' dir='ltr'><strong>sit</strong></span> <span class='ocrx_word' id='word_1_125' title='bbox 1338 1384 1703 1449; x_wconf 85' lang='lat' dir='ltr'><strong>miraculum,</strong></span> <span class='ocrx_word' id='word_1_126' title='bbox 1745 1384 1839 1439; x_wconf 90' lang='lat' dir='ltr'><strong>sed</strong></span> <span class='ocrx_word' id='word_1_127' title='bbox 1894 1393 1964 1437; x_wconf 85' lang='lat' dir='ltr'><strong>ut</strong></span> 
     </span>
    </p>
   </div>
   <div class='ocr_carea' id='block_1_18' title="bbox 378 1472 1964 1547">
    <p class='ocr_par' dir='ltr' id='par_1_18' title="bbox 378 1472 1964 1547">
     <span class='ocr_line' id='line_1_18' title="bbox 378 1472 1964 1547; baseline -0.004 -12"><span class='ocrx_word' id='word_1_128' title='bbox 378 1480 543 1536; x_wconf 86' lang='lat' dir='ltr'><strong>altius</strong></span> <span class='ocrx_word' id='word_1_129' title='bbox 594 1477 1067 1535; x_wconf 78' lang='lat' dir='ltr'><strong>considerantibus</strong></span> <span class='ocrx_word' id='word_1_130' title='bbox 1120 1476 1212 1531; x_wconf 86' lang='lat' dir='ltr'><strong>fiat</strong></span> <span class='ocrx_word' id='word_1_131' title='bbox 1260 1475 1523 1547; x_wconf 81' lang='lat' dir='ltr'><strong>spiritalis</strong></span> <span class='ocrx_word' id='word_1_132' title='bbox 1597 1472 1964 1546; x_wconf 68' lang='lat' dir='ltr'><strong>intelligentia:</strong></span> 
     </span>
    </p>
   </div>
   <div class='ocr_carea' id='block_1_19' title="bbox 370 1578 806 1627">
    <p class='ocr_par' dir='ltr' id='par_1_19' title="bbox 370 1578 806 1627">
     <span class='ocr_line' id='line_1_19' title="bbox 370 1578 806 1627; baseline -0.016 1"><span class='ocrx_word' id='word_1_133' title='bbox 370 1578 783 1627; x_wconf 80' lang='lat' dir='ltr'><strong>sacramentum</strong></span> <span class='ocrx_word' id='word_1_134' title='bbox 792 1606 806 1622; x_wconf 82' lang='lat'><strong>.</strong></span> 
     </span>
    </p>
   </div>
   <div class='ocr_carea' id='block_1_20' title="bbox 955 1652 1368 1711">
    <p class='ocr_par' dir='ltr' id='par_1_20' title="bbox 955 1652 1368 1711">
     <span class='ocr_line' id='line_1_20' title="bbox 955 1652 1368 1711; baseline -0.01 0"><span class='ocrx_word' id='word_1_135' title='bbox 955 1653 1197 1711; x_wconf 73' lang='lat' dir='ltr'><strong>CAPUT</strong></span> <span class='ocrx_word' id='word_1_136' title='bbox 1223 1652 1368 1709; x_wconf 75' lang='lat' dir='ltr'><strong>XIX.</strong></span> 
     </span>
    </p>
   </div>
   <div class='ocr_carea' id='block_1_21' title="bbox 747 1743 1583 1813">
    <p class='ocr_par' dir='ltr' id='par_1_21' title="bbox 747 1743 1583 1813">
     <span class='ocr_line' id='line_1_21' title="bbox 747 1743 1583 1813; baseline -0.005 -13"><span class='ocrx_word' id='word_1_137' title='bbox 747 1746 824 1801; x_wconf 89' lang='lat' dir='ltr'><strong>De</strong></span> <span class='ocrx_word' id='word_1_138' title='bbox 848 1745 1126 1810; x_wconf 71' lang='lat' dir='ltr'><strong>columbis,</strong></span> <span class='ocrx_word' id='word_1_139' title='bbox 1157 1744 1296 1798; x_wconf 82' lang='lat' dir='ltr'><strong>ibide</strong></span> <span class='ocrx_word' id='word_1_140' title='bbox 1316 1752 1365 1797; x_wconf 80' lang='lat' dir='ltr'><strong>et</strong></span> <span class='ocrx_word' id='word_1_141' title='bbox 1395 1743 1583 1813; x_wconf 77' lang='lat' dir='ltr'><strong>hyena.</strong></span> 
     </span>
    </p>
   </div>
   <div class='ocr_carea' id='block_1_22' title="bbox 442 1834 1960 1906">
    <p class='ocr_par' dir='ltr' id='par_1_22' title="bbox 442 1834 1960 1906">
     <span class='ocr_line' id='line_1_22' title="bbox 442 1834 1960 1906; baseline -0.007 -11"><span class='ocrx_word' id='word_1_142' title='bbox 442 1838 828 1895; x_wconf 84' lang='lat' dir='ltr'><strong>Columbarum</strong></span> <span class='ocrx_word' id='word_1_143' title='bbox 851 1850 1065 1906; x_wconf 86' lang='lat' dir='ltr'><strong>quoque</strong></span> <span class='ocrx_word' id='word_1_144' title='bbox 1095 1850 1203 1889; x_wconf 88' lang='lat' dir='ltr'><strong>non</strong></span> <span class='ocrx_word' id='word_1_145' title='bbox 1252 1834 1473 1904; x_wconf 84' lang='lat' dir='ltr'><strong>vulgare</strong></span> <span class='ocrx_word' id='word_1_146' title='bbox 1517 1834 1791 1903; x_wconf 76' lang='lat' dir='ltr'><strong>quoddam</strong></span> <span class='ocrx_word' id='word_1_147' title='bbox 1824 1845 1960 1901; x_wconf 68' lang='lat' dir='ltr'><strong>prte-</strong></span> 
     </span>
    </p>
   </div>
   <div class='ocr_carea' id='block_1_23' title="bbox 375 1922 1958 1987">
    <p class='ocr_par' dir='ltr' id='par_1_23' title="bbox 375 1922 1958 1987">
     <span class='ocr_line' id='line_1_23' title="bbox 375 1922 1958 1987; baseline -0.007 0"><span class='ocrx_word' id='word_1_148' title='bbox 375 1933 469 1987; x_wconf 90' lang='lat' dir='ltr'><strong>bet</strong></span> <span class='ocrx_word' id='word_1_149' title='bbox 516 1939 710 1985; x_wconf 88' lang='lat' dir='ltr'><strong>natura</strong></span> <span class='ocrx_word' id='word_1_150' title='bbox 762 1927 1104 1982; x_wconf 86' lang='lat' dir='ltr'><strong>miraculum.</strong></span> <span class='ocrx_word' id='word_1_151' title='bbox 1134 1925 1239 1981; x_wconf 81' lang='lat' dir='ltr'><strong>Est</strong></span> <span class='ocrx_word' id='word_1_152' title='bbox 1281 1926 1428 1979; x_wconf 83' lang='lat' dir='ltr'><strong>enim</strong></span> <span class='ocrx_word' id='word_1_153' title='bbox 1460 1925 1515 1980; x_wconf 91' lang='lat' dir='ltr'><strong>in</strong></span> <span class='ocrx_word' id='word_1_154' title='bbox 1557 1924 1723 1980; x_wconf 73' lang='lat' dir='ltr'><strong>India:</strong></span> <span class='ocrx_word' id='word_1_155' title='bbox 1758 1922 1958 1977; x_wconf 81' lang='lat' dir='ltr'><strong>finibus</strong></span> 
     </span>
    </p>
   </div>
   <div class='ocr_carea' id='block_1_24' title="bbox 377 2014 1962 2088">
    <p class='ocr_par' dir='ltr' id='par_1_24' title="bbox 377 2014 1962 2088">
     <span class='ocr_line' id='line_1_24' title="bbox 377 2014 1962 2088; baseline -0.006 -12"><span class='ocrx_word' id='word_1_156' title='bbox 377 2022 562 2086; x_wconf 86' lang='lat' dir='ltr'><strong>arbor,</strong></span> <span class='ocrx_word' id='word_1_157' title='bbox 594 2019 781 2074; x_wconf 74' lang='lat' dir='ltr'><strong>Gme</strong></span> <span class='ocrx_word' id='word_1_158' title='bbox 817 2017 1130 2087; x_wconf 67' lang='lat' dir='ltr'><strong>peredixion</strong></span> <span class='ocrx_word' id='word_1_159' title='bbox 1172 2014 1536 2088; x_wconf 79' lang='lat' dir='ltr'><strong>[peridexion]</strong></span> <span class='ocrx_word' id='word_1_160' title='bbox 1572 2022 1823 2080; x_wconf 80' lang='lat' dir='ltr'><strong>vocatur,</strong></span> <span class='ocrx_word' id='word_1_161' title='bbox 1869 2025 1962 2068; x_wconf 53' lang='lat' dir='ltr'><strong>cu.</strong></span> 
     </span>
    </p>
   </div>
   <div class='ocr_carea' id='block_1_25' title="bbox 372 2103 1961 2180">
    <p class='ocr_par' dir='ltr' id='par_1_25' title="bbox 372 2103 1961 2180">
     <span class='ocr_line' id='line_1_25' title="bbox 372 2103 1961 2180; baseline -0.006 -14"><span class='ocrx_word' id='word_1_162' title='bbox 372 2110 462 2179; x_wconf 86' lang='lat' dir='ltr'><strong>jus</strong></span> <span class='ocrx_word' id='word_1_163' title='bbox 490 2110 675 2180; x_wconf 86' lang='lat' dir='ltr'><strong>utique</strong></span> <span class='ocrx_word' id='word_1_164' title='bbox 703 2108 916 2163; x_wconf 91' lang='lat' dir='ltr'><strong>fruetus</strong></span> <span class='ocrx_word' id='word_1_165' title='bbox 943 2106 1104 2161; x_wconf 88' lang='lat' dir='ltr'><strong>nimis</strong></span> <span class='ocrx_word' id='word_1_166' title='bbox 1137 2114 1222 2161; x_wconf 85' lang='lat' dir='ltr'><strong>est</strong></span> <span class='ocrx_word' id='word_1_167' title='bbox 1255 2104 1427 2161; x_wconf 87' lang='lat' dir='ltr'><strong>dulcis</strong></span> <span class='ocrx_word' id='word_1_168' title='bbox 1470 2113 1527 2161; x_wconf 89' lang='lat' dir='ltr'><strong>et</strong></span> <span class='ocrx_word' id='word_1_169' title='bbox 1555 2104 1712 2159; x_wconf 81' lang='lat' dir='ltr'><strong>valde</strong></span> <span class='ocrx_word' id='word_1_170' title='bbox 1758 2103 1961 2159; x_wconf 81' lang='lat' dir='ltr'><strong>suavis.</strong></span> 
     </span>
    </p>
   </div>
   <div class='ocr_carea' id='block_1_26' title="bbox 376 2194 1966 2270">
    <p class='ocr_par' dir='ltr' id='par_1_26' title="bbox 376 2194 1966 2270">
     <span class='ocr_line' id='line_1_26' title="bbox 376 2194 1966 2270; baseline -0.004 -15"><span class='ocrx_word' id='word_1_171' title='bbox 376 2201 434 2256; x_wconf 83' lang='lat' dir='ltr'><strong>in</strong></span> <span class='ocrx_word' id='word_1_172' title='bbox 464 2201 622 2270; x_wconf 83' lang='lat' dir='ltr'><strong>hujus</strong></span> <span class='ocrx_word' id='word_1_173' title='bbox 650 2199 813 2269; x_wconf 78' lang='lat' dir='ltr'><strong>igitur</strong></span> <span class='ocrx_word' id='word_1_174' title='bbox 841 2198 1053 2253; x_wconf 88' lang='lat' dir='ltr'><strong>arboris</strong></span> <span class='ocrx_word' id='word_1_175' title='bbox 1094 2195 1278 2267; x_wconf 85' lang='lat' dir='ltr'><strong>gratia</strong></span> <span class='ocrx_word' id='word_1_176' title='bbox 1316 2196 1582 2251; x_wconf 76' lang='lat' dir='ltr'><strong>columbae</strong></span> <span class='ocrx_word' id='word_1_177' title='bbox 1609 2211 1716 2251; x_wconf 91' lang='lat' dir='ltr'><strong>non</strong></span> <span class='ocrx_word' id='word_1_178' title='bbox 1754 2194 1966 2251; x_wconf 83' lang='lat' dir='ltr'><strong>modice</strong></span> 
     </span>
    </p>
   </div>
   <div class='ocr_carea' id='block_1_27' title="bbox 381 2284 1969 2359">
    <p class='ocr_par' dir='ltr' id='par_1_27' title="bbox 381 2284 1969 2359">
     <span class='ocr_line' id='line_1_27' title="bbox 381 2284 1969 2359; baseline -0.005 -13"><span class='ocrx_word' id='word_1_179' title='bbox 381 2292 743 2353; x_wconf 82' lang='lat' dir='ltr'><strong>delectantur,</strong></span> <span class='ocrx_word' id='word_1_180' title='bbox 774 2289 929 2359; x_wconf 87' lang='lat' dir='ltr'><strong>cujus</strong></span> <span class='ocrx_word' id='word_1_181' title='bbox 972 2287 1228 2341; x_wconf 87' lang='lat' dir='ltr'><strong>nimirum</strong></span> <span class='ocrx_word' id='word_1_182' title='bbox 1276 2300 1371 2342; x_wconf 82' lang='lat' dir='ltr'><strong>eas</strong></span> <span class='ocrx_word' id='word_1_183' title='bbox 1424 2286 1636 2341; x_wconf 88' lang='lat' dir='ltr'><strong>fructus</strong></span> <span class='ocrx_word' id='word_1_184' title='bbox 1697 2284 1872 2340; x_wconf 79' lang='lat' dir='ltr'><strong>reficit</strong></span> <span class='ocrx_word' id='word_1_185' title='bbox 1908 2294 1969 2338; x_wconf 86' lang='lat' dir='ltr'><strong>et</strong></span> 
     </span>
    </p>
   </div>
   <div class='ocr_carea' id='block_1_28' title="bbox 380 2372 1967 2435">
    <p class='ocr_par' dir='ltr' id='par_1_28' title="bbox 380 2372 1967 2435">
     <span class='ocr_line' id='line_1_28' title="bbox 380 2372 1967 2435; baseline -0.004 0"><span class='ocrx_word' id='word_1_186' title='bbox 380 2382 568 2435; x_wconf 88' lang='lat' dir='ltr'><strong>umbra</strong></span> <span class='ocrx_word' id='word_1_187' title='bbox 589 2377 854 2433; x_wconf 79' lang='lat' dir='ltr'><strong>defendit.</strong></span> <span class='ocrx_word' id='word_1_188' title='bbox 890 2375 1412 2431; x_wconf 84' lang='lat' dir='ltr'><strong>Teterrimus-enim</strong></span> <span class='ocrx_word' id='word_1_189' title='bbox 1462 2375 1627 2430; x_wconf 81' lang='lat' dir='ltr'><strong>draco</strong></span> <span class='ocrx_word' id='word_1_190' title='bbox 1674 2372 1828 2429; x_wconf 83' lang='lat' dir='ltr'><strong>ferali</strong></span> <span class='ocrx_word' id='word_1_191' title='bbox 1871 2387 1967 2428; x_wconf 86' lang='lat' dir='ltr'><strong>eas</strong></span> 
     </span>
    </p>
   </div>
   <div class='ocr_carea' id='block_1_29' title="bbox 378 2464 1993 2539">
    <p class='ocr_par' dir='ltr' id='par_1_29' title="bbox 378 2464 1993 2539">
     <span class='ocr_line' id='line_1_29' title="bbox 378 2464 1993 2539; baseline -0.004 -16"><span class='ocrx_word' id='word_1_192' title='bbox 378 2470 719 2524; x_wconf 73' lang='lat' dir='ltr'><strong>inmanitate</strong></span> <span class='ocrx_word' id='word_1_193' title='bbox 770 2467 1136 2539; x_wconf 87' lang='lat' dir='ltr'><strong>persequitur,</strong></span> <span class='ocrx_word' id='word_1_194' title='bbox 1185 2475 1243 2521; x_wconf 88' lang='lat' dir='ltr'><strong>et</strong></span> <span class='ocrx_word' id='word_1_195' title='bbox 1291 2466 1503 2521; x_wconf 78' lang='lat' dir='ltr'><strong>cruenti</strong></span> <span class='ocrx_word' id='word_1_196' title='bbox 1539 2464 1777 2536; x_wconf 75' lang='lat' dir='ltr'><strong>gutturis</strong></span> <span class='ocrx_word' id='word_1_197' title='bbox 1806 2464 1993 2517; x_wconf 53' lang='lat' dir='ltr'><strong>bat-av</strong></span> 
     </span>
    </p>
   </div>
   <div class='ocr_carea' id='block_1_30' title="bbox 379 2559 1969 2622">
    <p class='ocr_par' dir='ltr' id='par_1_30' title="bbox 379 2559 1969 2622">
     <span class='ocr_line' id='line_1_30' title="bbox 379 2559 1969 2622; baseline -0.005 -1"><span class='ocrx_word' id='word_1_198' title='bbox 379 2568 503 2622; x_wconf 85' lang='lat' dir='ltr'><strong>thro</strong></span> <span class='ocrx_word' id='word_1_199' title='bbox 524 2566 771 2620; x_wconf 87' lang='lat' dir='ltr'><strong>inhiante</strong></span> <span class='ocrx_word' id='word_1_200' title='bbox 800 2564 1095 2620; x_wconf 79' lang='lat' dir='ltr'><strong>absorbere</strong></span> <span class='ocrx_word' id='word_1_201' title='bbox 1126 2561 1368 2618; x_wconf 88' lang='lat' dir='ltr'><strong>molitur.</strong></span> <span class='ocrx_word' id='word_1_202' title='bbox 1399 2560 1507 2615; x_wconf 90' lang='lat' dir='ltr'><strong>Sed</strong></span> <span class='ocrx_word' id='word_1_203' title='bbox 1538 2561 1683 2615; x_wconf 88' lang='lat' dir='ltr'><strong>sicut</strong></span> <span class='ocrx_word' id='word_1_204' title='bbox 1704 2559 1969 2614; x_wconf 68' lang='lat' dir='ltr'><strong>columba:</strong></span> 
     </span>
    </p>
   </div>
   <div class='ocr_carea' id='block_1_31' title="bbox 377 2651 1965 2722">
    <p class='ocr_par' dir='ltr' id='par_1_31' title="bbox 377 2651 1965 2722">
     <span class='ocr_line' id='line_1_31' title="bbox 377 2651 1965 2722; baseline -0.008 -9"><span class='ocrx_word' id='word_1_205' title='bbox 377 2659 695 2722; x_wconf 79' lang='lat' dir='ltr'><strong>draconem,</strong></span> <span class='ocrx_word' id='word_1_206' title='bbox 747 2657 821 2709; x_wconf 90' lang='lat' dir='ltr'><strong>ita</strong></span> <span class='ocrx_word' id='word_1_207' title='bbox 891 2654 1248 2709; x_wconf 86' lang='lat' dir='ltr'><strong>nihilominus</strong></span> <span class='ocrx_word' id='word_1_208' title='bbox 1292 2654 1457 2707; x_wconf 86' lang='lat' dir='ltr'><strong>draco</strong></span> <span class='ocrx_word' id='word_1_209' title='bbox 1513 2651 1774 2706; x_wconf 78' lang='lat' dir='ltr'><strong>formidat</strong></span> <span class='ocrx_word' id='word_1_210' title='bbox 1821 2663 1965 2714; x_wconf 87' lang='lat' dir='ltr'><strong>eam,</strong></span> 
     </span>
    </p>
   </div>
   <div class='ocr_carea' id='block_1_32' title="bbox 379 2737 1970 2817">
    <p class='ocr_par' dir='ltr' id='par_1_32' title="bbox 379 2737 1970 2817">
     <span class='ocr_line' id='line_1_32' title="bbox 379 2737 1970 2817; baseline -0.007 -16"><span class='ocrx_word' id='word_1_211' title='bbox 379 2763 539 2817; x_wconf 84' lang='lat' dir='ltr'><strong>quam</strong></span> <span class='ocrx_word' id='word_1_212' title='bbox 582 2745 954 2815; x_wconf 64' lang='lat' dir='ltr'><strong>pradiximus,</strong></span> <span class='ocrx_word' id='word_1_213' title='bbox 1016 2743 1271 2796; x_wconf 86' lang='lat' dir='ltr'><strong>arborem</strong></span> <span class='ocrx_word' id='word_1_214' title='bbox 1301 2759 1314 2794; x_wconf 89' lang='lat'>:</span> <span class='ocrx_word' id='word_1_215' title='bbox 1341 2740 1439 2796; x_wconf 83' lang='lat' dir='ltr'><strong>sed</strong></span> <span class='ocrx_word' id='word_1_216' title='bbox 1486 2740 1761 2809; x_wconf 62' lang='lat' dir='ltr'><strong>praecipue</strong></span> <span class='ocrx_word' id='word_1_217' title='bbox 1814 2737 1970 2792; x_wconf 83' lang='lat' dir='ltr'><strong>timet</strong></span> 
     </span>
    </p>
   </div>
   <div class='ocr_carea' id='block_1_33' title="bbox 385 2825 1968 2898">
    <p class='ocr_par' dir='ltr' id='par_1_33' title="bbox 385 2825 1968 2898">
     <span class='ocr_line' id='line_1_33' title="bbox 385 2825 1968 2898; baseline -0.008 -9"><span class='ocrx_word' id='word_1_218' title='bbox 385 2837 657 2898; x_wconf 85' lang='lat' dir='ltr'><strong>umbram,</strong></span> <span class='ocrx_word' id='word_1_219' title='bbox 684 2833 758 2886; x_wconf 88' lang='lat' dir='ltr'><strong>ita</strong></span> <span class='ocrx_word' id='word_1_220' title='bbox 790 2843 849 2885; x_wconf 94' lang='lat' dir='ltr'><strong>ut</strong></span> <span class='ocrx_word' id='word_1_221' title='bbox 870 2832 914 2885; x_wconf 88' lang='lat' dir='ltr'><strong>si</strong></span> <span class='ocrx_word' id='word_1_222' title='bbox 940 2831 1132 2884; x_wconf 91' lang='lat' dir='ltr'><strong>umbra</strong></span> <span class='ocrx_word' id='word_1_223' title='bbox 1168 2828 1333 2882; x_wconf 87' lang='lat' dir='ltr'><strong>fuerit</strong></span> <span class='ocrx_word' id='word_1_224' title='bbox 1354 2844 1384 2881; x_wconf 91' lang='lat' dir='ltr'><strong>a</strong></span> <span class='ocrx_word' id='word_1_225' title='bbox 1412 2837 1569 2895; x_wconf 89' lang='lat' dir='ltr'><strong>parte</strong></span> <span class='ocrx_word' id='word_1_226' title='bbox 1590 2825 1804 2881; x_wconf 90' lang='lat' dir='ltr'><strong>arboris</strong></span> <span class='ocrx_word' id='word_1_227' title='bbox 1836 2826 1968 2880; x_wconf 79' lang='lat' dir='ltr'><strong>dex-</strong></span> 
     </span>
    </p>
   </div>
   <div class='ocr_carea' id='block_1_34' title="bbox 392 2912 1967 2991">
    <p class='ocr_par' dir='ltr' id='par_1_34' title="bbox 392 2912 1967 2991">
     <span class='ocr_line' id='line_1_34' title="bbox 392 2912 1967 2991; baseline -0.005 -15"><span class='ocrx_word' id='word_1_228' title='bbox 392 2934 495 2985; x_wconf 79' lang='lat' dir='ltr'><strong>ira,</strong></span> <span class='ocrx_word' id='word_1_229' title='bbox 527 2922 615 2976; x_wconf 90' lang='lat' dir='ltr'><strong>ille</strong></span> <span class='ocrx_word' id='word_1_230' title='bbox 673 2919 799 2973; x_wconf 90' lang='lat' dir='ltr'><strong>licet</strong></span> <span class='ocrx_word' id='word_1_231' title='bbox 840 2916 1032 2991; x_wconf 90' lang='lat' dir='ltr'><strong>procul</strong></span> <span class='ocrx_word' id='word_1_232' title='bbox 1065 2916 1238 2988; x_wconf 91' lang='lat' dir='ltr'><strong>fugiat</strong></span> <span class='ocrx_word' id='word_1_233' title='bbox 1272 2916 1341 2969; x_wconf 89' lang='lat' dir='ltr'><strong>ad</strong></span> <span class='ocrx_word' id='word_1_234' title='bbox 1362 2915 1682 2977; x_wconf 82' lang='lat' dir='ltr'><strong>sinistram;</strong></span> <span class='ocrx_word' id='word_1_235' title='bbox 1723 2913 1867 2984; x_wconf 89' lang='lat' dir='ltr'><strong>quod</strong></span> <span class='ocrx_word' id='word_1_236' title='bbox 1918 2912 1967 2969; x_wconf 98' lang='lat' dir='ltr'><strong>si</strong></span> 
     </span>
    </p>
   </div>
   <div class='ocr_carea' id='block_1_35' title="bbox 384 3005 1965 3074">
    <p class='ocr_par' dir='ltr' id='par_1_35' title="bbox 384 3005 1965 3074">
     <span class='ocr_line' id='line_1_35' title="bbox 384 3005 1965 3074; baseline -0.006 -6"><span class='ocrx_word' id='word_1_237' title='bbox 384 3013 576 3067; x_wconf 87' lang='lat' dir='ltr'><strong>umbra</strong></span> <span class='ocrx_word' id='word_1_238' title='bbox 605 3012 849 3067; x_wconf 86' lang='lat' dir='ltr'><strong>cernitur</strong></span> <span class='ocrx_word' id='word_1_239' title='bbox 879 3010 933 3063; x_wconf 90' lang='lat' dir='ltr'><strong>in</strong></span> <span class='ocrx_word' id='word_1_240' title='bbox 961 3009 1206 3074; x_wconf 83' lang='lat' dir='ltr'><strong>sinistra,</strong></span> <span class='ocrx_word' id='word_1_241' title='bbox 1223 3007 1315 3062; x_wconf 87' lang='lat' dir='ltr'><strong>ille</strong></span> <span class='ocrx_word' id='word_1_242' title='bbox 1338 3015 1582 3061; x_wconf 89' lang='lat' dir='ltr'><strong>vertatur</strong></span> <span class='ocrx_word' id='word_1_243' title='bbox 1603 3006 1670 3060; x_wconf 91' lang='lat' dir='ltr'><strong>ad</strong></span> <span class='ocrx_word' id='word_1_244' title='bbox 1696 3005 1965 3061; x_wconf 75' lang='lat' dir='ltr'><strong>dextram.</strong></span> 
     </span>
    </p>
   </div>
   <div class='ocr_carea' id='block_1_36' title="bbox 1986 1758 2034 1818">
    <p class='ocr_par' dir='ltr' id='par_1_36' title="bbox 1986 1758 2034 1818">
     <span class='ocr_line' id='line_1_36' title="bbox 1986 1758 2034 1818; baseline 0 0"><span class='ocrx_word' id='word_1_245' title='bbox 1986 1758 2034 1818; x_wconf 86' lang='grc' dir='ltr'><strong>Β</strong></span> 
     </span>
    </p>
   </div>
   <div class='ocr_carea' id='block_1_37' title="bbox 2057 741 3646 815">
    <p class='ocr_par' dir='ltr' id='par_1_37' title="bbox 2057 741 3646 815">
     <span class='ocr_line' id='line_1_37' title="bbox 2057 741 3646 815; baseline -0.001 -15"><span class='ocrx_word' id='word_1_246' title='bbox 2057 744 2337 815; x_wconf 85' lang='lat' dir='ltr'><strong>Scriptura</strong></span> <span class='ocrx_word' id='word_1_247' title='bbox 2372 762 2387 798; x_wconf 89' lang='lat'><strong>:</strong></span> <span class='ocrx_word' id='word_1_248' title='bbox 2433 762 2453 795; x_wconf 77' lang='grc' dir='ltr'>ι</span> <span class='ocrx_word' id='word_1_249' title='bbox 2490 743 2626 811; x_wconf 86' lang='lat' dir='ltr'><strong>Quia</strong></span> <span class='ocrx_word' id='word_1_250' title='bbox 2654 741 2865 812; x_wconf 89' lang='lat' dir='ltr'><strong>tepidus</strong></span> <span class='ocrx_word' id='word_1_251' title='bbox 2882 756 2974 808; x_wconf 81' lang='lat' dir='ltr'><strong>es,</strong></span> <span class='ocrx_word' id='word_1_252' title='bbox 3006 741 3262 811; x_wconf 78' lang='lat' dir='ltr'><strong>incipiam</strong></span> <span class='ocrx_word' id='word_1_253' title='bbox 3292 748 3346 797; x_wconf 86' lang='lat' dir='ltr'><strong>te</strong></span> <span class='ocrx_word' id='word_1_254' title='bbox 3391 756 3646 799; x_wconf 84' lang='lat' dir='ltr'><strong>evomere</strong></span> 
     </span>
    </p>
   </div>
   <div class='ocr_carea' id='block_1_38' title="bbox 2055 834 2798 906">
    <p class='ocr_par' dir='ltr' id='par_1_38' title="bbox 2055 834 2798 906">
     <span class='ocr_line' id='line_1_38' title="bbox 2055 834 2798 906; baseline -0.005 -16"><span class='ocrx_word' id='word_1_255' title='bbox 2055 850 2124 890; x_wconf 71' lang='lat' dir='ltr'><strong>ex</strong></span> <span class='ocrx_word' id='word_1_256' title='bbox 2154 851 2248 892; x_wconf 89' lang='lat' dir='ltr'><strong>ore</strong></span> <span class='ocrx_word' id='word_1_257' title='bbox 2278 834 2606 906; x_wconf 46' lang='lat' dir='ltr'><strong>me0‘(Apoc.</strong></span> <span class='ocrx_word' id='word_1_258' title='bbox 2634 834 2741 905; x_wconf 85' lang='lat' dir='ltr'><strong>Ill).</strong></span> <span class='ocrx_word' id='word_1_259' title='bbox 2780 852 2798 886; x_wconf 73' lang='grc' dir='ltr'><strong>ι</strong></span> 
     </span>
    </p>
   </div>
   <div class='ocr_carea' id='block_1_39' title="bbox 2125 924 3684 995">
    <p class='ocr_par' dir='ltr' id='par_1_39' title="bbox 2125 924 3684 995">
     <span class='ocr_line' id='line_1_39' title="bbox 2125 924 3684 995; baseline -0.001 -15"><span class='ocrx_word' id='word_1_260' title='bbox 2125 926 2436 991; x_wconf 88' lang='lat' dir='ltr'><strong>Enimvero,</strong></span> <span class='ocrx_word' id='word_1_261' title='bbox 2462 925 2599 995; x_wconf 82' lang='lat' dir='ltr'><strong>quia</strong></span> <span class='ocrx_word' id='word_1_262' title='bbox 2628 925 2698 979; x_wconf 89' lang='lat' dir='ltr'><strong>ab</strong></span> <span class='ocrx_word' id='word_1_263' title='bbox 2724 934 2812 988; x_wconf 87' lang='lat' dir='ltr'><strong>eo,</strong></span> <span class='ocrx_word' id='word_1_264' title='bbox 2842 924 2986 993; x_wconf 90' lang='lat' dir='ltr'><strong>quod</strong></span> <span class='ocrx_word' id='word_1_265' title='bbox 3011 931 3138 977; x_wconf 86' lang='lat' dir='ltr'><strong>ante</strong></span> <span class='ocrx_word' id='word_1_266' title='bbox 3163 931 3512 993; x_wconf 88' lang='lat' dir='ltr'><strong>conceperat,</strong></span> <span class='ocrx_word' id='word_1_267' title='bbox 3535 937 3631 979; x_wconf 85' lang='lat' dir='ltr'><strong>ca-</strong></span> <span class='ocrx_word' id='word_1_268' title='bbox 3675 936 3684 964; x_wconf 69' lang='lat'><strong>&#39;-</strong></span> 
     </span>
    </p>
   </div>
   <div class='ocr_carea' id='block_1_40' title="bbox 2065 1014 3673 1087">
    <p class='ocr_par' dir='ltr' id='par_1_40' title="bbox 2065 1014 3673 1087">
     <span class='ocr_line' id='line_1_40' title="bbox 2065 1014 3673 1087; baseline 0.001 -16"><span class='ocrx_word' id='word_1_269' title='bbox 2065 1018 2180 1073; x_wconf 92' lang='lat' dir='ltr'><strong>lore</strong></span> <span class='ocrx_word' id='word_1_270' title='bbox 2212 1018 2457 1087; x_wconf 84' lang='lat' dir='ltr'><strong>tepescit,</strong></span> <span class='ocrx_word' id='word_1_271' title='bbox 2481 1017 2637 1087; x_wconf 85' lang='lat' dir='ltr'><strong>quasi</strong></span> <span class='ocrx_word' id='word_1_272' title='bbox 2673 1016 2740 1072; x_wconf 90' lang='lat' dir='ltr'><strong>de</strong></span> <span class='ocrx_word' id='word_1_273' title='bbox 2763 1015 3024 1085; x_wconf 81' lang='lat' dir='ltr'><strong>viro,-qui</strong></span> <span class='ocrx_word' id='word_1_274' title='bbox 3054 1014 3251 1080; x_wconf 83' lang='lat' dir='ltr'><strong>fuerat,</strong></span> <span class='ocrx_word' id='word_1_275' title='bbox 3286 1028 3417 1070; x_wconf 75' lang='lat' dir='ltr'><strong>sese</strong></span> <span class='ocrx_word' id='word_1_276' title='bbox 3456 1016 3512 1069; x_wconf 91' lang='lat' dir='ltr'><strong>in</strong></span> <span class='ocrx_word' id='word_1_277' title='bbox 3561 1015 3673 1075; x_wconf 83' lang='lat' dir='ltr'><strong>fe-.</strong></span> 
     </span>
    </p>
   </div>
   <div class='ocr_carea' id='block_1_41' title="bbox 2058 1106 3637 1179">
    <p class='ocr_par' dir='ltr' id='par_1_41' title="bbox 2058 1106 3637 1179">
     <span class='ocr_line' id='line_1_41' title="bbox 2058 1106 3637 1179; baseline -0.001 -15"><span class='ocrx_word' id='word_1_278' title='bbox 2058 1110 2260 1164; x_wconf 90' lang='lat' dir='ltr'><strong>minam</strong></span> <span class='ocrx_word' id='word_1_279' title='bbox 2278 1110 2463 1175; x_wconf 83' lang='lat' dir='ltr'><strong>vertit,</strong></span> <span class='ocrx_word' id='word_1_280' title='bbox 2486 1118 2542 1163; x_wconf 93' lang='lat' dir='ltr'><strong>et</strong></span> <span class='ocrx_word' id='word_1_281' title='bbox 2562 1109 2651 1164; x_wconf 90' lang='lat' dir='ltr'><strong>hie</strong></span> <span class='ocrx_word' id='word_1_282' title='bbox 2675 1108 2865 1179; x_wconf 79' lang='lat' dir='ltr'><strong>hyeme</strong></span> <span class='ocrx_word' id='word_1_283' title='bbox 2888 1106 3085 1161; x_wconf 90' lang='lat' dir='ltr'><strong>merito</strong></span> <span class='ocrx_word' id='word_1_284' title='bbox 3111 1116 3481 1176; x_wconf 85' lang='lat' dir='ltr'><strong>comparatur,</strong></span> <span class='ocrx_word' id='word_1_285' title='bbox 3513 1122 3637 1177; x_wconf 65' lang='lat' dir='ltr'><strong>qua</strong></span> 
     </span>
    </p>
   </div>
   <div class='ocr_carea' id='block_1_42' title="bbox 2061 1196 3637 1269">
    <p class='ocr_par' dir='ltr' id='par_1_42' title="bbox 2061 1196 3637 1269">
     <span class='ocr_line' id='line_1_42' title="bbox 2061 1196 3637 1269; baseline 0.001 -16"><span class='ocrx_word' id='word_1_286' title='bbox 2061 1214 2446 1269; x_wconf 89' lang='lat' dir='ltr'><strong>nonnunquam</strong></span> <span class='ocrx_word' id='word_1_287' title='bbox 2476 1199 2543 1254; x_wconf 92' lang='lat' dir='ltr'><strong>de</strong></span> <span class='ocrx_word' id='word_1_288' title='bbox 2569 1198 2808 1254; x_wconf 90' lang='lat' dir='ltr'><strong>masculo</strong></span> <span class='ocrx_word' id='word_1_289' title='bbox 2843 1197 2898 1252; x_wconf 91' lang='lat' dir='ltr'><strong>in</strong></span> <span class='ocrx_word' id='word_1_290' title='bbox 2926 1196 3208 1263; x_wconf 87' lang='lat' dir='ltr'><strong>feminam,</strong></span> <span class='ocrx_word' id='word_1_291' title='bbox 3240 1196 3540 1267; x_wconf 78' lang='lat' dir='ltr'><strong>aliquando</strong></span> <span class='ocrx_word' id='word_1_292' title='bbox 3569 1198 3637 1255; x_wconf 88' lang='lat' dir='ltr'><strong>de</strong></span> 
     </span>
    </p>
   </div>
   <div class='ocr_carea' id='block_1_43' title="bbox 2064 1289 3646 1364">
    <p class='ocr_par' dir='ltr' id='par_1_43' title="bbox 2064 1289 3646 1364">
     <span class='ocr_line' id='line_1_43' title="bbox 2064 1289 3646 1364; baseline -0.002 -17"><span class='ocrx_word' id='word_1_293' title='bbox 2064 1293 2264 1348; x_wconf 90' lang='lat' dir='ltr'><strong>femina</strong></span> <span class='ocrx_word' id='word_1_294' title='bbox 2320 1292 2375 1346; x_wconf 91' lang='lat' dir='ltr'><strong>in</strong></span> <span class='ocrx_word' id='word_1_295' title='bbox 2410 1290 2714 1364; x_wconf 76' lang='lat' dir='ltr'><strong>masculum</strong></span> <span class='ocrx_word' id='word_1_296' title='bbox 2754 1297 3157 1355; x_wconf 80' lang='lat' dir='ltr'><strong>commutatur,</strong></span> <span class='ocrx_word' id='word_1_297' title='bbox 3192 1299 3357 1359; x_wconf 89' lang='lat' dir='ltr'><strong>atque</strong></span> <span class='ocrx_word' id='word_1_298' title='bbox 3384 1289 3507 1346; x_wconf 90' lang='lat' dir='ltr'><strong>ideo</strong></span> <span class='ocrx_word' id='word_1_299' title='bbox 3541 1290 3646 1344; x_wconf 82' lang='lat' dir='ltr'><strong>im-</strong></span> 
     </span>
    </p>
   </div>
   <div class='ocr_carea' id='block_1_44' title="bbox 2068 1378 3650 1448">
    <p class='ocr_par' dir='ltr' id='par_1_44' title="bbox 2068 1378 3650 1448">
     <span class='ocr_line' id='line_1_44' title="bbox 2068 1378 3650 1448; baseline -0.003 -9"><span class='ocrx_word' id='word_1_300' title='bbox 2068 1385 2325 1439; x_wconf 90' lang='lat' dir='ltr'><strong>mundum</strong></span> <span class='ocrx_word' id='word_1_301' title='bbox 2357 1382 2557 1438; x_wconf 89' lang='lat' dir='ltr'><strong>animal</strong></span> <span class='ocrx_word' id='word_1_302' title='bbox 2586 1381 2807 1448; x_wconf 86' lang='lat' dir='ltr'><strong>dicitur,</strong></span> <span class='ocrx_word' id='word_1_303' title='bbox 2847 1388 2904 1437; x_wconf 90' lang='lat' dir='ltr'><strong>et</strong></span> <span class='ocrx_word' id='word_1_304' title='bbox 2932 1380 3004 1436; x_wconf 86' lang='lat' dir='ltr'><strong>ob</strong></span> <span class='ocrx_word' id='word_1_305' title='bbox 3056 1380 3110 1435; x_wconf 89' lang='lat' dir='ltr'><strong>id</strong></span> <span class='ocrx_word' id='word_1_306' title='bbox 3152 1378 3409 1435; x_wconf 84' lang='lat' dir='ltr'><strong>humanis</strong></span> <span class='ocrx_word' id='word_1_307' title='bbox 3462 1379 3650 1435; x_wconf 81' lang='lat' dir='ltr'><strong>esibus</strong></span> 
     </span>
    </p>
   </div>
   <div class='ocr_carea' id='block_1_45' title="bbox 2064 1469 3644 1546">
    <p class='ocr_par' dir='ltr' id='par_1_45' title="bbox 2064 1469 3644 1546">
     <span class='ocr_line' id='line_1_45' title="bbox 2064 1469 3644 1546; baseline -0.004 -18"><span class='ocrx_word' id='word_1_308' title='bbox 2064 1474 2411 1546; x_wconf 88' lang='lat' dir='ltr'><strong>prohibetur,</strong></span> <span class='ocrx_word' id='word_1_309' title='bbox 2438 1474 2505 1529; x_wconf 90' lang='lat' dir='ltr'><strong>de</strong></span> <span class='ocrx_word' id='word_1_310' title='bbox 2553 1486 2660 1543; x_wconf 89' lang='lat' dir='ltr'><strong>qua</strong></span> <span class='ocrx_word' id='word_1_311' title='bbox 2704 1484 2807 1543; x_wconf 82' lang='lat' dir='ltr'><strong>per</strong></span> <span class='ocrx_word' id='word_1_312' title='bbox 2847 1470 3144 1528; x_wconf 80' lang='lat' dir='ltr'><strong>Jeremiam</strong></span> <span class='ocrx_word' id='word_1_313' title='bbox 3172 1470 3413 1526; x_wconf 88' lang='lat' dir='ltr'><strong>dicitur:</strong></span> <span class='ocrx_word' id='word_1_314' title='bbox 3450 1486 3471 1522; x_wconf 71' lang='grc' dir='ltr'>ι</span> <span class='ocrx_word' id='word_1_315' title='bbox 3510 1469 3644 1541; x_wconf 78' lang='lat' dir='ltr'><strong>Spe-</strong></span> 
     </span>
    </p>
   </div>
   <div class='ocr_carea' id='block_1_46' title="bbox 2068 1561 3646 1638">
    <p class='ocr_par' dir='ltr' id='par_1_46' title="bbox 2068 1561 3646 1638">
     <span class='ocr_line' id='line_1_46' title="bbox 2068 1561 3646 1638; baseline -0.003 -17"><span class='ocrx_word' id='word_1_316' title='bbox 2068 1566 2223 1623; x_wconf 89' lang='lat' dir='ltr'><strong>lunca</strong></span> <span class='ocrx_word' id='word_1_317' title='bbox 2245 1566 2735 1638; x_wconf 66' lang='lat' dir='ltr'><strong>byenzehareditas</strong></span> <span class='ocrx_word' id='word_1_318' title='bbox 2760 1579 2879 1621; x_wconf 86' lang='lat' dir='ltr'><strong>mea</strong></span> <span class='ocrx_word' id='word_1_319' title='bbox 2894 1562 3035 1619; x_wconf 87' lang='lat' dir='ltr'><strong>facta</strong></span> <span class='ocrx_word' id='word_1_320' title='bbox 3054 1561 3562 1635; x_wconf 54' lang='lat' dir='ltr'><strong>estmihiilerau)</strong></span> <span class='ocrx_word' id='word_1_321' title='bbox 3582 1603 3595 1619; x_wconf 94' lang='lat'><strong>.</strong></span> <span class='ocrx_word' id='word_1_322' title='bbox 3623 1581 3646 1617; x_wconf 76' lang='grc' dir='ltr'><strong>ο</strong></span> 
     </span>
    </p>
   </div>
   <div class='ocr_carea' id='block_1_47' title="bbox 2630 1643 3080 1711">
    <p class='ocr_par' dir='ltr' id='par_1_47' title="bbox 2630 1643 3080 1711">
     <span class='ocr_line' id='line_1_47' title="bbox 2630 1643 3080 1711; baseline -0.002 0"><span class='ocrx_word' id='word_1_323' title='bbox 2630 1643 2907 1711; x_wconf 76' lang='lat' dir='ltr'><strong>CAPUT</strong></span> <span class='ocrx_word' id='word_1_324' title='bbox 2945 1653 3080 1710; x_wconf 82' lang='lat' dir='ltr'><strong>XX.</strong></span> 
     </span>
    </p>
   </div>
   <div class='ocr_carea' id='block_1_48' title="bbox 2672 1746 3049 1817">
    <p class='ocr_par' dir='ltr' id='par_1_48' title="bbox 2672 1746 3049 1817">
     <span class='ocr_line' id='line_1_48' title="bbox 2672 1746 3049 1817; baseline 0.003 -16"><span class='ocrx_word' id='word_1_325' title='bbox 2672 1746 2752 1802; x_wconf 84' lang='lat' dir='ltr'><strong>De</strong></span> <span class='ocrx_word' id='word_1_326' title='bbox 2770 1748 3049 1817; x_wconf 62' lang='lat' dir='ltr'><strong>panthera.</strong></span> 
     </span>
    </p>
   </div>
   <div class='ocr_carea' id='block_1_49' title="bbox 2135 1836 3652 1911">
    <p class='ocr_par' dir='ltr' id='par_1_49' title="bbox 2135 1836 3652 1911">
     <span class='ocr_line' id='line_1_49' title="bbox 2135 1836 3652 1911; baseline -0.002 -17"><span class='ocrx_word' id='word_1_327' title='bbox 2135 1839 2272 1895; x_wconf 88' lang='lat' dir='ltr'><strong>Huic</strong></span> <span class='ocrx_word' id='word_1_328' title='bbox 2319 1840 2585 1911; x_wconf 89' lang='lat' dir='ltr'><strong>panthera</strong></span> <span class='ocrx_word' id='word_1_329' title='bbox 2640 1851 2736 1907; x_wconf 91' lang='lat' dir='ltr'><strong>per</strong></span> <span class='ocrx_word' id='word_1_330' title='bbox 2772 1836 3144 1893; x_wconf 82' lang='lat' dir='ltr'><strong>diversitatem</strong></span> <span class='ocrx_word' id='word_1_331' title='bbox 3188 1845 3405 1891; x_wconf 69' lang='lat' dir='ltr'><strong>natura:</strong></span> <span class='ocrx_word' id='word_1_332' title='bbox 3437 1836 3652 1892; x_wconf 80' lang='lat' dir='ltr'><strong>videtur</strong></span> 
     </span>
    </p>
   </div>
   <div class='ocr_carea' id='block_1_50' title="bbox 2061 1925 3643 2013">
    <p class='ocr_par' dir='ltr' id='par_1_50' title="bbox 2061 1925 3643 2013">
     <span class='ocr_line' id='line_1_50' title="bbox 2061 1925 3643 2013; baseline -0.003 -29"><span class='ocrx_word' id='word_1_333' title='bbox 2061 1931 2284 1985; x_wconf 91' lang='lat' dir='ltr'><strong>omnino</strong></span> <span class='ocrx_word' id='word_1_334' title='bbox 2336 1928 2631 1993; x_wconf 88' lang='lat' dir='ltr'><strong>contraria,</strong></span> <span class='ocrx_word' id='word_1_335' title='bbox 2655 1925 3031 2013; x_wconf 59' lang='lat' dir='ltr'><strong>quodpnimal</strong></span> <span class='ocrx_word' id='word_1_336' title='bbox 3070 1925 3255 1982; x_wconf 84' lang='lat' dir='ltr'><strong>calore</strong></span> <span class='ocrx_word' id='word_1_337' title='bbox 3284 1926 3502 1995; x_wconf 88' lang='lat' dir='ltr'><strong>quidem</strong></span> <span class='ocrx_word' id='word_1_338' title='bbox 3548 1942 3643 1981; x_wconf 80' lang='lat' dir='ltr'><strong>va-</strong></span> 
     </span>
    </p>
   </div>
   <div class='ocr_carea' id='block_1_51' title="bbox 2064 2017 3657 2092">
    <p class='ocr_par' dir='ltr' id='par_1_51' title="bbox 2064 2017 3657 2092">
     <span class='ocr_line' id='line_1_51' title="bbox 2064 2017 3657 2092; baseline -0.007 -10"><span class='ocrx_word' id='word_1_339' title='bbox 2064 2027 2231 2090; x_wconf 93' lang='lat' dir='ltr'><strong>rium,</strong></span> <span class='ocrx_word' id='word_1_340' title='bbox 2261 2022 2356 2079; x_wconf 89' lang='lat' dir='ltr'><strong>sed</strong></span> <span class='ocrx_word' id='word_1_341' title='bbox 2410 2021 2593 2092; x_wconf 88' lang='lat' dir='ltr'><strong>specie</strong></span> <span class='ocrx_word' id='word_1_342' title='bbox 2621 2019 2910 2090; x_wconf 81' lang='lat' dir='ltr'><strong>pulchrum</strong></span> <span class='ocrx_word' id='word_1_343' title='bbox 2949 2026 3012 2073; x_wconf 82' lang='lat' dir='ltr'><strong>et</strong></span> <span class='ocrx_word' id='word_1_344' title='bbox 3044 2017 3427 2087; x_wconf 64' lang='lat' dir='ltr'><strong>simplicitatis</strong></span> <span class='ocrx_word' id='word_1_345' title='bbox 3466 2018 3657 2087; x_wconf 74' lang='lat' dir='ltr'><strong>gratia</strong></span> 
     </span>
    </p>
   </div>
   <div class='ocr_carea' id='block_1_52' title="bbox 2064 2107 3657 2176">
    <p class='ocr_par' dir='ltr' id='par_1_52' title="bbox 2064 2107 3657 2176">
     <span class='ocr_line' id='line_1_52' title="bbox 2064 2107 3657 2176; baseline -0.006 -6"><span class='ocrx_word' id='word_1_346' title='bbox 2064 2119 2436 2175; x_wconf 82' lang='lat' dir='ltr'><strong>mansuetum,</strong></span> <span class='ocrx_word' id='word_1_347' title='bbox 2482 2109 2586 2165; x_wconf 90' lang='lat' dir='ltr'><strong>soli</strong></span> <span class='ocrx_word' id='word_1_348' title='bbox 2606 2116 2820 2163; x_wconf 86' lang='lat' dir='ltr'><strong>tantum</strong></span> <span class='ocrx_word' id='word_1_349' title='bbox 2842 2107 3062 2163; x_wconf 79' lang='lat' dir='ltr'><strong>draconi</strong></span> <span class='ocrx_word' id='word_1_350' title='bbox 3080 2107 3353 2176; x_wconf 79' lang='lat' dir='ltr'><strong>probatur</strong></span> <span class='ocrx_word' id='word_1_351' title='bbox 3379 2120 3502 2161; x_wconf 85' lang='lat' dir='ltr'><strong>esse</strong></span> <span class='ocrx_word' id='word_1_352' title='bbox 3524 2121 3657 2162; x_wconf 86' lang='lat' dir='ltr'><strong>eon-</strong></span> 
     </span>
    </p>
   </div>
   <div class='ocr_carea' id='block_1_53' title="bbox 2064 2197 3648 2270">
    <p class='ocr_par' dir='ltr' id='par_1_53' title="bbox 2064 2197 3648 2270">
     <span class='ocr_line' id='line_1_53' title="bbox 2064 2197 3648 2270; baseline -0.005 -9"><span class='ocrx_word' id='word_1_353' title='bbox 2064 2205 2312 2261; x_wconf 74' lang='lat' dir='ltr'><strong>trarium.</strong></span> <span class='ocrx_word' id='word_1_354' title='bbox 2344 2201 2471 2257; x_wconf 63' lang='lat' dir='ltr'><strong>Haec</strong></span> <span class='ocrx_word' id='word_1_355' title='bbox 2508 2201 2691 2270; x_wconf 83' lang='lat' dir='ltr'><strong>itaque</strong></span> <span class='ocrx_word' id='word_1_356' title='bbox 2732 2198 3001 2270; x_wconf 76' lang='lat' dir='ltr'><strong>panthera</strong></span> <span class='ocrx_word' id='word_1_357' title='bbox 3038 2213 3160 2253; x_wconf 86' lang='lat' dir='ltr'><strong>eum</strong></span> <span class='ocrx_word' id='word_1_358' title='bbox 3189 2197 3419 2253; x_wconf 88' lang='lat' dir='ltr'><strong>diversis</strong></span> <span class='ocrx_word' id='word_1_359' title='bbox 3461 2212 3523 2252; x_wconf 84' lang='lat' dir='ltr'><strong>se</strong></span> <span class='ocrx_word' id='word_1_360' title='bbox 3549 2213 3648 2253; x_wconf 85' lang='lat' dir='ltr'><strong>ve-</strong></span> 
     </span>
    </p>
   </div>
   <div class='ocr_carea' id='block_1_54' title="bbox 2065 2287 3657 2358">
    <p class='ocr_par' dir='ltr' id='par_1_54' title="bbox 2065 2287 3657 2358">
     <span class='ocr_line' id='line_1_54' title="bbox 2065 2287 3657 2358; baseline -0.005 -7"><span class='ocrx_word' id='word_1_361' title='bbox 2065 2295 2375 2352; x_wconf 85' lang='lat' dir='ltr'><strong>nationibus</strong></span> <span class='ocrx_word' id='word_1_362' title='bbox 2400 2291 2674 2356; x_wconf 87' lang='lat' dir='ltr'><strong>refecerit,</strong></span> <span class='ocrx_word' id='word_1_363' title='bbox 2703 2304 2828 2345; x_wconf 81' lang='lat' dir='ltr'><strong>mox</strong></span> <span class='ocrx_word' id='word_1_364' title='bbox 2858 2289 2913 2344; x_wconf 89' lang='lat' dir='ltr'><strong>in</strong></span> <span class='ocrx_word' id='word_1_365' title='bbox 2938 2303 3041 2344; x_wconf 85' lang='lat' dir='ltr'><strong>suo</strong></span> <span class='ocrx_word' id='word_1_366' title='bbox 3070 2287 3268 2358; x_wconf 63' lang='lat' dir='ltr'><strong>spelaea</strong></span> <span class='ocrx_word' id='word_1_367' title='bbox 3294 2288 3657 2358; x_wconf 76' lang='lat' dir='ltr'><strong>se-reeipiens</strong></span> 
     </span>
    </p>
   </div>
   <div class='ocr_carea' id='block_1_55' title="bbox 2067 2378 3656 2454">
    <p class='ocr_par' dir='ltr' id='par_1_55' title="bbox 2067 2378 3656 2454">
     <span class='ocr_line' id='line_1_55' title="bbox 2067 2378 3656 2454; baseline -0.006 -12"><span class='ocrx_word' id='word_1_368' title='bbox 2067 2386 2303 2442; x_wconf 89' lang='lat' dir='ltr'><strong>dormit:</strong></span> <span class='ocrx_word' id='word_1_369' title='bbox 2334 2391 2456 2454; x_wconf 85' lang='lat' dir='ltr'><strong>post</strong></span> <span class='ocrx_word' id='word_1_370' title='bbox 2494 2382 2733 2436; x_wconf 87' lang='lat' dir='ltr'><strong>triduum</strong></span> <span class='ocrx_word' id='word_1_371' title='bbox 2768 2391 2898 2435; x_wconf 87' lang='lat' dir='ltr'><strong>vero</strong></span> <span class='ocrx_word' id='word_1_372' title='bbox 2928 2378 3132 2434; x_wconf 86' lang='lat' dir='ltr'><strong>refecta</strong></span> <span class='ocrx_word' id='word_1_373' title='bbox 3181 2392 3378 2449; x_wconf 83' lang='lat' dir='ltr'><strong>sopore</strong></span> <span class='ocrx_word' id='word_1_374' title='bbox 3416 2393 3656 2434; x_wconf 77' lang='lat' dir='ltr'><strong>consur-</strong></span> 
     </span>
    </p>
   </div>
   <div class='ocr_carea' id='block_1_56' title="bbox 2067 2469 3655 2550">
    <p class='ocr_par' dir='ltr' id='par_1_56' title="bbox 2067 2469 3655 2550">
     <span class='ocr_line' id='line_1_56' title="bbox 2067 2469 3655 2550; baseline -0.007 -17"><span class='ocrx_word' id='word_1_375' title='bbox 2067 2492 2197 2550; x_wconf 87' lang='lat' dir='ltr'><strong>gens</strong></span> <span class='ocrx_word' id='word_1_376' title='bbox 2233 2486 2485 2546; x_wconf 89' lang='lat' dir='ltr'><strong>magnum</strong></span> <span class='ocrx_word' id='word_1_377' title='bbox 2530 2471 2732 2525; x_wconf 69' lang='lat' dir='ltr'><strong>emittit</strong></span> <span class='ocrx_word' id='word_1_378' title='bbox 2775 2483 2899 2524; x_wconf 81' lang='lat' dir='ltr'><strong>cum</strong></span> <span class='ocrx_word' id='word_1_379' title='bbox 2960 2469 3199 2524; x_wconf 83' lang='lat' dir='ltr'><strong>clamore</strong></span> <span class='ocrx_word' id='word_1_380' title='bbox 3235 2469 3493 2537; x_wconf 80' lang='lat' dir='ltr'><strong>rugitum,</strong></span> <span class='ocrx_word' id='word_1_381' title='bbox 3528 2484 3655 2523; x_wconf 87' lang='lat' dir='ltr'><strong>eum</strong></span> 
     </span>
    </p>
   </div>
   <div class='ocr_carea' id='block_1_57' title="bbox 2065 2558 3657 2637">
    <p class='ocr_par' dir='ltr' id='par_1_57' title="bbox 2065 2558 3657 2637">
     <span class='ocr_line' id='line_1_57' title="bbox 2065 2558 3657 2637; baseline -0.007 -14"><span class='ocrx_word' id='word_1_382' title='bbox 2065 2582 2175 2637; x_wconf 89' lang='lat' dir='ltr'><strong>quo</strong></span> <span class='ocrx_word' id='word_1_383' title='bbox 2201 2565 2361 2621; x_wconf 87' lang='lat' dir='ltr'><strong>simul</strong></span> <span class='ocrx_word' id='word_1_384' title='bbox 2389 2564 2568 2633; x_wconf 86' lang='lat' dir='ltr'><strong>rugitu</strong></span> <span class='ocrx_word' id='word_1_385' title='bbox 2598 2560 2883 2615; x_wconf 72' lang='lat' dir='ltr'><strong>tam&#39;mirte</strong></span> <span class='ocrx_word' id='word_1_386' title='bbox 2932 2560 3216 2614; x_wconf 79' lang='lat' dir='ltr'><strong>suavitatis</strong></span> <span class='ocrx_word' id='word_1_387' title='bbox 3242 2569 3403 2629; x_wconf 87' lang='lat' dir='ltr'><strong>atque</strong></span> <span class='ocrx_word' id='word_1_388' title='bbox 3423 2558 3657 2630; x_wconf 84' lang='lat' dir='ltr'><strong>ﬂagran-</strong></span> 
     </span>
    </p>
   </div>
   <div class='ocr_carea' id='block_1_58' title="bbox 2069 2651 3655 2725">
    <p class='ocr_par' dir='ltr' id='par_1_58' title="bbox 2069 2651 3655 2725">
     <span class='ocr_line' id='line_1_58' title="bbox 2069 2651 3655 2725; baseline -0.004 -13"><span class='ocrx_word' id='word_1_389' title='bbox 2069 2660 2155 2712; x_wconf 76' lang='lat' dir='ltr'><strong>tia:</strong></span> <span class='ocrx_word' id='word_1_390' title='bbox 2175 2659 2307 2712; x_wconf 91' lang='lat' dir='ltr'><strong>odor</strong></span> <span class='ocrx_word' id='word_1_391' title='bbox 2331 2655 2627 2725; x_wconf 78' lang='lat' dir='ltr'><strong>egreditur,</strong></span> <span class='ocrx_word' id='word_1_392' title='bbox 2656 2662 2715 2707; x_wconf 91' lang='lat' dir='ltr'><strong>ut</strong></span> <span class='ocrx_word' id='word_1_393' title='bbox 2748 2668 2939 2709; x_wconf 90' lang='lat' dir='ltr'><strong>omnes</strong></span> <span class='ocrx_word' id='word_1_394' title='bbox 2994 2652 3394 2722; x_wconf 78' lang='lat' dir='ltr'><strong>pigmentorum</strong></span> <span class='ocrx_word' id='word_1_395' title='bbox 3420 2651 3505 2706; x_wconf 87' lang='lat' dir='ltr'><strong>vel</strong></span> <span class='ocrx_word' id='word_1_396' title='bbox 3533 2666 3655 2706; x_wconf 57' lang='lat' dir='ltr'><strong>aro.</strong></span> 
     </span>
    </p>
   </div>
   <div class='ocr_carea' id='block_1_59' title="bbox 2068 2742 3657 2815">
    <p class='ocr_par' dir='ltr' id='par_1_59' title="bbox 2068 2742 3657 2815">
     <span class='ocr_line' id='line_1_59' title="bbox 2068 2742 3657 2815; baseline -0.003 -14"><span class='ocrx_word' id='word_1_397' title='bbox 2068 2755 2271 2802; x_wconf 88' lang='lat' dir='ltr'><strong>matum</strong></span> <span class='ocrx_word' id='word_1_398' title='bbox 2302 2746 2514 2815; x_wconf 88' lang='lat' dir='ltr'><strong>species</strong></span> <span class='ocrx_word' id='word_1_399' title='bbox 2550 2744 2773 2800; x_wconf 84' lang='lat' dir='ltr'><strong>vincere</strong></span> <span class='ocrx_word' id='word_1_400' title='bbox 2806 2742 3081 2799; x_wconf 74' lang='lat' dir='ltr'><strong>videatur.</strong></span> <span class='ocrx_word' id='word_1_401' title='bbox 3102 2742 3320 2798; x_wconf 63' lang='lat' dir='ltr'><strong>&#39;Omnes</strong></span> <span class='ocrx_word' id='word_1_402' title='bbox 3344 2751 3527 2798; x_wconf 87' lang='lat' dir='ltr'><strong>autem</strong></span> <span class='ocrx_word' id='word_1_403' title='bbox 3556 2743 3657 2797; x_wconf 86' lang='lat' dir='ltr'><strong>be-</strong></span> 
     </span>
    </p>
   </div>
   <div class='ocr_carea' id='block_1_60' title="bbox 2067 2833 3656 2905">
    <p class='ocr_par' dir='ltr' id='par_1_60' title="bbox 2067 2833 3656 2905">
     <span class='ocr_line' id='line_1_60' title="bbox 2067 2833 3656 2905; baseline -0.003 -12"><span class='ocrx_word' id='word_1_404' title='bbox 2067 2839 2185 2894; x_wconf 69' lang='lat' dir='ltr'><strong>stiae</strong></span> <span class='ocrx_word' id='word_1_405' title='bbox 2232 2837 2485 2901; x_wconf 84' lang='lat' dir='ltr'><strong>saltuum,</strong></span> <span class='ocrx_word' id='word_1_406' title='bbox 2518 2837 2587 2891; x_wconf 90' lang='lat' dir='ltr'><strong>ad</strong></span> <span class='ocrx_word' id='word_1_407' title='bbox 2612 2851 2749 2905; x_wconf 88' lang='lat' dir='ltr'><strong>quas</strong></span> <span class='ocrx_word' id='word_1_408' title='bbox 2786 2835 2921 2891; x_wconf 88' lang='lat' dir='ltr'><strong>odor</strong></span> <span class='ocrx_word' id='word_1_409' title='bbox 2966 2833 3055 2889; x_wconf 92' lang='lat' dir='ltr'><strong>ille</strong></span> <span class='ocrx_word' id='word_1_410' title='bbox 3078 2834 3368 2905; x_wconf 85' lang='lat' dir='ltr'><strong>pertingit,</strong></span> <span class='ocrx_word' id='word_1_411' title='bbox 3411 2836 3479 2889; x_wconf 84' lang='lat' dir='ltr'><strong>ad</strong></span> <span class='ocrx_word' id='word_1_412' title='bbox 3533 2849 3656 2889; x_wconf 89' lang='lat' dir='ltr'><strong>eam</strong></span> 
     </span>
    </p>
   </div>
   <div class='ocr_carea' id='block_1_61' title="bbox 2066 2925 3651 3001">
    <p class='ocr_par' dir='ltr' id='par_1_61' title="bbox 2066 2925 3651 3001">
     <span class='ocr_line' id='line_1_61' title="bbox 2066 2925 3651 3001; baseline -0.003 -17"><span class='ocrx_word' id='word_1_413' title='bbox 2066 2929 2314 3001; x_wconf 87' lang='lat' dir='ltr'><strong>protinus</strong></span> <span class='ocrx_word' id='word_1_414' title='bbox 2343 2927 2643 2993; x_wconf 91' lang='lat' dir='ltr'><strong>conﬂuunt,</strong></span> <span class='ocrx_word' id='word_1_415' title='bbox 2693 2942 2759 2983; x_wconf 89' lang='lat' dir='ltr'><strong>ae</strong></span> <span class='ocrx_word' id='word_1_416' title='bbox 2798 2934 2971 2982; x_wconf 72' lang='lat' dir='ltr'><strong>tanta:</strong></span> <span class='ocrx_word' id='word_1_417' title='bbox 3012 2925 3302 2981; x_wconf 83' lang='lat' dir='ltr'><strong>suavitatis</strong></span> <span class='ocrx_word' id='word_1_418' title='bbox 3358 2926 3651 2995; x_wconf 84' lang='lat' dir='ltr'><strong>spiramine</strong></span> 
     </span>
    </p>
   </div>
   <div class='ocr_carea' id='block_1_62' title="bbox 2067 3018 3654 3087">
    <p class='ocr_par' dir='ltr' id='par_1_62' title="bbox 2067 3018 3654 3087">
     <span class='ocr_line' id='line_1_62' title="bbox 2067 3018 3654 3087; baseline -0.004 -8"><span class='ocrx_word' id='word_1_419' title='bbox 2067 3020 2439 3087; x_wconf 87' lang='lat' dir='ltr'><strong>delectantur;</strong></span> <span class='ocrx_word' id='word_1_420' title='bbox 2468 3020 2619 3075; x_wconf 85' lang='lat' dir='ltr'><strong>solus</strong></span> <span class='ocrx_word' id='word_1_421' title='bbox 2640 3029 2822 3075; x_wconf 72' lang='lat' dir='ltr'><strong>autem</strong></span> <span class='ocrx_word' id='word_1_422' title='bbox 2850 3020 3036 3086; x_wconf 82' lang='lat' dir='ltr'><strong>draco,</strong></span> <span class='ocrx_word' id='word_1_423' title='bbox 3062 3027 3184 3075; x_wconf 83' lang='lat' dir='ltr'><strong>cum</strong></span> <span class='ocrx_word' id='word_1_424' title='bbox 3209 3034 3396 3075; x_wconf 91' lang='lat' dir='ltr'><strong>vocem</strong></span> <span class='ocrx_word' id='word_1_425' title='bbox 3422 3018 3539 3087; x_wconf 80' lang='lat' dir='ltr'><strong>ejus</strong></span> <span class='ocrx_word' id='word_1_426' title='bbox 3558 3035 3654 3073; x_wconf 84' lang='lat' dir='ltr'><strong>au-</strong></span> 
     </span>
    </p>
   </div>
   <div class='ocr_carea' id='block_1_63' title="bbox 383 3093 1966 3178">
    <p class='ocr_par' dir='ltr' id='par_1_63' title="bbox 383 3093 1963 3178">
     <span class='ocr_line' id='line_1_63' title="bbox 383 3093 1963 3178; baseline -0.006 -18"><span class='ocrx_word' id='word_1_427' title='bbox 383 3104 565 3159; x_wconf 80' lang='lat' dir='ltr'><strong>Bonee</strong></span> <span class='ocrx_word' id='word_1_428' title='bbox 609 3116 739 3173; x_wconf 86' lang='lat' dir='ltr'><strong>ergo</strong></span> <span class='ocrx_word' id='word_1_429' title='bbox 787 3100 1050 3157; x_wconf 71' lang='lat' dir='ltr'><strong>columba:</strong></span> <span class='ocrx_word' id='word_1_430' title='bbox 1094 3099 1196 3153; x_wconf 89' lang='lat' dir='ltr'><strong>sub</strong></span> <span class='ocrx_word' id='word_1_431' title='bbox 1230 3097 1441 3178; x_wconf 81' lang='lat' dir='ltr'><strong>arboris</strong></span> <span class='ocrx_word' id='word_1_432' title='bbox 1476 3096 1620 3151; x_wconf 90' lang='lat' dir='ltr'><strong>illius</strong></span> <span class='ocrx_word' id='word_1_433' title='bbox 1646 3093 1963 3150; x_wconf 87' lang='lat' dir='ltr'><strong>umbraculo</strong></span> 
     </span>
    </p>
   </div>
   <div class='ocr_carea' id='block_1_64' title="bbox 2069 3093 3656 3178">
    <p class='ocr_par' dir='ltr' id='par_1_64' title="bbox 2076 3110 3656 3178">
     <span class='ocr_line' id='line_1_64' title="bbox 2076 3110 3656 3178; baseline -0.004 -9"><span class='ocrx_word' id='word_1_434' title='bbox 2076 3112 2255 3178; x_wconf 85' lang='lat' dir='ltr'><strong>dierit,</strong></span> <span class='ocrx_word' id='word_1_435' title='bbox 2284 3112 2686 3167; x_wconf 85' lang='lat' dir='ltr'><strong>nimioterrore</strong></span> <span class='ocrx_word' id='word_1_436' title='bbox 2714 3111 3073 3177; x_wconf 84' lang='lat' dir='ltr'><strong>contrahitur,</strong></span> <span class='ocrx_word' id='word_1_437' title='bbox 3106 3126 3171 3166; x_wconf 89' lang='lat' dir='ltr'><strong>ac</strong></span> <span class='ocrx_word' id='word_1_438' title='bbox 3199 3110 3566 3166; x_wconf 83' lang='lat' dir='ltr'><strong>subterraneis</strong></span> <span class='ocrx_word' id='word_1_439' title='bbox 3593 3110 3656 3165; x_wconf 65' lang='lat' dir='ltr'><strong>ilo</strong></span> 
     </span>
    </p>
   </div>
   <div class='ocr_carea' id='block_1_65' title="bbox 381 3176 1968 3259">
    <p class='ocr_par' dir='ltr' id='par_1_65' title="bbox 381 3176 1968 3259">
     <span class='ocr_line' id='line_1_65' title="bbox 381 3176 1968 3259; baseline -0.006 -11"><span class='ocrx_word' id='word_1_440' title='bbox 381 3195 585 3250; x_wconf 82' lang='lat' dir='ltr'><strong>fuerint</strong></span> <span class='ocrx_word' id='word_1_441' title='bbox 613 3201 979 3259; x_wconf 67' lang='lat' dir='ltr'><strong>commorans,</strong></span> <span class='ocrx_word' id='word_1_442' title='bbox 1032 3191 1197 3246; x_wconf 91' lang='lat' dir='ltr'><strong>nullis</strong></span> <span class='ocrx_word' id='word_1_443' title='bbox 1243 3204 1339 3245; x_wconf 91' lang='lat' dir='ltr'><strong>eas</strong></span> <span class='ocrx_word' id='word_1_444' title='bbox 1367 3176 1602 3243; x_wconf 77' lang='lat' dir='ltr'><strong>crudelis</strong></span> <span class='ocrx_word' id='word_1_445' title='bbox 1626 3187 1797 3242; x_wconf 87' lang='lat' dir='ltr'><strong>bestia</strong></span> <span class='ocrx_word' id='word_1_446' title='bbox 1823 3184 1968 3240; x_wconf 90' lang='lat' dir='ltr'><strong>valet</strong></span> 
     </span>
    </p>
   </div>
   <div class='ocr_carea' id='block_1_66' title="bbox 382 3278 1970 3355">
    <p class='ocr_par' dir='ltr' id='par_1_66' title="bbox 382 3278 1970 3355">
     <span class='ocr_line' id='line_1_66' title="bbox 382 3278 1970 3355; baseline -0.008 -12"><span class='ocrx_word' id='word_1_447' title='bbox 382 3286 593 3344; x_wconf 83' lang='lat' dir='ltr'><strong>insidiis</strong></span> <span class='ocrx_word' id='word_1_448' title='bbox 614 3286 839 3352; x_wconf 68' lang='lat' dir='ltr'><strong>laedere;</strong></span> <span class='ocrx_word' id='word_1_449' title='bbox 864 3283 1106 3355; x_wconf 90' lang='lat' dir='ltr'><strong>alioquin</strong></span> <span class='ocrx_word' id='word_1_450' title='bbox 1128 3283 1174 3338; x_wconf 88' lang='lat' dir='ltr'><strong>si</strong></span> <span class='ocrx_word' id='word_1_451' title='bbox 1206 3281 1393 3354; x_wconf 89' lang='lat' dir='ltr'><strong>procul</strong></span> <span class='ocrx_word' id='word_1_452' title='bbox 1417 3296 1512 3337; x_wconf 88' lang='lat' dir='ltr'><strong>eas</strong></span> <span class='ocrx_word' id='word_1_453' title='bbox 1531 3278 1823 3345; x_wconf 82' lang='lat' dir='ltr'><strong>invenerit,</strong></span> <span class='ocrx_word' id='word_1_454' title='bbox 1851 3278 1970 3333; x_wconf 84' lang='lat' dir='ltr'><strong>sine</strong></span> 
     </span>
    </p>
   </div>
   <div class='ocr_carea' id='block_1_67' title="bbox 382 3368 1963 3443">
    <p class='ocr_par' dir='ltr' id='par_1_67' title="bbox 382 3368 1963 3443">
     <span class='ocr_line' id='line_1_67' title="bbox 382 3368 1963 3443; baseline -0.007 -11"><span class='ocrx_word' id='word_1_455' title='bbox 382 3376 491 3433; x_wconf 91' lang='lat' dir='ltr'><strong>ullo</strong></span> <span class='ocrx_word' id='word_1_456' title='bbox 540 3374 992 3432; x_wconf 88' lang='lat' dir='ltr'><strong>contradictionis</strong></span> <span class='ocrx_word' id='word_1_457' title='bbox 1039 3371 1323 3428; x_wconf 90' lang='lat' dir='ltr'><strong>obstaculo</strong></span> <span class='ocrx_word' id='word_1_458' title='bbox 1363 3370 1681 3443; x_wconf 87' lang='lat' dir='ltr'><strong>repentinus</strong></span> <span class='ocrx_word' id='word_1_459' title='bbox 1738 3368 1963 3423; x_wconf 89' lang='lat' dir='ltr'><strong>invadit.</strong></span> 
     </span>
    </p>
   </div>
   <div class='ocr_carea' id='block_1_68' title="bbox 384 3458 1969 3536">
    <p class='ocr_par' dir='ltr' id='par_1_68' title="bbox 384 3458 1969 3536">
     <span class='ocr_line' id='line_1_68' title="bbox 384 3458 1969 3536; baseline -0.008 -13"><span class='ocrx_word' id='word_1_460' title='bbox 384 3469 495 3523; x_wconf 83' lang='lat' dir='ltr'><strong>Nos</strong></span> <span class='ocrx_word' id='word_1_461' title='bbox 514 3466 678 3536; x_wconf 88' lang='lat' dir='ltr'><strong>plane</strong></span> <span class='ocrx_word' id='word_1_462' title='bbox 705 3464 903 3535; x_wconf 83' lang='lat' dir='ltr'><strong>quibus</strong></span> <span class='ocrx_word' id='word_1_463' title='bbox 929 3463 1250 3534; x_wconf 84' lang='lat' dir='ltr'><strong>simplicitas</strong></span> <span class='ocrx_word' id='word_1_464' title='bbox 1274 3461 1585 3518; x_wconf 88' lang='lat' dir='ltr'><strong>columbina</strong></span> <span class='ocrx_word' id='word_1_465' title='bbox 1633 3458 1969 3530; x_wconf 64' lang='lat' dir='ltr'><strong>pracipitur,</strong></span> 
     </span>
    </p>
   </div>
   <div class='ocr_carea' id='block_1_69' title="bbox 384 3546 1967 3623">
    <p class='ocr_par' dir='ltr' id='par_1_69' title="bbox 384 3546 1967 3623">
     <span class='ocr_line' id='line_1_69' title="bbox 384 3546 1967 3623; baseline -0.008 -9"><span class='ocrx_word' id='word_1_466' title='bbox 384 3573 613 3614; x_wconf 82' lang='lat' dir='ltr'><strong>necesse</strong></span> <span class='ocrx_word' id='word_1_467' title='bbox 634 3566 722 3611; x_wconf 87' lang='lat' dir='ltr'><strong>est</strong></span> <span class='ocrx_word' id='word_1_468' title='bbox 744 3558 816 3611; x_wconf 88' lang='lat' dir='ltr'><strong>ad</strong></span> <span class='ocrx_word' id='word_1_469' title='bbox 843 3568 1123 3611; x_wconf 87' lang='lat' dir='ltr'><strong>sacrarum</strong></span> <span class='ocrx_word' id='word_1_470' title='bbox 1151 3553 1560 3623; x_wconf 86' lang='lat' dir='ltr'><strong>Seripturarum</strong></span> <span class='ocrx_word' id='word_1_471' title='bbox 1598 3549 1848 3605; x_wconf 84' lang='lat' dir='ltr'><strong>arborem</strong></span> <span class='ocrx_word' id='word_1_472' title='bbox 1880 3546 1967 3602; x_wconf 85' lang='lat' dir='ltr'><strong>fu-</strong></span> 
     </span>
    </p>
   </div>
   <div class='ocr_carea' id='block_1_70' title="bbox 385 3643 1971 3724">
    <p class='ocr_par' dir='ltr' id='par_1_70' title="bbox 385 3643 1971 3724">
     <span class='ocr_line' id='line_1_70' title="bbox 385 3643 1971 3724; baseline -0.005 -18"><span class='ocrx_word' id='word_1_473' title='bbox 385 3664 535 3723; x_wconf 87' lang='lat' dir='ltr'><strong>gere,</strong></span> <span class='ocrx_word' id='word_1_474' title='bbox 563 3650 608 3705; x_wconf 88' lang='lat' dir='ltr'><strong>si</strong></span> <span class='ocrx_word' id='word_1_475' title='bbox 640 3656 925 3724; x_wconf 80' lang='lat' dir='ltr'><strong>crueutam</strong></span> <span class='ocrx_word' id='word_1_476' title='bbox 958 3646 1213 3703; x_wconf 89' lang='lat' dir='ltr'><strong>draconis</strong></span> <span class='ocrx_word' id='word_1_477' title='bbox 1238 3646 1419 3701; x_wconf 86' lang='lat' dir='ltr'><strong>intimi</strong></span> <span class='ocrx_word' id='word_1_478' title='bbox 1468 3644 1677 3701; x_wconf 86' lang='lat' dir='ltr'><strong>rabiem</strong></span> <span class='ocrx_word' id='word_1_479' title='bbox 1720 3643 1971 3700; x_wconf 81' lang='lat' dir='ltr'><strong>volumus</strong></span> 
     </span>
    </p>
   </div>
   <div class='ocr_carea' id='block_1_71' title="bbox 385 3743 613 3797">
    <p class='ocr_par' dir='ltr' id='par_1_71' title="bbox 385 3743 613 3797">
     <span class='ocr_line' id='line_1_71' title="bbox 385 3743 613 3797; baseline -0.013 0"><span class='ocrx_word' id='word_1_480' title='bbox 385 3743 613 3797; x_wconf 84' lang='lat' dir='ltr'><strong>evitare.</strong></span> 
     </span>
    </p>
   </div>
   <div class='ocr_carea' id='block_1_72' title="bbox 455 3824 1971 3907">
    <p class='ocr_par' dir='ltr' id='par_1_72' title="bbox 455 3824 1971 3907">
     <span class='ocr_line' id='line_1_72' title="bbox 455 3824 1971 3907; baseline -0.005 -19"><span class='ocrx_word' id='word_1_481' title='bbox 455 3832 563 3889; x_wconf 89' lang='lat' dir='ltr'><strong>Sed</strong></span> <span class='ocrx_word' id='word_1_482' title='bbox 604 3845 767 3903; x_wconf 88' lang='lat' dir='ltr'><strong>quem</strong></span> <span class='ocrx_word' id='word_1_483' title='bbox 811 3830 977 3885; x_wconf 86' lang='lat' dir='ltr'><strong>draco</strong></span> <span class='ocrx_word' id='word_1_484' title='bbox 1012 3828 1217 3900; x_wconf 87' lang='lat' dir='ltr'><strong>signat,</strong></span> <span class='ocrx_word' id='word_1_485' title='bbox 1257 3827 1509 3907; x_wconf 83' lang='lat' dir='ltr'><strong>eumdem</strong></span> <span class='ocrx_word' id='word_1_486' title='bbox 1554 3834 1612 3881; x_wconf 89' lang='lat' dir='ltr'><strong>et</strong></span> <span class='ocrx_word' id='word_1_487' title='bbox 1640 3824 1745 3882; x_wconf 85' lang='lat' dir='ltr'><strong>ibis</strong></span> <span class='ocrx_word' id='word_1_488' title='bbox 1774 3824 1971 3881; x_wconf 53' lang='lat' dir='ltr'><strong>nihilo.</strong></span> 
     </span>
    </p>
   </div>
   <div class='ocr_carea' id='block_1_73' title="bbox 385 3916 1972 3983">
    <p class='ocr_par' dir='ltr' id='par_1_73' title="bbox 385 3916 1972 3983">
     <span class='ocr_line' id='line_1_73' title="bbox 385 3916 1972 3983; baseline -0.006 -3"><span class='ocrx_word' id='word_1_489' title='bbox 385 3926 564 3980; x_wconf 82' lang='lat' dir='ltr'><strong>minus</strong></span> <span class='ocrx_word' id='word_1_490' title='bbox 594 3921 960 3982; x_wconf 67' lang='lat' dir='ltr'><strong>‘iudicat..Est</strong></span> <span class='ocrx_word' id='word_1_491' title='bbox 997 3921 1142 3976; x_wconf 90' lang='lat' dir='ltr'><strong>enim</strong></span> <span class='ocrx_word' id='word_1_492' title='bbox 1185 3918 1404 3974; x_wconf 73' lang='lat' dir='ltr'><strong>volatile</strong></span> <span class='ocrx_word' id='word_1_493' title='bbox 1456 3917 1716 3983; x_wconf 88' lang='lat' dir='ltr'><strong>luridum,</strong></span> <span class='ocrx_word' id='word_1_494' title='bbox 1766 3925 1824 3973; x_wconf 89' lang='lat' dir='ltr'><strong>et</strong></span> <span class='ocrx_word' id='word_1_495' title='bbox 1868 3916 1972 3971; x_wconf 89' lang='lat' dir='ltr'><strong>im-</strong></span> 
     </span>
    </p>
   </div>
   <div class='ocr_carea' id='block_1_74' title="bbox 387 4007 1973 4081">
    <p class='ocr_par' dir='ltr' id='par_1_74' title="bbox 387 4007 1973 4081">
     <span class='ocr_line' id='line_1_74' title="bbox 387 4007 1973 4081; baseline -0.004 -10"><span class='ocrx_word' id='word_1_496' title='bbox 387 4018 665 4081; x_wconf 87' lang='lat' dir='ltr'><strong>mundum,</strong></span> <span class='ocrx_word' id='word_1_497' title='bbox 704 4022 762 4068; x_wconf 90' lang='lat' dir='ltr'><strong>et</strong></span> <span class='ocrx_word' id='word_1_498' title='bbox 809 4013 1044 4068; x_wconf 85' lang='lat' dir='ltr'><strong>obsceno</strong></span> <span class='ocrx_word' id='word_1_499' title='bbox 1108 4011 1393 4067; x_wconf 84' lang='lat' dir='ltr'><strong>fetentium</strong></span> <span class='ocrx_word' id='word_1_500' title='bbox 1436 4009 1678 4065; x_wconf 83' lang='lat' dir='ltr'><strong>sordium</strong></span> <span class='ocrx_word' id='word_1_501' title='bbox 1706 4007 1973 4078; x_wconf 77' lang='lat' dir='ltr'><strong>squalore</strong></span> 
     </span>
    </p>
   </div>
   <div class='ocr_carea' id='block_1_75' title="bbox 386 4105 1973 4183">
    <p class='ocr_par' dir='ltr' id='par_1_75' title="bbox 386 4105 1973 4183">
     <span class='ocr_line' id='line_1_75' title="bbox 386 4105 1973 4183; baseline -0.004 -18"><span class='ocrx_word' id='word_1_502' title='bbox 386 4112 672 4183; x_wconf 90' lang='lat' dir='ltr'><strong>pollutum.</strong></span> <span class='ocrx_word' id='word_1_503' title='bbox 698 4107 834 4163; x_wconf 85' lang='lat' dir='ltr'><strong>Nam</strong></span> <span class='ocrx_word' id='word_1_504' title='bbox 864 4106 1168 4165; x_wconf 89' lang='lat' dir='ltr'><strong>morticinis</strong></span> <span class='ocrx_word' id='word_1_505' title='bbox 1188 4105 1779 4177; x_wconf 85' lang='lat' dir='ltr'><strong>sempercadaveribus</strong></span> <span class='ocrx_word' id='word_1_506' title='bbox 1801 4105 1973 4160; x_wconf 80' lang='lat' dir='ltr'><strong>vesci-</strong></span> 
     </span>
    </p>
   </div>
   <div class='ocr_carea' id='block_1_76' title="bbox 389 4198 1968 4273">
    <p class='ocr_par' dir='ltr' id='par_1_76' title="bbox 389 4198 1968 4273">
     <span class='ocr_line' id='line_1_76' title="bbox 389 4198 1968 4273; baseline -0.006 -13"><span class='ocrx_word' id='word_1_507' title='bbox 389 4216 498 4269; x_wconf 94' lang='lat' dir='ltr'><strong>tur,</strong></span> <span class='ocrx_word' id='word_1_508' title='bbox 540 4212 595 4257; x_wconf 84' lang='lat' dir='ltr'><strong>et</strong></span> <span class='ocrx_word' id='word_1_509' title='bbox 621 4217 790 4273; x_wconf 88' lang='lat' dir='ltr'><strong>prope</strong></span> <span class='ocrx_word' id='word_1_510' title='bbox 842 4202 1025 4257; x_wconf 87' lang='lat' dir='ltr'><strong>littora</strong></span> <span class='ocrx_word' id='word_1_511' title='bbox 1070 4201 1195 4256; x_wconf 80' lang='lat' dir='ltr'><strong>sive</strong></span> <span class='ocrx_word' id='word_1_512' title='bbox 1235 4200 1425 4263; x_wconf 87' lang='lat' dir='ltr'><strong>maris,</strong></span> <span class='ocrx_word' id='word_1_513' title='bbox 1476 4198 1592 4253; x_wconf 89' lang='lat' dir='ltr'><strong>sive</strong></span> <span class='ocrx_word' id='word_1_514' title='bbox 1629 4206 1968 4267; x_wconf 82' lang='lat' dir='ltr'><strong>stagnorum,</strong></span> 
     </span>
    </p>
   </div>
   <div class='ocr_carea' id='block_1_77' title="bbox 388 4288 1971 4362">
    <p class='ocr_par' dir='ltr' id='par_1_77' title="bbox 388 4288 1971 4362">
     <span class='ocr_line' id='line_1_77' title="bbox 388 4288 1971 4362; baseline -0.006 -12"><span class='ocrx_word' id='word_1_515' title='bbox 388 4298 504 4351; x_wconf 84' lang='lat' dir='ltr'><strong>sive</strong></span> <span class='ocrx_word' id='word_1_516' title='bbox 534 4294 823 4348; x_wconf 87' lang='lat' dir='ltr'><strong>ﬂuminum</strong></span> <span class='ocrx_word' id='word_1_517' title='bbox 844 4292 1049 4362; x_wconf 76' lang='lat' dir='ltr'><strong>iugiter</strong></span> <span class='ocrx_word' id='word_1_518' title='bbox 1093 4299 1482 4346; x_wconf 84' lang='lat' dir='ltr'><strong>commoratur.</strong></span> <span class='ocrx_word' id='word_1_519' title='bbox 1508 4288 1716 4356; x_wconf 62' lang='lat' dir='ltr'><strong>Quaerit</strong></span> <span class='ocrx_word' id='word_1_520' title='bbox 1744 4288 1971 4343; x_wconf 80' lang='lat' dir='ltr'><strong>enimsi</strong></span> 
     </span>
    </p>
   </div>
   <div class='ocr_carea' id='block_1_78' title="bbox 2068 3198 3651 3273">
    <p class='ocr_par' dir='ltr' id='par_1_78' title="bbox 2068 3198 3651 3273">
     <span class='ocr_line' id='line_1_78' title="bbox 2068 3198 3651 3273; baseline -0.004 -15"><span class='ocrx_word' id='word_1_521' title='bbox 2068 3203 2172 3259; x_wconf 89' lang='lat' dir='ltr'><strong>lico</strong></span> <span class='ocrx_word' id='word_1_522' title='bbox 2201 3202 2467 3273; x_wconf 89' lang='lat' dir='ltr'><strong>specubus</strong></span> <span class='ocrx_word' id='word_1_523' title='bbox 2519 3200 2847 3273; x_wconf 89' lang='lat' dir='ltr'><strong>occultatur,</strong></span> <span class='ocrx_word' id='word_1_524' title='bbox 2902 3200 3085 3271; x_wconf 82' lang='lat' dir='ltr'><strong>ibique</strong></span> <span class='ocrx_word' id='word_1_525' title='bbox 3120 3200 3234 3254; x_wconf 85' lang='lat' dir='ltr'><strong>vim</strong></span> <span class='ocrx_word' id='word_1_526' title='bbox 3281 3199 3416 3254; x_wconf 87' lang='lat' dir='ltr'><strong>tanti</strong></span> <span class='ocrx_word' id='word_1_527' title='bbox 3468 3198 3651 3254; x_wconf 76' lang='lat' dir='ltr'><strong>odoris</strong></span> 
     </span>
    </p>
   </div>
   <div class='ocr_carea' id='block_1_79' title="bbox 2068 3291 3652 3367">
    <p class='ocr_par' dir='ltr' id='par_1_79' title="bbox 2068 3291 3652 3367">
     <span class='ocr_line' id='line_1_79' title="bbox 2068 3291 3652 3367; baseline 0 -18"><span class='ocrx_word' id='word_1_528' title='bbox 2068 3294 2373 3352; x_wconf 88' lang='lat' dir='ltr'><strong>nullatenus</strong></span> <span class='ocrx_word' id='word_1_529' title='bbox 2401 3296 2586 3352; x_wconf 80' lang='lat' dir='ltr'><strong>ferens</strong></span> <span class='ocrx_word' id='word_1_530' title='bbox 2631 3296 2839 3367; x_wconf 85' lang='lat' dir='ltr'><strong>rigidus</strong></span> <span class='ocrx_word' id='word_1_531' title='bbox 2854 3295 3220 3365; x_wconf 71' lang='lat' dir='ltr'><strong>obstupescit,</strong></span> <span class='ocrx_word' id='word_1_532' title='bbox 3257 3304 3314 3350; x_wconf 87' lang='lat' dir='ltr'><strong>et</strong></span> <span class='ocrx_word' id='word_1_533' title='bbox 3346 3291 3543 3351; x_wconf 64' lang='lat' dir='ltr'><strong>efetus</strong></span> <span class='ocrx_word' id='word_1_534' title='bbox 3570 3294 3652 3349; x_wconf 88' lang='lat' dir='ltr'><strong>vi-</strong></span> 
     </span>
    </p>
   </div>
   <div class='ocr_carea' id='block_1_80' title="bbox 2074 3385 3656 3460">
    <p class='ocr_par' dir='ltr' id='par_1_80' title="bbox 2074 3385 3656 3460">
     <span class='ocr_line' id='line_1_80' title="bbox 2074 3385 3656 3460; baseline -0.003 -16"><span class='ocrx_word' id='word_1_535' title='bbox 2074 3389 2229 3445; x_wconf 89' lang='lat' dir='ltr'><strong>ribus</strong></span> <span class='ocrx_word' id='word_1_536' title='bbox 2272 3404 2341 3444; x_wconf 89' lang='lat' dir='ltr'><strong>ac</strong></span> <span class='ocrx_word' id='word_1_537' title='bbox 2376 3404 2602 3460; x_wconf 84' lang='lat' dir='ltr'><strong>prorsus</strong></span> <span class='ocrx_word' id='word_1_538' title='bbox 2660 3389 2837 3443; x_wconf 77' lang='lat' dir='ltr'><strong>inanis</strong></span> <span class='ocrx_word' id='word_1_539' title='bbox 2884 3397 3139 3457; x_wconf 83' lang='lat' dir='ltr'><strong>tanquam</strong></span> <span class='ocrx_word' id='word_1_540' title='bbox 3182 3395 3427 3443; x_wconf 91' lang='lat' dir='ltr'><strong>mortuus</strong></span> <span class='ocrx_word' id='word_1_541' title='bbox 3453 3385 3656 3441; x_wconf 79' lang='lat' dir='ltr'><strong>deﬁcit.</strong></span> 
     </span>
    </p>
   </div>
   <div class='ocr_carea' id='block_1_81' title="bbox 2071 3476 3655 3547">
    <p class='ocr_par' dir='ltr' id='par_1_81' title="bbox 2071 3476 3655 3547">
     <span class='ocr_line' id='line_1_81' title="bbox 2071 3476 3655 3547; baseline -0.005 -11"><span class='ocrx_word' id='word_1_542' title='bbox 2071 3478 2281 3536; x_wconf 81' lang='lat' dir='ltr'><strong>Caetera</strong></span> <span class='ocrx_word' id='word_1_543' title='bbox 2305 3495 2434 3535; x_wconf 88' lang='lat' dir='ltr'><strong>vero</strong></span> <span class='ocrx_word' id='word_1_544' title='bbox 2464 3478 2741 3543; x_wconf 88' lang='lat' dir='ltr'><strong>animalia,</strong></span> <span class='ocrx_word' id='word_1_545' title='bbox 2782 3478 3039 3547; x_wconf 89' lang='lat' dir='ltr'><strong>quoniam</strong></span> <span class='ocrx_word' id='word_1_546' title='bbox 3080 3476 3334 3546; x_wconf 70' lang='lat' dir='ltr'><strong>iucundae</strong></span> <span class='ocrx_word' id='word_1_547' title='bbox 3370 3476 3655 3532; x_wconf 78' lang='lat' dir='ltr'><strong>suavitatis</strong></span> 
     </span>
    </p>
   </div>
   <div class='ocr_carea' id='block_1_82' title="bbox 2071 3566 3655 3639">
    <p class='ocr_par' dir='ltr' id='par_1_82' title="bbox 2071 3566 3655 3639">
     <span class='ocr_line' id='line_1_82' title="bbox 2071 3566 3655 3639; baseline -0.003 -15"><span class='ocrx_word' id='word_1_548' title='bbox 2071 3570 2241 3624; x_wconf 85' lang='lat' dir='ltr'><strong>odore</strong></span> <span class='ocrx_word' id='word_1_549' title='bbox 2272 3577 2589 3639; x_wconf 81' lang='lat' dir='ltr'><strong>pascuntur,</strong></span> <span class='ocrx_word' id='word_1_550' title='bbox 2630 3566 2931 3622; x_wconf 84' lang='lat' dir='ltr'><strong>redolentis</strong></span> <span class='ocrx_word' id='word_1_551' title='bbox 2982 3568 3283 3636; x_wconf 69' lang='lat' dir='ltr'><strong>pantherae,</strong></span> <span class='ocrx_word' id='word_1_552' title='bbox 3329 3578 3655 3635; x_wconf 87' lang='lat' dir='ltr'><strong>quocunque</strong></span> 
     </span>
    </p>
   </div>
   <div class='ocr_carea' id='block_1_83' title="bbox 2070 3654 3657 3729">
    <p class='ocr_par' dir='ltr' id='par_1_83' title="bbox 2070 3654 3657 3729">
     <span class='ocr_line' id='line_1_83' title="bbox 2070 3654 3657 3729; baseline -0.003 -16"><span class='ocrx_word' id='word_1_553' title='bbox 2070 3666 2279 3729; x_wconf 76' lang='lat' dir='ltr'><strong>pergat,</strong></span> <span class='ocrx_word' id='word_1_554' title='bbox 2320 3655 2546 3727; x_wconf 75' lang='lat' dir='ltr'><strong>vestigia</strong></span> <span class='ocrx_word' id='word_1_555' title='bbox 2574 3670 2689 3710; x_wconf 78' lang='lat' dir='ltr'><strong>non</strong></span> <span class='ocrx_word' id='word_1_556' title='bbox 2708 3656 3044 3725; x_wconf 73' lang='lat' dir='ltr'><strong>relinquunt.</strong></span> <span class='ocrx_word' id='word_1_557' title='bbox 3084 3654 3317 3722; x_wconf 83' lang='lat' dir='ltr'><strong>Quantis</strong></span> <span class='ocrx_word' id='word_1_558' title='bbox 3362 3654 3657 3722; x_wconf 77' lang='lat' dir='ltr'><strong>expositio-</strong></span> 
     </span>
    </p>
   </div>
   <div class='ocr_carea' id='block_1_84' title="bbox 2071 3746 3655 3824">
    <p class='ocr_par' dir='ltr' id='par_1_84' title="bbox 2071 3746 3655 3824">
     <span class='ocr_line' id='line_1_84' title="bbox 2071 3746 3655 3824; baseline -0.004 -19"><span class='ocrx_word' id='word_1_559' title='bbox 2071 3750 2157 3805; x_wconf 86' lang='lat' dir='ltr'><strong>nis</strong></span> <span class='ocrx_word' id='word_1_560' title='bbox 2187 3748 2422 3805; x_wconf 83' lang='lat' dir='ltr'><strong>ﬂosculis</strong></span> <span class='ocrx_word' id='word_1_561' title='bbox 2443 3746 3085 3824; x_wconf 53' lang='lat' dir='ltr'><strong>ltmcvpossetexuberare</strong></span> <span class='ocrx_word' id='word_1_562' title='bbox 3121 3746 3373 3810; x_wconf 86' lang='lat' dir='ltr'><strong>materia,</strong></span> <span class='ocrx_word' id='word_1_563' title='bbox 3421 3746 3514 3814; x_wconf 90' lang='lat' dir='ltr'><strong>qui</strong></span> <span class='ocrx_word' id='word_1_564' title='bbox 3564 3760 3655 3799; x_wconf 79' lang='lat' dir='ltr'><strong>sa-</strong></span> 
     </span>
    </p>
   </div>
   <div class='ocr_carea' id='block_1_85' title="bbox 2070 3837 3650 3910">
    <p class='ocr_par' dir='ltr' id='par_1_85' title="bbox 2070 3837 3650 3910">
     <span class='ocr_line' id='line_1_85' title="bbox 2070 3837 3650 3910; baseline -0.004 -13"><span class='ocrx_word' id='word_1_565' title='bbox 2070 3842 2179 3897; x_wconf 87' lang='lat' dir='ltr'><strong>cris</strong></span> <span class='ocrx_word' id='word_1_566' title='bbox 2204 3849 2360 3896; x_wconf 85' lang='lat' dir='ltr'><strong>vacat</strong></span> <span class='ocrx_word' id='word_1_567' title='bbox 2380 3840 2742 3910; x_wconf 79' lang='lat' dir='ltr'><strong>eloquiisnon</strong></span> <span class='ocrx_word' id='word_1_568' title='bbox 2769 3839 3005 3909; x_wconf 77' lang='lat' dir='ltr'><strong>ignorat.</strong></span> <span class='ocrx_word' id='word_1_569' title='bbox 3028 3837 3135 3893; x_wconf 88' lang='lat' dir='ltr'><strong>Sed</strong></span> <span class='ocrx_word' id='word_1_570' title='bbox 3160 3851 3256 3892; x_wconf 85' lang='lat' dir='ltr'><strong>nos</strong></span> <span class='ocrx_word' id='word_1_571' title='bbox 3274 3838 3399 3892; x_wconf 87' lang='lat' dir='ltr'><strong>hinc</strong></span> <span class='ocrx_word' id='word_1_572' title='bbox 3422 3845 3650 3907; x_wconf 89' lang='lat' dir='ltr'><strong>quanto-</strong></span> 
     </span>
    </p>
   </div>
   <div class='ocr_carea' id='block_1_86' title="bbox 2071 3932 3653 4007">
    <p class='ocr_par' dir='ltr' id='par_1_86' title="bbox 2071 3932 3653 4007">
     <span class='ocr_line' id='line_1_86' title="bbox 2071 3932 3653 4007; baseline -0.006 -14"><span class='ocrx_word' id='word_1_573' title='bbox 2071 3937 2188 3993; x_wconf 88' lang='lat' dir='ltr'><strong>cius</strong></span> <span class='ocrx_word' id='word_1_574' title='bbox 2208 3936 2445 4007; x_wconf 68' lang='lat' dir='ltr'><strong>erpediri</strong></span> <span class='ocrx_word' id='word_1_575' title='bbox 2472 3937 2739 4000; x_wconf 67' lang='lat' dir='ltr'><strong>Volumus,</strong></span> <span class='ocrx_word' id='word_1_576' title='bbox 2763 3934 3023 4004; x_wconf 74' lang='lat' dir='ltr'><strong>quoniam</strong></span> <span class='ocrx_word' id='word_1_577' title='bbox 3069 3933 3139 3988; x_wconf 87' lang='lat' dir='ltr'><strong>ad</strong></span> <span class='ocrx_word' id='word_1_578' title='bbox 3180 3932 3284 3988; x_wconf 86' lang='lat' dir='ltr'><strong>alia</strong></span> <span class='ocrx_word' id='word_1_579' title='bbox 3312 3932 3653 3988; x_wconf 85' lang='lat' dir='ltr'><strong>festinamus.</strong></span> 
     </span>
    </p>
   </div>
   <div class='ocr_carea' id='block_1_87' title="bbox 2071 4022 3652 4097">
    <p class='ocr_par' dir='ltr' id='par_1_87' title="bbox 2071 4022 3652 4097">
     <span class='ocr_line' id='line_1_87' title="bbox 2071 4022 3652 4097; baseline -0.006 -13"><span class='ocrx_word' id='word_1_580' title='bbox 2071 4030 2341 4084; x_wconf 85' lang='lat' dir='ltr'><strong>Panthera</strong></span> <span class='ocrx_word' id='word_1_581' title='bbox 2369 4027 2527 4097; x_wconf 86' lang='lat' dir='ltr'><strong>plane</strong></span> <span class='ocrx_word' id='word_1_582' title='bbox 2542 4028 2726 4081; x_wconf 8' lang='lat' dir='ltr'><strong>demntia</strong></span> <span class='ocrx_word' id='word_1_583' title='bbox 2743 4026 2953 4096; x_wconf 76' lang='lat' dir='ltr'><strong>capiens</strong></span> <span class='ocrx_word' id='word_1_584' title='bbox 2974 4025 3386 4093; x_wconf 82' lang='lat' dir='ltr'><strong>interpretatur,</strong></span> <span class='ocrx_word' id='word_1_585' title='bbox 3404 4022 3554 4092; x_wconf 87' lang='lat' dir='ltr'><strong>quod</strong></span> <span class='ocrx_word' id='word_1_586' title='bbox 3578 4022 3652 4076; x_wconf 91' lang='lat' dir='ltr'><strong>illi</strong></span> 
     </span>
    </p>
   </div>
   <div class='ocr_carea' id='block_1_88' title="bbox 2071 4112 3654 4189">
    <p class='ocr_par' dir='ltr' id='par_1_88' title="bbox 2071 4112 3654 4189">
     <span class='ocr_line' id='line_1_88' title="bbox 2071 4112 3654 4189; baseline -0.004 -16"><span class='ocrx_word' id='word_1_587' title='bbox 2071 4132 2369 4189; x_wconf 88' lang='lat' dir='ltr'><strong>congruere</strong></span> <span class='ocrx_word' id='word_1_588' title='bbox 2396 4128 2503 4172; x_wconf 86' lang='lat' dir='ltr'><strong>non</strong></span> <span class='ocrx_word' id='word_1_589' title='bbox 2532 4116 2877 4186; x_wconf 86' lang='lat' dir='ltr'><strong>ambigimus,</strong></span> <span class='ocrx_word' id='word_1_590' title='bbox 2909 4115 3000 4183; x_wconf 84' lang='lat' dir='ltr'><strong>qui</strong></span> <span class='ocrx_word' id='word_1_591' title='bbox 3028 4114 3198 4169; x_wconf 87' lang='lat' dir='ltr'><strong>dicit:</strong></span> <span class='ocrx_word' id='word_1_592' title='bbox 3225 4132 3247 4164; x_wconf 87' lang='grc'>‹</span> <span class='ocrx_word' id='word_1_593' title='bbox 3289 4112 3346 4167; x_wconf 90' lang='lat' dir='ltr'><strong>Si</strong></span> <span class='ocrx_word' id='word_1_594' title='bbox 3370 4113 3654 4168; x_wconf 79' lang='lat' dir='ltr'><strong>exaltatus</strong></span> 
     </span>
    </p>
   </div>
   <div class='ocr_carea' id='block_1_89' title="bbox 2067 4194 3661 4272">
    <p class='ocr_par' dir='ltr' id='par_1_89' title="bbox 2067 4194 3661 4272">
     <span class='ocr_line' id='line_1_89' title="bbox 2067 4194 3661 4272; baseline -0.006 -11"><span class='ocrx_word' id='word_1_595' title='bbox 2067 4208 2449 4269; x_wconf 83' lang='lat' dir='ltr'><strong>fueroaterra,</strong></span> <span class='ocrx_word' id='word_1_596' title='bbox 2468 4205 2652 4260; x_wconf 86' lang='lat' dir='ltr'><strong>omnia</strong></span> <span class='ocrx_word' id='word_1_597' title='bbox 2674 4205 2884 4259; x_wconf 77' lang='lat' dir='ltr'><strong>traham</strong></span> <span class='ocrx_word' id='word_1_598' title='bbox 2907 4203 2973 4258; x_wconf 84' lang='lat' dir='ltr'><strong>ad</strong></span> <span class='ocrx_word' id='word_1_599' title='bbox 2997 4202 3260 4272; x_wconf 89' lang='lat' dir='ltr'><strong>meipsum</strong></span> <span class='ocrx_word' id='word_1_600' title='bbox 3276 4200 3458 4272; x_wconf 81' lang='lat' dir='ltr'><strong>(Joan.</strong></span> <span class='ocrx_word' id='word_1_601' title='bbox 3480 4204 3601 4271; x_wconf 75' lang='grc' dir='ltr'><strong>ιιι).</strong></span> <span class='ocrx_word' id='word_1_602' title='bbox 3631 4194 3661 4252; x_wconf 77' lang='grc'><strong>»³</strong></span> 
     </span>
    </p>
   </div>
   <div class='ocr_carea' id='block_1_90' title="bbox 2069 4293 3659 4366">
    <p class='ocr_par' dir='ltr' id='par_1_90' title="bbox 2069 4293 3659 4366">
     <span class='ocr_line' id='line_1_90' title="bbox 2069 4293 3659 4366; baseline -0.008 -11"><span class='ocrx_word' id='word_1_603' title='bbox 2069 4300 2233 4355; x_wconf 65' lang='lat' dir='ltr'><strong>&#39;Varia</strong></span> <span class='ocrx_word' id='word_1_604' title='bbox 2256 4308 2363 4363; x_wconf 85' lang='lat' dir='ltr'><strong>est,</strong></span> <span class='ocrx_word' id='word_1_605' title='bbox 2383 4298 2719 4354; x_wconf 83' lang='lat' dir='ltr'><strong>etChristus</strong></span> <span class='ocrx_word' id='word_1_606' title='bbox 2742 4296 2985 4351; x_wconf 84' lang='lat' dir='ltr'><strong>omnium</strong></span> <span class='ocrx_word' id='word_1_607' title='bbox 3015 4295 3259 4366; x_wconf 89' lang='lat' dir='ltr'><strong>gentium</strong></span> <span class='ocrx_word' id='word_1_608' title='bbox 3284 4293 3659 4348; x_wconf 54' lang='lat' dir='ltr'><strong>est&#39;varietate</strong></span> 
     </span>
    </p>
   </div>
   <div class='ocr_carea' id='block_1_91' title="bbox 388 4379 1966 4459">
    <p class='ocr_par' dir='ltr' id='par_1_91' title="bbox 388 4379 1966 4456">
     <span class='ocr_line' id='line_1_91' title="bbox 388 4379 1966 4456; baseline -0.003 -18"><span class='ocrx_word' id='word_1_609' title='bbox 388 4386 517 4456; x_wconf 84' lang='lat' dir='ltr'><strong>quid</strong></span> <span class='ocrx_word' id='word_1_610' title='bbox 570 4385 867 4455; x_wconf 84' lang='lat' dir='ltr'><strong>putridum,</strong></span> <span class='ocrx_word' id='word_1_611' title='bbox 899 4384 1015 4437; x_wconf 80' lang='lat' dir='ltr'><strong>sive</strong></span> <span class='ocrx_word' id='word_1_612' title='bbox 1053 4390 1372 4449; x_wconf 79' lang='lat' dir='ltr'><strong>corruptum</strong></span> <span class='ocrx_word' id='word_1_613' title='bbox 1422 4382 1492 4436; x_wconf 87' lang='lat' dir='ltr'><strong>ab</strong></span> <span class='ocrx_word' id='word_1_614' title='bbox 1546 4380 1703 4449; x_wconf 87' lang='lat' dir='ltr'><strong>aquis</strong></span> <span class='ocrx_word' id='word_1_615' title='bbox 1731 4379 1966 4436; x_wconf 82' lang='lat' dir='ltr'><strong>cadaver</strong></span> 
     </span>
    </p>
   </div>
   <div class='ocr_carea' id='block_1_92' title="bbox 2069 4379 3659 4459">
    <p class='ocr_par' dir='ltr' id='par_1_92' title="bbox 2070 4384 3659 4459">
     <span class='ocr_line' id='line_1_92' title="bbox 2070 4384 3659 4459; baseline -0.007 -12"><span class='ocrx_word' id='word_1_616' title='bbox 2070 4392 2321 4447; x_wconf 71' lang='lat' dir='ltr'><strong>vestitus.</strong></span> <span class='ocrx_word' id='word_1_617' title='bbox 2347 4390 2415 4445; x_wconf 87' lang='lat' dir='ltr'><strong>Et</strong></span> <span class='ocrx_word' id='word_1_618' title='bbox 2435 4390 2698 4459; x_wconf 80' lang='lat' dir='ltr'><strong>quoniam</strong></span> <span class='ocrx_word' id='word_1_619' title='bbox 2726 4388 3001 4458; x_wconf 82' lang='lat' dir='ltr'><strong>panthera</strong></span> <span class='ocrx_word' id='word_1_620' title='bbox 3039 4386 3265 4456; x_wconf 82' lang='lat' dir='ltr'><strong>pulchra</strong></span> <span class='ocrx_word' id='word_1_621' title='bbox 3302 4395 3414 4448; x_wconf 82' lang='lat' dir='ltr'><strong>est,</strong></span> <span class='ocrx_word' id='word_1_622' title='bbox 3445 4384 3513 4438; x_wconf 90' lang='lat' dir='ltr'><strong>ab</strong></span> <span class='ocrx_word' id='word_1_623' title='bbox 3540 4384 3659 4452; x_wconf 83' lang='lat' dir='ltr'><strong>ipso</strong></span> 
     </span>
    </p>
   </div>
   <div class='ocr_carea' id='block_1_93' title="bbox 388 4457 3655 4548">
    <p class='ocr_par' dir='ltr' id='par_1_93' title="bbox 388 4457 3655 4548">
     <span class='ocr_line' id='line_1_93' title="bbox 388 4457 3655 4548; baseline -0.002 -13"><span class='ocrx_word' id='word_1_624' title='bbox 388 4479 620 4548; x_wconf 88' lang='lat' dir='ltr'><strong>ejicitur,</strong></span> <span class='ocrx_word' id='word_1_625' title='bbox 636 4484 695 4530; x_wconf 88' lang='lat' dir='ltr'><strong>ut</strong></span> <span class='ocrx_word' id='word_1_626' title='bbox 717 4475 829 4540; x_wconf 91' lang='lat' dir='ltr'><strong>illo,</strong></span> <span class='ocrx_word' id='word_1_627' title='bbox 849 4475 1058 4544; x_wconf 81' lang='lat' dir='ltr'><strong>quia‘se</strong></span> <span class='ocrx_word' id='word_1_628' title='bbox 1084 4474 1240 4526; x_wconf 91' lang='lat' dir='ltr'><strong>timet</strong></span> <span class='ocrx_word' id='word_1_629' title='bbox 1256 4473 1512 4527; x_wconf 83' lang='lat' dir='ltr'><strong>ﬂuctibus</strong></span> <span class='ocrx_word' id='word_1_630' title='bbox 1539 4471 1784 4536; x_wconf 90' lang='lat' dir='ltr'><strong>credere,</strong></span> <span class='ocrx_word' id='word_1_631' title='bbox 1798 4471 1967 4527; x_wconf 85' lang='lat' dir='ltr'><strong>satie-</strong></span> <span class='ocrx_word' id='word_1_632' title='bbox 1996 4457 2052 4517; x_wconf 81' lang='grc' dir='ltr'><strong>Ῐ)</strong></span> <span class='ocrx_word' id='word_1_633' title='bbox 2074 4496 2186 4535; x_wconf 75' lang='lat' dir='ltr'><strong>non</strong></span> <span class='ocrx_word' id='word_1_634' title='bbox 2234 4457 2498 4542; x_wconf 57' lang='lat' dir='ltr'><strong>dissoluat,</strong></span> <span class='ocrx_word' id='word_1_635' title='bbox 2543 4457 2759 4547; x_wconf 77' lang='lat' dir='ltr'><strong>deque</strong></span> <span class='ocrx_word' id='word_1_636' title='bbox 2808 4478 3077 4545; x_wconf 82' lang='lat' dir='ltr'><strong>scriptum</strong></span> <span class='ocrx_word' id='word_1_637' title='bbox 3127 4484 3213 4531; x_wconf 90' lang='lat' dir='ltr'><strong>est</strong></span> <span class='ocrx_word' id='word_1_638' title='bbox 3254 4493 3269 4529; x_wconf 90' lang='lat'><strong>:</strong></span> <span class='ocrx_word' id='word_1_639' title='bbox 3303 4492 3327 4526; x_wconf 84' lang='grc'><strong>‹</strong></span> <span class='ocrx_word' id='word_1_640' title='bbox 3362 4470 3655 4544; x_wconf 67' lang='lat' dir='ltr'><strong>Spetiosus</strong></span> 
     </span>
    </p>
   </div>
   <div class='ocr_carea' id='block_1_94' title="bbox 393 4562 1975 4638">
    <p class='ocr_par' dir='ltr' id='par_1_94' title="bbox 393 4562 1975 4638">
     <span class='ocr_line' id='line_1_94' title="bbox 393 4562 1975 4638; baseline -0.006 -14"><span class='ocrx_word' id='word_1_641' title='bbox 393 4582 514 4635; x_wconf 92' lang='lat' dir='ltr'><strong>tur;</strong></span> <span class='ocrx_word' id='word_1_642' title='bbox 542 4578 599 4622; x_wconf 90' lang='lat' dir='ltr'><strong>et</strong></span> <span class='ocrx_word' id='word_1_643' title='bbox 627 4568 776 4638; x_wconf 90' lang='lat' dir='ltr'><strong>quia,</strong></span> <span class='ocrx_word' id='word_1_644' title='bbox 806 4575 997 4621; x_wconf 90' lang='lat' dir='ltr'><strong>natare</strong></span> <span class='ocrx_word' id='word_1_645' title='bbox 1026 4563 1297 4625; x_wconf 88' lang='lat' dir='ltr'><strong>nesciens,</strong></span> <span class='ocrx_word' id='word_1_646' title='bbox 1324 4577 1666 4633; x_wconf 86' lang='lat' dir='ltr'><strong>nequaquam</strong></span> <span class='ocrx_word' id='word_1_647' title='bbox 1697 4577 1755 4617; x_wconf 91' lang='lat' dir='ltr'><strong>se</strong></span> <span class='ocrx_word' id='word_1_648' title='bbox 1793 4562 1975 4633; x_wconf 86' lang='lat' dir='ltr'><strong>gurgi-</strong></span> 
     </span>
    </p>
   </div>
   <div class='ocr_carea' id='block_1_95' title="bbox 393 4652 1975 4729">
    <p class='ocr_par' dir='ltr' id='par_1_95' title="bbox 393 4652 1975 4729">
     <span class='ocr_line' id='line_1_95' title="bbox 393 4652 1975 4729; baseline -0.007 -12"><span class='ocrx_word' id='word_1_649' title='bbox 393 4664 538 4717; x_wconf 88' lang='lat' dir='ltr'><strong>tibus</strong></span> <span class='ocrx_word' id='word_1_650' title='bbox 562 4662 722 4715; x_wconf 89' lang='lat' dir='ltr'><strong>audet</strong></span> <span class='ocrx_word' id='word_1_651' title='bbox 759 4658 1103 4729; x_wconf 85' lang='lat' dir='ltr'><strong>immergere,</strong></span> <span class='ocrx_word' id='word_1_652' title='bbox 1129 4654 1461 4726; x_wconf 83' lang='lat' dir='ltr'><strong>quibuslibet</strong></span> <span class='ocrx_word' id='word_1_653' title='bbox 1486 4652 1849 4708; x_wconf 80' lang='lat' dir='ltr'><strong>immunditiis</strong></span> <span class='ocrx_word' id='word_1_654' title='bbox 1874 4653 1975 4706; x_wconf 82' lang='lat' dir='ltr'><strong>llu-</strong></span> 
     </span>
    </p>
   </div>
   <div class='ocr_carea' id='block_1_96' title="bbox 395 4744 1975 4819">
    <p class='ocr_par' dir='ltr' id='par_1_96' title="bbox 395 4744 1975 4819">
     <span class='ocr_line' id='line_1_96' title="bbox 395 4744 1975 4819; baseline -0.006 -12"><span class='ocrx_word' id='word_1_655' title='bbox 395 4761 487 4807; x_wconf 92' lang='lat' dir='ltr'><strong>etu</strong></span> <span class='ocrx_word' id='word_1_656' title='bbox 512 4758 765 4806; x_wconf 79' lang='lat' dir='ltr'><strong>veniente</strong></span> <span class='ocrx_word' id='word_1_657' title='bbox 791 4748 1049 4819; x_wconf 90' lang='lat' dir='ltr'><strong>projectis</strong></span> <span class='ocrx_word' id='word_1_658' title='bbox 1075 4746 1347 4801; x_wconf 85' lang='lat' dir='ltr'><strong>aviditatis</strong></span> <span class='ocrx_word' id='word_1_659' title='bbox 1376 4759 1490 4799; x_wconf 65' lang='lat' dir='ltr'><strong>suae</strong></span> <span class='ocrx_word' id='word_1_660' title='bbox 1517 4744 1725 4799; x_wconf 85' lang='lat' dir='ltr'><strong>rabiem</strong></span> <span class='ocrx_word' id='word_1_661' title='bbox 1746 4752 1975 4799; x_wconf 75' lang='lat' dir='ltr'><strong>conten-</strong></span> 
     </span>
    </p>
   </div>
   <div class='ocr_carea' id='block_1_97' title="bbox 394 4834 1972 4909">
    <p class='ocr_par' dir='ltr' id='par_1_97' title="bbox 394 4834 1972 4909">
     <span class='ocr_line' id='line_1_97' title="bbox 394 4834 1972 4909; baseline -0.006 -12"><span class='ocrx_word' id='word_1_662' title='bbox 394 4853 482 4898; x_wconf 90' lang='lat' dir='ltr'><strong>tus</strong></span> <span class='ocrx_word' id='word_1_663' title='bbox 502 4848 590 4897; x_wconf 85' lang='lat' dir='ltr'><strong>est</strong></span> <span class='ocrx_word' id='word_1_664' title='bbox 624 4840 848 4896; x_wconf 84' lang='lat' dir='ltr'><strong>satiare.</strong></span> <span class='ocrx_word' id='word_1_665' title='bbox 881 4838 990 4894; x_wconf 91' lang='lat' dir='ltr'><strong>Sed</strong></span> <span class='ocrx_word' id='word_1_666' title='bbox 1013 4853 1177 4909; x_wconf 84' lang='lat' dir='ltr'><strong>quem</strong></span> <span class='ocrx_word' id='word_1_667' title='bbox 1205 4837 1319 4892; x_wconf 90' lang='lat' dir='ltr'><strong>ales</strong></span> <span class='ocrx_word' id='word_1_668' title='bbox 1347 4837 1447 4891; x_wconf 93' lang='lat' dir='ltr'><strong>iste</strong></span> <span class='ocrx_word' id='word_1_669' title='bbox 1473 4835 1741 4906; x_wconf 86' lang='lat' dir='ltr'><strong>designat,</strong></span> <span class='ocrx_word' id='word_1_670' title='bbox 1774 4836 1865 4905; x_wconf 90' lang='lat' dir='ltr'><strong>qui</strong></span> <span class='ocrx_word' id='word_1_671' title='bbox 1889 4834 1972 4889; x_wconf 83' lang='lat' dir='ltr'><strong>fa-</strong></span> 
     </span>
    </p>
   </div>
   <div class='ocr_carea' id='block_1_98' title="bbox 397 4926 1968 4996">
    <p class='ocr_par' dir='ltr' id='par_1_98' title="bbox 397 4926 1968 4996">
     <span class='ocr_line' id='line_1_98' title="bbox 397 4926 1968 4996; baseline -0.003 -10"><span class='ocrx_word' id='word_1_672' title='bbox 397 4933 503 4987; x_wconf 85' lang='lat' dir='ltr'><strong>mis</strong></span> <span class='ocrx_word' id='word_1_673' title='bbox 557 4931 706 4986; x_wconf 87' lang='lat' dir='ltr'><strong>rabie</strong></span> <span class='ocrx_word' id='word_1_674' title='bbox 738 4929 998 4985; x_wconf 79' lang='lat' dir='ltr'><strong>fluctuum</strong></span> <span class='ocrx_word' id='word_1_675' title='bbox 1044 4938 1297 4984; x_wconf 77' lang='lat' dir='ltr'><strong>ext-rema</strong></span> <span class='ocrx_word' id='word_1_676' title='bbox 1325 4927 1649 4993; x_wconf 84' lang='lat' dir='ltr'><strong>circumdat,</strong></span> <span class='ocrx_word' id='word_1_677' title='bbox 1672 4926 1844 4996; x_wconf 76' lang='lat'><strong>8-19</strong></span> <span class='ocrx_word' id='word_1_678' title='bbox 1864 4927 1968 4982; x_wconf 86' lang='lat' dir='ltr'><strong>nisi</strong></span> 
     </span>
    </p>
   </div>
   <div class='ocr_carea' id='block_1_99' title="bbox 394 5017 1971 5090">
    <p class='ocr_par' dir='ltr' id='par_1_99' title="bbox 394 5017 1971 5090">
     <span class='ocr_line' id='line_1_99' title="bbox 394 5017 1971 5090; baseline -0.006 -9"><span class='ocrx_word' id='word_1_679' title='bbox 394 5025 545 5081; x_wconf 91' lang='lat' dir='ltr'><strong>illum</strong></span> <span class='ocrx_word' id='word_1_680' title='bbox 590 5023 657 5077; x_wconf 90' lang='lat' dir='ltr'><strong>de</strong></span> <span class='ocrx_word' id='word_1_681' title='bbox 684 5035 804 5090; x_wconf 82' lang='lat' dir='ltr'><strong>quo</strong></span> <span class='ocrx_word' id='word_1_682' title='bbox 844 5020 1041 5075; x_wconf 83' lang='lat' dir='ltr'><strong>Petrus</strong></span> <span class='ocrx_word' id='word_1_683' title='bbox 1067 5020 1147 5073; x_wconf 86' lang='lat' dir='ltr'><strong>ait</strong></span> <span class='ocrx_word' id='word_1_684' title='bbox 1202 5036 1216 5073; x_wconf 89' lang='lat'>:</span> <span class='ocrx_word' id='word_1_685' title='bbox 1261 5037 1283 5069; x_wconf 83' lang='grc'>‹</span> <span class='ocrx_word' id='word_1_686' title='bbox 1310 5018 1584 5084; x_wconf 80' lang='lat' dir='ltr'><strong>Quoniam</strong></span> <span class='ocrx_word' id='word_1_687' title='bbox 1625 5017 1971 5072; x_wconf 90' lang='lat' dir='ltr'><strong>adversarius</strong></span> 
     </span>
    </p>
   </div>
   <div class='ocr_carea' id='block_1_100' title="bbox 400 5099 1973 5179">
    <p class='ocr_par' dir='ltr' id='par_1_100' title="bbox 400 5099 1973 5179">
     <span class='ocr_line' id='line_1_100' title="bbox 400 5099 1973 5179; baseline -0.006 -10"><span class='ocrx_word' id='word_1_688' title='bbox 400 5121 587 5169; x_wconf 91' lang='lat' dir='ltr'><strong>noster</strong></span> <span class='ocrx_word' id='word_1_689' title='bbox 617 5110 884 5174; x_wconf 86' lang='lat' dir='ltr'><strong>diabolus,</strong></span> <span class='ocrx_word' id='word_1_690' title='bbox 910 5099 1166 5178; x_wconf 82' lang='lat' dir='ltr'><strong>tanquam</strong></span> <span class='ocrx_word' id='word_1_691' title='bbox 1190 5108 1282 5164; x_wconf 87' lang='lat' dir='ltr'><strong>leo</strong></span> <span class='ocrx_word' id='word_1_692' title='bbox 1322 5109 1561 5179; x_wconf 82' lang='lat' dir='ltr'><strong>rugiens,</strong></span> <span class='ocrx_word' id='word_1_693' title='bbox 1586 5108 1800 5171; x_wconf 89' lang='lat' dir='ltr'><strong>circuit,</strong></span> <span class='ocrx_word' id='word_1_694' title='bbox 1822 5122 1973 5174; x_wconf 66' lang='lat' dir='ltr'><strong>qure-</strong></span> 
     </span>
    </p>
   </div>
   <div class='ocr_carea' id='block_1_101' title="bbox 394 5197 1972 5271">
    <p class='ocr_par' dir='ltr' id='par_1_101' title="bbox 394 5197 1972 5271">
     <span class='ocr_line' id='line_1_101' title="bbox 394 5197 1972 5271; baseline -0.005 -13"><span class='ocrx_word' id='word_1_695' title='bbox 394 5218 525 5258; x_wconf 89' lang='lat' dir='ltr'><strong>rens</strong></span> <span class='ocrx_word' id='word_1_696' title='bbox 546 5216 706 5271; x_wconf 88' lang='lat' dir='ltr'><strong>quem</strong></span> <span class='ocrx_word' id='word_1_697' title='bbox 738 5200 999 5256; x_wconf 89' lang='lat' dir='ltr'><strong>devoret?</strong></span> <span class='ocrx_word' id='word_1_698' title='bbox 1027 5220 1046 5252; x_wconf 75' lang='grc'><strong>»</strong></span> <span class='ocrx_word' id='word_1_699' title='bbox 1067 5199 1132 5266; x_wconf 93' lang='grc'><strong>-(1</strong></span> <span class='ocrx_word' id='word_1_700' title='bbox 1158 5200 1303 5253; x_wconf 68' lang='lat' dir='ltr'><strong>Patr.</strong></span> <span class='ocrx_word' id='word_1_701' title='bbox 1326 5199 1407 5269; x_wconf 88' lang='lat' dir='ltr'><strong>v.)</strong></span> <span class='ocrx_word' id='word_1_702' title='bbox 1437 5199 1576 5266; x_wconf 76' lang='lat' dir='ltr'><strong>Quid</strong></span> <span class='ocrx_word' id='word_1_703' title='bbox 1604 5198 1774 5267; x_wconf 88' lang='lat' dir='ltr'><strong>aquis</strong></span> <span class='ocrx_word' id='word_1_704' title='bbox 1799 5197 1972 5267; x_wconf 89' lang='lat' dir='ltr'><strong>ejecta</strong></span> 
     </span>
    </p>
   </div>
   <div class='ocr_carea' id='block_1_102' title="bbox 394 5287 1973 5360">
    <p class='ocr_par' dir='ltr' id='par_1_102' title="bbox 394 5287 1973 5360">
     <span class='ocr_line' id='line_1_102' title="bbox 394 5287 1973 5360; baseline -0.004 -13"><span class='ocrx_word' id='word_1_705' title='bbox 394 5296 659 5348; x_wconf 82' lang='lat' dir='ltr'><strong>cadavera</strong></span> <span class='ocrx_word' id='word_1_706' title='bbox 688 5291 937 5360; x_wconf 83' lang='lat' dir='ltr'><strong>piscium,</strong></span> <span class='ocrx_word' id='word_1_707' title='bbox 991 5290 1094 5344; x_wconf 86' lang='lat' dir='ltr'><strong>nisi</strong></span> <span class='ocrx_word' id='word_1_708' title='bbox 1113 5289 1333 5359; x_wconf 84' lang='lat' dir='ltr'><strong>putrida</strong></span> <span class='ocrx_word' id='word_1_709' title='bbox 1378 5303 1454 5343; x_wconf 80' lang='lat' dir='ltr'><strong>ac</strong></span> <span class='ocrx_word' id='word_1_710' title='bbox 1496 5288 1735 5342; x_wconf 89' lang='lat' dir='ltr'><strong>marcida</strong></span> <span class='ocrx_word' id='word_1_711' title='bbox 1765 5287 1973 5357; x_wconf 86' lang='lat' dir='ltr'><strong>signifi-</strong></span> 
     </span>
    </p>
   </div>
   <div class='ocr_carea' id='block_1_103' title="bbox 400 5378 1977 5448">
    <p class='ocr_par' dir='ltr' id='par_1_103' title="bbox 400 5378 1977 5448">
     <span class='ocr_line' id='line_1_103' title="bbox 400 5378 1977 5448; baseline -0.003 -10"><span class='ocrx_word' id='word_1_712' title='bbox 400 5394 527 5439; x_wconf 91' lang='lat' dir='ltr'><strong>eant</strong></span> <span class='ocrx_word' id='word_1_713' title='bbox 552 5385 715 5438; x_wconf 88' lang='lat' dir='ltr'><strong>corda</strong></span> <span class='ocrx_word' id='word_1_714' title='bbox 763 5382 1059 5437; x_wconf 86' lang='lat' dir='ltr'><strong>carnaliter</strong></span> <span class='ocrx_word' id='word_1_715' title='bbox 1111 5381 1411 5435; x_wconf 80' lang='lat' dir='ltr'><strong>viventium</strong></span> <span class='ocrx_word' id='word_1_716' title='bbox 1472 5380 1863 5448; x_wconf 82' lang='lat' dir='ltr'><strong>reproborum?</strong></span> <span class='ocrx_word' id='word_1_717' title='bbox 1899 5378 1977 5433; x_wconf 90' lang='lat' dir='ltr'><strong>De</strong></span> 
     </span>
    </p>
   </div>
   <div class='ocr_carea' id='block_1_104' title="bbox 397 5467 1974 5541">
    <p class='ocr_par' dir='ltr' id='par_1_104' title="bbox 397 5467 1974 5541">
     <span class='ocr_line' id='line_1_104' title="bbox 397 5467 1974 5541; baseline -0.003 -16"><span class='ocrx_word' id='word_1_718' title='bbox 397 5473 592 5541; x_wconf 80' lang='lat' dir='ltr'><strong>quibus</strong></span> <span class='ocrx_word' id='word_1_719' title='bbox 620 5472 753 5526; x_wconf 90' lang='lat' dir='ltr'><strong>dicit</strong></span> <span class='ocrx_word' id='word_1_720' title='bbox 781 5472 1103 5540; x_wconf 78' lang='lat' dir='ltr'><strong>Apostolus:</strong></span> <span class='ocrx_word' id='word_1_721' title='bbox 1130 5470 1255 5539; x_wconf 91' lang='lat' dir='ltr'><strong>quia</strong></span> <span class='ocrx_word' id='word_1_722' title='bbox 1282 5486 1302 5520; x_wconf 72' lang='grc' dir='ltr'>ί</span> <span class='ocrx_word' id='word_1_723' title='bbox 1327 5476 1455 5523; x_wconf 90' lang='lat' dir='ltr'><strong>sunt</strong></span> <span class='ocrx_word' id='word_1_724' title='bbox 1477 5468 1721 5522; x_wconf 89' lang='lat' dir='ltr'><strong>homines</strong></span> <span class='ocrx_word' id='word_1_725' title='bbox 1737 5467 1974 5537; x_wconf 89' lang='lat' dir='ltr'><strong>reprobi,</strong></span> 
     </span>
    </p>
   </div>
   <div class='ocr_carea' id='block_1_105' title="bbox 402 5557 1973 5630">
    <p class='ocr_par' dir='ltr' id='par_1_105' title="bbox 402 5557 1973 5630">
     <span class='ocr_line' id='line_1_105' title="bbox 402 5557 1973 5630; baseline -0.002 -16"><span class='ocrx_word' id='word_1_726' title='bbox 402 5560 649 5629; x_wconf 87' lang='lat' dir='ltr'><strong>naufragi</strong></span> <span class='ocrx_word' id='word_1_727' title='bbox 680 5560 825 5613; x_wconf 89' lang='lat' dir='ltr'><strong>circa</strong></span> <span class='ocrx_word' id='word_1_728' title='bbox 859 5562 1015 5629; x_wconf 74' lang='lat' dir='ltr'><strong>[idem</strong></span> <span class='ocrx_word' id='word_1_729' title='bbox 1047 5560 1095 5630; x_wconf 86' lang='grc'><strong>(1</strong></span> <span class='ocrx_word' id='word_1_730' title='bbox 1157 5558 1294 5612; x_wconf 82' lang='lat' dir='ltr'><strong>Tim.</strong></span> <span class='ocrx_word' id='word_1_731' title='bbox 1338 5558 1421 5627; x_wconf 86' lang='lat' dir='ltr'><strong>t).</strong></span> <span class='ocrx_word' id='word_1_732' title='bbox 1459 5575 1478 5608; x_wconf 72' lang='grc' dir='ltr'><strong><em>ι</em></strong></span> <span class='ocrx_word' id='word_1_733' title='bbox 1513 5557 1659 5611; x_wconf 82' lang='lat' dir='ltr'><strong>Mare</strong></span> <span class='ocrx_word' id='word_1_734' title='bbox 1680 5557 1877 5627; x_wconf 86' lang='lat' dir='ltr'><strong>quippe</strong></span> <span class='ocrx_word' id='word_1_735' title='bbox 1897 5559 1973 5611; x_wconf 84' lang='lat' dir='ltr'><strong>vi-</strong></span> 
     </span>
    </p>
   </div>
   <div class='ocr_carea' id='block_1_106' title="bbox 398 5649 1974 5723">
    <p class='ocr_par' dir='ltr' id='par_1_106' title="bbox 398 5649 1974 5723">
     <span class='ocr_line' id='line_1_106' title="bbox 398 5649 1974 5723; baseline -0.001 -15"><span class='ocrx_word' id='word_1_736' title='bbox 398 5654 581 5708; x_wconf 78' lang='lat' dir='ltr'><strong>ventia</strong></span> <span class='ocrx_word' id='word_1_737' title='bbox 606 5668 834 5723; x_wconf 82' lang='lat' dir='ltr'><strong>corpora</strong></span> <span class='ocrx_word' id='word_1_738' title='bbox 865 5656 1081 5721; x_wconf 85' lang='lat' dir='ltr'><strong>retinet,</strong></span> <span class='ocrx_word' id='word_1_739' title='bbox 1112 5653 1373 5711; x_wconf 86' lang='lat' dir='ltr'><strong>cadavera</strong></span> <span class='ocrx_word' id='word_1_740' title='bbox 1409 5650 1652 5722; x_wconf 88' lang='lat' dir='ltr'><strong>projicit;</strong></span> <span class='ocrx_word' id='word_1_741' title='bbox 1685 5651 1738 5706; x_wconf 91' lang='lat' dir='ltr'><strong>in</strong></span> <span class='ocrx_word' id='word_1_742' title='bbox 1759 5649 1974 5709; x_wconf 86' lang='lat' dir='ltr'><strong>ﬂuentis</strong></span> 
     </span>
    </p>
   </div>
   <div class='ocr_carea' id='block_1_107' title="bbox 2070 4566 3658 4641">
    <p class='ocr_par' dir='ltr' id='par_1_107' title="bbox 2070 4566 3658 4641">
     <span class='ocr_line' id='line_1_107' title="bbox 2070 4566 3658 4641; baseline -0.006 -15"><span class='ocrx_word' id='word_1_743' title='bbox 2070 4574 2252 4628; x_wconf 84' lang='lat' dir='ltr'><strong>forma</strong></span> <span class='ocrx_word' id='word_1_744' title='bbox 2304 4586 2416 4641; x_wconf 69' lang='lat' dir='ltr'><strong>pra:</strong></span> <span class='ocrx_word' id='word_1_745' title='bbox 2436 4569 2895 4632; x_wconf 76' lang='lat' dir='ltr'><strong>liliis&#39;hOminum,</strong></span> <span class='ocrx_word' id='word_1_746' title='bbox 2925 4566 3232 4622; x_wconf 36' lang='lat' dir='ltr'><strong>diffusa&#39;est</strong></span> <span class='ocrx_word' id='word_1_747' title='bbox 3258 4567 3443 4638; x_wconf 72' lang='lat' dir='ltr'><strong>gratia</strong></span> <span class='ocrx_word' id='word_1_748' title='bbox 3473 4567 3525 4619; x_wconf 93' lang='lat' dir='ltr'><strong>in</strong></span> <span class='ocrx_word' id='word_1_749' title='bbox 3573 4566 3658 4617; x_wconf 55' lang='lat' dir='ltr'><strong>lat-</strong></span> 
     </span>
    </p>
   </div>
   <div class='ocr_carea' id='block_1_108' title="bbox 2072 4655 3647 4729">
    <p class='ocr_par' dir='ltr' id='par_1_108' title="bbox 2072 4655 3647 4729">
     <span class='ocr_line' id='line_1_108' title="bbox 2072 4655 3647 4729; baseline -0.004 -13"><span class='ocrx_word' id='word_1_750' title='bbox 2072 4661 2179 4716; x_wconf 89' lang='lat' dir='ltr'><strong>biis</strong></span> <span class='ocrx_word' id='word_1_751' title='bbox 2203 4659 2306 4714; x_wconf 91' lang='lat' dir='ltr'><strong>tuis</strong></span> <span class='ocrx_word' id='word_1_752' title='bbox 2336 4657 2507 4729; x_wconf 77' lang='lat' dir='ltr'><strong>(Paul.</strong></span> <span class='ocrx_word' id='word_1_753' title='bbox 2524 4658 2692 4727; x_wconf 76' lang='lat' dir='ltr'><strong>xuv).</strong></span> <span class='ocrx_word' id='word_1_754' title='bbox 2723 4677 2742 4708; x_wconf 68' lang='grc' dir='ltr'><strong><em>ι</em></strong></span> <span class='ocrx_word' id='word_1_755' title='bbox 2760 4658 2827 4711; x_wconf 87' lang='lat' dir='ltr'><strong>Et</strong></span> <span class='ocrx_word' id='word_1_756' title='bbox 2855 4670 3054 4726; x_wconf 86' lang='lat' dir='ltr'><strong>sponsa</strong></span> <span class='ocrx_word' id='word_1_757' title='bbox 3078 4656 3383 4711; x_wconf 84' lang='lat' dir='ltr'><strong>inGaatieis</strong></span> <span class='ocrx_word' id='word_1_758' title='bbox 3403 4655 3647 4719; x_wconf 50' lang='lat' dir='ltr'><strong>“Ecce.</strong></span> 
     </span>
    </p>
   </div>
   <div class='ocr_carea' id='block_1_109' title="bbox 2068 4736 3657 4820">
    <p class='ocr_par' dir='ltr' id='par_1_109' title="bbox 2068 4736 3657 4820">
     <span class='ocr_line' id='line_1_109' title="bbox 2068 4736 3657 4820; baseline -0.004 -15"><span class='ocrx_word' id='word_1_759' title='bbox 2068 4751 2274 4820; x_wconf 86' lang='lat' dir='ltr'><strong>inquit,</strong></span> <span class='ocrx_word' id='word_1_760' title='bbox 2316 4758 2369 4803; x_wconf 92' lang='lat' dir='ltr'><strong>tu</strong></span> <span class='ocrx_word' id='word_1_761' title='bbox 2396 4748 2619 4818; x_wconf 84' lang='lat' dir='ltr'><strong>pulcher</strong></span> <span class='ocrx_word' id='word_1_762' title='bbox 2636 4760 2721 4813; x_wconf 85' lang='lat' dir='ltr'><strong>es,</strong></span> <span class='ocrx_word' id='word_1_763' title='bbox 2742 4747 2943 4802; x_wconf 80' lang='lat' dir='ltr'><strong>dilecte</strong></span> <span class='ocrx_word' id='word_1_764' title='bbox 2984 4736 3168 4811; x_wconf 86' lang='lat' dir='ltr'><strong>mi,-et</strong></span> <span class='ocrx_word' id='word_1_765' title='bbox 3206 4746 3435 4801; x_wconf 82' lang='lat' dir='ltr'><strong>decorus</strong></span> <span class='ocrx_word' id='word_1_766' title='bbox 3475 4744 3657 4815; x_wconf 78' lang='lat' dir='ltr'><strong>(Cant.</strong></span> 
     </span>
    </p>
   </div>
   <div class='ocr_carea' id='block_1_110' title="bbox 2080 4836 3658 4911">
    <p class='ocr_par' dir='ltr' id='par_1_110' title="bbox 2080 4836 3658 4911">
     <span class='ocr_line' id='line_1_110' title="bbox 2080 4836 3658 4911; baseline -0.003 -17"><span class='ocrx_word' id='word_1_767' title='bbox 2080 4840 2148 4911; x_wconf 86' lang='lat' dir='ltr'><strong>t).</strong></span> <span class='ocrx_word' id='word_1_768' title='bbox 2180 4862 2207 4893; x_wconf 80' lang='grc'><strong>-›</strong></span> <span class='ocrx_word' id='word_1_769' title='bbox 2243 4840 2395 4906; x_wconf 80' lang='lat' dir='ltr'><strong>Quod</strong></span> <span class='ocrx_word' id='word_1_770' title='bbox 2425 4853 2551 4894; x_wconf 80' lang='lat' dir='ltr'><strong>vero</strong></span> <span class='ocrx_word' id='word_1_771' title='bbox 2580 4847 2917 4893; x_wconf 84' lang='lat' dir='ltr'><strong>mansuetum</strong></span> <span class='ocrx_word' id='word_1_772' title='bbox 2946 4836 3298 4902; x_wconf 77' lang='lat' dir='ltr'><strong>estanimal,</strong></span> <span class='ocrx_word' id='word_1_773' title='bbox 3322 4846 3382 4891; x_wconf 86' lang='lat' dir='ltr'><strong>ct</strong></span> <span class='ocrx_word' id='word_1_774' title='bbox 3412 4836 3658 4891; x_wconf 83' lang='lat' dir='ltr'><strong>de-Ghri-</strong></span> 
     </span>
    </p>
   </div>
   <div class='ocr_carea' id='block_1_111' title="bbox 2064 4925 3654 4999">
    <p class='ocr_par' dir='ltr' id='par_1_111' title="bbox 2064 4925 3654 4999">
     <span class='ocr_line' id='line_1_111' title="bbox 2064 4925 3654 4999; baseline -0.003 -14"><span class='ocrx_word' id='word_1_775' title='bbox 2064 4940 2160 4985; x_wconf 80' lang='lat' dir='ltr'><strong>sto</strong></span> <span class='ocrx_word' id='word_1_776' title='bbox 2178 4944 2282 4999; x_wconf 87' lang='lat' dir='ltr'><strong>per</strong></span> <span class='ocrx_word' id='word_1_777' title='bbox 2297 4928 2744 4983; x_wconf 88' lang='lat' dir='ltr'><strong>Isaiamdieitur:</strong></span> <span class='ocrx_word' id='word_1_778' title='bbox 2775 4946 2793 4978; x_wconf 77' lang='grc' dir='ltr'>ι</span> <span class='ocrx_word' id='word_1_779' title='bbox 2824 4927 3033 4993; x_wconf 84' lang='lat' dir='ltr'><strong>Gaude,</strong></span> <span class='ocrx_word' id='word_1_780' title='bbox 3046 4936 3111 4983; x_wconf 78' lang='lat' dir='ltr'><strong>et</strong></span> <span class='ocrx_word' id='word_1_781' title='bbox 3136 4926 3345 4992; x_wconf 69' lang='lat' dir='ltr'><strong>laetare,</strong></span> <span class='ocrx_word' id='word_1_782' title='bbox 3367 4925 3476 4980; x_wconf 85' lang='lat' dir='ltr'><strong>ﬁlia</strong></span> <span class='ocrx_word' id='word_1_783' title='bbox 3502 4926 3654 4992; x_wconf 81' lang='lat' dir='ltr'><strong>Sion,</strong></span> 
     </span>
    </p>
   </div>
   <div class='ocr_carea' id='block_1_112' title="bbox 2073 5015 3654 5091">
    <p class='ocr_par' dir='ltr' id='par_1_112' title="bbox 2073 5015 3654 5091">
     <span class='ocr_line' id='line_1_112' title="bbox 2073 5015 3654 5091; baseline -0.004 -16"><span class='ocrx_word' id='word_1_784' title='bbox 2073 5020 2329 5091; x_wconf 70' lang='lat' dir='ltr'><strong>przedica,</strong></span> <span class='ocrx_word' id='word_1_785' title='bbox 2358 5018 2524 5088; x_wconf 70' lang='lat'><strong>820</strong></span> <span class='ocrx_word' id='word_1_786' title='bbox 2553 5016 2659 5071; x_wconf 82' lang='lat' dir='ltr'><strong>tilia</strong></span> <span class='ocrx_word' id='word_1_787' title='bbox 2683 5015 3050 5081; x_wconf 79' lang='lat' dir='ltr'><strong>Hierusalem,</strong></span> <span class='ocrx_word' id='word_1_788' title='bbox 3088 5017 3351 5087; x_wconf 82' lang='lat' dir='ltr'><strong>quoniam</strong></span> <span class='ocrx_word' id='word_1_789' title='bbox 3397 5031 3491 5071; x_wconf 76' lang='lat' dir='ltr'><strong>rex</strong></span> <span class='ocrx_word' id='word_1_790' title='bbox 3531 5024 3654 5070; x_wconf 92' lang='lat' dir='ltr'><strong>tuus</strong></span> 
     </span>
    </p>
   </div>
   <div class='ocr_carea' id='block_1_113' title="bbox 2066 5102 3655 5179">
    <p class='ocr_par' dir='ltr' id='par_1_113' title="bbox 2066 5102 3655 5179">
     <span class='ocr_line' id='line_1_113' title="bbox 2066 5102 3655 5179; baseline -0.002 -16"><span class='ocrx_word' id='word_1_791' title='bbox 2066 5110 2226 5163; x_wconf 69' lang='lat' dir='ltr'><strong>venit</strong></span> <span class='ocrx_word' id='word_1_792' title='bbox 2262 5117 2575 5162; x_wconf 83' lang='lat' dir='ltr'><strong>mansuetus</strong></span> <span class='ocrx_word' id='word_1_793' title='bbox 2605 5116 2660 5161; x_wconf 89' lang='lat' dir='ltr'><strong>et</strong></span> <span class='ocrx_word' id='word_1_794' title='bbox 2712 5107 2929 5162; x_wconf 86' lang='lat' dir='ltr'><strong>salvans</strong></span> <span class='ocrx_word' id='word_1_795' title='bbox 2959 5106 3098 5179; x_wconf 68' lang='lat' dir='ltr'><strong>(lea.</strong></span> <span class='ocrx_word' id='word_1_796' title='bbox 3123 5109 3281 5176; x_wconf 75' lang='lat' dir='ltr'><strong>uti).</strong></span> <span class='ocrx_word' id='word_1_797' title='bbox 3321 5125 3341 5158; x_wconf 73' lang='grc' dir='ltr'><strong>ι</strong></span> <span class='ocrx_word' id='word_1_798' title='bbox 3374 5106 3479 5173; x_wconf 80' lang='lat' dir='ltr'><strong>Qui</strong></span> <span class='ocrx_word' id='word_1_799' title='bbox 3528 5102 3655 5161; x_wconf 79' lang='lat' dir='ltr'><strong>dum</strong></span> 
     </span>
    </p>
   </div>
   <div class='ocr_carea' id='block_1_114' title="bbox 2074 5197 3655 5267">
    <p class='ocr_par' dir='ltr' id='par_1_114' title="bbox 2074 5197 3655 5267">
     <span class='ocr_line' id='line_1_114' title="bbox 2074 5197 3655 5267; baseline -0.002 -14"><span class='ocrx_word' id='word_1_800' title='bbox 2074 5198 2211 5253; x_wconf 91' lang='lat' dir='ltr'><strong>dicit</strong></span> <span class='ocrx_word' id='word_1_801' title='bbox 2260 5215 2273 5251; x_wconf 91' lang='lat'>:</span> <span class='ocrx_word' id='word_1_802' title='bbox 2323 5218 2341 5249; x_wconf 71' lang='grc' dir='ltr'><strong>ε</strong></span> <span class='ocrx_word' id='word_1_803' title='bbox 2394 5197 2504 5267; x_wconf 86' lang='lat' dir='ltr'><strong>Ego</strong></span> <span class='ocrx_word' id='word_1_804' title='bbox 2532 5198 2710 5251; x_wconf 85' lang='lat' dir='ltr'><strong>cibum</strong></span> <span class='ocrx_word' id='word_1_805' title='bbox 2760 5198 2934 5254; x_wconf 90' lang='lat' dir='ltr'><strong>habeo</strong></span> <span class='ocrx_word' id='word_1_806' title='bbox 2965 5198 3318 5262; x_wconf 87' lang='lat' dir='ltr'><strong>manducare,</strong></span> <span class='ocrx_word' id='word_1_807' title='bbox 3340 5212 3513 5267; x_wconf 83' lang='lat' dir='ltr'><strong>quem</strong></span> <span class='ocrx_word' id='word_1_808' title='bbox 3556 5209 3655 5250; x_wconf 70' lang='lat' dir='ltr'><strong>vos</strong></span> 
     </span>
    </p>
   </div>
   <div class='ocr_carea' id='block_1_115' title="bbox 2081 5285 3653 5357">
    <p class='ocr_par' dir='ltr' id='par_1_115' title="bbox 2081 5285 3653 5357">
     <span class='ocr_line' id='line_1_115' title="bbox 2081 5285 3653 5357; baseline -0.001 -18"><span class='ocrx_word' id='word_1_809' title='bbox 2081 5286 2307 5341; x_wconf 87' lang='lat' dir='ltr'><strong>nescitis</strong></span> <span class='ocrx_word' id='word_1_810' title='bbox 2332 5286 2513 5357; x_wconf 78' lang='lat' dir='ltr'><strong>(Ioau.</strong></span> <span class='ocrx_word' id='word_1_811' title='bbox 2536 5296 2648 5357; x_wconf 74' lang='lat' dir='ltr'><strong>tr);</strong></span> <span class='ocrx_word' id='word_1_812' title='bbox 2682 5305 2700 5338; x_wconf 72' lang='grc' dir='ltr'><strong>ι</strong></span> <span class='ocrx_word' id='word_1_813' title='bbox 2726 5294 2984 5354; x_wconf 88' lang='lat' dir='ltr'><strong>tanquam</strong></span> <span class='ocrx_word' id='word_1_814' title='bbox 3004 5286 3333 5355; x_wconf 81' lang='lat' dir='ltr'><strong>quibusdam</strong></span> <span class='ocrx_word' id='word_1_815' title='bbox 3359 5285 3653 5339; x_wconf 80' lang='lat' dir='ltr'><strong>venationi-</strong></span> 
     </span>
    </p>
   </div>
   <div class='ocr_carea' id='block_1_116' title="bbox 2076 5375 3653 5447">
    <p class='ocr_par' dir='ltr' id='par_1_116' title="bbox 2076 5375 3653 5447">
     <span class='ocr_line' id='line_1_116' title="bbox 2076 5375 3653 5447; baseline -0.003 -14"><span class='ocrx_word' id='word_1_816' title='bbox 2076 5379 2177 5433; x_wconf 89' lang='lat' dir='ltr'><strong>bus</strong></span> <span class='ocrx_word' id='word_1_817' title='bbox 2195 5380 2421 5433; x_wconf 88' lang='lat' dir='ltr'><strong>satiatus</strong></span> <span class='ocrx_word' id='word_1_818' title='bbox 2435 5389 2518 5433; x_wconf 90' lang='lat' dir='ltr'><strong>est</strong></span> <span class='ocrx_word' id='word_1_819' title='bbox 2530 5378 2786 5447; x_wconf 85' lang='lat' dir='ltr'><strong>primitiis</strong></span> <span class='ocrx_word' id='word_1_820' title='bbox 2798 5379 3116 5433; x_wconf 90' lang='lat' dir='ltr'><strong>electorum.</strong></span> <span class='ocrx_word' id='word_1_821' title='bbox 3134 5378 3273 5447; x_wconf 86' lang='lat' dir='ltr'><strong>ipse,</strong></span> <span class='ocrx_word' id='word_1_822' title='bbox 3288 5378 3387 5445; x_wconf 82' lang='lat' dir='ltr'><strong>qui</strong></span> <span class='ocrx_word' id='word_1_823' title='bbox 3405 5375 3653 5431; x_wconf 85' lang='lat' dir='ltr'><strong>dormivit</strong></span> 
     </span>
    </p>
   </div>
   <div class='ocr_carea' id='block_1_117' title="bbox 2066 5470 3649 5540">
    <p class='ocr_par' dir='ltr' id='par_1_117' title="bbox 2066 5470 3649 5540">
     <span class='ocr_line' id='line_1_117' title="bbox 2066 5470 3649 5540; baseline -0.001 -16"><span class='ocrx_word' id='word_1_824' title='bbox 2066 5470 2130 5524; x_wconf 59' lang='lat' dir='ltr'><strong>&#39;in</strong></span> <span class='ocrx_word' id='word_1_825' title='bbox 2162 5478 2345 5524; x_wconf 84' lang='lat' dir='ltr'><strong>morte</strong></span> <span class='ocrx_word' id='word_1_826' title='bbox 2374 5485 2471 5539; x_wconf 91' lang='lat' dir='ltr'><strong>per</strong></span> <span class='ocrx_word' id='word_1_827' title='bbox 2516 5470 2772 5536; x_wconf 87' lang='lat' dir='ltr'><strong>triduum,</strong></span> <span class='ocrx_word' id='word_1_828' title='bbox 2796 5473 3151 5539; x_wconf 74' lang='lat' dir='ltr'><strong>postmodum</strong></span> <span class='ocrx_word' id='word_1_829' title='bbox 3186 5470 3380 5524; x_wconf 84' lang='lat' dir='ltr'><strong>emisit</strong></span> <span class='ocrx_word' id='word_1_830' title='bbox 3410 5470 3649 5540; x_wconf 87' lang='lat' dir='ltr'><strong>rugitum</strong></span> 
     </span>
    </p>
   </div>
   <div class='ocr_carea' id='block_1_118' title="bbox 2080 5561 3647 5633">
    <p class='ocr_par' dir='ltr' id='par_1_118' title="bbox 2080 5561 3647 5633">
     <span class='ocr_line' id='line_1_118' title="bbox 2080 5561 3647 5633; baseline 0.001 -19"><span class='ocrx_word' id='word_1_831' title='bbox 2080 5562 2389 5630; x_wconf 66' lang='lat' dir='ltr'><strong>apostolicae</strong></span> <span class='ocrx_word' id='word_1_832' title='bbox 2412 5561 2835 5630; x_wconf 70' lang='lat' dir='ltr'><strong>praedicationis.</strong></span> <span class='ocrx_word' id='word_1_833' title='bbox 2858 5572 2912 5616; x_wconf 92' lang='lat' dir='ltr'><strong>et</strong></span> <span class='ocrx_word' id='word_1_834' title='bbox 2933 5577 3030 5633; x_wconf 91' lang='lat' dir='ltr'><strong>per</strong></span> <span class='ocrx_word' id='word_1_835' title='bbox 3054 5562 3219 5617; x_wconf 88' lang='lat' dir='ltr'><strong>silvas</strong></span> <span class='ocrx_word' id='word_1_836' title='bbox 3250 5561 3489 5617; x_wconf 85' lang='lat' dir='ltr'><strong>omnium</strong></span> <span class='ocrx_word' id='word_1_837' title='bbox 3520 5576 3647 5632; x_wconf 88' lang='lat' dir='ltr'><strong>gen-</strong></span> 
     </span>
    </p>
   </div>
   <div class='ocr_carea' id='block_1_119' title="bbox 2080 5648 3649 5721">
    <p class='ocr_par' dir='ltr' id='par_1_119' title="bbox 2080 5648 3649 5721">
     <span class='ocr_line' id='line_1_119' title="bbox 2080 5648 3649 5721; baseline 0.001 -18"><span class='ocrx_word' id='word_1_838' title='bbox 2080 5648 2212 5705; x_wconf 91' lang='lat' dir='ltr'><strong>tium</strong></span> <span class='ocrx_word' id='word_1_839' title='bbox 2253 5649 2606 5721; x_wconf 86' lang='lat' dir='ltr'><strong>fragrantiam</strong></span> <span class='ocrx_word' id='word_1_840' title='bbox 2640 5650 2899 5720; x_wconf 87' lang='lat' dir='ltr'><strong>spiritalis</strong></span> <span class='ocrx_word' id='word_1_841' title='bbox 2936 5648 3147 5706; x_wconf 77' lang='lat' dir='ltr'><strong>dill‘udit</strong></span> <span class='ocrx_word' id='word_1_842' title='bbox 3167 5650 3368 5708; x_wconf 91' lang='lat' dir='ltr'><strong>odoris.</strong></span> <span class='ocrx_word' id='word_1_843' title='bbox 3400 5666 3421 5701; x_wconf 76' lang='grc' dir='ltr'>σ</span> <span class='ocrx_word' id='word_1_844' title='bbox 3455 5648 3512 5705; x_wconf 88' lang='lat' dir='ltr'><strong>in</strong></span> <span class='ocrx_word' id='word_1_845' title='bbox 3541 5662 3649 5705; x_wconf 83' lang='lat' dir='ltr'><strong>om-</strong></span> 
     </span>
    </p>
   </div>
  </div>
