4054 6184
426 317 533 378 785

856 315 914 372 S.
944 314 1148 371 PETRI
1176 316 1455 371 DA‘MIANI
1486 317 1635 372 OPP.
1682 318 1919 375 TOMUS
1956 319 2087 376 SEU
2120 321 2299 376 PARS
2337 322 2425 377 III.
2466 352 2532 363 -—
2572 324 2939 383 OPUSCULA
2982 328 3214 385 VARIA.

3574 337 3681 423 ast

423 430 598 520 dendo
620 428 883 520 p‘rmcidat
901 442 967 520 ac
994 437 1194 496 praesto
1217 427 1498 520 deglutiat.
1524 428 1601 481 Ex
1631 428 1781 496 cujus
1812 430 2007 501 capitis
2037 444 2079 496 Α
2112 448 2217 489 non
2263 432 2520 499 sufficiat,
2567 438 2756 492 eadem
2800 455 2897 495 ore
2954 442 3175 512 proprio
3215 458 3382 514 grana
3427 450 3699 520 praem“,

414 519 600 575 oculis
634 516 935 571 duotcatuli
976 525 1351 585 procreantur,
1397 517 1489 586 qui
1538 527 1727 587 partus
1770 526 2011 589 tempore

436 619 678 664 materna
726 606 894 659 latera
949 606 1206 674 utrinque
1250 607 1568 672 corrodunt,
1606 617 1661 660 et
1702 608 1781 662 sic
1822 609 2011 663 altrin-

417 714 586 755 'secus
619 696 777 752 simul
832 696 1142 750 occidentes
1171 696 1537 751 et‘nascentes
1565 706 1871 768 erumpunt.
1907 699 2009 765 Qui

428 793 685 847 nimirum
728 799 852 845 ante
899 799 1025 845 sunt
1070 791 1352 860 parricidae
1395 807 1557 859 quam
1606 788 1846 860 lilii;et
1890 795 2012 850 ideo

423 899 700 952 nunquam
733 892 932 951 praeter
960 884 1093 936 duos
1141 882 1285 937 valet
1313 882 1473 952 hujus
1497 887 1711 956 generis
1739 887 2011 943 excedens

424 975 627 1045 aliquid
656 974 907 1027 inveniri.

499 1065 597 1118 Est
617 1066 802 1127 etiam,
846 1062 1206 1129 sicutTertur,
1236 1064 1378 1119 aliud
1425 1082 1593 1135 genus
1640 1068 1781 1135 quod
1812 1068 2020 1122 dicitur

414 1155 677 1226 jaculum,
721 1154 865 1223 quod
893 1153 1123 1207 volando
1166 1165 1390 1223 repente
1432 1157 1705 1211 hominem
1734 1167 2007 1226 penetrat,

424 1256 479 1301 ct
510 1247 583 1300 ita
614 1245 934 1316 pertransit,
966 1253 1221 1314 tanquam
1253 1245 1327 1299 nil
1353 1247 1454 1301 sibi
1495 1263 1715 1317 prorsus
1756 1249 2006 1304 obsistat.

426 1338 509 1392 Ad
563 1336 939 1391 instruendam
993 1336 1197 1405 quippe
1248 1337 1539 1391 humanam
1593 1346 1841 1392 naturam
1892 1338 2019 1409 pius"

418 1428 683 1484 Conditor
725 1428 969 1483 diversas
1016 1428 1192 1483 brutis
1219 1429 1545 1484 animalibus
1571 1430 1739 1495 vires,
1775 1440 1830 1485 et
1860 1443 2011 1487 astu-

421 1519 551 1573 tiam
590 1518 839 1584 coululit,
866 1528 928 1572 ut
961 1535 1027 1574 ex
1056 1518 1306 1575 belluina:
1348 1534 1563 1589 quoque
1588 1523 1905 1592 sagacitatis
1920 1523 2012 1600 ,ἰη-

418 1609 614 1680 dagine
638 1625 745 1664 non
774 1611 1171 1665 contemnenda
1216 1610 1269 1665 in
1313 1620 1530 1668 nostros
1554 1620 1708 1668 actus
1731 1612 2012 1670 valeamus

416 1701 670 1773 exempla
699 1700 1031 1770 transferre._

991 1792 1218 1850 CAPUT
1258 1793 1445 1850 XXIII.

446 1884 532 1939 De
560 1901 781 1955 onagro,
810 1883 1101 1951 elephants,
1133 1886 1399 1953 unicorm‘,
1436 1887 1615 1957 aquila
1649 1896 1697 1942 et
1723 1887 1970 1957 formica.

493 1976 629 2044 Quis
678 1977 822 2032 enim
862 1977 1049 2032 docuit
1093 1992 1380 2047 onagrum,
1423 1986 1482 2033 ut
1515 1979 1570 2033 in
1616 1980 2009 2049 aequinoctialis
2043 2041 2056 2052 ,

410 2070 625 2125 mensis
674 2068 854 2122 Martii
909 2069 1296 2139 perpendiculo
1359 2084 1455 2138 per
1503 2070 1781 2125 duodenas
1845 2072 2007 2127 horas

422 2161 564 2227 diei,
617 2160 780 2216 simul
822 2168 879 2215 et
916 2160 1095 2214 noctis
1136 2160 1363 2214 totidem
1414 2159 1626 2227 rugitus
1673 2161 1927 2215 emittat?
1954 2169 2011 2216 et

421 2256 573 2309 velut
616 2269 716 2323 per
770 2253 1036 2308 naturalis
1082 2251 1347 2322 horologii
1398 2266 1702 2321 organum,
1746 2252 2004 2307 horarum

417 2358 696 2403 momenta
731 2346 1060 2416 distinguat?
1082 2345 1186 2401 Per
1221 2343 1462 2416 singulas
1496 2345 1643 2400 enim
1677 2346 1839 2401 horas
1894 2346 2008 2401 sive

411 2438 527 2492 diei
579 2437 693 2491 sive
743 2436 921 2491 noctis
969 2434 1137 2489 semel
1192 2436 1370 2505 rugit,
1434 2449 1497 2490 ae
1548 2448 1646 2503 per
1691 2435 1796 2491 hoc
1835 2435 2005 2507 requi-

418 2531 670 2588 noctialis
696 2531 847 2586 librae
867 2531 1055 2586 adesse
1087 2541 1298 2600 tempus
1321 2530 1582 2585 ostendit.

489 2624 623 2692 Quis
652 2624 835 2679 docuit
864 2624 1203 2695 elephantem
1235 2631 1549 2694 perpetuam
1588 2621 1811 2692 diligere
1845 2620 2006 2677 casti-

410 2717 625 2772 tatem?
647 2716 749 2784 Qui
782 2726 962 2770 tamen
989 2731 1113 2770 cum
1145 2724 1351 2768 natura:
1375 2722 1599 2770 coactus
1626 2712 1855 2782 imperio
1885 2726 2005 2768 ver-

419 2817 543 2863 tens
591 2815 754 2877 caput
802 2814 925 2875 post
983 2818 1061 2869 se,
1121 2804 1274 2874 quasi
1302 2803 1532 2858 nolendo
1565 2810 1621 2857 et
1666 2802 2002 2867 nauseando,

404 2900 632 2965 coierit,
678 2908 734 2953 et
767 2896 1077 2966 concipiens
1102 2895 1273 2951 semel
1310 2893 1511 2949 femina
1561 2893 1629 2947 ad
1657 2892 2003 2948 concubitum

417 3007 523 3045 non
568 2990 879 3045 revertitur.
921 2988 1013 3042 llla
1053 3001 1183 3042 vero
1224 2989 1349 3041 dum
1407 2986 1721 3051 draconem,
1761 2984 1852 3054 qui
1901 2985 2005 3040 sibi

418 3082 661 3137 feraliter
687 3081 991 3144 insidiatur,
1032 3078 1347 3133 tremefacta
1384 3076 1670 3142 formidat,
1710 3091 1817 3131 non
1850 3075 1999 3144 alibi,

2116 538 2185 578 ne
2211 525 2469 580 videlicet
2511 542 2610 597 per
2641 528 2891 586 hiemalis
2932 531 3333 590 inclementiam
3364 538 3554 594 imbris
3593 541 3695 596 ite-

2114 628 2233 669 rum
2267 624 2538 687 turgcant,
2566 626 2621 673 et
2662 628 2856 690 negata
2890 636 2986 691 spe
3014 623 3192 679 victus
3220 628 3276 681 in
3297 626 3489 685 herbas
3506 644 3689 687 erum-

2111 713 2261 772 panL

2679 802 2907 859 CAPUT
2950 805 3138 863 XXIV.

2341 889 2420 943 De
2450 891 2653 961 vipera,
2681 895 2947 964 accipitre,
2979 907 3213 967 serpente
3245 908 3293 953 et
3318 915 3465 956 ursa.

2184 979 2318 1047 Quis
2369 984 2533 1037 etiam
2575 985 2813 1054 viperam
2866 987 3051 1041 docuit
3100 996 3191 1053 ut,
3246 1005 3368 1045 cum
3427 992 3696 1063 cupiditas

2111 1070 2289 1126 coitus
2336 1073 2561 1139 incitat,
2602 1076 2667 1129 ad
2732 1074 2887 1131 littus
2922 1077 3064 1132 illico
3114 1094 3415 1151 properans
3459 1100 3696 1140 murena:

2112 1164 2401 1219 maritimae
2439 1167 2684 1236 copulam
2725 1168 2918 1237 petat?
2964 1168 3077 1224 Hac
3119 1172 3285 1241 igitur
3323 1175 3497 1231 sibilis
3540 1193 3693 1233 suam

2115 1253 2451 1308 testificante
2512 1256 2890 1324 praesentiam,
2952 1260 3210 1315 continuo
3271 1279 3497 1319 murena
3569 1282 3697 1336 pro-

2112 1342 2372 1412 greditur,
2402 1352 2457 1399 et
2498 1353 2777 1400 venenatae
2802 1344 2993 1403 bestiae
3023 1347 3248 1405 alterius
3276 1351 3533 1408 elementi
3566 1353 3702 1410 mis-

2113 1442 2288 1488 cetur.

2187 1522 2321 1587 Quis
2350 1523 2701 1593 accipitribus
2747 1524 3054 1595 hujusmodi
3094 1527 3230 1599 legis
3258 1528 3381 1597 jura
3427 1534 3683 1602 praeﬁxit,

2114 1622 2175 1665 ut
2206 1612 2294 1666 ubi
2328 1613 2629 1679 nidificant,
2665 1629 2764 1685 per
2808 1617 3048 1687 amplum
3090 1619 3218 1674 hinc
3251 1620 3374 1675 inde
3412 1624 3699 1680 circuitum

2114 1701 2276 1757 nullis
2308 1705 2531 1758 omnino
2559 1704 2765 1775 rapinis
2792 1707 3068 1771 insistant,
3102 1716 3158 1763 et
3187 1724 3308 1764 cum
3356 1710 3426 1765 ab
3464 1713 3547 1768 eis
3581 1715 3703 1770 ubi-

2042 1791 2086 1849 B
2115 1809 2222 1863 que
2250 1794 2496 1850 locorum
2528 1795 2631 1850 nisi
2664 1796 2806 1852 bello
2827 1813 2935 1851 non
2959 1798 3181 1867 vivitur,
3208 1800 3319 1855 illic
3345 1801 3436 1856 ubi
3465 1804 3701 1860 victores

2116 1885 2356 1940 hostium
2404 1887 2691 1943 manubias
2729 1887 3039 1954 conferunt,
3083 1903 3189 1957 pax
3245 1893 3537 1961 tranquilla
3585 1910 3701 1950 ser-

2111 1975 2308 2030 vetur?
2335 1976 2407 2029 At
2440 1977 2529 2031 ubi
2561 1976 2705 2032 fetus
2733 1992 2862 2032 suos
2884 1978 2997 2046 jam
3034 1978 3435 2049 plumescentes
3476 1984 3696 2039 evolare

2116 2080 2277 2135 posse
2325 2065 2754 2135 deprehendunt,
2790 2068 3017 2138 pedibus
3052 2085 3155 2124 eos
3205 2085 3268 2125 ac
3319 2082 3501 2127 rostro
3553 2074 3697 2129 nidis

2112 2155 2429 2220 eliminant;
2486 2168 2540 2211 et
2582 2166 2837 2226 tanquam
2879 2160 3246 2230 emancipatos
3282 2161 3490 2231 legibus
3530 2180 3559 2219 a
3590 2182 3689 2221 sua

2108 2246 2296 2315 procul
2323 2248 2723 2303 cohabitatione
2746 2251 3093 2319 propulsant;
3129 2264 3185 2307 ut
3212 2255 3289 2308 sic
3311 2270 3340 2307 a
3375 2266 3562 2311 tenero
3582 2257 3697 2325 jam

2100 2338 2464 2393 instituantur
2492 2339 2560 2393 ad
2602 2342 2862 2409 praedam,
2905 2357 3006 2397 nec
3056 2344 3107 2397 in
3150 2345 3434 2415 segnitiem
3466 2361 3545 2413 se,
3578 2364 3701 2419 spe-

2110 2440 2297 2486 rantcs
2319 2447 2347 2485 a
2379 2432 2698 2502 parentibus
2723 2432 3001 2498 alimenta,
3040 2437 3326 2504 resolvant,
3357 2441 3455 2495 sed
3484 2441 3553 2495 ab
3583 2441 3699 2511 ipso

2109 2522 2276 2593 primi
2321 2523 2532 2579 volatus
2574 2525 2798 2580 exordio
2844 2526 3052 2582 crebris
3094 2529 3403 2598 rapinarum
3434 2532 3700 2589 violentiis

2106 2623 2444 2671 assuescant.

2184 2707 2284 2765 Ubi
2312 2717 2575 2778 praeterea
2608 2724 2736 2764 ursa
2764 2709 2972 2776 didicit,
3003 2727 3127 2767 cum
3166 2720 3352 2782 partus
3377 2715 3500 2769 edat
3531 2715 3699 2770 infer»

2108 2814 2246 2866 tnes,
2274 2809 2432 2855 natos
2473 2815 2600 2857 suos
2633 2800 2869 2873 lingentc
2897 2804 3075 2874 lingua
3120 2820 3217 2874 per
3238 2806 3388 2861 varia
3428 2810 3698 2864 membro-

2109 2907 2229 2947 rum
2261 2890 2589 2947 liueamenla
2617 2893 2971 2964 distinguere,
3003 2910 3067 2949 ac
3097 2909 3246 2949 more
3270 2896 3415 2966 liguli
3452 2898 3507 2951 in
3533 2908 3694 2953 natu-

2106 2980 2238 3036 ralis
2277 2981 2505 3053 elligiem
2537 2983 2749 3051 generis
2772 3023 2787 3051 ,
2839 2984 3236 3055 imaginemque
3278 2987 3549 3042 formare?
3586 2988 3697 3044 luto

2108 3073 2231 3143 quis
2256 3073 2594 3128 medicinalis
2622 3075 2756 3128 artis
2784 3075 3149 3131 instrumenta
3172 3079 3475 3147 perdocuit,
3501 3080 3623 3149 quis
3645 3081 3696 3134 ei

418 3176 512 3229 sed
550 3174 602 3227 in
634 3188 770 3243 aqua
809 3170 970 3241 parit,
1002 3185 1123 3241 quae
1146 3170 1211 3224 ad
1252 3170 1418 3223 ubera
1448 3166 1565 3236 ejus
1592 3182 1765 3238 usque
1798 3168 2002 3238 pertin-
2031 3138 2075 3200 ο
2110 3166 2252 3220 vires
2302 3166 2595 3221 herbarum
2660 3175 2718 3221 et
2776 3168 3077 3224 curationis
3141 3170 3379 3226 fomenta
3441 3173 3698 3228 dictavit?

416 3274 530 3337 gat.
567 3263 701 3321 Nam
745 3262 791 3316 si
841 3269 996 3316 extra
1040 3274 1235 3328 aquam
1281 3258 1513 3328 peperit,
1551 3257 1718 3313 draco
1760 3257 1999 3313 catulum

415 3357 535 3428 ejus
564 3362 786 3423 repente
804 3353 1170 3419 'devoratarps
1196 3348 1422 3403 invadit.

487 3449 621 3515 Quis
644 3448 786 3501 hanc
825 3443 1216 3515 ingenuitatem
1260 3441 1508 3497 unicorni
1539 3440 1786 3507 contulit,
1816 3450 1874 3495 ut
1911 3441 2002 3496 de-

418 3542 667 3609 dignetur
716 3536 919 3590 viribus
949 3534 1111 3599 vinci,
1150 3534 1474 3589 humilitatis
1513 3543 1631 3590 arte
1676 3534 1913 3605 patiatur
1943 3550 2003 3589 se

408 3635 574 3691 facile
602 3632 883 3704 superari?
918 3630 1201 3700 Nunquam
1241 3629 1445 3685 scilicet
1474 3644 1503 3683 a
1533 3628 1885 3683 venatoribus
1913 3642 2001 3681 ca-

406 3725 581 3796 pitur,
610 3723 712 3777 uisi
738 3722 887 3792 prius
914 3721 967 3774 in
989 3719 1214 3789 virginis
1239 3718 1446 3789 gremio
1473 3716 1785 3772 reclinelur.

490 3812 623 3880 Quis
676 3812 781 3866 hoc
825 3808 1105 3865 medicinat
1152 3821 1321 3876 genus
1369 3806 1562 3876 aquilae
1610 3804 1849 3871 tradidit,
1882 3820 2003 3874 qua:

420 3920 545 3959 cum
578 3902 840 3967 senuerit,
883 3911 938 3956 et
977 3898 1191 3970 gravari
1223 3898 1487 3967 coeperint
1528 3896 1626 3951 alae
1661 3894 1796 3965 ejus,
1838 3907 2002 3966 atque

418 3996 561 4052 oculi
620 3995 879 4065 caligare,
928 4003 1054 4046 tunc
1092 3990 1287 4060 quaerit
1331 3988 1535 4044 fontem
1584 4004 1762 4058 aquae,
1812 3997 2001 4043 contra

416 4101 580 4158 quem
612 4086 785 4157 posita
816 4084 963 4139 volat
993 4098 1164 4151 usque
1200 4081 1267 4135 ad
1298 4080 1562 4136 circulum
1595 4080 1745 4144 solis,
1783 4079 2003 4149 illicque

415 4182 471 4234 in
508 4179 712 4249 puriori
764 4177 982 4231 aetheris
1035 4173 1290 4228 vastitate
1346 4172 1564 4235 librata,
1625 4169 1693 4224 ad
1746 4180 2003 4240 vaporem

419 4268 550 4322 solis
568 4276 630 4320 et
654 4266 770 4319 alas
797 4263 1053 4327 incendit,
1077 4269 1135 4314 et
1160 4259 1445 4329 caliginem
1471 4258 1751 4314 oculorum
1779 4274 2001 4328 prorsus

415 4357 629 4419 exurit,
680 4367 915 4421 moxque
967 4350 1302 4406 descendens
1352 4349 1525 4404 tribus
1576 4349 1630 4402 iu
1666 4347 1870 4403 fontem
1918 4350 1999 4403 vi-

2105 3253 2240 3309 Nam
2275 3256 2321 3310 si
2352 3257 2567 3325 quando
2605 3256 2805 3312 ictibus
2855 3259 3192 3329 gravissimae
3243 3262 3407 3317 czedis
3446 3262 3693 3329 aﬂicitur,

2104 3345 2189 3400 vel
2240 3346 2404 3401 etiam
2450 3346 2647 3417 jaculis
2702 3347 2944 3417 perfossa
2999 3351 3296 3420 sauciatur,
3352 3354 3554 3419 herbae,
3608 3356 3697 3411 cui

2104 3435 2507 3511 Graeceglo'poc
2528 3453 2726 3493 nomen
2747 3440 3080 3509 est,vulnera
3105 3440 3343 3510 subjicit,
3374 3453 3429 3498 et
3470 3444 3551 3498 sic
3583 3444 3698 3498 solo

2108 3537 2255 3583 tactu
2280 3544 2472 3583 omnes
2499 3529 2738 3584 ulcerum
2767 3530 2979 3586 dolores
3011 3531 3272 3598 excludit,
3302 3542 3358 3587 et
3398 3535 3466 3588 ad
3493 3534 3699 3589 incolu-

2113 3621 2358 3674 mitatem
2408 3620 2692 3689 pristinam
2741 3624 3090 3680 convalescit.
3147 3625 3385 3696 Serpens
3442 3643 3694 3698 quoque,

2101 3710 2248 3778 quod
2297 3725 2397 3764 nos
2447 3712 2694 3780 superius
2743 3712 2975 3783 fugerat,
3030 3714 3074 3770 si
3136 3716 3433 3771 caecitatem
3470 3718 3693 3785 patitur,

2103 3818 2202 3859 esu
2251 3802 2475 3858 feniculi
2510 3804 2615 3860 luci
2663 3805 2909 3875 pristinae
2958 3805 3307 3861 relormatur.
3347 3808 3468 3861 Mox
3508 3809 3694 3877 igitur,

2104 3893 2196 3947 ubi
2227 3894 2413 3949 oculos
2452 3896 2558 3951 sibi
2596 3896 2763 3961 sentit
2811 3897 3032 3962 obduci,
3086 3906 3273 3952 notum
3319 3899 3456 3966 petit
3501 3912 3696 3969 praesto

2104 3987 2425 4054 remedium,
2456 4003 2558 4043 nec
2581 3990 2693 4059 spei
2735 4003 2845 4043 sua:
2872 3988 3167 4045 frustratur
3197 3989 3409 4046 ell'ectu.

2689 4080 2917 4137 CAPUT
2961 4081 3129 4137 XXV.

2247 4170 2323 4226 De
2352 4172 2610 4227 testudine
2635 4181 2683 4226 et
2716 4174 2876 4228 variis
2915 4172 3223 4227 animalium
3254 4174 3549 4229 medicinis.

2174 4262 2411 4319 Testudo
2436 4264 2737 4319 visceribus
2764 4276 2918 4332 pasta
2948 4265 3239 4335 serpentis,
3271 4281 3393 4321 cum
3424 4281 3691 4320 venenum

2105 4352 2218 4406 suis
2241 4367 2454 4422 quoque
2493 4354 2661 4408 sentit
2685 4355 2983 4410 visceribus
3010 4370 3254 4424 serpere,
3274 4355 3558 4424 origanum
3589 4355 3690 4408 sibi

417 4448 570 4501 cibus
617 4444 897 4513 mergitur,
942 4451 998 4495 et
1030 4441 1109 4495 sic
1160 4440 1367 4493 alarum
1427 4440 1579 4510 vigor
1618 4447 1673 4493 et
1721 4439 1997 4495 oculorum
2029 4489 2079 4548 Β
2107 4442 2355 4508 protinus
2386 4442 2453 4497 ad
2477 4444 2776 4499 remedium
2810 4444 3165 4516 uon.,negligit
3191 4445 3471 4500 adhibere.
3508 4446 3695 4515 Vulpis

413 4539 561 4592 acies
593 4535 760 4591 multo
800 4533 991 4590 melius
1030 4546 1193 4602 quam
1226 4530 1481 4601 juventus
1515 4529 1791 4596 attulerat,
1838 4544 1998 4588 reno-

414 4627 648 4682 vantur?
946 4616 949 4617 ν

404 4754 409 4757 Α
489 4718 641 4786 Quis,
670 4730 874 4786 qmeso,
914 4713 1195 4770 formicam
1235 4711 1303 4766 ad
1352 4712 1454 4767 hoc
1498 4711 1789 4766 triturandi
1829 4726 1999 4783 genus

414 4808 673 4872 instituit,
702 4815 761 4861 ut
794 4813 1037 4874 segetum
1066 4818 1233 4875 grana
1262 4802 1556 4868 discernat,
1581 4810 1638 4856 et
1659 4800 1823 4873 823
1849 4802 1999 4872 igno-

406 4903 539 4958 bilia
589 4914 870 4970 respuens,
914 4896 1262 4968 elegantioris
1282 4896 1494 4965 frugem
1546 4895 1759 4965 generis
1800 4893 2000 4965 eligat?

408 4996 681 5052 Acervum
708 4990 909 5060 quippe
956 4987 1155 5058 segetis
1180 4987 1464 5057 diligenter
1494 4987 1760 5056 explorat,
1787 4996 1842 5042 et
1869 4989 1995 5042 hor-

414 5089 575 5144 deum
598 5082 821 5154 quidem
852 5090 1109 5150 tanquam
1139 5080 1507 5148 jumentorum
1534 5081 1727 5148 pabula
1759 5082 1993 5150 quodam

412 5179 573 5234 modo
621 5174 936 5239 fastidiens,
987 5180 1343 5241 aspernatur;
1393 5171 1482 5225 ubi
1530 5186 1662 5226 vero
1717 5172 1991 5227 triticeum

411 5268 615 5339 reperit
670 5279 919 5337 granum,
971 5262 1202 5316 libenter
1248 5262 1611 5331 amplectitur.
1670 5261 1794 5317 Hazc
1827 5265 1989 5319 etiam

411 5367 655 5414 venturae
686 5355 994 5413 serenitatis
1013 5364 1233 5424 tempus
1269 5353 1589 5423 quibusdam
1641 5353 1993 5423 deprehendit

412 5450 652 5514 iudiciis,
691 5458 747 5503 et
779 5463 901 5504 cum
938 5445 1159 5501 cellaria
1200 5459 1297 5498 sua
1348 5443 1497 5497 aerio
1537 5443 1715 5497 cernit
1764 5444 1993 5500 humore

413 5537 758 5604 madescere,
806 5536 1040 5609 propriis
1084 5533 1327 5589 humeris
1368 5531 1638 5602 repositas
1684 5532 1849 5589 victui
1894 5551 1992 5590 suo

413 5630 600 5701 fruges
643 5638 926 5698 exportat,
972 5636 1028 5682 et
1065 5627 1261 5682 damna
1309 5624 1608 5680 domestica
1654 5639 1989 5697 praecavens,

418 5720 749 5775 torrentibus
785 5734 880 5774 eas
935 5719 1100 5774 radiis
1138 5716 1266 5774 solis
1319 5715 1585 5783 cxsiccat;
1631 5727 1685 5773 et
1713 5728 1987 5793 tanquam

2103 4533 2268 4586 etiam
2312 4532 2496 4589 dolosa
2526 4549 2647 4589 cum
2698 4544 2927 4590 mortem
2956 4536 3056 4590 sibi
3103 4536 3337 4592 senserit
3381 4536 3689 4600 imminere.

2102 4639 2170 4678 ex
2202 4624 2431 4680 sudante
2455 4626 2613 4695 pinus
2639 4624 2808 4696 824
2840 4626 2945 4681 sibi
2978 4626 3163 4681 resina
3192 4628 3458 4691 medetur,
3492 4626 3692 4695 talique

2102 4714 2339 4770 remedio
2379 4715 2433 4769 in
2471 4713 2730 4785 longioris
2759 4716 2881 4770 vitae
2911 4716 3086 4785 spatia
3119 4715 3439 4785 proteletur.
3469 4714 3607 4779 Nam
3636 4726 3696 4771 et

2090 4805 2217 4874 ipsa
2248 4806 2525 4872 animalia,
2573 4822 2693 4876 quae
2732 4807 2950 4862 sibimet
2980 4808 3233 4863 adhibent
3275 4823 3307 4861 a
3349 4809 3511 4863 rebus
3540 4818 3695 4864 cxte-

2102 4896 2339 4951 rioribus
2382 4895 2730 4963 medicinam,
2761 4898 2815 4951 in
2842 4897 2956 4951 suis
2984 4912 3199 4967 quoque
3236 4898 3533 4952 visceribus
3574 4912 3689 4952 me-

2104 4987 2263 5043 dendi
2289 4988 2588 5056 probantur
2616 4987 2817 5043 habere
2847 4988 3155 5043 materiam.
3196 4989 3275 5042 De
3310 4988 3569 5042 carnibus
3605 4988 3691 5041 vi-

2102 5093 2267 5148 perae,
2319 5094 2439 5147 qua:
2470 5089 2621 5150 tyrus
2657 5079 2875 5144 dicitur,
2906 5095 3012 5135 non
3040 5080 3201 5136 modo
3252 5078 3493 5134 theriaca
3520 5079 3691 5134 conli-

2101 5171 2263 5236 citur,
2294 5171 2386 5226 sed
2413 5180 2467 5225 et
2496 5172 2709 5227 diversa
2754 5172 3003 5227 medendi
3048 5158 3287 5228 remedia
3315 5172 3687 5241 providentur.

2103 5259 2390 5330 Segmenta
2414 5261 2592 5317 eboris
2624 5261 2679 5316 in
2719 5262 2954 5317 medelas
2979 5262 3159 5317 varias
3198 5270 3565 5317 assumuntur.
3592 5259 3686 5316 Fel

2105 5351 2294 5423 hyenae
2331 5354 2569 5408 restituit
2595 5354 2768 5411 oculis
2816 5354 3138 5421 claritatem,
3171 5353 3324 5421 cujus
3371 5363 3580 5409 stercus
3613 5352 3690 5408 si-

2097 5442 2301 5496 militer
2342 5452 2397 5497 et
2432 5459 2628 5498 canum
2675 5444 2896 5498 vulnera
2947 5457 3140 5498 curare
3188 5442 3450 5498 noscitur.
3498 5440 3691 5497 Omnis

2095 5535 2260 5588 etiam
2280 5551 2423 5605 aegra
2448 5535 2585 5601 fera,
2610 5536 2655 5590 si
2678 5536 2829 5591 cauis
2848 5535 3015 5591 ebibit
3041 5535 3382 5604 sanguinem,
3405 5541 3691 5601 recuperat

2092 5626 2401 5682 sanitatem.
2430 5624 2564 5681 Nam
2593 5635 2649 5680 et
2671 5625 2832 5682 limus
2862 5627 3097 5681 hominis
3119 5628 3187 5681 ad
3216 5634 3418 5696 quanta
3447 5623 3687 5680 curatio-

2093 5736 2219 5776 num
2260 5721 2650 5778 medicamenta
2680 5719 2946 5791 proﬁciat,
2988 5720 3225 5777 Galenus
3250 5727 3493 5775 enarrat.
