4054 6184
395 364 501 419 ’185

1246 353 1487 412 OPUSC.
1532 353 1634 408 Lll.
1679 386 1750 394 —
1784 356 1872 410 DE
1908 353 2091 411 ΒΟΝο
2132 353 2471 410 RELIGIOSI
2509 351 2801 408 STATUS.

3541 357 3652 414 ’186

443 463 979 533 Struthio,camelus,
1008 481 1177 534 ranae,
1203 468 1583 531 cameleoutes,
1612 482 1795 536 grues,
1825 465 1972 520 cico-
1999 468 2042 525 Λ
2071 462 2438 534 scorpionem;
2473 463 2588 533 qui,
2612 463 2861 518 videlicet
2916 455 3020 528 leo,
3047 471 3101 518 et
3127 479 3331 520 veneno
3381 473 3648 538 serpentis

389 570 515 631 nim,
549 565 620 621 fel
644 563 858 634 aquilae,
890 562 1111 633 sanguis
1137 561 1430 630 accipitris,
1461 570 1673 615 stercus
1698 568 1752 613 et
1781 573 1977 614 carnes

392 656 717 718 hirundinis,
747 653 945 722 quibus
980 653 1184 723 morbis
1230 651 1459 706 afferant
1504 650 1848 713 medicinam,
1889 648 1975 702 ille

390 757 570 820 potest
613 745 918 802 dicerecui
984 743 1316 814 pr0positum
1363 751 1447 798 est
1494 743 1564 797 de
1607 740 1976 796 curationibus

391 851 678 908 corporum
729 832 1351 903 disputare..Perhibent
1393 830 1599 900 physici
1653 830 1776 899 quia
1824 827 1977 898 pellis

390 924 619 989 colubri,
650 937 814 993 quam
853 919 1093 990 deponit,
1125 921 1169 974 si
1209 919 1328 973 oleo
1358 917 1597 974 fervente
1638 919 1975 987 decoquitur,

392 1018 532 1072 mire
560 1031 657 1086 per
680 1027 802 1068 eam
849 1012 1004 1068 dolor
1025 1011 1237 1066 aurium
1274 1010 1572 1081 mitigatur.
1624 1009 1856 1065 Cimices
1883 1024 1978 1064 ne-

391 1108 689 1163 scientibus
723 1105 924 1161 nullius
959 1103 1211 1158 videntur
1241 1101 1520 1166 utilitatis,
1558 1101 1652 1168 sed
1683 1101 1728 1154 si
1757 1100 1974 1171 sangui-

392 1213 524 1269 suga
555 1197 803 1252 faucibus
839 1195 1080 1260 bteserit,
1131 1193 1277 1248 fumo
1332 1192 1475 1247 illius
1517 1200 1762 1261 excepto,
1795 1191 1974 1246 statim

390 1287 690 1350 evomitur;
713 1286 962 1353 insuper,
992 1293 1046 1338 et
1076 1281 1358 1338 difficultas
1383 1283 1550 1337 urina:
1579 1282 1788 1336 cimicis
1814 1297 1978 1351 appo-

391 1377 587 1433 sitione
617 1375 850 1430 laxatur.
881 1374 1146 1429 Praeterea
1176 1387 1482 1442 porcorum,
1523 1385 1796 1433 anserum,
1827 1371 1978 1442 galli-

391 1482 582 1521 narum
614 1466 1050 1533 fasianorumque
1074 1463 1449 1534 pinguedines,
1479 1472 1610 1534 quut
1648 1463 1701 1516 in
1724 1478 1783 1517 se
1808 1462 1979 1517 medi-

390 1566 637 1613 camenta
685 1558 1024 1620 contineant,
1055 1556 1244 1611 medici
1290 1572 1397 1611 nou
1437 1556 1710 1626 ignorant.
1747 1555 1976 1610 Pavonis

391 1648 550 1703 fimus
593 1647 844 1718 podagrae
893 1645 1136 1702 noscitur
1176 1646 1426 1716 mitigare
1470 1644 1762 1700 fervorem.
1807 1643 1978 1716 Rigor

391 1741 476 1796 leo
501 1741 546 1796 si
578 1741 790 1795 simiam
837 1738 1197 1802 devoraverit,
1229 1753 1351 1791 mox
1396 1738 1464 1792 de
1502 1736 1811 1792 valetudine
1849 1752 1977 1792 con-

2075 564 2131 609 ct
2154 554 2341 610 aculeo
2364 555 2647 623 perimitur
2669 555 2995 624 scorpionis.
3019 556 3084 610 Et
3112 557 3233 624 quis
3263 573 3366 612 non
3424 559 3651 616 miretur

2076 646 2218 716 quod
2246 645 2347 711 leo,
2377 645 2774 715 quicomantes
2823 648 3034 702 cervice
3071 656 3252 703 tauros
3276 652 3504 717 excutit,
3559 653 3649 720 qui

2076 736 2285 792 sublato
2314 747 2528 806 pectore
2559 736 2976 792 terribilia‘feris
3004 752 3101 791 ora
3130 738 3393 807 superbus
3433 741 3649 806 attollit,

2075 826 2349 897 perexigui
2370 827 2666 896 scorpionis
2690 825 2931 880 aculeum
2948 827 3314 896 pertimescit?
3335 828 3466 894 Quis
3487 831 3650 884 etiam

2077 917 2436 972 admiratione
2465 917 2626 972 ducat
2652 918 2926 988 indignum
2959 919 3102 987 quod
3149 919 3387 988 elephas,
3415 921 3505 988 qui
3537 928 3650 974 tur-

2077 1007 2178 1061 rita
2203 1014 2380 1060 castra
2429 1014 2504 1060 tot
2531 1006 2770 1061 loricatis
2799 1006 2954 1076 plena
2981 1007 3254 1062 militibus.
3267 1017 3462 1077 portat,
3496 1009 3654 1064 unius

2078 1097 2289 1153 arboris
2319 1097 2427 1152 ictu
2477 1099 2762 1168 depressus
2789 1096 3106 1152 occumbat?
3131 1098 3263 1152 Nam
3294 1099 3397 1168 qui.
3432 1101 3653 1170 triginta

2077 1191 2212 1246 duos
2247 1199 2518 1257 armatos,
2538 1180 2619 1246 vel
2653 1191 2851 1261 plures,
2879 1200 2935 1245 et
2963 1179 3083 1245 cum
3115 1192 3352 1246 turribus
3381 1191 3446 1246 ad
3484 1192 3657 1248 instar

2076 1283 2290 1338 urbium
2321 1284 2549 1352 desuper
2594 1283 2954 1337 eminentibus
3007 1284 3322 1338 sustinendo
3354 1299 3457 1338 non
3490 1286 3652 1348 cedit,

2077 1372 2143 1426 ad
2174 1387 2360 1427 casum
2390 1373 2550 1427 unius
2581 1371 2791 1426 arboris
2820 1372 3042 1426 corruit.
3082 1371 3180 1427 Cui
3204 1373 3450 1429 videlicet
3472 1375 3656 1429 arbori

2077 1462 2390 1533 frequenter
2407 1463 2622 1518 innixus
2642 1463 2727 1519 vel
2756 1472 3010 1518 constans
3032 1463 3179 1534 ﬁgat,
3205 1465 3286 1519 vel
3327 1449 3378 1520 in
3405 1481 3654 1536 soporem

2078 1569 2136 1608 se
2153 1554 2478 1622 quiescendo
2499 1554 2726 1608 relaxat.
2754 1553 3003 1608 Nonnulli
3025 1569 3239 1626 quoque
3261 1557 3359 1609 has
3385 1557 3657 1612 instruunt

2077 1632 2298 1716 propter
2323 1649 2457 1701 ebur
2482 1646 2706 1700 insidias
2745 1653 2802 1699 ut
2830 1648 3101 1710 arborem,
3132 1662 3290 1714 quam
3315 1648 3531 1716 elephas
3580 1650 3659 1702 in-

2078 1738 2299 1793 nitendo
2323 1737 2649 1807 frequentat,
2683 1751 2745 1789 ex
2777 1736 2944 1792 altera
2977 1747 3127 1806 parte
3150 1754 3319 1808 usque
3333 1738 3399 1793 ad
3425 1741 3657 1795 medium

390 1830 636 1887 valescit.
675 1829 1010 1899 Leopardus,
1062 1829 1108 1883 si
1153 1828 1385 1899 agrestis
1409 1842 1617 1897 capreae
1664 1829 1978 1898 sanguinem
2011 1826 2054 1884 Β
2085 1827 2197 1884 fere
2217 1829 2524 1893 concidant,
2567 1837 2623 1882 et
2649 1828 2726 1882 sic
2754 1828 2920 1882 arbor
2946 1829 3013 1882 ad
3044 1838 3149 1882 tam
3181 1830 3420 1885 enormis
3464 1831 3659 1885 molem

391 1923 630 1985 hauriat,
654 1921 771 1975 vim.
792 1919 1068 1991 languoris
1095 1919 1282 1973 evitat.
1336 1917 1504 1974 Ursus
1542 1932 1687 1987 aeger
1722 1918 1980 1972 formicas

391 2020 564 2068 vorat.
599 2011 805 2068 Cervus
832 2011 1116 2082 languidus
1157 2009 1292 2065 olea!
1329 2009 1686 2073 ramusculos,
1717 2016 1778 2062 ut
1823 2023 1984 2063 sane-

393 2114 505 2169 tur,
534 2101 814 2174 efﬂagitat.
852 2101 962 2156 Cur
999 2109 1178 2155 autem
1219 2099 1333 2154 haec
1376 2098 1557 2153 omnia
1584 2106 1774 2165 potens
1798 2111 1978 2151 rerum

389 2193 648 2249 Conditor
669 2191 878 2247 naturis
901 2190 1213 2246 animalium
1235 2189 1450 2253 indidit,
1476 2189 1581 2244 nisi
1603 2188 1728 2257 quia
1762 2188 1975 2242 diversa

389 2299 485 2352 per
530 2284 646 2338 haec
695 2281 896 2336 homini
933 2280 1058 2334 vitae
1103 2279 1262 2349 hujus
1311 2279 1674 2335 emolumenta
1711 2278 1981 2347 providit?

391 2373 464 2429 Ut
491 2373 618 2427 dum
647 2379 929 2436 creaturae,
961 2386 1082 2440 quae
1124 2370 1378 2439 subjectae
1421 2377 1546 2423 sunt
1594 2368 1822 2432 homini,
1856 2381 1980 2422 sese

389 2464 626 2518 invicem
652 2461 901 2525 fulciunt,
930 2459 996 2513 ad
1024 2459 1308 2513 utilitatem
1352 2458 1470 2528 ejus
1504 2457 1596 2528 qui
1621 2457 1874 2526 praelatus
1897 2464 1982 2511 est

389 2553 640 2607 omnibus
667 2549 850 2605 omnia
889 2547 1210 2604 referantur.
1242 2546 1308 2601 Et
1338 2547 1463 2602 dum
1496 2546 1548 2600 in
1580 2545 1836 2614 operibus
1867 2534 1981 2599 suis

391 2645 686 2698 bonitatem
711 2641 941 2695 miratur
976 2639 1210 2709 opificis,
1251 2638 1367 2706 ipse
1401 2653 1507 2692 non
1550 2637 1755 2692 btereat
1798 2634 1982 2690 condi-

310 2781 316 2790 ,
395 2737 486 2800 tis,
517 2734 613 2790 sed
634 2741 911 2804 aspectum
937 2730 1209 2786 desideret
1231 2728 1560 2784 Conditoris.
1590 2726 1794 2783 Omnes
1821 2727 1981 2797 plane

394 2835 616 2879 naturas
664 2813 1000 2887 animalium,
1047 2835 1181 2892 quas
1227 2833 1390 2888 supra
1433 2817 1880 2888 perstrinximus,
1932 2815 1984 2871 si

395 2914 517 2984 quis
573 2913 812 2968 elaboret
875 2912 1102 2967 solerter
1157 2909 1464 2980 inspicere,
1528 2907 1736 2962 utiliter
1783 2906 1982 2976 poterit

396 3010 452 3063 ln
510 3007 759 3061 humanae
806 3004 1173 3060 conversionis
1226 3002 1474 3072 exempla
1535 2997 1866 3062 transferre,
1921 3006 1982 3052 ut

395 3097 632 3168 qualiter
658 3097 821 3152 homo
846 3097 1012 3162 vivat,
1050 3095 1118 3150 ab
1143 3095 1260 3165 ipsa
1284 3106 1498 3163 quoque
1530 3090 1760 3146 rationis
1790 3089 1979 3160 ignara

2079 1919 2324 1990 corporis
2354 1927 2595 1973 corruat.
2623 1917 2750 1982 Sed,
2781 1919 2907 1973 dum
2936 1920 3193 1987 quasdam
3225 1921 3534 1975 animalium
3559 1938 3657 1975 na-

2080 2023 2230 2067 turas
2260 2011 2328 2065 ad
2365 2010 2779 2066 ardificationem
2826 2019 3084 2076 vestram,
3135 2011 3332 2067 fratres
3385 1998 3512 2078 mei,
3543 2014 3662 2069 dili-

2079 2103 2291 2173 gentins
2315 2102 2683 2158 enumerando
2723 2103 3119 2172 prosequimur,
3157 2117 3494 2174 nequaquam
3527 2104 3661 2160 obii-

2079 2193 2393 2249 viscendum
2417 2194 2646 2264 estquia
2676 2209 2784 2247 non
2806 2193 3023 2260 librum,
3053 2193 3146 2250 sed
3173 2196 3458 2264 epistolam
3485 2197 3659 2251 adorti

2079 2296 2266 2336 sumus
2297 2299 2310 2334 :
2342 2283 2694 2349 quamobrem
2729 2283 2996 2337 currentis
3027 2284 3237 2347 articuli
3266 2285 3565 2339 cohibenda
3597 2285 3656 2355 Ii-

2079 2371 2286 2436 bertas,
2317 2369 2577 2424 frcnanda
2613 2370 2862 2425 voluntas
2892 2381 3004 2438 est;
3034 2382 3301 2441 quatenus
3324 2375 3403 2428 sic
3427 2375 3662 2428 aedifica-

2083 2461 2214 2515 tioui
2245 2461 2482 2516 charitas
2510 2463 2733 2526 serviat,
2760 2470 2819 2516 ut
2840 2471 3016 2518 tamen
3044 2464 3258 2517 modum
3284 2480 3437 2518 suum
3461 2465 3662 2532 episto—

2080 2550 2210 2605 laris
2231 2550 2536 2620 compendii
2563 2550 2830 2606 sobrietas
2854 2566 2956 2606 non
2997 2553 3243 2606 excedat.
3275 2552 3662 2608 Monasterium

2080 2641 2265 2709 itaque
2288 2650 2551 2704 vestrum,
2581 2640 2942 2704 dilectissimi,
2979 2641 3196 2711 quidam
3243 2644 3528 2711 paradisus
3561 2654 3661 2705 est,

2081 2729 2135 2784 in
2161 2745 2268 2799 quo
2293 2728 2546 2784 videlicet
2579 2731 2919 2799 omnipotens
2957 2729 3240 2794 Conditor,
3271 2733 3396 2786 dum
3423 2735 3666 2790 diversos

2081 2822 2356 2876 hominum
2379 2835 2559 2875 mores
2584 2819 2784 2891 posuit,
2803 2820 2953 2890 quasi
2982 2823 3078 2876 tria
3101 2823 3412 2878 animalium
3444 2841 3638 2896 genera

2081 2919 2383 2974 terrenum,
2415 2910 2636 2965 natatile
2664 2925 2729 2965 ac
2759 2910 2974 2965 volatile
3025 2912 3251 2966 creavit.
3300 2913 3426 2969 llaec
3464 2924 3548 2969 est
3576 2916 3666 2970 illa

2079 3010 2236 3057 vetus
2261 3001 2503 3072 mystica:
2529 3001 2938 3072 significationis
2965 3019 3110 3064 arca,
3142 3004 3192 3057 in
3221 3019 3325 3074 qua
3347 3016 3664 3061 cunctorum

2082 3090 2396 3146 animalium
2434 3091 2643 3161 species
2675 3091 3040 3148 includuntur.
3067 3093 3180 3149 lloc
3209 3104 3292 3149 est
3312 3095 3543 3166 denique
3573 3113 3683 3168 vas-

397 3203 656 3260 pecorum
690 3196 882 3241 natura
929 3185 1223 3240 condiscat.
1254 3183 1414 3249 Nam,
1455 3190 1514 3236 ut
1536 3181 1826 3251 Apostolus
1863 3179 1938 3234 ait
1961 3171 2052 3234 τε
2083 3180 2236 3245 illud,
2267 3180 2411 3250 quod
2466 3189 2701 3252 quatuor
2723 3183 2951 3237 manicis
2987 3184 3230 3248 submitti
3274 3185 3339 3240 de
3368 3186 3504 3240 ccclo
3535 3187 3666 3241 vidit

401 3299 420 3332 ι
462 3279 579 3334 Non
605 3287 687 3334 est
713 3278 821 3334 Deo
848 3293 976 3332 cura
1003 3277 1070 3332 de
1091 3277 1263 3331 bobus
1287 3275 1338 3346 (l
1385 3273 1511 3328 Cor.
1537 3275 1649 3342 rx);
1682 3291 1700 3324 ι
1730 3273 1824 3328 sed
1851 3273 1976 3326 dum

397 3371 452 3425 in
503 3370 679 3426 brutis
727 3367 1052 3423 animalibus
1103 3365 1303 3435 aliquid
1352 3365 1561 3434 insigne
1609 3363 1976 3434 conspicitur,

397 3460 559 3514 homo
587 3459 854 3529 protinus,
889 3466 947 3512 ut
972 3455 1228 3527 quidquid
1254 3454 1380 3510 illud
1406 3463 1490 3509 est
1533 3454 1600 3508 ad
1621 3454 1703 3509 sui
1736 3455 1978 3508 conside-

399 3550 665 3606 rationem
693 3557 1024 3619 retorqueat,
1047 3546 1388 3601 admonetur.

963 3638 1191 3695 CAPUT
1231 3638 1419 3693 XXVI.

969 3735 1046 3790 De
1071 3735 1194 3805 lupo
1215 3745 1263 3789 et
1291 3749 1402 3788 ove.

466 3828 610 3896 Quid
637 3838 720 3884 est
737 3827 882 3884 enim
913 3827 1054 3898 quod
1082 3828 1262 3896 lupus,
1292 3827 1336 3882 si
1368 3835 1458 3881 tuo
1486 3824 1648 3881 fuerit
1675 3831 1980 3895 praeventus

397 3930 642 3992 aspectu,
685 3935 792 3977 non
832 3919 976 3973 valet
1021 3917 1284 3988 effugere;
1334 3917 1380 3970 si
1423 3925 1475 3970 te
1517 3915 1606 3970 ille
1635 3913 1980 3984 praevenerit,

395 4024 582 4064 vocem
635 4009 732 4064 tibi
787 4007 1046 4079 probatur
1096 4005 1355 4060 auferre?
1414 4003 1580 4059 Ettut
1631 4003 1804 4072 magis
1859 4012 1981 4057 stu-

394 4114 546 4168 peas,
599 4099 644 4153 si
691 4096 1048 4161 obmutueris,
1097 4104 1244 4150 tuum
1285 4094 1450 4150 solvis
1491 4095 1773 4159 amictum,
1822 4103 1878 4148 et
1919 4093 1984 4148 il-
2056 4156 2062 4161 I

395 4189 500 4242 lico
556 4201 846 4256 recuperas
883 4187 1128 4240 verbum.
1166 4184 1316 4252 Quod
1359 4183 1406 4238 si
1447 4183 1603 4252 lupus
1641 4184 1695 4238 in
1747 4193 1799 4238 te
1840 4182 1982 4236 forte

397 4277 708 4347 repentinus
730 4275 978 4346 insurgit,
1008 4274 1188 4344 arripe
1213 4283 1439 4343 petram,
1467 4281 1521 4328 et
1554 4273 1800 4342 protinus
1822 4271 1977 4342 fugit.

394 4368 527 4434 Qua:
576 4376 756 4421 autem
805 4373 889 4422 est
941 4377 1124 4436 petra,
1172 4363 1274 4418 nisi
1315 4362 1598 4418 Christus?
1646 4360 1697 4432 (Ι
1743 4361 1864 4416 Cor.
1922 4359 1978 4432 x)

394 4471 554 4525 quem
583 4457 840 4525 profecto,
875 4454 942 4519 si,
965 4454 1103 4508 sicut
1142 4453 1360 4523 dignum
1402 4460 1506 4518 est,
1550 4451 1766 4520 arripis,
1793 4450 1977 4520 lupum

394 4544 652 4614 spiritalis
675 4545 952 4614 nequitiae,
967 4544 1060 4614 qui
1085 4553 1138 4598 te
1158 4543 1517 4612 persequitur,
1531 4540 1793 4610 efl‘ugabis
1809 4557 1824 4606 ;
1843 4552 1897 4596 et
1917 4550 1980 4596 ut

321 4654 348 4666 '-
393 4635 557 4705 325
606 4635 732 4690 hinc
769 4635 1144 4689 incunctanter
1184 4631 1480 4700 expediar,
1524 4630 1672 4685 solve
1719 4631 1976 4684 amictum

396 4736 544 4779 tuum
577 4741 673 4796 per
703 4711 1118 4784 confessionem,
1147 4731 1207 4775 ut
1234 4736 1340 4776 non
1371 4721 1695 4783 mutus,‘sed
1721 4720 1978 4789 eloquens

342 4881 352 4893 ,
395 4822 638 4878 serenda:
660 4819 1060 4890 prasdicationis
1097 4818 1298 4872 habeas
1334 4817 1657 4879 libertatem,
1697 4815 1976 4882 Scriptura

397 4921 674 4968 testante:
736 4931 754 4964 ι
791 4911 890 4966 Dic
929 4919 984 4962 tu
1030 4907 1340 4975 iniquitates
1388 4916 1530 4968 tuas,
1561 4914 1619 4958 ut
1661 4904 1976 4973 justificeris

395 5000 531 5071 (13a.
573 5001 744 5071 xuu).
786 5017 804 5050 ι
839 4997 990 5064 Quis,
1028 5009 1230 5065 qumso,
1265 4992 1446 5048 docuit
1489 5007 1664 5056 ovem,
1694 5001 1752 5045 ut
1781 4991 1975 5046 hiemis

396 5090 632 5160 impiam
665 5091 872 5154 timeat,
899 5097 1062 5158 atque
1089 5086 1210 5141 ideo
1240 5084 1388 5140 velut
1413 5083 1734 5138 insatiabilis
1762 5092 1974 5137 autum-

394 5173 504 5236 nali
535 5189 778 5250 tempore
828 5181 1026 5236 herbas
1052 5176 1450 5246 inexplebiliter
1479 5174 1710 5245 carpat?
1752 5175 1974 5228 Avidius

394 5272 540 5324 enim
563 5269 720 5324 solito
743 5279 870 5324 tunc
894 5251 1147 5339 pabulum
1184 5265 1348 5334 rapit,
1375 5265 1705 5332 herbamque
1736 5279 1841 5316 non
1872 5278 1966 5316 ne-

396 5361 577 5416 sciens
606 5347 934 5424 defuturam,
961 5374 1106 5422 sese,
1130 5357 1254 5411 dum
1282 5355 1429 5421 licet,
1463 5355 1685 5409 uberius
1708 5353 1890 5418 farcit,
1915 5362 1975 5406 ut

395 5455 552 5524 quasi
580 5452 775 5508 futura:
806 5460 1137 5524 praeparetur
1166 5450 1355 5520 inopiae
1379 5455 1434 5503 et
1469 5447 1644 5502 victus
1691 5445 1772 5498 sui
1825 5444 1974 5498 lucra

396 5553 643 5613 reponat,
686 5554 974 5612 antequam
1003 5544 1184 5597 virens
1239 5541 1407 5595 herba
1448 5538 1693 5593 deficiat.
1739 5536 1842 5591 Sed
1876 5551 1977 5591 nec

397 5631 528 5687 illud
555 5642 640 5688 est
663 5633 780 5687 sine
801 5647 961 5686 causa
991 5633 1132 5701 quod
1160 5631 1378 5700 elephas
1418 5627 1777 5683 formidabilis
1808 5626 1975 5681 tauris

398 5738 608 5779 murem
636 5723 844 5779 timeat.
877 5721 1006 5788 Leo,
1040 5738 1128 5775 rex
1160 5722 1417 5780 ferarum.
1456 5718 1697 5790 pavescit
1727 5717 1972 5787 exiguum

2078 3269 2272 3326 Petrus
2312 3271 2367 3325 in
2419 3280 2644 3338 terram,
2679 3273 2732 3326 in
2767 3287 2873 3341 quo
2896 3283 3051 3330 erant
3083 3275 3264 3330 omnia
3298 3276 3662 3347 quadrupetFa

2077 3371 2134 3417 et
2182 3362 2456 3433 serpentia
2491 3371 2650 3418 terra:
2702 3372 2755 3418 et
2786 3363 3023 3419 volatilia
3051 3365 3194 3421 coeli.
3228 3365 3334 3420 Sed
3381 3383 3504 3420 cum
3555 3368 3665 3422 illic

2079 3457 2322 3512 dicitur:
2363 3475 2383 3509 ι
2433 3456 2626 3526 Surge,
2658 3456 2835 3522 Petre,
2886 3467 3061 3512 macta
3107 3466 3162 3514 et
3205 3458 3470 3514 manduca
3523 3460 3660 3531 (Act.

2077 3549 2178 3620 x);
2218 3569 2236 3602 ι
2271 3549 2544 3604 credimus
2573 3563 2672 3618 per
2711 3549 3150 3610 misericordiam
3173 3551 3374 3606 Christi
3411 3553 3662 3622 quoniam
3731 3580 3737 3585 ι

2079 3641 2195 3696 haec
2249 3639 2530 3704 animalia,
2577 3654 2698 3707 qua:
2761 3654 2857 3695 vos
2904 3642 3058 3706 estis,
3105 3651 3161 3697 et
3206 3642 3286 3697 ab-
3323 3643 3426 3698 hoc
3469 3643 3666 3698 smculo

2079 3740 2206 3786 sunt
2233 3731 2398 3786 divini
2423 3731 2572 3786 verbi
2597 3746 2855 3786 mucrone
2883 3734 3100 3789 concisa
3124 3744 3178 3789 et
3207 3735 3260 3789 in
3288 3735 3666 3804 Redemptoris

2079 3823 2160 3878 sui
2182 3838 2376 3892 corpus
2400 3821 2651 3894 perfectae
2680 3823 2964 3880 charitatis
2996 3827 3193 3882 ardore
3215 3827 3464 3884 conflata.

2634 3912 2860 3970 CAPUT
2903 3915 3110 3972 XXVII.

2361 4002 2440 4058 De
2463 4003 2748 4076 vaniloquii
2774 4006 3057 4059 temeritate
3078 4005 3359 4076 frcnanda.

2151 4095 2256 4149 Sed
2284 4094 2437 4152 valde
2479 4097 2778 4152 cavendum
2809 4106 2913 4163 est,
2941 4097 3068 4168 quia
3113 4098 3342 4153 necdum
3366 4098 3418 4154 in
3448 4099 3660 4158 littorea

2079 4188 2312 4242 statione
2336 4188 2642 4259 quiescitis,
2672 4189 2768 4244 sed
2806 4190 2859 4244 in
2888 4189 3245 4261 procellarum
3288 4190 3464 4247 adhuc
3492 4193 3662 4248 turbi-

2080 4277 2242 4332 nibus
2265 4277 2549 4344 laboratis,
2571 4294 2639 4334 ne
2666 4277 2892 4336 flabrum
2919 4279 2988 4335 ab
3014 4295 3110 4336 ore
3146 4291 3326 4336 vestro
3358 4283 3481 4336 vani
3509 4284 3663 4354 spiri-

2083 4379 2169 4425 tus
2191 4368 2505 4450 ellluatrqui
2529 4368 2847 4441 hujusignis
2865 4370 3110 4427 flammas
3127 4374 3454 4445 exstinguat.
3479 4373 3661 4430 Flatus

2081 4461 2224 4516 enim
2253 4470 2308 4515 et
2341 4461 2628 4531 aliquando
2652 4460 2898 4517 flammas
2921 4463 3068 4519 elicit
3095 4473 3149 4518 et
3177 4463 3465 4535 aliquando
3504 4465 3660 4520 flam-

2081 4567 2197 4606 mas
2219 4551 2512 4622 exstinguit
2534 4551 2700 4622 826
2728 4560 2997 4622 atque,iut
3017 4552 3092 4606 ita
3117 4552 3367 4618 dixerim,
3385 4554 3660 4622 quasisuf-

2078 4642 2191 4696 flat.
2226 4641 2418 4705 Homo,
2455 4657 2579 4695 cum
2611 4657 2782 4696 sacra:
2807 4642 3066 4697 doctrinm
3090 4645 3348 4714 mysteria
3378 4647 3654 4715 praedicat,

2079 4730 2284 4794 sumat,
2315 4739 2371 4784 et
2411 4745 2531 4784 cum
2555 4731 2744 4784 otiosis
2774 4731 2967 4784 fabulis
2994 4740 3190 4797 vacat;
3219 4734 3331 4796 sed,
3365 4735 3506 4794 sicut
3553 4749 3649 4804 per

2077 4818 2448 4874 aedificationis
2497 4818 2658 4872 verba
2689 4820 2755 4872 ad
2782 4834 3021 4874 amorem
3050 4820 3144 4874 Dei
3168 4837 3264 4876 cor
3282 4823 3548 4879 audientis
3581 4823 3634 4878 in

2077 4905 2338 4969 flammat,
2364 4905 2443 4959 sic
2468 4905 2578 4974 agit
2606 4914 2664 4958 ut
2692 4922 2722 4960 a
2753 4906 3002 4976 supernis
3049 4908 3333 4966 desideriis
3360 4925 3456 4982 per
3484 4913 3643 4967 otios:

2077 4997 2241 5050 verba
2295 4995 2573 5070 frigescat.
2614 4995 2720 5052 Sed
2780 4997 2938 5054 flatus
2993 5001 3132 5070 iste,
3170 5018 3329 5074 quem
3391 5005 3623 5060 diximus

2077 5086 2217 5142 forte
2265 5087 2523 5143 ridiculus
2584 5090 2944 5160 deputabitur,
2997 5093 3116 5148 nisi.
3147 5110 3316 5151 sacrae
3363 5095 3625 5166 Scriptura

2078 5176 2401 5232 testimoniis
2430 5180 2774 5248 approbctur.
2801 5182 2935 5235 Audi
2978 5183 3166 5252 itaque
3191 5185 3254 5238 de
3286 5186 3487 5240 salubri
3522 5185 3636 5242 flatt

2075 5266 2204 5336 quid
2238 5281 2336 5336 per
2368 5267 2558 5323 Isaiam
2591 5269 2850 5326 Dominus
2879 5272 3011 5326 dicit
3040 5290 3054 5325 :
3093 5292 3111 5324 ι
3143 5273 3257 5328 Non
3291 5274 3343 5328 in
3392 5283 3650 5331 aeternum

2077 5357 2316 5426 litigabo,
2351 5374 2524 5430 neque
2553 5377 2722 5433 usque
2747 5365 2814 5418 ad
2841 5365 3000 5420 finem
3024 5365 3256 5431 irascar;
3281 5366 3407 5435 quia
3431 5368 3649 5437 spiritus

2077 5461 2107 5498 a
2138 5445 2276 5499 facie
2302 5463 2420 5502 mea
2451 5453 2781 5516 egredietur,
2817 5462 2873 5507 et
2898 5451 3082 5507 ﬂatum
3132 5468 3232 5524 ego
3277 5453 3471 5510 faciam
3503 5457 3645 5527 (lsa.

2075 5538 2298 5600 απυδ
2323 5538 2461 5592 Audi
2492 5541 2592 5594 sub
2619 5541 2738 5596 aliis
2775 5542 2994 5612 syllabis
3019 5545 3084 5600 de
3115 5544 3258 5598 malo
3286 5545 3478 5613 spiritu
3519 5548 3647 5616 quid

2070 5618 2274 5694 Paulus
2298 5629 2475 5684 dicat:
2508 5649 2526 5681 ι
2561 5629 2788 5685 Profana
2837 5641 2892 5685 et
2941 5633 3222 5704 vaniloqua
3254 5635 3644 5700 verba-devita;

2078 5718 2303 5773 multum
2360 5721 2500 5774 enim
2533 5721 2816 5791 proficiunt
2859 5723 2924 5777 ad
2961 5723 3335 5794 impietatem”
3363 5736 3416 5782 et
3461 5737 3636 5782 sermo
