4054 6184
458 367 561 430 ⁸137

915 375 975 431 S.
1014 375 1216 430 PETRI
1243 375 1526 431 DAMIANI
1563 375 1713 432 OPP.
1756 374 1990 434 TOML’S
2023 373 2152 431 S‘EU
2183 372 2360 429 PARS
2397 372 2483 428 lli.
2507 403 2573 414 -‹
2611 368 2971 428 OPUSCULA
3014 369 3248 426 VARIA.

3599 364 3704 418 788

436 504 638 547 eorum
675 469 840 560 serpit
871 499 928 543 ut
957 505 1153 544 cancer
1187 489 1274 559 (11
1311 487 1448 543 Tim.
1489 490 1572 557 rt).
1605 509 1628 544 ι
1673 489 1810 545 Audi
1847 505 2035 546 rursus
2063 492 2109 553 Α
2138 490 2369 545 ratuilias
2398 491 2452 544 in
2493 487 2732 560 Aigypm
2766 495 2994 544 testatur
3022 482 3338 547 edomitam,
3368 487 3424 535 et
3469 476 3714 549 quotidie

449 599 549 658 per
581 583 785 645 lsaiam
816 582 955 638 bene
1003 579 1350 640 sutilantem:
1413 599 1432 632 t
1464 580 1628 647 Ecce,
1681 581 1876 654 inquit,
1929 597 2028 650 ego

447 670 627 726 creavi
667 669 880 728 fabrum
908 665 1216 731 sufﬂantem
1243 670 1296 724 in
1331 670 1452 741 igne
1493 685 1715 740 prun-as,
1751 679 1806 725 et
1852 670 2030 740 proice.-

449 774 657 825 rantern
693 776 790 815 vas
818 760 872 814 in
899 771 1034 829 opus
1058 771 1217 816 suum
1245 761 1380 832 (Ira.
1409 755 1554 831 Ltv)‘;
1591 780 1613 814 ν
1644 771 1709 816 ac
1737 769 1934 832 pra:le
1964 761 2030 816 de

446 853 729 909 mntiiibus
780 854 945 918 vasis,
992 869 1114 924 qum
1160 852 1369 909 scilicet
1406 854 1462 907 i'n
1517 853 1906 909 contumeliam
1935 854 2031 922 per

441 945 619 1001 elisa
643 944 809 998 verba
831 941 1154 1009 formantur,
1185 944 1499 1015 adiungitur
1527 960 1543 998 :
1571 962 1589 995 ι
1626 943 1695 998 Et
1726 957 1832 1012 ego
1847 943 2026 997 creari

445 1034 846 1099 interfectorem
876 1032 944 1088 ad
976 1033 1422 1102 disperdendu‘m;
1455 1049 1616 1090 omne
1660 1034 1757 1088 vas
1785 1033 1933 1104 quod
1968 1033 2030 1086 ii.

439 1134 590 1183 ctum
640 1135 742 1188 est,
775 1133 961 1188 contra
1008 1133 1060 1186 tie
1109 1139 1218 1186 non
1266 1125 1525 1196 dirigetur
1555 1124 1764 1197 (Ibid.).
1798 1131 1824 1178 r
1891 1117 2030 1190 Quid

448 1223 628 1268 autem
649 1214 720 1270 sit
749 1214 888 1269 istud
911 1228 1007 1268 vas
1026 1212 1170 1284 quod
1195 1214 1265 1268 ab
1289 1213 1639 1270 interfectore
1679 1213 2027 1284 dispergitur,

437 1308 791 1376 apertissime
839 1306 1150 1362 declaratur
1202 1321 1324 1361 cum
1381 1313 1580 1377 prmst’o
1624 1293 1970 1376 subiungitur
2011 1321 2024 1358 :

451 1415 474 1449 c
514 1399 580 1453 Et
598 1407 811 1454 omnem
836 1397 1074 1470 linguam
1092 1397 1437 1454 resistentem
1463 1397 1559 1454 tibi
1589 1399 1640 1452 in
1663 1395 2028 1469 j’udicioj’udii-

443 1490 594 1546 Cabis
629 1489 840 1561 (Ibit).
881 1509 900 1541 ι
931 1488 1070 1556 Quid
1099 1497 1183 1544 oSt
1209 1497 1388 1544 autem
1430 1488 1579 1557 quod
1598 1487 1686 1543 hic
1713 1488 1883 1543 Isaias
1907 1485 1983 1540 ait
2012 1503 2024 1538 :

385 1646 390 1650 _
448 1598 466 1631 ι
498 1579 730 1645 Omnem
755 1577 997 1649 linguam
1041 1579 1393 1634 resistentem
1445 1579 1543 1637 tibi
1574 1579 1632 1633 in'
1660 1577 1864 1648 judicio
1885 1577 2032 1651 jitdi~

441 1670 632 1725 nabis?
664 1689 683 1722 ι
728 1670 832 1724 nisi
864 1669 995 1734 hoc,
1015 1670 1158 1739 quod
1190 1669 1242 1724 in
1285 1667 1579 1740 Evangelia
1608 1669 1820 1727 Veritas
1849 1669 1984 1724 dicit
2010 1686 2025 1723 :

382 1789 387 1795 -
447 1779 477 1814 ι,
499 1760 575 1816 De
604 1761 750 1824 omni
775 1760 940 1816 verbo
966 1761 1158 1823 otioso,
1184 1760 1331 1830 quod
1350 1760 1513 1820 locuti
1536 1761 1736 1817 fuerint
1759 1761 2026 1825 homines,

2131 583 2198 637 de
2222 597 2453 638 caverna
2477 597 2571 636 sua
2611 581 2678 636 ad
2720 594 2961 635 mensam
2993 577 3136 633 illius
3167 573 3351 647 egredi
3378 571 3618 636 solitam,
3650 577 3713 629 ut

2129 673 2432 743 perciperet
2459 686 2660 727 escam.
2699 670 3044 726 Marcellinus
3068 669 3236 724 etiam
3287 676 3476 722 comes
3523 661 3716 718 scribit

2129 763 2558 818 mansuefactum
2595 761 2844 833 tigridem
2894 758 3186 815 Anastasio
3209 754 3441 828 principi
3465 754 3537 810 ab
3560 752 3712 808 ludia

2129 853 2471 908 destinatam.
2503 845 2616 908 Hoc
2641 852 2804 923 igitur
2827 849 3073 920 exemplo
3087 861 3328 918 congrue
3348 845 3480 900 dicit
3499 852 3716 915 aposto-

2131 944 2214 999 lus
2247 961 2263 999 ι
2300 964 2318 995 ι
2353 942 2545 999 Omnia
2575 942 2841 1011 siquidem
2892 941 3142 995 ferarum
3199 952 3395 1008 genera
3447 936 3501 991 in
3532 935 3714 1007 lingua

2130 1032 2471 1103 reperiuntur
2523 1031 2664 1102 (Jac.
2715 1031 2816 1101 ιιι);
2852 1048 2872 1083 ι
2930 1025 3007 1084 lbi
3054 1029 3252 1098 quippe
3286 1035 3372 1081 est
3397 1025 3594 1081 levitas
3617 1037 3713 1080 vo-

2129 1123 2357 1188 lucrum,
2391 1123 2464 1180 ibi
2500 1121 2755 1178 feracitas
2797 1119 3120 1183 bestiarum,
3165 1117 3243 1172 ibi
3276 1116 3422 1172 fraus
3451 1115 3716 1170 virulenta

2128 1217 2490 1284 serpentium.
2520 1212 2778 1268 volatiles
2827 1211 2974 1268 enim
3024 1218 3170 1276 sunt,
3219 1207 3311 1278 qui
3351 1206 3713 1278 proietuntiu

2128 1307 2323 1363 omium
2356 1322 2418 1361 os
2447 1319 2622 1368 suum,
2674 1314 2735 1360 et
2760 1317 2990 1373 quorum
3018 1311 3086 1356 os
3109 1300 3349 1356 locutum
3394 1305 3478 1353 est
3506 1296 3716 1350 Vanita-

2130 1397 2428 1470 tem'(Psal.
2452 1399 2670 1470 exuit),
2693 1396 2850 1467 quasi
2876 1395 3156 1451 volucrum
3174 1390 3480 1458 feritatem;
3508 1389 3716 1446 ieroces

2128 1499 2310 1550 autem
2330 1491 2518 1547 bestia:
2538 1493 2684 1553 sunt,
2701 1488 2794 1559 qui
2809 1493 3143 1544 euenerant
3161 1493 3229 1540 ut
3244 1483 3477 1556 gladium
3500 1481 3714 1552 linguas

2128 1599 2256 1639 suas
2301 1581 2474 1653 (Psal.
2523 1579 2723 1651 thu);
2787 1587 3072 1649 serpentes
3121 1584 3398 1647 postremo
3449 1581 3600 1637 sunt,
3645 1572 3714 1626 de

2128 1673 2335 1740 quibus
2384 1671 2587 1726 dictum
2634 1677 2719 1726 est
2759 1669 2906 1740 quia,
2950 1685 2971 1721 ι
3002 1680 3270 1722 venenum
3306 1663 3556 1735 aspidum
3603 1662 3704 1716 sub

2129 1760 2288 1816 labiis
2333 1775 2525 1816 eorum
2555 1759 2726 1824 (Paul.
2787 1758 2928 1828 xui).
2963 1776 2983 1810 ι
3028 1756 3138 1813 Ubi
3181 1770 3312 1826 ergo
3361 1752 3714 1824 superraeuia

441 1853 672 1915 reddent
691 1851 962 1915 rationem-
977 1851 1037 1906 in
1053 1851 1141 1907 die
1149 1850 1337 1920 iudicii
1359 1851 1575 1922 (Matth.
1597 1850 1720 1921 an).
1755 1871 1776 1904 ι
1804 1851 2021 1916 Fateor,
2053 1852 2098 1911 Β
2125 1857 2350 1908 vaeatur
2377 1853 2684 1924 ineptiis,et
2699 1853 2852 1924 quasi
2876 1850 3117 1923 symbol:
3143 1857 3509 1921 congeruntur
3531 1846 3715 1902 verbis

441 1944 639 2010 tratres
686 1944 918 2012 mei,.uii
975 1945 1096 2006 fere
1137 1945 1192 2001 in
1250 1943 1594 2001 monasteriis
1649 1945 1846 2016 agitur,
1884 1943 2026 1999 unde

440 2015 595 2103 utens
627 2049 760 2096 mea-
776 2034 1072 2090 terribilius
1101 2033 1267 2106 super
1291 2032 1588 2091 monachos
1614 2015 1899 2090 inunincre
1927 2035 2022 2104 Dei

437 2122 697 2194 pidicium
726 2124 1052 2195 suspicetur.
1081 2123 1217 2180 nam
1248 2125 1512 2181 eomiituo
1536 2129 1747 2181 meatus
1770 2123 2023 2195 impulsu,

437 2201 596 2289 quasi
642 2219 856 2271 torrens
898 2226 998 2286 per
1023 2215 1232 2271 declina
1258 2218 1460 2281 devexa
1487 2217 1807 2286 procedens,
1835 2230 2022 2276 eorum

437 2307 618 2378 lingua
649 2307 910 2373 decurrit,
935 2316 991 2363 et
1015 2321 1137 2364 cum
1165 2306 1591 2371 tintinnabulum
1611 2309 1790 2374 sonat,
1816 2309 1897 2365 sic
1923 2309 2025 2364 illis

435 2407 520 2460 est
569 2403 825 2467 tauquam
854 2397 899 2453 si
937 2397 1217 2469 repentino
1239 2398 1492 2468 protinus
1511 2398 1620 2459 ictu
1647 2409 1834 2455 eorum
1866 2402 2025 2470 caput

435 2488 626 2558 ti‘lidat.
657 2488 810 2557 Quod
865 2501 1043 2553 tanien
1073 2491 1145 2556 de
1166 2485 1512 2560 quibusdam,
1545 2490 1687 2546 absit
1735 2497 1914 2548 autem
1968 2501 2027 2546 ut

435 2580 502 2635 de
539 2581 792 2636 omnibus
816 2581 1014 2638 dicam.
1047 2581 1183 2648 Quia
1225 2587 1356 2638 vero
1400 2582 1645 2653 praacipit
1674 2583 1854 2655 regula
1886 2592 1945 2640 ut
1995 2600 2028 2642 ει

436 2671 642 2740 Busche
675 2689 845 2743 usque
892 2674 958 2741 ad
1005 2673 1276 2738 Kalendas
1301 2673 1551 2730 Octobris
1575 2689 1734 2731 mane
1767 2685 2027 2732 ereuutes

435 2762 662 2832 aipt'itna
687 2747 856 2832 usque
877 2762 1153 2816 adherant
1175 2772 1583 2832 peuoquartam
1605 2758 1844 2818 laborent
1882 2765 2026 2833 quod

437 2854 803 2918 necessarium
835 2852 1035 2923 fuerit,
1061 2856 1128 2908 ab
1157 2855 1290 2908 hora
1316 2865 1498 2911 autem
1520 2864 1713 2925 quarta
1757 2871 1925 2926 usque
1959 2857 2027 2913 ad

435 2943 860 3010 boram,sextam
889 2943 1102 3000 lectioni
1127 2936 1350 3012 vacent,
1384 2946 1469 3001 his
1497 2939 1750 3002 omnibus
1777 2947 1924 3002 horis
1951 2947 2028 3000 la-

435 3026 666 3095 boraudl
715 3047 781 3090 ac
833 3033 1046 3104 legendi
1092 3035 1328 3090 studium
1379 3035 1597 3106 quidam
1641 3043 2026 3107 postpOuentes

439 3125 737 3188 abutuntur
762 3125 820 3194 in
841 3121 1056 3192 fabulis,
1085 3135 1139 3181 et
1164 3127 1423 3202 quidquid
1448 3128 1725 3185 laboribus
1747 3138 1804 3184 et
1832 3129 2024 3184 lectio-

2125 1944 2338 2010 o~tiosis,
2366 1945 2508 2013 apud
2531 1942 2860 2001 intrinsecus
2885 1941 3285 1998 auscultantem
3303 1953 3416 1995 non
3433 1949 3714 1994 sermones

2125 2037 2427 2101 hominum,
2443 2035 2538 2090 sed
2566 2033 2721 2105 quasi
2750 2033 3044 2104 ntultigeua
3075 2026 3717 2087 deoerniturvbcii'eratio

2125 2125 2444 2182 bestiarum.
2501 2125 2621 2194 ipse
2671 2124 2930 2179 nimirum
2975 2127 3078 2188 est,
3108 2123 3177 2178 de
3213 2129 3326 2192 quo
3353 2118 3421 2175 in
3469 2117 3712 2176 Cantic'ts

2125 2217 2324 2275 dicitur
2357 2235 2372 2272 :
2408 2231 2434 2270 ι’
2464 2216 2699 2272 Dilectus
2724 2227 2876 2271 meus
2903 2205 3125 2285 mepieit
3151 2227 3248 2285 per
3283 2211 3602 2275 funestum,
3626 2225 3710 2264 re-

2126 2309 2287 2380 spicit-
2313 2316 2408 2377 per
2427 2306 2695 2363 cancellos
2718 2306 2898 2378 (Cant.
2934 2306 3017 2377 rt”).
3056 2326 3084 2360 ι
3116 2305 3184 2360 Et
3210 2305 3328 2376 ipse
3360 2312 3458 2375 per
3480 2301 3714 2372 prophe~

2127 2410 2237 2453 tam
2267 2417 2281 2453 :
2321 2413 2339 2450 ι
2372 2398 2611 2462 Atteudi,
2645 2399 2847 2468 inquit,
2871 2404 2928 2453 et
2983 2397 3317 2463 auscultavi;
3372 2406 3533 2452 nemo
3569 2392 3716 2464 quod

2129 2489 2326 2552 bonum
2353 2500 2433 2545 cst
2456 2489 2694 2560 loquitur
2721 2489 2855 2554 (Jer.
2887 2491 3028 2556 vni).
3060 2509 3078 2543 ι

2675 2565 2904 2635 CAPUT
2943 2577 3183 2638 xxvm.

2634 2668 2711 2724 De
2729 2685 2932 2724 cancro
2940 2679 2988 2725 et
3010 2677 3201 2725 aureo.

2199 2757 2306 2818 Sed
2345 2773 2400 2816 ut
2431 2771 2615 2818 noster
2666 2775 2846 2818 sermo
2895 2762 2965 2817 ab
3011 2777 3075 2818 ea
3106 2775 3269 2832 quam
3326 2760 3494 2818 semel
3549 2760 3714 2828 cepit

2130 2851 2355 2913 materia
2388 2866 2494 2907 non
2533 2852 2776 2918 recedat,
2799 2857 2856 2908 et
2900 2851 3238 2922 loquentium
3290 2842 3421 2906 vitia
3476 2865 3575 2922 per
3603 2865 3711 2904 non

2129 2943 2464 3014 loquentium
2496 2943 2809 2999 animalium
2855 2949 3217 3016 prosequatur
3240 2942 3523 3012 exc-inpia;
3569 2957 3711 2996 nun~

2129 3047 2291 3106 qitam
2320 3033 2492 3092 hostis
2519 3031 2704 3092 fauces
2731 3035 2935 3108 hydrus
2963 3035 3282 3106 ingreditur,
3305 3035 3406 3089 nisi
3430 3048 3550 3089 cum
3590 3045 3711 3087 cro-

2129 3121 2335 3180 codiius
2359 3125 2598 3181 oscitans
2623 3125 2911 3180 invenitur.
2929 3125 3064 3180 Nam
3085 3125 3130 3181 si
3151 3125 3394 3183 clausum
3417 3135 3482 3178 os
3507 3127 3708 3183 teneat,

436 3216 598 3280 nibus
627 3213 822 3272 debent
846 3224 1016 3276 totum
1046 3217 1352 3290 vaniloquis
1376 3219 1722 3277 sermonibus
1742 3222 2018 3288 exhibent.
2051 3203 2095 3265 Ο
2129 3217 2433 3277 insidiantis
2471 3216 2731 3286 impetum
2755 3232 2862 3272 non
2898 3217 3172 3272 formidat.
3204 3215 3542 3285 Authalopus
3586 3229 3709 3268 cum

438 3307 534 3376 Vir
559 3307 762 3371 etenim
799 3317 1044 3374 sanctds,
1073 3311 1164 3380 qui
1196 3310 1434 3382 regulam
1455 3311 1718 3378 condidit,
1747 3319 2022 3382 nunquam

438 3407 685 3460 mutaret,
704 3401 906 3456 horam.
931 3401 1049 3456 nisi.
1069 3409 1289 3473 propter
1332 3404 1683 3460 continuandi
1707 3403 1909 3461 laberis
1937 3405 2020 3458 in-

436 3491 696 3546 stantiam
726 3487 810 3560 (S.
860 3489 990 3547 Bent.
1019 3490 1146 3562 Reg.
1201 3509 1253 3548 c.
1294 3493 1406 3560 48),
1469 3509 1570 3550 nec
1626 3505 1876 3566 quartam
1925 3509 2024 3565 pro

438 3581 601 3644 tertia
633 3591 860 3652 poneret
905 3581 1012 3636 nisi
1042 3584 1356 3641 necessario
1381 3579 1582 3641 laboris
1610 3586 1873 3642 exercitio
1893 3601 2022 3657 pro-

436 3671 665 3726 videret.
695 3669 1077 3741 Semprofecto
1097 3682 1151 3726 et
1175 3672 1248 3728 illi
1285 3674 1519 3744 operarii
1550 3685 1673 3735 sunt
1703 3676 2021 3746 iniquitatis,

437 3760 529 3842 qui
554 3758 859 3829 linguarum
879 3774 1071 3817 manus
1091 3773 1346 3818 exercent
1368 3763 1421 3822 in
1441 3766 1784 3822 sermonibus
1807 3767 2019 3822 otiosis.

438 3850 688 3922 Nunquid
712 3851 857 3906 enim
903 3857 1122 3910 manum
1155 3854 1336 3926 lingua
1363 3863 1468 3912 non
1498 3857 1685 3924 habet,
1708 3875 1831 3915 cum
1871 3859 2022 3916 Scri-

437 3953 606 4014 plura.
634 3943 914 4015 perhibent
944 3963 957 4000 :
991 3965 1021 4000 ι.
1052 3945 1188 4014 Quia
1226 3957 1375 4005 mors.
1395 3951 1450 4004 ot
1495 3949 1606 4005 vita
1653 3951 1707 4005 in
1732 3967 1893 4006 manu
1921 3952 2024 4007 lin-

435 4037 589 4109 guae?
620 4055 654 4100 ιη
673 4033 856 4107 (Prov.
883 4039 1061 4109 mu.)
1089 4039 1162 4106 Et
1175 4047 1339 4110 quam
1369 4037 1714 4098 inhonestum
1745 4053 1829 4098 est
1850 4053 1930 4111 ut,
1966 4045 2022 4099 in

435 4127 541 4183 hoc
579 4134 806 4210 munere
852 4136 960 4199 quo
995 4131 1262 4188 creaturis
1285 4128 1726 4199 omnibusllomo
1757 4135 2022 4206 praeponis

438 4228 548 4282 tur,
578 4217 692 4288 ipse
718 4217 946 4290 largitor
964 4223 1030 4276 ab
1070 4218 1292 4282 nomine
1313 4221 1654 4294 frequentius
1677 4223 1980 4280 oti‘endatur
1999 4227 2034 4280 ?-

439 4306 504 4377 itit
542 4317 664 4362 cum
695 4305 904 4368 naturis
933 4309 1156 4381 reliquis
1183 4306 1346 4370 homo
1375 4313 1661 4383 praesideat
1684 4323 1885 4385 easque
1911 4327 2022 4372 sua:

433 4393 669 4459 ditionis,
687 4396 896 4469 legibus
919 4399 1134 4466 subdat,
1159 4400 1346 4472 quanti
1370 4403 1590 4474 pudoris
1615 4410 1798 4474 est,ut
1827 4407 2020 4462 carun-

434 4484 614 4545 culam
641 4495 898 4561 tenuem,
915 4497 1079 4558 quam
1108 4489 1251 4548 inter
1279 4491 1467 4549 fauces
1488 4491 1736 4560 includit,
1761 4494 2019 4551 edomare

437 4587 540 4640 non
565 4577 735 4645 possit
750 4575 957 4639 MJude
983 4587 1038 4636 et
1059 4579 1292 4647 lacubus
1319 4582 1449 4639 dicit
1473 4595 1492 4638 :
1519 4582 1550 4641 ἱ
1587 4582 1774 4650 Omnis
1823 4595 2018 4656 natura

434 4663 730 4732 bestiarum
749 4669 1098 4728 ettoiucr‘um
1129 4670 1416 4744 domabilis
1436 4683 1551 4744 est;
1574 4673 1811 4750 linguam
1836 4687 2016 4739 autem

433 4757 612 4826 nullus
650 4757 941 4822 hominum
985 4761 1208 4820 domare
1252 4772 1428 4835 potest
1474 4763 1613 4837 (Jac.
1639 4769 1776 4835 111.):
1810 4767 2022 4835 Nullius,

433 4850 635 4921 quippe
659 4850 811 4908 frena
840 4851 1078 4914 doctoris
1101 4869 1353 4914 coercere
1374 4858 1556 4929 valent
1583 4861 1824 4933 linguam
1847 4875 1906 4918 se
1927 4878 2024 4919 co-t

433 4939 623 5007 bibere
647 4943 880 5005 nolentis
917 4945 1196 5019 :alioquin
1235 4951 1282 5007 si
1307 4952 1485 5022 pulsat
1531 4963 1588 5010 et
1626 4955 1842 5022 nititur,
1871 4955 2018 5026 quod

431 5040 583 5102 aptat
612 5029 779 5118 θη
807 5032 994 5106 praeui
1031 5039 1194 5104 ditbio
1230 5051 1611 5114 consequetur.
1656 5045 1826 5102 Porro
1873 5047 2019 5117 quod

434 5122 692 5208 animalia
723 5137 917 5188 cuneta
947 5129 1196 5187 humanae
1223 5133 1413 5198 ditioni
1444 5137 1764 5204 subdantur,
1793 5136 2019 5208 loquens

435 5213 502 5277 ad
523 5201 638 5270 Noe
681 5227 794 5284 vox.
809 5217 992 5274 divina
1014 5228 1280 5287 testatur:
1318 5243 1349 5282 ι,
1369 5201 1601 5296 Terror,
1619 5201 1822 5298 inquit,
1837 5201 2019 5284 vester

431 5306 716 5368 agit-emet
740 5306 811 5361 sit
831 5319 998 5378 super
1021 5320 1217 5366 cuncta
1243 5313 1539 5371 animantia
1571 5325 1748 5382 terra},
1771 5325 1826 5372 et
1853 5329 2022 5386 super

431 5395 622 5452 untnes
643 5393 893 5452 volucres
924 5397 1048 5466 emit
1095 5414 1218 5458 eum
1249 5405 1515 5471 universis
1561 5421 1682 5476 quae
1733 5415 2017 5467 morentur

430 5495 598 5551 super.
636 5492 875 5552 terram;
931 5499 1121 5547 omnes
1165 5491 1345 5563 pisces
1387 5496 1554 5564 maris
1608 5497 1793 5553 manui
1823 5507 2017 5554 vestrae

433 5573 619 5641 traditi
657 5586 790 5634 sunt;
834 5579 987 5651 (Gen.
1035 5583 1135 5655 ix).
1175 5604 1195 5639 ι
1249 5584 1382 5644 Nam
1410 5597 1468 5644 ut
1494 5588 1561 5642 ab
1591 5589 1808 5644 homine
1852 5591 2029 5648 etiam.

431 5678 712 5736 serpentes
735 5671 975 5738 edoutari
1033 5679 1353 5749 propensius
1402 5681 1731 5737 admiremur
1761 5698 1775 5737 :
1810 5682 2018 5740 Plinius

435 5755 880 5826 immanissimum
911 5769 1241 5846 serpentium
1265 5772 1504 5853 aspidem
1532 5789 1560 5827 a
1585 5774 1816 5847 quodam
1838 5785 2034 5853 patres.

2124 3310 2414 3375 exclamat,
2445 3304 2512 3365 ad
2559 3323 2714 3365 smmi
2749 3310 2968 3380 ignarus
2999 3309 3278 3380 interitum
3317 3308 3526 3378 gladios
3551 3321 3711 3362 vena-

2127 3401 2259 3455 toris
2288 3400 2500 3464 iuvitat,
2539 3400 2683 3471 quod
2707 3379 2881 3456 donec
2913 3379 3168 3466 obticuit,
3201 3398 3578 3471 persequentis
3624 3398 3708 3452 in-

2125 3491 2388 3546 dustriam
2418 3492 2624 3563 fugacis
2650 3507 2850 3548 cursus.
2870 3492 3183 3564 opinionem
3200 3491 3418 3548 delusit.
3445 3491 3629 3561 Atque
3652 3497 3713 3545 ut

2125 3583 2228 3638 hoc
2262 3581 2514 3645 inferam,
2555 3582 2703 3651 quod
2723 3597 2920 3639 cancer
2959 3595 3164 3649 ostreo,
3208 3581 3340 3640 lauit
3396 3581 3713 3651 plerumque

2124 3673 2368 3730 diabolus
2422 3674 2711 3731 monacho.
2768 3674 2979 3732 Cancer
3004 3675 3173 3740 enim,
3204 3675 3460 3746 quoniam
3514 3672 3713 3732 ostreis

2123 3764 2361 3822 vescitur
2389 3763 2781 3824 delectabiliter
2811 3779 3110 3836 eorumque
3165 3766 3419 3821 carnibus
3454 3773 3712 3836 tanquam

2122 3855 2294 3929 epulis
2315 3857 2612 3928 saginatur,
2639 3871 2830 3928 operte
2843 3859 3085 3930 pretium
3116 3869 3200 3916 est
3222 3860 3411 3914 audire
3438 3875 3576 3930 quas
3602 3859 3712 3915 illis

2121 3956 2302 4004 struat
2322 3947 2564 4003 insidias.
2591 3935 2746 4014 Nam,
2772 3963 2898 4005 cum
2916 3949 3078 4005 avide
3097 3950 3169 4004 sit
3193 3956 3452 4019 appetens
3471 3949 3602 4014 cibi,
3623 3957 3710 4003 est

2126 4047 2316 4108 argute
2342 4038 2677 4109 prospiciens
2707 4048 2763 4094 et
2782 4039 3026 4109 periculi,
3051 4038 3328 4109 quoniam,
3359 4053 3480 4094 cum
3507 4038 3578 4092 sit
3601 4037 3708 4092 dil-

2121 4123 2299 4197 lieilis,
2332 4136 2416 4186 est
2447 4139 2503 4185 et
2559 4129 2858 4201 periculosa
2912 4131 3163 4197 venatio.
3200 4128 3440 4196 Diﬁcl'lis
3467 4128 3708 4198 quidem,

2120 4221 2374 4293 quoniam
2403 4235 2528 4279 esca
2566 4222 2747 4277 carnis
2797 4222 3024 4288 interior
3051 4219 3399 4277 validioribus
3431 4221 3582 4279 testia
3620 4220 3708 4276 in-

2120 4313 2388 4379 cluditur;
2419 4312 2895 4383 periculosa'vero,
2926 4311 3050 4381 quia
3090 4311 3136 4368 si
3163 4311 3349 4370 chelas
3377 4319 3578 4366 cancer
3604 4309 3709 4365 im-

2121 4404 2347 4468 miserit,
2377 4403 2650 4470 relabente
2674 4401 2917 4473 protinus
2933 4399 3707 4470 testarumdiptychoinensi-

2118 4494 2298 4550 biliter
2323 4484 2644 4554 coar'etatur.
2674 4495 2814 4562 Quid
2841 4505 2968 4565 ergo
3017 4493 3201 4561 faciat,
3231 4504 3289 4548 ut
3343 4497 3514 4551 valeat
3559 4495 3710 4552 obti-

2121 4595 2251 4642 nere
2273 4588 2413 4657 q'uud
2445 4586 2681 4660 ﬂagitat?
2711 4586 2828 4654 Quo
2852 4596 3023 4658 pacto.
3039 4586 3295 4644 desiderii
3320 4587 3405 4644 sui
3426 4597 3551 4644 vota
3581 4604 3708 4658 per-

2121 4680 2284 4744 ﬁciet,
2333 4681 2433 4736 nisi
2465 4678 2532 4745 ad
2557 4682 2840 4752 exquisita:
2877 4698 2948 4738 se.
2977 4681 3184 4739 fraudis
3209 4690 3526 4752 argumenta
3575 4699 3676 4737 cnn

2119 4775 2337 4831 vertat?
2365 4775 2532 4845 igitur
2581 4775 2811 4832 Solerter
2837 4774 3082 4844 explorat
3120 4773 3167 4831 si
3196 4774 3414 4847 quando
3459 4783 3703 4828 ostreum

2118 4867 2174 4932 in
2204 4865 2426 4924 locisab
2452 4866 2598 4932 omni
2628 4875 2791 4922 vento
2814 4867 3038 4922 remotis
3065 4881 3125 4924 se
3153 4875 3344 4922 contra
3366 4864 3550 4921 radios
3571 4867 3701 4920 solis

2117 4959 2513 5029 a.periat;tunc
2547 4973 2678 5028 ergo
2704 4956 2970 5025 calculum
2994 4956 3364 5022 clandestinus
3396 4947 3705 5012 incursator

2121 5045 2383 5113 immittit,
2425 5059 2480 5108 et
2527 5047 2929 5112 conclusionem
2993 5048 3158 5111 ostrei
3212 5046 3496 5116 interiectu
3533 5043 3708 5115 328

2119 5137 2440 5204 suillamiuis
2463 5137 2715 5210 impedit;
2737 5139 2925 5210 sicque
2951 5139 3154 5194 hiantia
3175 5139 3412 5196 claustra
3427 5139 3707 5208 reperiens

2121 5237 2237 5284 tuto
2258 5228 2372 5298 jam
2403 5228 2586 5289 chelas
2613 5230 2812 5300 ingerit
2837 5239 2890 5287 et
2917 5232 3125 5287 viScera
3169 5231 3337 5286 ostrei
3363 5230 3576 5285 interna
3601 5230 3703 5285 de.

2119 5321 2313 5391 cerpit.
2336 5320 2477 5389 Quid
2531 5321 2695 5392 igitur
2742 5330 2984 5378 ostreum
3018 5323 3404 5394 congruentius
3454 5323 3701 5378 videatur

2117 5412 2426 5484 signiﬁcare
2480 5421 2649 5483 quam
2683 5413 3046 5474 monachum!
3094 5415 3196 5482 Qui
3244 5415 3498 5470 nimirum
3543 5415 3702 5480 vivit,

2120 5501 2246 5557 dum
2273 5503 2371 5558 sub
2401 5502 2598 5558 silentii
2645 5520 2873 5562 censura
2898 5505 3264 5573 concluditur;
3301 5507 3443 5576 perit
3494 5514 3702 5571 autem,

2120 5608 2244 5648 cum
2273 5593 2339 5647 ad
2369 5592 2692 5662 loquendum
2716 5595 3123 5651 immoderatius
3144 5597 3417 5666 aperitur:
3437 5597 3504 5651 ad
3528 5597 3706 5650 instar

2121 5682 2326 5738 scilicet
2363 5684 2525 5738 ostrei
2571 5685 2684 5755 qui,
2717 5701 2838 5741 cum
2879 5702 2985 5742 non
3031 5686 3168 5754 biat,
3196 5687 3406 5757 integer
3459 5684 3738 5740 animam‘

2122 5783 2328 5840 servat;
2360 5791 2480 5830 cum
2521 5791 2649 5828 vero
2677 5774 2934 5833 eiiicuate
2985 5778 3342 5849 proloquitur,
3374 5777 3500 5832 vitae
3526 5775 3704 5833 visce-
