4054 6184
370 376 468 433 189

1216 374 1457 433 OPUSC.
1498 374 1601 427 ιιι.
1641 404 1704 413 ——-
1745 375 1832 428 DE
1875 372 2053 429 BONO
2097 369 2437 433 RELlGiOSl
2476 367 2770 425 STATUS.

3516 372 3631 427 790

364 483 518 540 nisus
562 492 842 539 vacuatur.
893 483 1033 550 Quid
1084 486 1227 540 enim
1272 487 1517 556 designat
1566 487 1822 551 ealculus,
1854 486 1945 555 qui
1975 494 2021 551 Α
2052 485 2321 547 misceret,
2367 483 2565 537 maimo
2615 482 2882 551 protinus,
2916 489 3169 549 tanqnmn
3219 481 3463 553 zelotypo
3494 498 3626 538 con»,

363 585 585 637 ostreae,
619 590 685 627 ne
735 573 1065 643 recludatur,
1096 576 1354 645 injicitur,
1388 577 1491 633 nisi
1521 576 1778 633 duritiam
1822 592 1944 633 con-

367 664 689 728 suetudinis,
722 679 827 733 qua
882 666 1116 736 quisque
1168 683 1239 722 ne
1304 682 1426 725 sese
1476 670 1545 724 ad
1575 669 1946 738 paenitentiam

363 752 609 806 emolliat
631 752 953 813 induratur?
980 755 1112 809 Nam
1143 756 1295 824 quasi
1328 756 1544 825 quidem
1570 756 1782 824 lapillus
1820 772 1949 824 pra-

366 856 447 897 va:
478 844 885 901 consuetudinis
910 844 1109 910 obstat,
1142 860 1208 901 ne
1243 846 1311 910 is,
1335 847 1433 915 qui
1454 845 1759 901 fabularum
1793 855 1950 901 vacat

369 934 608 1004 ineptiis,
635 951 663 991 a
716 951 811 991 sua
840 952 898 995 se
928 937 1167 995 vanitate
1205 937 1463 995 recludat.
1497 936 1638 1003 Quid
1659 946 1949 995 autemest

367 1036 466 1095 per
492 1022 722 1094 figuram
744 1041 967 1089 cancer,
988 1028 1080 1098 qui
1105 1036 1223 1096 post
1251 1042 1312 1082 se
1339 1027 1660 1087 naturaliter
1683 1027 1947 1095 graditur,

367 1113 472 1169 nisi
510 1124 756 1184 apostata
788 1116 1029 1186 spiritus,
1052 1117 1170 1187 qui,
1195 1126 1486 1187 postquam
1507 1118 1674 1173 semel
1699 1134 1728 1170 a
1754 1118 1950 1177 Condi-

370 1213 487 1260 tore
514 1206 760 1272 recessit,
794 1207 857 1271 in,
887 1209 1191 1276 posteriora
1222 1209 1390 1265 relabi
1427 1225 1701 1278 nunquam
1738 1210 1898 1265 desiit
1927 1209 1950 1263 ?

371 1293 522 1352 Unde
552 1308 606 1352 et
633 1298 876 1355 diabolus
906 1300 1291 1370 interpretatur
1321 1302 1565 1357 deorsum
1591 1300 1782 1371 ﬂuens,
1806 1302 1947 1371 quod

366 1390 501 1443 sicut
532 1391 598 1445 de
640 1392 846 1455 sanctis
883 1392 1209 1454 animalibus
1238 1395 1470 1459 dicitur,
1509 1397 1764 1462 queuiam
1796 1400 1951 1446 erant

359 1479 530 1545 pedes
576 1494 765 1534 eorum
811 1480 943 1535 recti
995 1479 1213 1552 (Ezcclt.
1262 1481 1333 1552 ι);
1374 1482 1450 1536 ita
1491 1482 1685 1537 diaboli
1728 1481 1949 1551 ejusque

359 1568 883 1638 sequacibus'pcdes
909 1570 961 1623 in
989 1572 1289 1639 posteriora
1322 1578 1449 1626 sunt
1479 1586 1691 1639 semper
1720 1570 1946 1639 obliqui.

928 1701 1156 1775 eaeor
1190 1701 1383 1776 xxix.

565 1809 838 1893 Decimio,
866 1820 914 1865 et
939 1828 1042 1882 quo
1069 1824 1225 1883 pacto
1252 1815 1407 1867 simia
1439 1814 1557 1883 capi
1575 1814 1759 1883 possit.

439 1921 505 1976 Et
534 1924 659 1993 quia
693 1939 753 1979 se
778 1939 958 1980 sermo
987 1924 1052 1980 de
1076 1926 1302 1995 pedibus
1329 1926 1529 1991 intulit,
1563 1926 1702 1982 sicut
1725 1935 1948 1981 venator

368 2012 607 2079 simiam,
637 2014 717 2069 sic
741 2014 1059 2085 plerumque
1086 2025 1340 2071 versutus
1369 2017 1653 2072 insidiator
1690 2016 1946 2087 illaqueat

368 2103 624 2160 animam.
655 2103 724 2162 Et
741 2104 959 2173 quidem
989 2122 1104 2163 nou
1125 2107 1385 2176 scriptum
1414 2108 1613 2178 reperi,
1641 2108 1734 2163 sed
1760 2120 1823 2161 ex
1854 2121 1949 2162 ore

365 2193 701 2261 perhibentis
727 2194 929 2261 audivi,
954 2197 1206 2266 quoniam
1258 2198 1350 2269 qui
1399 2198 1610 2252 simiam
1635 2198 1827 2267 quaerit
1854 2212 1948 2252 ca-

366 2300 495 2355 pere
508 2286 684 2340 vivam
715 2287 866 2356 prius
887 2288 1104 2343 sibimet
1126 2288 1345 2356 punicei
1367 2289 1564 2346 coloris
1594 2288 1804 2346 calceos
1825 2304 1953 2344 con-

368 2375 499 2439 suit,
516 2374 713 2443 quibus
735 2376 979 2437 etsoleas
1005 2378 1071 2432 de
1099 2378 1316 2448 plumbo
1347 2380 1648 2445 subnectit;
1675 2394 1796 2434 cum
1823 2394 1952 2433 vero

366 2467 582 2522 simiam
598 2467 808 2521 eminus
835 2468 1048 2538 aspicit,
1065 2482 1131 2523 ea
1156 2478 1434 2533 cernente,
1460 2470 1684 2551 pedibus
1709 2470 1821 2525 suis
1842 2470 1952 2527 cal-

369 2571 494 2612 ceos
522 2558 699 2613 rubris
720 2574 872 2629 aeque
898 2560 1147 2631 corrigiis
1176 2560 1366 2632 illigat,
1391 2574 1620 2630 eamque
1656 2562 1758 2616 hoc
1794 2560 1953 2615 modo

367 2646 493 2713 quid
512 2649 853 2715 postmodum
876 2649 1063 2714 faciat,
1086 2652 1237 2720 quasi
1253 2653 1443 2707 doctor
1467 2651 1739 2716 informat;
1764 2651 1954 2706 deinde

369 2737 601 2793 latenter
623 2739 838 2796 solvens
864 2741 1064 2798 ibidem
1087 2743 1299 2798 calceos
1320 2743 1517 2799 deserit
1538 2759 1765 2813 seseque
1788 2759 1953 2815 prope

370 2827 544 2882 locum
567 2830 793 2887 callidus
818 2832 1130 2902 explorator
1156 2834 1457 2889 abscondit.
1491 2832 1661 2887 Simia
1691 2847 1818 2887 vero
1833 2844 1955 2904 post

370 2921 663 2985 venatoris,
698 2930 757 2975 ut
812 2924 1085 2992 opinatur,
1126 2926 1476 2990 abscessum,
1523 2924 1743 2978 humani
1799 2933 1952 2978 actus

369 3009 560 3063 aemula
593 3011 811 3069 relictos
838 3013 1050 3076 calceos
1100 3016 1212 3075 suis
1256 3030 1470 3085 quoque
1523 3015 1749 3086 pedibus
1784 3014 1956 3084 injicit

372 3114 437 3153 ac
468 3100 645 3170 ligulis
676 3102 891 3160 fortiter
926 3106 1172 3176 stringit;
1208 3108 1302 3161 sed
1340 3121 1468 3161 ecce
1501 3114 1722 3161 venator
1754 3105 1821 3160 de
1855 3119 1954 3158 suo

2047 573 2247 627 citatus
2270 573 2485 641 spiritu,
2509 586 2674 641 super
2696 580 2982 639 utrumque
3007 571 3271 641 prosiliitﬁ;
3305 574 3479 625 virum
3512 572 3625 626 vel-t

2048 672 2109 718 ut
2145 664 2368 719 rivalem
2417 663 2655 719 brachiis
2688 672 2743 719 et
2789 663 2961 717 acutis
3004 662 3267 731 unguibus
3320 664 3633 734 arpaxavit,

2048 754 2321 810 mordicus
2352 752 2711 824 apprehendit
2749 761 2802 809 et
2832 750 3323 821 irrecuperabilitcr
3349 752 3628 805 laceravit.

2050 847 2141 905 Sic
2170 847 2354 917 itaque
2378 860 2559 903 comes
2586 845 2889 901 exstinctus
2910 852 3011 902 est.
3044 844 3307 899 lnaoeens
3336 844 3496 913 igitur
3535 844 3631 898 bo-

2052 955 2142 995 mo
2185 940 2313 993 dum
2368 939 2527 994 fidem
2583 938 2806 995 thalami
2850 947 3031 1001 servat
3058 937 3233 1000 uxori,
3267 939 3407 993 dum
3429 935 3638 990 animat

2052 1045 2208 1084 suum
2237 1029 2567 1099 quotidiauis
2590 1028 2685 1083 alit
2716 1028 3021 1098 impendiis,
3060 1029 3135 1081 nil
3165 1029 3233 1083 ab
3261 1038 3490 1096 utroque
3540 1042 3636 1079 su-

2051 1119 2289 1188 Spicatur
2310 1118 2541 1183 adversi,
2587 1119 2840 1177 nimirum
2862 1119 2953 1187 qui
2996 1119 3337 1177 clementiam
3362 1116 3626 1187 prmbebat

2049 1208 2230 1263 cilicii.
2268 1208 2393 1276 Sed,
2422 1205 2493 1261 ah
2523 1208 2731 1263 seclusi
2766 1217 2823 1265 et
2853 1208 3052 1262 femina
3078 1207 3410 1276 turpiterjus
3434 1204 3623 1270 conju-

2050 1299 2119 1369 gii
2149 1299 2335 1365 violat,
2375 1308 2429 1353 et
2454 1298 2622 1357 bestia
2651 1299 2704 1352 in
2732 1298 2977 1370 jugulum
3002 1299 3203 1353 domini
3270 1296 3505 1368 gladium
3539 1298 3618 1348 vi-

2052 1390 2195 1443 brat.

2118 1479 2407 1535 Enimvero
2453 1494 2626 1548 nuper
2651 1478 2842 1535 allatus
2882 1489 2965 1534 est
2994 1480 3215 1550 praefato
3237 1491 3407 1547 papae,
3446 1483 3500 1530 et
3552 1475 3628 1528 si-

2050 1571 2160 1625 mul
2193 1579 2247 1625 et
2280 1571 2433 1625 nobis
2473 1569 2881 1638 granditrsculus
2905 1569 3120 1638 quidam
3150 1583 3321 1637 puer;
3352 1575 3402 1620 ct
3430 1565 3623 1635 sijam,

2049 1670 2110 1716 ut
2161 1662 2383 1728 dicitur,
2419 1660 2737 1727 vicennalis,
2804 1669 2983 1715 tamen
3034 1675 3256 1730 prorsus
3301 1657 3531 1727 elinguis
3578 1659 3643 1709 et

2052 1754 2315 1809 maimoni
2360 1754 2533 1807 forma
2579 1753 2895 1816 consimilis,
2933 1753 3005 1806 ita
3034 1762 3093 1806 ut
3138 1751 3327 1806 eodem
3365 1746 3634 1802 vocabulo

1978 1845 2021 1904 Β
2050 1852 2407 1913 tntnmipetur.
2445 1844 2601 1900 Unde
2644 1843 2859 1898 sinistra
2897 1853 3077 1913 posset
3104 1842 3233 1896 oriri
3278 1839 3534 1909 suspicio,
3582 1837 3632 1893 si

2018 1916 2021 1921 Α
2052 1934 2378 2000 lmjusmodi,
2419 1949 2523 1987 non
2548 1932 2657 2001 jam
2686 1934 2860 1988 dicam
2894 1932 3120 1998 ferinus,
3170 1932 3263 1987 sed
3294 1929 3461 1986 ferale
3504 1941 3642 1998 por-

2056 2034 2263 2079 tentum
2294 2033 2521 2095 paterna
2558 2033 2686 2080 tunc
2716 2025 2955 2080 aleretur
2977 2025 3030 2079 in
3064 2024 3238 2079 domo.

2626 2116 2856 2173 CAPUT
2894 2116 3065 2172 XXX.

2721 2209 2801 2263 De
2838 2220 2967 2263 ceto.

2129 2298 2235 2354 Sed
2275 2297 2409 2355 dum
2430 2298 2497 2354 de
2522 2297 2666 2369 turpi
2698 2297 3018 2355 infidelitate
3041 2296 3284 2355 mulieris
3301 2295 3625 2371 eloquimur,

2055 2397 2213 2461 cetus
2232 2388 2394 2445 etiam
2422 2387 2509 2442 ille
2534 2387 2781 2449 marinus
2804 2387 2959 2443 nobis
2986 2387 3039 2442 in
3064 2387 3377 2442 memoriam
3408 2403 3627 2442 revoca-

2056 2491 2144 2545 tur
2187 2483 2280 2551 qui
2324 2480 2584 2535 nimirum
2638 2494 2799 2549 super
2861 2493 3083 2534 enorme
3139 2492 3333 2547 corpus
3384 2478 3630 2533 sabulum

2053 2583 2255 2644 portat,
2287 2587 2352 2627 ac
2379 2580 2529 2643 terga
2559 2585 2656 2627 sua
2685 2584 2848 2641 super
2868 2569 3038 2624 undas
3063 2566 3258 2631 elevat,
3286 2576 3345 2621 ut
3372 2575 3633 2637 tanquam
3704 2622 3707 2625 ς

2055 2663 2230 2718 insula
2268 2660 2461 2715 fluctus
2500 2659 2740 2719 marinos
2767 2658 3016 2718 excedat.
3069 2655 3217 2711 lianc
3247 2655 3412 2726 igitur
3441 2656 3635 2710 incun-

2054 2751 2551 2811 ctancterinsulam
2598 2764 2719 2806 esse
2744 2749 3026 2804 credentes
3075 2747 3307 2818 remiges
3334 2747 3626 2817 applicant,

2052 2845 2279 2917 paxillus
2317 2844 2510 2914 figunt,
2541 2842 2720 2896 navim
2774 2841 2995 2905 sistunt,
3027 2838 3174 2894 focos
3224 2837 3515 2903 instruunt,
3543 2840 3652 2897 sed:

2054 2936 2229 2991 bellua
2258 2950 2381 2991 mox
2416 2941 2473 2988 ut
2510 2933 2649 3005 ignis
2700 2932 2865 2987 sentit
2891 2931 3161 2995 ardorem,
3196 2928 3340 2984 illico
3371 2929 3633 2998 mergitur

2056 3027 2107 3083 in
2137 3025 2464 3096 profundum
2496 3032 2553 3079 et
2581 3037 2770 3078 navem
2796 3021 2957 3077 simul
2980 3036 3045 3092 ac
3070 3028 3439 3075 nautasvorat
3469 3018 3648 3072 ferale-

2054 3116 2413 3186 naufragium.
2448 3113 2584 3168 Nam
2625 3122 2681 3169 et
2718 3112 3016 3177 Gerardus,
3040 3120 3223 3166 noster
3246 3110 3492 3166 videlicet
3523 3124 3637 3162 mo-

371 3191 621 3261 protiuus
658 3193 881 3250 latibulo
925 3197 1152 3266 prosilit,
1188 3197 1613 3268 discipulumque
1641 3212 1793 3251 suam
1828 3212 1954 3267 pro-
1984 3191 2028 3254 C
2060 3207 2289 3273 naclrus,
2324 3204 2508 3267 retulit
2556 3204 2610 3272 in
2657 3202 2996 3258 Normandia:
3035 3202 3305 3259 littoribus
3330 3209 3541 3272 captam
3571 3215 3646 3273 se-

371 3286 506 3355 priis
556 3287 821 3351 irretitam
869 3289 1100 3346 vinculis
1157 3291 1321 3361 capit.
1373 3289 1464 3345 Sic
1508 3304 1648 3358 smpe
1693 3288 1957 3360 malignus

374 3377 599 3445 spiritus
625 3394 721 3448 per
764 3379 1043 3436 vasculum
1073 3396 1231 3436 suum
1263 3380 1557 3451 quemlibet
1582 3379 1831 3436 videlicet
1860 3379 1958 3433 im-

374 3468 603 3536 probum
664 3485 727 3525 ac
771 3480 1082 3541 protervum
1138 3472 1295 3531 docet
1342 3472 1657 3527 innocentes
1711 3471 1959 3526 homines

375 3570 723 3628 peccatorum
748 3564 979 3619 vinculis
1008 3563 1231 3629 irretiri,
1266 3574 1323 3618 ut
1349 3563 1421 3621 ad
1447 3562 1607 3626 mala,
1632 3577 1751 3632 quae
1775 3576 1959 3627 coram

379 3650 717 3707 intuentibus
770 3654 1015 3720 exhibet,
1044 3668 1139 3708 eos
1168 3654 1282 3723 ipse
1310 3652 1463 3722 quasi
1489 3652 1597 3707 dux
1627 3662 1680 3707 et
1705 3651 1963 3721 magister

380 3740 590 3809 invitet,
620 3753 677 3799 et
710 3742 841 3797 dum
895 3759 1123 3817 pravum
1147 3742 1372 3811 cernulus
1408 3744 1670 3816 sequitur,
1706 3745 1819 3800 suis
1850 3744 1963 3813 ipse

380 3831 588 3901 laqueis
634 3835 900 3905 capiatur.
1664 3820 1671 3827 λ

451 3929 557 3984 Sed
580 3938 634 3984 et
654 3929 785 3985 illud
807 3946 949 3985 nunc
970 3930 1361 4001 subsequenter
1384 3933 1647 3996 occurrit,
1668 3929 1808 4001 quod
1830 3929 1961 3985 mihi

380 4019 610 4078 domnus
658 4022 963 4079 Alexander
1020 4037 1157 4093 papa
1213 4023 1441 4078 necdum
1492 4008 1735 4088 emenso,
1782 4032 1845 4077 ut
1890 4023 1962 4079 ita

381 4113 597 4183 loquar,
629 4131 815 4171 mense
836 4116 1098 4171 narravit.
1131 4115 1387 4171 Aiteuim
1435 4116 1561 4186 quia
1589 4131 1760 4186 nuper
1781 4130 1964 4172 comes

380 4206 678 4263 Gulielmus
715 4208 768 4262 in
794 4208 1024 4278 Liguria:
1060 4207 1305 4286 partibus
1347 4206 1601 4263 habitans
1636 4222 1840 4261 marem
1868 4208 1964 4261 ha-

382 4297 547 4353 bebat
592 4298 787 4362 simiae,
818 4300 910 4370 qui
941 4298 1098 4370 vulgo
1130 4300 1329 4356 maimo
1356 4298 1573 4363 dicitur,
1621 4314 1744 4355 cum
1776 4314 1883 4369 quo
1909 4308 1966 4355 et

383 4404 521 4444 uxor
545 4390 679 4461 ejus,
704 4398 763 4445 ut
795 4399 914 4445 erat
946 4390 1211 4461 impudica
1233 4406 1456 4462 prorsus
1484 4407 1548 4447 ac
1576 4391 1844 4462 petulans,
1876 4391 1957 4445 la-

293 4474 299 4478 ’
384 4482 589 4536 scivius
648 4483 956 4553 jocabatur.
1008 4483 1143 4538 Nam
1197 4492 1253 4539 et
1322 4498 1422 4557 ego
1472 4484 1608 4538 duos
1651 4483 1769 4553 ejus
1825 4483 1962 4539 ﬁlios

2059 3299 2258 3352 vidisse
2282 3297 2567 3365 habenam,
2595 3297 2661 3351 de
2689 3296 2842 3367 cujus
2868 3295 3064 3369 linguae
3105 3293 3358 3349 carnibus
3386 3301 3639 3361 quatuor-

2063 3388 2236 3445 decim
2270 3386 2522 3455 sagmarii
2550 3394 2676 3443 sunt
2715 3399 2821 3439 non
2866 3381 3056 3436 leviter
3079 3381 3307 3435 onerati.
3341 3379 3446 3434 Sed
3477 3388 3536 3443 ut
3572 3378 3637 3432 ad

2061 3478 2206 3547 aliud
2251 3477 2463 3531 redeam
2492 3474 2651 3543 unde,
2679 3474 2951 3543 digressus
2983 3485 3129 3539 sum,
3169 3469 3296 3539 quid
3343 3469 3560 3531 mirum,
3593 3468 3636 3521 si

2062 3564 2223 3625 fidem
2252 3565 2306 3620 in
2331 3563 2506 3621 bellua
2539 3574 2700 3618 nauta
2726 3579 2829 3618 non
2853 3559 3072 3635 reperit,
3103 3574 3263 3630 quam
3290 3566 3350 3613 et
3370 3557 3451 3611 vir
3476 3556 3640 3628 830

2064 3654 2118 3711 in
2149 3669 2331 3731 uxore
2360 3652 2578 3731 prepria
2604 3667 2710 3706 non
2746 3650 2954 3705 invenit
2978 3650 3001 3705 ἲ
3042 3646 3181 3716 Quid
3209 3646 3437 3711 mirum,
3464 3645 3509 3700 si
3553 3646 3642 3699 be-

2062 3746 2167 3803 stia
2192 3727 2337 3800 muta
2358 3727 2588 3799 insulam
2616 3743 2838 3811 mentita
2867 3740 3118 3813 procellis
3140 3738 3489 3809 initnergitur,
3517 3750 3638 3790 eum

2070 3849 2125 3895 et
2164 3838 2358 3893 mulier
2388 3837 2584 3895 violata
2639 3835 2742 3893 fide
2790 3833 3022 3903 conjugii
3055 3841 3109 3901 et
3140 3830 3326 3884 ferinis
3386 3828 3643 3897 amplexi-

2064 3929 2165 3983 bus
2212 3926 2563 3996 exponetur?
2605 3923 2741 3993 Quid
2769 3922 2913 3977 enim
2962 3930 3071 3975 tam
3118 3927 3383 3980 nostrum,
3431 3925 3491 3970 et
3531 3925 3637 3968 tam

2063 4016 2268 4089 proprii
2311 4015 2452 4085 juris
2481 4015 2535 4085 in
2566 4015 2669 4071 hoc
2699 4012 2919 4077 mundo,
2947 4010 3035 4067 cui
3086 4008 3218 4083 varii
3262 4021 3421 4062 casus
3472 4004 3642 4076 possit

2064 4107 2252 4161 deesse
2279 4103 2512 4174 suspicio
2531 4103 2558 4157 ’ἔ

2135 4196 2346 4252 Nostris
2380 4196 2578 4266 quippe
2611 4191 2943 4264 temporibus
2977 4188 3153 4256 audivi
3185 4184 3474 4255 contigisse
3497 4182 3640 4253 quod

2065 4301 2251 4342 narro.
2277 4284 2520 4341 Piscator
2543 4282 2763 4354 quidam
2791 4281 3073 4351 parvulum
3104 4278 3155 4332 in
3183 4275 3345 4330 lembi
3376 4273 3456 4328 sui
3481 4288 3637 4341 prora

2065 4376 2234 4432 filium
2276 4390 2432 4430 suum
2467 4373 2669 4444 posuit,
2703 4386 2767 4425 ac
2813 4372 2865 4424 in
2896 4369 3092 4424 fluenta
3126 4363 3471 4439 progrediens
3516 4376 3644 4415 cou-

2065 4486 2218 4542 grum
2249 4467 2472 4539 prolixa:
2490 4462 2876 4535 magnitudinis
2907 4460 3068 4530 cepit.
3096 4457 3275 4512 Laetus
3303 4455 3484 4523 itaque
3506 4466 3639 4520 pra:-

384 4573 536 4638 vidi,
589 4547 724 4643 quos
776 4576 844 4631 de
890 4576 1144 4646 episeopo
1205 4547 1440 4646 quodam
1500 4547 1789 4644 plectibilis
1844 4575 1965 4645 lupa

2069 4563 2191 4613 dam
2219 4556 2446 4627 proiecit
2472 4557 2525 4611 in
2550 4555 2751 4618 navim,
2781 4554 2855 4606 ita
2879 4562 2937 4605 ut
2969 4557 3135 4619 caput
3158 4548 3283 4617 ejus
3300 4555 3487 4599 contra
3516 4557 3641 4612 pue-

385 4674 717 4737 pepererat;
769 4666 922 4737 cujus
970 4667 1211 4739 episcopi
1263 4682 1360 4722 nos
1414 4667 1722 4736 exprimere
1772 4681 1966 4721 nomen

387 4756 729 4821 omittimus,
787 4756 915 4823 quia
987 4764 1176 4811 notare
1246 4756 1543 4825 quemlibet
1592 4754 1810 4808 infamia
1859 4770 1967 4808 non

388 4846 708 4916 gaudemus.
782 4843 918 4900 Cum
996 4846 1160 4917 igitur
1239 4845 1500 4921 petulanti
1570 4846 1698 4902 fera:
1778 4843 1970 4903 mulier

388 4951 530 5009 smpe
589 4936 889 4993 colluderet
926 4979 945 5004 ,
1001 4937 1145 4994 ulnis
1196 4918 1571 5008 astringeret,
1631 4935 1969 5009 amplexibus

390 5026 722 5083 demulceret
752 5068 768 5093 ,
824 5026 1026 5105 sedet
1068 5026 1157 5082 ille
1210 5026 1561 5097 nihilominus
1615 5025 1857 5095 qua-dam
1907 5024 1971 5096 li-

389 5118 592 5173 bidinis
617 5118 785 5191 829
814 5118 967 5186 signa
1006 5118 1362 5190 praetenderet
1391 5124 1554 5184 atque
1581 5116 1648 5169 ad
1683 5115 1879 5171 nudam
1908 5113 1970 5168 ἰι·

391 5208 496 5263 lius
508 5222 723 5263 carnem
738 5210 1044 5279 pertingere
1067 5206 1386 5277 quibusdam
1400 5205 1638 5275 gestibus
1656 5204 1935 5277 anhelaret
1952 5245 1968 5271 ,

394 5300 533 5355 dixit
555 5299 605 5355 ei
633 5300 966 5355 cubicularia
1001 5315 1095 5354 sua
1135 5316 1148 5352 :
1186 5296 1467 5362 Permitte,
1496 5295 1537 5351 si
1587 5295 1785 5365 placet,
1809 5293 1969 5364 quid-

394 5389 522 5460 quid
548 5389 662 5443 vult
690 5404 873 5461 agere,
907 5400 962 5443 ut
989 5387 1187 5457 liquido
1218 5394 1399 5456 pateat
1423 5385 1551 5455 quid
1582 5384 1770 5439 nititur
1794 5392 1968 5437 atten-

398 5490 531 5535 tare.
562 5479 701 5546 Quid
731 5479 931 5549 plura?’
959 5479 1224 5550 permisit,
1254 5487 1307 5533 et
1331 5478 1475 5548 quod
1503 5485 1655 5546 turpe
1683 5475 1829 5530 dictu
1859 5482 1966 5539 est,

396 5584 520 5624 cum
566 5567 766 5622 femina
801 5567 913 5622 fera
943 5568 1229 5625 concubuit
1256 5584 1271 5633 ;
1307 5566 1499 5621 deinde
1525 5564 1859 5619 consuetudo
1891 5571 1971 5618 te-

398 5659 534 5725 nuit,
566 5666 620 5715 et
645 5658 1029 5714 commercium
1050 5656 1270 5711 inauditi
1299 5654 1520 5711 sceleris
1558 5653 1797 5709 inolevit.
1822 5652 1967 5720 Qua-

401 5752 525 5809 dam
556 5766 684 5807 vcro
719 5751 804 5807 die
832 5750 955 5805 dum
1007 5764 1063 5805 se
1109 5764 1287 5805 comes
1335 5747 1489 5803 uxori
1514 5744 1789 5817 ,conjugali
1824 5760 1971 5801 more

2074 4666 2191 4703 rum
2220 4655 2475 4711 verteret,
2504 4660 2637 4715 puer
2678 4652 2858 4697 autem
2899 4656 2931 4695 e
2987 4639 3205 4708 regione
3248 4636 3482 4691 sederet.
3535 4632 3641 4699 Sed

2073 4753 2192 4793 cum
2225 4737 2461 4805 piscator
2510 4725 2748 4799 intentus
2779 4729 3001 4798 remigio
3043 4726 3219 4781 redire
3270 4724 3644 4788 contenderet,

2072 4836 2124 4882 et
2155 4826 2348 4880 alacris
2379 4828 2443 4879 de
2466 4836 2737 4892 prosperae
2773 4820 3004 4874 fortunae
3038 4830 3290 4872 successu
3318 4812 3639 4870 sollicitudi-

2073 4931 2193 4970 nem
2236 4929 2340 4969 non
2367 4914 2615 4978 haberet,
2646 4910 2955 4981 pavefactus
2979 4921 3109 4979 puer
3132 4907 3187 4961 in
3227 4906 3393 4976 piscis
3419 4910 3643 4974 aspectu

2071 5003 2312 5076 lugubris
2349 5000 2707 5056 exclamavit:
2735 4999 2812 5054 ita
2846 5014 2933 5053 me
2957 4996 3191 5067 respicit,
3217 4994 3328 5065 jam
3357 5009 3442 5049 me
3469 4993 3642 5049 bestia

2072 5096 2368 5153 devorabit.
2397 5093 2494 5149 Cui
2540 5101 2692 5163 pater
2727 5091 3006 5145 alludens:
3035 5087 3138 5153 Tu,
3168 5086 3365 5156 inquit,
3394 5098 3517 5139 eum
3554 5084 3646 5137 de-
3712 5116 3719 5125 ι

2069 5187 2306 5253 vorabis,
2335 5199 2442 5239 non
2475 5182 2586 5253 ipse
2615 5191 2685 5236 te.
2719 5179 2961 5249 Cumque
2983 5191 3119 5249 puer
3148 5174 3378 5246 idipsum
3409 5171 3644 5228 secundo

2067 5286 2356 5348 repeteret,
2394 5275 2487 5330 sed
2519 5273 2635 5345 ejus
2664 5274 2826 5328 verba
2881 5278 3035 5339 pater
3066 5267 3296 5335 ineptias
3342 5266 3644 5332 deputaret,

2072 5371 2290 5424 tandem
2336 5367 2502 5438 piscis
2547 5366 2791 5433 sublatus
2820 5365 2873 5417 in
2905 5375 3088 5417 aerem
3119 5372 3343 5428 puerum
3382 5354 3646 5410 violenter

2073 5460 2321 5528 impetiit,
2349 5471 2580 5527 eumque
2623 5462 2844 5524 repente
2872 5452 3173 5520 corripiens
3216 5447 3373 5518 aquis
3418 5461 3478 5501 se
3523 5460 3643 5501 cum

2075 5551 2260 5618 rapina
2293 5565 2389 5606 sua
2417 5555 2602 5619 rapttr
2631 5544 2894 5600 immersit
2934 5557 2998 5597 ac
3036 5548 3227 5597 neuter
3256 5539 3395 5594 ultra
3423 5553 3639 5609 compa.

2074 5650 2204 5695 rurt.
