4054 6184
418 387 519 449 7’}!

965 492 1192 548 CAPUT
1231 489 1423 545 XXXI.

802 583 982 637 Brevis
1024 582 1262 652 apuscnli
1307 579 1588 636 conclusio.

477 676 641 740 Ecce,
678 674 872 728 fratres
898 673 1023 736 mei,
1053 688 1172 742 quze
1189 682 1272 726 est
1300 673 1351 725 in
1390 672 1492 724 hoc
1517 671 1715 724 mundo
1752 679 1857 724 tam
1902 683 1990 722 se-

408 786 535 822 cura
565 767 852 836 possessio,
882 767 932 819 in
961 782 1120 836 quam
1149 780 1247 819 nos
1271 773 1386 817 tuto
1408 764 1698 833 projicere;
1733 763 1988 832 quidnam

401 860 541 929 juris
569 869 648 911 est
675 859 864 922 nostri,
891 858 1031 927 quod
1064 873 1167 910 non
1193 856 1483 909 debeamus
1526 862 1777 922 tanquam
1818 861 1991 907 rotam

408 951 694 1002 volubilem
720 945 1014 1016 deputare?
1033 949 1180 1002 Hane
1214 957 1388 1001 rotam
1416 947 1668 1001 Salomon
1697 947 1850 999 docet
1871 959 1994 998 esse

411 1040 725 1101 cavendam,
757 1047 811 1091 et
847 1038 1120 1092 Creatoris
1166 1052 1380 1107 semper
1425 1037 1617 1090 adesse
1645 1035 1844 1089 debere
1883 1050 1995 1088 me-

413 1131 658 1182 moriam.
697 1129 797 1196 Qui
825 1145 946 1184 cum
979 1129 1183 1182 diceret
1216 1147 1229 1182 :
1269 1145 1288 1179 ι
1321 1127 1586 1182 Memento
1615 1125 1885 1180 Creatoris
1920 1125 1996 1178 tui

409 1218 472 1276 in
497 1219 683 1271 diebus
708 1217 1009 1286 iuventutis
1060 1225 1511 1283 ttlze,,antequam
1555 1217 1734 1269 veniat
1785 1223 1997 1282 tempus

411 1308 714 1362 :tlil’ietionis
753 1317 887 1371 tum;
935 1328 953 1360 ι
1007 1307 1163 1377 paulo
1195 1315 1317 1375 post
1343 1306 1544 1359 addidit
1573 1321 1588 1357 :
1624 1324 1642 1356 ι
1677 1314 1730 1359 et
1757 1305 1997 1358 confrin-

411 1407 568 1470 gatur
616 1409 730 1453 rota
777 1414 938 1472 super
977 1399 1287 1463 cisternam,
1318 1406 1373 1452 et
1412 1407 1712 1452 revertatur
1739 1395 1912 1466 pulvis
1941 1395 1994 1448 in

823 386 916 440 'S.
954 384 1158 441 PETRI
1199 381 1484 438 DAMIANI
1524 377 1674 436 OPP.
1718 376 1955 436 TOMUS
1995 375 2124 434 εει)
2166 374 2348 431 PARS
2384 374 2471 429 ili.
2508 404 2576 414 -—
2613 369 2980 428 OPUSCULA
3021 369 3251 426 VARIA.

3575 368 3681 422 793

2020 495 2069 552 Α
2100 495 2297 542 terram
2348 501 2524 553 suam,
2571 485 2712 540 unde
2762 494 2879 541 erat
2923 482 3270 555 (Eccleuxn).
3311 501 3330 535 ι
3381 485 3684 538 Cavcamus

2101 578 2263 649 igitur
2290 577 2344 631 in
2377 575 2616 646 qualibet
2638 573 2873 628 instabili
2901 574 3243 642 possessione
3277 571 3573 634 confidere,
3599 569 3683 623 vel

2097 667 2305 721 fallacis
2354 664 2544 720 insulae
2600 663 2789 720 sabulo
2839 672 3095 733 tanquam
3159 662 3392 731 imperiti
3456 662 3684 731 remiges

2101 756 2390 826 applicare.
2444 755 2717 809 Adeamus
2766 754 2930 822 igitur
2980 749 3295 818 Christum,
3357 752 3683 806 tutissimqu

2099 849 2347 903 videlicet
2377 847 2752 918 navigantibus
2794 855 3028 915 portum,
3056 853 3111 899 et
3146 845 3213 900 de
3250 845 3464 900 marino
3498 844 3688 899 discri-

2099 941 2244 994 mine
2271 939 2504 1003 liberati,
2545 937 2649 993 ﬁde
2686 951 2906 1007 prorsus
2943 951 3008 991 ac
3050 945 3214 991 certe
3286 935 3488 1006 quietis
3529 934 3690 989 aufu-

2100 1033 2243 1102 gium
2272 1031 2418 1085 illum
2448 1031 2816 1085 tantummodo
2842 1039 3098 1101 personet
3121 1031 3299 1102 lingua
3324 1030 3683 1101 loquentium,

2098 1123 2189 1192 qui
2217 1122 2453 1191 disponit
2479 1131 2534 1176 et
2561 1122 2778 1178 ordinat
2803 1121 3070 1176 naturalia
3096 1122 3219 1190 jura
3262 1131 3534 1178 mutorum
3564 1162 3580 1188 ,
3628 1130 3691 1176 ut

2101 1213 2152 1266 in
2191 1214 2443 1268 omnibus
2465 1214 2731 1268 creaturis
2755 1212 2869 1268 sola
2910 1212 3235 1283 praedicetur
3263 1213 3436 1269 virtus
3485 1229 3548 1269 ac
3587 1229 3690 1284 po-

2107 1302 2272 1358 tentia
2307 1302 2603 1364 Creatoris.

2444 1391 2523 1447 Sit
2551 1409 2740 1448 nomen
2772 1392 2984 1449 Domini
3009 1393 3382 1450 benedictum.“

377 1639 381 1642 ’
465 1581 1643 1775 83km0PUSCULUM
1696 1665 2894 1792 QUINQUAGESIMUM
2964 1668 3546 1773 TERTIUM

1106 1877 1212 1942 DE
1253 1874 1688 1940 PATlENTIA
1728 1874 1809 1935 IN
1846 1870 2436 1933 INSECTATIONE
2479 1870 3036 1934 IMPROBORUM.

1821 2002 2177 2019 —-—-—

419 2111 812 2170 Ancussnruu.
865 2139 933 2148 —
983 2108 1323 2165 Domini‘cum
1374 2109 1683 2165 Loricatum
1739 2110 1983 2178 corporis
2039 2103 2461 2178 mortiﬁcatione
2504 2101 2889 2178 admirabilem
2942 2111 3156 2178 monet,
3217 2117 3284 2158 ne
3323 2103 3690 2173 improborum

491 2181 771 2236 hominum
800 2179 962 2233 illatis
995 2179 1256 2235 molestiis
1288 2181 1394 2234 alio
1422 2196 1544 2234 cum
1570 2181 1683 2234 suis
1709 2173 2059 2247 demigraret,
2081 2179 2173 2230 sed
2204 2173 2696 2247 sacrzescripluraa
2723 2173 3006 2247 prteceptis
3025 2174 3248 2247 edoctus
3272 2183 3694 2247 sanctorumque

490 2251 754 2318 exemplis
789 2249 1165 2313 confirmatus,
1203 2266 1291 2304 res
1321 2251 1600 2313 adversas,
1643 2251 1695 2303 in
1725 2243 2033 2318 qtiash'Detts
2070 2261 2257 2318 servos
2293 2245 2533 2318 incidere
2579 2243 2869 2312 permittit,
2908 2259 3064 2314 aequo
3111 2244 3294 2300 animo
3336 2243 3497 2307 ferat,
3546 2243 3616 2299 ut
3633 2260 3694 2299 se

485 2315 917 2390 bonis'operibus
937 2335 1198 2375 exercens
1225 2330 1278 2374 et
1299 2319 1440 2374 mala
1469 2320 1706 2376 tolerans
1735 2315 1923 2372 verum
1953 2317 2156 2372 Christi
2183 2315 2484 2369 membrum
2515 2323 2860 2383 agnoscatur.
3701 2318 3710 2324 '

488 2434 692 2492 Domno
726 2431 990 2487 Doms-nco
1018 2438 1073 2486 et
1104 2431 1318 2492 emeris
1350 2429 1612 2492 fratribus
1653 2429 1747 2501 qui
1795 2429 1852 2489 in
1899 2442 1997 2490 sua
2037 2429 2076 2486 Β
2111 2433 2195 2478 tus
2237 2433 2444 2488 autem,
2495 2422 2622 2476 dum
2679 2422 2857 2492 perdit
2901 2423 3244 2493 sanguinem,
3276 2437 3561 2494 recuperat
3607 2439 3692 2479 sa-

414 2525 577 2588 vicini
622 2522 820 2576 montis
854 2538 1037 2576 eremo
1065 2532 1492 2587 commorantur,
1518 2520 1733 2577 Psraus
1750 2528 2000 2592 peccator

412 2613 722 2674 monachus
743 2610 988 2667 ultimam
1018 2612 1336 2665 servitutem
1367 2611 1420 2664 in
1453 2611 1704 2672 Domino.

925 2702 1154 2759 CAPUT
1197 2702 1490 2758 PRIMUM.

683 2791 836 2860 Quod
859 2793 1108 2861 patientia
1145 2793 1207 2844 sit
1241 2792 1416 2860 regina
1447 2793 1714 2846 virtutum.

490 2880 804 2954 Scripsistis
840 2881 995 2947 mihi,
1020 2881 1379 2947 dilectissimi,
1403 2881 1530 2955 quia
1559 2891 1739 2937 tantus
1779 2896 2000 2952 perver-

417 2988 602 3033 sorum
633 2986 696 3028 ac
739 2969 1094 3026 violentorum
1142 2971 1420 3025 hominum
1452 2986 1546 3024 vos
1587 2970 1724 3026 livor
1763 2969 2001 3035 infestat,

419 3065 563 3140 quod
597 3062 700 3117 nisi
733 3061 887 3116 vobis
909 3076 1010 3133 ego
1039 3061 1237 3130 raptim
1265 3061 1623 3134 celeriterque
1659 3078 2001 3128 succurram,

418 3169 517 3212 vos
541 3153 656 3208 loco
680 3152 872 3210 ceditis
902 3151 1173 3222 aliumque
1198 3151 1368 3216 vobis,
1395 3152 1484 3221 qui
1503 3151 1707 3222 rapinis
1734 3151 1820 3206 bis
1842 3159 2004 3220 atque

422 3243 686 3298 molestiis
731 3256 836 3298 non
865 3240 937 3296 sit
969 3241 1259 3306 obnoxius,
1304 3240 1682 3311 providebitis.
1736 3241 1866 3308 Qum
1893 3254 2001 3305 me,

415 3337 616 3402 fateor,
657 3337 838 3393 audita
867 3335 1065 3407 legatio
1091 3336 1332 3406 graviter
1372 3334 1622 3406 perculit,
1660 3343 1714 3390 et
1759 3333 1883 3404 plus
1919 3348 2006 3388 me

419 3436 599 3488 vestra
670 3425 1085 3496 pusillanimitas
1159 3440 1322 3496 quam
1389 3424 1602 3482 hostilis
1661 3423 2008 3479 contristavit

423 3519 742 3578 adm-rsitas.
809 3515 942 3570 Nam
996 3531 1119 3571 cum
1177 3516 1394 3573 assidue
1457 3515 1748 3571 videamini
1811 3514 2007 3572 divinis

421 3611 675 3667 insistere
715 3609 950 3680 paginis,
1002 3609 1197 3663 mirum
1239 3617 1322 3664 est
1345 3609 1615 3680 quomodo
1647 3609 1800 3664 vobis
1831 3609 2008 3664 adhuc

423 3702 605 3773 ignota
643 3697 719 3758 siti
757 3700 1019 3770 patientia
1063 3701 1247 3771 regina
1281 3701 1578 3767 virtutum,
1624 3701 1708 3756 cui
1748 3701 2004 3756 nimirum

2104 2515 2355 2569 nitatem.
2386 2512 2478 2567 illa
2510 2512 2740 2583 denique
2779 2527 2874 2567 sua
2923 2527 2982 2568 se
3030 2522 3205 2568 morte
3249 2513 3410 2568 satiat
3438 2523 3494 2568 et
3519 2515 3694 2568 exsul-

2111 2617 2223 2675 tat;
2291 2615 2524 2678 aegrotus
2590 2614 2811 2670 autem,
2869 2606 2992 2661 dum
3057 2605 3405 2672 vulneratur,
3461 2607 3531 2661 ad
3584 2617 3696 2662 sta—

2109 2709 2220 2755 tum
2269 2697 2461 2754 salutis
2503 2696 2754 2768 erigitur.
2789 2696 2929 2765 Quid
2975 2699 3140 2768 igitur
3183 2699 3412 2766 mirum,
3452 2697 3500 2753 si
3555 2697 3694 2752 Deus

2108 2790 2472 2860 omnipotens,
2522 2789 2613 2858 qui
2664 2799 2747 2844 est
2797 2788 3039 2844 medicus
3084 2789 3406 2854 animarum,
3459 2788 3538 2843 sic
3596 2804 3692 2844 nos

2105 2880 2320 2935 occulta
2347 2879 2431 2933 sui
2460 2878 2846 2934 moderaminis
2870 2889 2988 2933 arte
3016 2879 3268 2949 disponit,
3311 2888 3371 2934 ut
3409 2894 3474 2933 ex
3502 2878 3692 2933 alienis

2106 2970 2415 3027 vulneribus
2458 2969 2617 3024 nobis
2665 2970 3056 3025 medicamenta
3103 2969 3376 3037 conticial,
3425 2981 3692 3041 quatenus

2108 3063 2233 3119 dum
2265 3060 2418 3115 nobis
2460 3061 2656 3115 hostile
2697 3061 2892 3118 vulnus
2932 3061 3210 3132 infligitur,
3248 3077 3313 3118 ex
3362 3077 3430 3117 eo
3480 3063 3693 3133 potissi-

2106 3169 2254 3207 mum
2297 3152 2484 3207 salutis
2541 3153 2843 3207 antidotum
2895 3151 3248 3225 procuretur?
3288 3153 3461 3225 Tyrus
3531 3154 3688 3223 plane

2108 3260 2278 3316 genus
2318 3244 2586 3314 serpentis
2634 3255 2736 3308 est,
2779 3260 2844 3298 ex
2897 3245 3051 3313 cujus
3095 3258 3289 3301 cruore
3333 3232 3572 3301 tberiaca
3605 3244 3684 3308 fit,

2107 3350 2229 3406 qua:
2252 3332 2499 3387 videlicet
2537 3342 2874 3402 grassantem
2920 3345 3126 3405 pestem
3172 3334 3226 3388 in
3277 3334 3362 3390 bis
3393 3334 3485 3405 qui
3530 3347 3690 3390 vene-

2113 3431 2317 3480 nantur
2341 3421 2658 3492 exstinguit.

2731 3513 2959 3571 CAPUT
2996 3514 3062 3571 ll.

2138 3609 2292 3678 Quod
2317 3627 2384 3666 ea;
2404 3610 2832 3666 tribulationibus
2855 3609 3000 3665 nobis
3027 3609 3288 3664 medicina
3312 3620 3660 3680 prirparalur.

2182 3699 2238 3760 Si
2283 3718 2414 3773 ergo
2447 3719 2714 3761 venenum
2743 3719 2953 3761 veneno
2981 3689 3149 3760 inovit
3193 3704 3356 3761 homo
3405 3704 3697 3774 depellere,

421 3801 618 3854 cuncta
645 3790 960 3848 deserviunt
993 3791 1264 3846 volumina
1299 3789 1703 3861 Scripturarum
1742 3809 1754 3845 :
1800 3809 1818 3842 ι
1845 3791 2004 3859 Quze-
2035 3781 2080 3844 C
2112 3805 2318 3866 quanto
2365 3796 2538 3867 magis
2583 3796 2846 3852 mirabilis
2892 3796 3146 3866 praevalet
3197 3798 3338 3851 Dens
3389 3812 3454 3852 ex
3505 3796 3701 3851 alienis

423 3900 639 3963 cunque
695 3882 862 3951 enim,
911 3893 971 3938 ut
1003 3884 1294 3955 Apostolus
1344 3884 1443 3949 ait,
1489 3884 1688 3955 scripta
1739 3893 1887 3950 sunt,
1937 3884 2005 3938 ad

427 3988 669 4042 nostram
697 3977 998 4032 doctrinam
1031 3977 1230 4046 scripta
1259 3985 1385 4032 sunt
1414 3975 1592 4048 (Rom.
1619 3975 1735 4047 xv).
1774 3996 1792 4029 ι
1829 3975 2009 4043 Quare

426 4071 492 4126 ad
526 4079 766 4126 nostram
816 4068 1154 4124 doctrinam?
1185 4068 1436 4138 Nunquid
1477 4076 1536 4122 ut
1576 4067 2009 4140 syllogismorum

425 4159 722 4216 calleamus
753 4158 1052 4214 tendiculas
1103 4167 1340 4222 struere,
1386 4166 1445 4210 ut
1484 4159 1724 4212 tonantia
1756 4167 1810 4212 et
1850 4171 2010 4211 accu-

431 4259 546 4303 rata
580 4248 742 4304 verba
792 4247 1077 4303 rhetoricae
1106 4248 1272 4315 cupias
1316 4247 1586 4303 coloribus
1619 4257 1909 4302 venustare
1956 4255 2012 4302 et

431 4340 757 4399 barmoniea‘.
794 4339 1074 4394 suavitatis
1123 4353 1322 4409 organa
1351 4339 1625 4409 melosque
1652 4339 2007 4409 distinguere,

432 4440 492 4486 ut
520 4441 788 4485 astrorum
812 4429 1316 4490 mathematicorum
1342 4430 1515 4496 signa.
1533 4439 1591 4484 ut
1617 4429 1786 4494 aiunt,
1817 4445 2009 4485 nosca-

435 4536 554 4580 mus
583 4518 734 4572 radio
752 4517 1068 4586 designare?
1106 4516 1221 4572 Non
1251 4517 1408 4586 plane
1449 4519 1516 4573 ad
1568 4520 1681 4574 haec
1709 4518 2010 4588 indaganda

431 4607 927 4678 sacris.Scripturis
953 4607 1307 4671 instruimnrm
1325 4608 1417 4662 sed
1451 4624 1548 4678 per
1583 4623 1676 4666 eas
1727 4609 1905 4678 potius
1945 4608 2011 4662 ad

429 4686 673 4770 exempla
699 4698 970 4768 patientiae
994 4715 1370 4772 provocamur.
1399 4698 1552 4756 Unde
1575 4715 1700 4758 mox
1727 4701 1970 4770 sequitur
1996 4718 2008 4753 :

435 4812 450 4840 σ
483 4791 552 4846 Ut
589 4806 689 4860 per.
711 4790 1027 4860 patientiam
1067 4799 1120 4845 et
1146 4789 1568 4847 consolationem
1610 4790 2012 4860 Scripturarum

429 4895 582 4951 spem
617 4881 910 4940 habeamus
932 4879 1140 4951 (Ibid.),
1181 4900 1200 4932 ι
1231 4880 1428 4936 Eadem
1454 4896 1686 4950 namque
1708 4879 2015 4950 Scriptura,

432 4989 554 5042 qu:t'
598 4986 696 5027 nos
739 4971 805 5025 ad
838 4971 1124 5032 tenendam
1155 4971 1469 5045 patientiam
1497 4973 1697 5039 erudit,
1736 4987 1831 5045 spe
1853 4972 2013 5026 etiam

433 5062 830 5121 cmisolationis.
857 5062 1084 5126 attollit,
1128 5064 1286 5134 quia,
1328 5078 1451 5118 cum
1497 5074 1686 5120 narrat
1729 5063 1885 5121 electi
1920 5063 2013 5116 Dei

2114 3885 2532 3945 contritionibus
2552 3887 2707 3943 nobis
2735 3888 2886 3943 utilia
2913 3888 3232 3958 providere?
3261 3887 3453 3944 Omnia
3497 3889 3703 3958 quippe

2114 3991 2428 4042 sanctorum
2455 3991 2607 4054 gesta
2649 3981 2778 4052 quid
2817 3982 2962 4040 aliud
2997 3992 3245 4048 narrant,
3283 3983 3386 4037 nisi
3413 3997 3703 4052 pressuras

2115 4083 2279 4146 atque
2307 4076 2627 4142 certamina,
2659 4090 2780 4145 qua:
2819 4074 2885 4129 de
2922 4090 3302 4145 perversorum
3333 4073 3703 4144 quorumlibet

2114 4165 2395 4223 hominum
2427 4164 2774 4221 infestatione
2803 4164 3179 4234 pertulerunt?
3212 4163 3333 4232 ipse
3359 4179 3572 4234 quoque
3597 4163 3702 4217 Re-

2115 4257 2362 4325 demptor
2398 4263 2580 4310 noster
2607 4254 2860 4310 servilem
2904 4254 3155 4318 formam,
3181 4270 3344 4324 quam
3376 4269 3441 4308 ex
3474 4253 3702 4307 inteme-

2116 4354 2231 4400 rata
2265 4343 2489 4415 Virgine
2539 4345 2796 4414 suscepit,
2850 4359 2957 4398 non
3004 4353 3129 4398 ante
3161 4344 3340 4415 regnis
3389 4343 3706 4398 cmlestibus

2116 4435 2296 4491 intulit
2325 4450 2486 4504 quam
2518 4435 2720 4499 omnia,
2749 4449 2869 4504 qua:
2891 4435 3172 4504 Scriptura
3204 4443 3450 4496 testatur,
3487 4434 3702 4487 irrisio-

2116 4542 2244 4580 num
2272 4535 2434 4596 atque
2455 4541 2738 4596 poenarum
2775 4535 3044 4583 tormenta
3074 4528 3365 4597 percurrit.
3406 4527 3542 4594 Quid
3571 4542 3704 4595 ergo

2115 4632 2336 4681 novum,
2361 4617 2406 4672 si
2433 4625 2686 4687 peccator
2714 4617 2877 4671 homo
2912 4632 3111 4679 rerum,
3141 4632 3260 4686 quae
3287 4625 3440 4671 extra
3467 4631 3526 4669 se
3554 4623 3705 4678 sunt,

2115 4706 2382 4761 sustineat
2414 4705 2784 4769 amissionem,
2837 4720 2960 4759 cum
3009 4705 3116 4768 ille,
3145 4706 3236 4774 qui
3282 4720 3510 4775 peccare
3565 4719 3694 4757 nun-

2119 4809 2280 4866 quam
2309 4796 2503 4865 potuit,
2535 4795 2589 4850 in
2638 4810 2738 4850 suo
2765 4810 2994 4865 corpore
3040 4795 3201 4866 833
3251 4794 3530 4865 pertulerit
3578 4808 3701 4846 cru-

2120 4890 2274 4945 cem?
2326 4887 2381 4961 (Ι
2406 4886 2554 4942 Pelr.
2582 4893 2666 4956 ιι.)
2708 4886 2944 4943 Necdum
2984 4903 3132 4950 sane,
3160 4886 3313 4956 juxta
3361 4885 3706 4956 Apostolum,

2120 4993 2292 5049 usque
2323 4979 2388 5033 ad
2415 4979 2731 5050 sanguinem
2760 4979 3040 5035 restitistis
3070 4978 3255 5049 (Hebr.
3302 4979 3422 5046 xu).
3487 4975 3617 5039 Sed,
3669 4995 3708 5031 ο

2121 5069 2330 5123 utinam
2374 5067 2478 5123 hoc
2523 5067 2710 5125 saltem
2742 5069 2809 5123 de
2847 5067 2999 5122 vobis
3029 5077 3210 5137 posset
3239 5067 3368 5130 diei,
3422 5067 3565 5135 quod
3616 5065 3714 5120 ille

433 5165 566 5224 quot
617 5152 728 5206 sint
757 5152 1016 5222 supplicia
1061 5168 1450 5224 pressurasque
1499 5153 1762 5223 perpessi,
1809 5153 2015 5210 indicat
2045 5133 2095 5194 Π
2121 5155 2442 5225 quibusdam
2465 5155 2956 5226 beneipatientibus
2975 5133 3108 5210 dixit
3146 5174 3158 5210 :
3197 5173 3215 5207 ι
3245 5133 3509 5226 Rapiuam
3534 5157 3701 5208 bono-

431 5245 594 5302 etiam
623 5257 743 5312 qua:
771 5257 866 5310 per
892 5242 1008 5299 lucc
1049 5242 1157 5298 sint
1186 5244 1404 5312 praemia
1443 5242 1738 5297 consecuti.
1774 5242 2013 5297 Medicus

433 5333 592 5403 plane
618 5333 973 5403 sanguisugas
1003 5333 1332 5391 tumentibus
1357 5333 1540 5404 aegroti
1566 5332 1820 5390 membris
1850 5348 2013 5401 appo-

436 5424 516 5482 nit
540 5423 796 5492 virusque
828 5423 987 5478 simul
1011 5439 1132 5479 cum
1164 5425 1427 5493 sanguine
1452 5423 1520 5480 ab
1560 5409 1766 5477 intimis
1797 5422 2018 5477 visceri-

430 5514 536 5576 luts
564 5515 784 5574 sorbere
808 5515 1106 5583 permittit;
1140 5515 1366 5572 diversa:
1391 5525 1567 5568 tamen
1593 5514 1909 5571 intentionis
1933 5522 2017 5573 est

432 5605 681 5660 medicus
731 5615 785 5658 et
831 5607 1044 5661 hirudo.
1105 5606 1194 5661 llla
1247 5607 1508 5677 siquidem
1541 5606 1611 5660 nil
1649 5605 1790 5660 aliud
1835 5608 2017 5681 gestit,

432 5691 540 5748 nisi
579 5703 636 5746 ut
665 5695 980 5763 sanguinem
1010 5697 1187 5763 bibat;
1224 5697 1325 5751 iste
1369 5697 1436 5751 ad
1467 5697 1569 5752 hoc
1593 5697 1786 5762 tendit,
1821 5706 1878 5748 ut
1902 5696 2016 5749 lan-

434 5782 632 5851 auidus
659 5784 1018 5841 convalescat.
1049 5787 1138 5846 llla
1169 5789 1396 5844 satiatur
1426 5797 1482 5843 ct
1533 5789 1799 5852 moritur;
1850 5804 2017 5861 :cgro-

2122 5261 2243 5300 rum
2269 5255 2568 5302 vestrorum
2599 5261 2721 5301 cum
2749 5247 2946 5317 gaudio
2987 5247 3299 5315 sussepistis
3330 5245 3517 5313 (Hebr.
3556 5243 3632 5314 ς).
3682 5264 3702 5295 ι

2122 5334 2260 5390 Hinc
2292 5345 2394 5401 est,
2446 5337 2589 5406 quod
2620 5346 2675 5391 et
2720 5337 2857 5391 alius
2905 5337 3036 5392 dicit
3085 5338 3405 5408 apostolus:
3470 5354 3489 5386 ‹
3535 5331 3718 5389 Omne

2123 5426 2376 5496 gaudium
2432 5425 2776 5491 existimate,
2829 5426 3050 5492 fratres,
3103 5426 3332 5482 cumin
3380 5424 3719 5480 tentationes

2122 5517 2300 5569 varias
2327 5515 2626 5570 incideritis
2662 5515 2802 5586 (Jac.
2831 5517 2892 5587 ι).
2941 5513 2984 5570 ι’

2197 5609 2315 5664 Duo
2343 5608 2553 5662 scilicet
2587 5617 2735 5673 sunt,
2759 5624 2881 5678 quze
2925 5609 2970 5663 si
3024 5587 3309 5688 vigilanter
3355 5603 3709 5668 attendimus.

2127 5698 2283 5753 facile
2313 5695 2672 5752 violentorum
2703 5697 3070 5768 quorumlibet
3098 5697 3415 5753 insolentias
3475 5693 3708 5763 injuria-

2127 5806 2353 5859 rumque
2424 5790 2701 5846 molestias
2749 5805 3068 5861 superamus
3098 5809 3109 5819 ·
3143 5799 3409 5860 prtecepta
3457 5785 3710 5844 videlicet
