4054 6184
526 323 630 383 195

1627 341 1874 402 OPUSC.
1912 343 2041 400 LIII.
2070 375 2139 387 —
2177 345 2269 402 DE
2308 347 2696 407 PATIENTIA.

3693 362 3796 425 ππ

518 451 577 510 ιρι
609 444 890 552 exempla;
921 448 1047 518 quia
1075 457 1130 506 et
1160 450 1682 552 Scriptum-saneta
1704 473 1804 514 nos
1837 461 1905 514 ad
1933 459 2106 530 pmni-
2133 465 2180 524 Λ
2210 463 2387 532 pando
2416 466 2773 535 praeveniens,
2795 471 3109 530 muneribus
3133 424 3442 543 occuparet.
3468 475 3582 532 Mos
3595 480 3793 552 quippe

521 535 746 590 tentiam
795 537 1179 618 cohortantur,
1211 549 1266 596 et
1307 542 1464 598 electi
1513 545 1734 616 quique,
1783 548 2041 618 quidquid
2070 564 2102 604 a

519 625 743 682 furiosis
765 627 959 682 diaboli
984 614 1243 687 membris
1270 633 1455 689 inferri
1482 614 1678 705 potuit,
1729 614 2106 708 aequanimiter

516 717 875 788 pertulerunt.
911 719 1066 784 Nam,
1103 725 1246 792 quod
1291 725 1490 782 divinis
1531 729 2012 797 admonitionibus,
2051 742 2109 788 et

517 806 937 875 praecedentium
973 812 1234 882 exemplis
1266 814 1457 883 adjuti,
1505 818 1571 872 de
1622 819 1895 888 profundo
1946 823 2106 878 nobis

518 895 684 952 illatae
713 898 1078 956 tribulationis
1105 903 1387 974 eripimur,
1449 915 1598 963 recte
1625 909 1678 963 in
1706 909 1943 966 Jeremia
1979 927 2108 983 pro-

515 987 682 1056 pheta
717 988 787 1044 de
835 1000 1002 1060 puteo
1051 995 1381 1063 prodeunte,
1435 998 1700 1068 signatur.
1760 1000 2108 1070 Projecerant

514 1079 713 1149 quippe
739 1095 893 1146 eum,
921 1083 1061 1138 sicut
1091 1086 1371 1156 Scriptura
1403 1097 1638 1145 testatur
1665 1091 1801 1162 (Jer.
1845 1093 2102 1164 xxxvm),

513 1170 568 1225 in
593 1172 790 1238 lacum,
818 1174 873 1228 in
897 1191 1005 1245 quo
1026 1193 1131 1233 non
1154 1191 1272 1234 erat
1294 1195 1453 1251 aqua.
1481 1187 1576 1239 sed
1601 1183 1770 1239 lutum
1797 1203 1812 1238 :
1841 1186 1932 1254 qui
1951 1196 2103 1256 post-

468 1269 486 1285 ‘
515 1265 758 1332 modum,
795 1276 856 1322 ut
880 1267 1108 1337 levetur,
1143 1271 1300 1328 funes
1322 1275 1388 1328 ad
1413 1290 1535 1330 eum
1588 1285 1644 1331 et
1689 1279 1854 1348 panni
1892 1289 2105 1336 veteres

466 1405 485 1435 ,
512 1355 874 1425 deponuntur.
915 1359 1054 1428 Quid
1083 1363 1229 1417 enim
1260 1363 1502 1430 funibus,
1555 1366 1660 1420 nisi
1693 1377 1962 1438 praecepta
2001 1369 2104 1424 Do-

510 1449 710 1504 minica
735 1450 1074 1522 figurantur?
1092 1470 1214 1524 qua!
1242 1457 1367 1526 quia
1398 1472 1495 1512 nos
1517 1457 1572 1512 in
1597 1459 1734 1512 mala
1764 1461 2097 1529 operatione

509 1540 735 1608 positos,
763 1552 818 1596 et
847 1545 1200 1610 convincunt,
1232 1555 1288 1600 et
1309 1548 1568 1618 eripiunt,
1613 1551 1771 1619 quasi
1827 1549 2001 1618 ligant
2045 1560 2102 1607 et

511 1633 756 1698 trahunt,
787 1645 1072 1690 coarctant
1093 1645 1148 1691 et
1178 1637 1380 1693 levant.
1429 1639 1534 1695 Sed
1569 1657 1637 1696 ne
1662 1641 1856 1712 ligatus
1900 1644 1984 1700 his
2023 1643 2102 1698 fu-

508 1725 688 1790 nibus,
728 1726 855 1782 dum
891 1729 1148 1795 trahitur,
1193 1730 1486 1796 incidatur,
1523 1733 1682 1788 simul
1726 1735 1892 1790 etiam
1930 1737 2094 1807 panni

2206 562 2290 609 est
2325 556 2467 626 apud
2495 571 2616 624 nos,
2643 558 2926 616 ministros
2973 562 3224 618 videlicet
3271 568 3580 636 apostolicae
3624 572 3788 636 sedis,

2207 645 2404 709 abhis,
2428 662 2657 716 quorum
2689 649 2866 705 adhuc
2891 637 3164 720 negotium
3191 655 3406 724 pendet,
3453 659 3582 712 nihil
3642 677 3796 730 pror-

2205 751 2299 791 sus
2321 737 2596 806 accipere;
2623 739 2692 793 ab
2718 739 2803 795 his
2823 749 3026 806 autem,
3055 743 3146 811 qui
3183 746 3404 799 omnino
3449 750 3616 815 quieti
3644 760 3788 815 sunt,

2205 825 2250 881 si
2281 826 2411 882 dare
2433 828 2721 892 voluerint,
2749 846 2856 884 non
2887 832 3150 900 abjieere;
3207 845 3261 888 et
3295 837 3408 891 haec
3462 841 3645 908 regula
3691 857 3788 897 no-

2205 924 2374 971 strum
2397 918 2657 981 omnium,
2687 918 2781 973 sed
2808 919 3020 976 illorum
3049 923 3313 978 duntaxat
3335 935 3440 990 est,
3463 929 3553 995 qui
3590 930 3782 983 melin-

2203 1009 2352 1064 scule
2376 1024 2435 1064 se
2460 1008 2531 1063 ab
2574 1010 2830 1066 aviditate
2867 1013 3197 1068 custodiunt.
3240 1014 3378 1082 Quid
3418 1018 3609 1088 plura?
3647 1020 3788 1075 Con-

2203 1099 2416 1153 venitur
2441 1101 2508 1154 ad
2531 1115 2816 1156 commune
2847 1103 3195 1174 colloquium,
3222 1123 3321 1162 cur
3351 1109 3550 1163 donum
3581 1113 3652 1164 sit
3682 1111 3792 1166 lar-

2202 1189 2366 1259 gitus,
2399 1191 2716 1260 inquiritur;
2743 1203 2923 1248 utrum
2947 1211 3168 1250 causam
3197 1199 3417 1265 habeat,
3449 1201 3782 1259 sciscitatur.

2203 1282 2456 1354 Undique
2494 1285 2713 1355 quietus
2741 1301 2808 1340 ex
2838 1289 2983 1342 omni
3035 1291 3304 1361 reperitur
3346 1303 3503 1360 parte
3544 1310 3790 1361 securus,

2202 1375 2275 1429 ita
2300 1385 2358 1428 ut
2382 1391 2441 1428 re
2477 1376 2590 1444 ipsa
2617 1379 2948 1448 respondere
2969 1379 3248 1448 videretur
3279 1397 3295 1435 :
3319 1382 3376 1435 ιη
3405 1383 3582 1438 medio
3608 1385 3790 1455 populi

2201 1466 2308 1520 mei
2335 1467 2757 1531 habite;adhue
2784 1479 2960 1526 tamen
3015 1473 3238 1541 qttmsivi
3285 1481 3488 1541 utrum,
3544 1477 3667 1530 dum
3717 1479 3786 1532 ad

2201 1557 2598 1613 ecclesiasticos
2615 1561 2811 1630 gradus
2827 1563 3168 1627 ascenderet,
3194 1564 3308 1619 sive
3329 1581 3450 1620 cum
3477 1567 3789 1622 monasterii

2200 1652 2440 1722 regimen
2471 1654 2815 1722 suscepisset,
2843 1656 3152 1710 'venalitatis
3203 1657 3342 1713 forte
3397 1662 3785 1715 commercium

2201 1741 2484 1811 irrepsisse
2514 1753 2887 1813 cognosceret.
2923 1745 3167 1816 Cumque
3190 1750 3306 1803 hzee
3328 1751 3509 1803 omnia
3540 1751 3631 1806 ille
3661 1751 3786 1806 fitn-

506 1826 718 1873 veteres
746 1819 1110 1890 deponuntur,
1142 1824 1266 1894 quia
1322 1839 1389 1880 ne
1433 1825 1614 1880 divina
1666 1837 1935 1898 prreeepta
2000 1845 2097 1883 nos
2131 1817 2172 1874 Β
2201 1830 2344 1886 ditus
2375 1832 2717 1902 ahnegasset,
2749 1845 2803 1888 et
2828 1851 2934 1890 non
2967 1852 3068 1905 pro
3093 1838 3291 1894 talibus
3339 1855 3397 1895 se
3431 1841 3644 1897 dedisse
3675 1859 3790 1896 mu~
3821 1864 3824 1866 ν

507 1917 773 1973 terreant,
806 1912 1157 1983 antiquorum
1188 1915 1407 1970 Patrum
1436 1931 1535 1971 nos
1563 1918 1811 1986 exempla
1861 1920 2084 1973 confor-

504 2007 644 2065 tant,
667 2011 726 2058 ut
747 2017 812 2057 ex
836 2019 1024 2060 eorum
1050 2021 1148 2061 nos
1173 2010 1578 2079 comparatione
1602 2009 1784 2065 facere
1802 2025 2100 2080 praesuma-

502 2107 643 2159 :nus,
682 2095 825 2164 quod
859 2111 925 2150 ex
956 2107 1139 2152 nostra
1165 2099 1541 2155 imbecillitate
1567 2100 1948 2156 formidamus.

1120 2208 1347 2264 CAPUT
1381 2210 1463 2264 ΙΙΙ.

503 2296 658 2362 Quod
689 2287 1023 2368 gaudendum
1050 2301 1116 2355 sit
1155 2300 1208 2354 in
1252 2301 1506 2384 aduersis,
1557 2302 1843 2356 timendum
1881 2304 1934 2358 in

1209 2387 1393 2440 apem.

571 2457 626 2510 Si
667 2473 798 2528 ergo
843 2473 941 2512 nos
981 2459 1046 2512 de
1075 2458 1178 2513 hoc
1201 2459 1470 2529 profundo
1498 2461 1806 2516 tribulantis
1837 2462 1961 2516 vitm
2018 2462 2096 2517 le-

497 2563 628 2603 vare
655 2548 993 2614 festinamus,
1024 2550 1252 2620 ligetnttr
1282 2550 1523 2615 funibus,
1576 2552 1628 2606 id
1683 2561 1766 2607 est
1811 2553 2095 2623 pmeptis

499 2637 794 2694 Dominicis
851 2640 1234 2710 astringamur.
1289 2641 1547 2695 lntersint
1596 2643 1762 2696 etiam
1797 2643 1961 2713 panni
2002 2659 2096 2698 ve-

499 2739 666 2797 teres,
704 2748 826 2788 cum
853 2734 1050 2803 quibus
1085 2734 1279 2789 melius
1313 2743 1601 2789 teneantur
1645 2735 1824 2801 funes,
1876 2735 1929 2792 id
1982 2745 2088 2802 est,

496 2823 913 2892 praecedentium
958 2824 1329 2880 eonfortemur
1376 2827 1639 2896 exemplis
1669 2868 1684 2893 ,
1730 2842 1797 2880 ne
1846 2825 2092 2883 infirmos

497 2929 596 2968 nos
635 2930 699 2969 ae
753 2915 972 2970 timidos
1029 2923 1298 2986 praecepta
1337 2917 1558 2972 subtilia
1610 2917 1916 2983 vulnerent,
1961 2917 2089 2999 dum

495 3003 696 3060 levant.
739 3007 904 3074 Quasi
930 3009 1193 3078 quosdam
1220 3025 1428 3079 pannos
1457 3019 1666 3065 veteres
1716 3010 1917 3066 Paulus
1958 3027 2089 3082 apo-

494 3097 670 3155 stolus
698 3096 1075 3169 subiungebat,
1121 3115 1242 3154 eum
1285 3101 1352 3154 ad
1385 3100 1742 3155 sublevandos
1795 3103 2088 3172 discipulos

1979 2320 2098 2374 pro.

2197 1937 2300 1976 nus
2325 1930 2616 1987 astrueret,
2641 1925 2734 1981 sed
2764 1926 2832 1980 ob
2864 1927 2967 1981 hoc
2993 1927 3187 1993 solum,
3221 1937 3279 1984 ut
3309 1930 3363 1984 in
3387 1939 3625 1985 nostram
3647 1933 3781 1987 ami-

2196 2011 2380 2065 citiam
2405 2013 2608 2066 aditum
2637 2015 2738 2068 sibi
2769 2017 3063 2085 reperiret;
3098 2019 3348 2088 respondi
3377 2023 3614 2091 ut,quod
3632 2038 3788 2078 suum

2196 2109 2314 2155 erat
2340 2101 2553 2168 tollens,
2601 2104 2899 2159 amicitiam
2943 2115 3186 2161 nostram
3236 2124 3342 2163 non
3375 2125 3526 2165 more
3570 2104 3793 2166 saecula-

2196 2190 2338 2244 rium
2365 2191 2616 2248 mercede
2643 2194 2943 2262 redimere;
2970 2197 3085 2262 sed,
3112 2199 3256 2268 quod
3297 2199 3438 2255 inter
3465 2200 3661 2256 fratres
3705 2213 3790 2258 est

2195 2279 2497 2348 legitimum
2553 2285 2791 2352 gratuito
2821 2287 3140 2355 possideret.
3182 2289 3329 2343 Inter
3354 2291 3468 2345 haec
3493 2300 3694 2354 tamen,
3725 2302 3786 2346 ut

2195 2371 2350 2425 vobis
2381 2371 2433 2425 in
2459 2388 2590 2428 aure
2611 2374 2825 2444 loquar,
2853 2391 3006 2432 mens
3033 2393 3152 2432 mea
3199 2379 3320 2435 talis
3375 2391 3514 2448 erat,
3574 2392 3633 2436 ut
3669 2392 3791 2452 post

2194 2461 2359 2515 etiam
2393 2462 2639 2519 districte
2670 2465 2973 2534 requirens,
3005 2467 3138 2520 nihil
3158 2468 3211 2522 in
3238 2484 3304 2523 eo
3331 2473 3551 2524 noxium
3577 2474 3780 2542 reperi,

2193 2551 2241 2607 si
2274 2551 2362 2606 ille
2393 2553 2530 2612 mihi
2557 2556 2624 2609 ad
2649 2555 3002 2624 ingerendum
3031 2573 3230 2614 munus
3281 2560 3622 2629 importunus
3669 2565 3788 2617 cxi-

2195 2650 2388 2708 staret,
2442 2643 2562 2714 ejus
2604 2645 2738 2699 mihi
2792 2645 3047 2702 violentia
3098 2647 3404 2704 nullatenus
3461 2651 3787 2719 displiceret.

2195 2731 2453 2788 Volebam
2483 2733 2751 2804 siquidem
2781 2735 2887 2788 vim
2942 2736 3074 2790 mihi
3113 2738 3252 2802 lieri,
3299 2746 3354 2793 et
3404 2739 3547 2793 velut
3581 2740 3782 2793 invitus

2193 2827 2262 2882 ad
2288 2835 2412 2880 vota
2442 2827 2710 2896 compelli.
2738 2826 2980 2897 Cumque
3014 2829 3100 2884 ille
3127 2831 3194 2884 ad
3222 2831 3614 2901 reeipiemlum,
3643 2835 3783 2900 quod

2192 2917 2360 2972 semel
2386 2919 2626 2979 dederat.
2661 2933 2720 2972 se
2755 2934 2976 2987 prorsus
3035 2926 3333 2987 averteret,
3380 2932 3433 2976 et
3478 2939 3547 2978 ne
3597 2939 3782 2978 aurem

2194 3009 2410 3078 quidem
2437 3009 2784 3079 petitionibus
2823 3010 3128 3076 inclinaret,
3175 3027 3276 3080 ego
3298 3013 3409 3082 jam
3442 3029 3667 3068 securus
3728 3023 3786 3069 et

2192 3097 2459 3152 audacior
2484 3097 2680 3162 factus,
2708 3099 2919 3164 durius,
2946 3109 3117 3154 utsua
3140 3101 3425 3170 reciperet,
3450 3102 3782 3174 ingerebam.

479 3190 782 3259 'przeceptis
817 3167 932 3244 suis
954 3191 1328 3261 spiritualibus
1356 3193 1601 3262 exentpla
1647 3204 1890 3248 veterum
1934 3167 2083 3250 ξοην-
2113 3167 2158 3230 c
2190 3188 2398 3243 Interea
2433 3189 2550 3244 dies
2571 3189 2827 3243 elabitur.
2853 3189 3098 3259 Cumque
3146 3192 3509 3261 peculiaribus
3559 3191 3784 3262 psalmis

501 3281 805 3344 mendaret,
864 3281 1089 3336 dicens:
1121 3301 1139 3333 ι
1170 3281 1309 3337 Justi
1348 3283 1577 3338 ludibria
1626 3294 1680 3339 et
1730 3287 1956 3339 verbera
1992 3303 2080 3340 ex-

494 3372 660 3440 perti;
705 3371 926 3443 insuper
944 3382 998 3428 et
1026 3374 1238 3428 vincula
1289 3383 1344 3430 et
1370 3391 1647 3442 carceres;
1682 3377 1903 3447 lapidati
1933 3389 2081 3443 sunt,

495 3461 628 3514 secti
657 3470 802 3526 sunt,
842 3464 1031 3517 tentati
1061 3472 1220 3527 sunt,
1271 3464 1323 3518 in
1355 3465 1628 3519 occisione
1671 3467 1832 3535 gladii
1888 3470 2086 3522 mortui

497 3563 622 3606 sunt
665 3551 857 3622 (Hebr.
880 3556 977 3624 ιι).
1019 3574 1037 3606 ι
1074 3555 1139 3629 Et
1165 3556 1323 3625 paulo
1345 3565 1466 3625 post
1495 3574 1507 3610 :
1543 3577 1560 3607 ε
1585 3557 1855 3613 Habentes
1905 3560 2088 3629 itaque

497 3649 703 3697 tant’am
736 3644 1040 3713 impositam
1072 3627 1267 3701 nubem
1299 3648 1538 3714 testium,
1565 3649 1893 3718 deponentes
1928 3668 2090 3708 omne

498 3737 726 3802 pondus.
765 3744 822 3790 et
849 3736 1210 3792 circumstans
1238 3752 1338 3793 nos
1381 3747 1687 3808 peccatum,
1744 3755 1840 3809 per
1873 3743 2088 3810 patien-

497 3825 626 3878 tiam
662 3841 946 3881 eurramus
973 3827 1042 3882 ad
1071 3829 1406 3899 propositum
1430 3831 1586 3886 nobis
1606 3839 1880 3886 certamen
1897 3831 2084 3901 (Hebr.

497 3918 619 3986 xu).
660 3937 680 3969 ι
725 3918 793 3972 Ει
835 3919 1072 3974 iterum:
1105 3939 1123 3971 ι
1164 3919 1494 3977 Mementote
1536 3923 1948 3991 prmpositorum
1998 3939 2089 3978 ve-

497 4016 733 4062 strorum
780 4008 872 4080 qui
904 4009 1059 4064 vobis
1088 4009 1255 4065 locuti
1292 4021 1419 4066 sunt
1445 4011 1670 4072 verbum
1703 4012 1821 4072 Dei.
1854 4028 2086 4083 quorum

497 4099 768 4156 intuentes
808 4101 1016 4156 exitum
1083 4104 1520 4157 conversationis
1581 4103 1864 4158 imitamini
1928 4105 2086 4160 ﬁdem

497 4189 1123 4263 (IIelr.xttt).rSuperius
1149 4194 1418 4260 videlicet,
1452 4195 1575 4249 dum
1615 4195 1916 4264 spiritualia
1954 4212 2090 4264 prat-

493 4289 651 4350 eepta
666 4281 997 4350 loqueretur,
1012 4283 1167 4352 quasi
1185 4283 1339 4338 funes
1356 4283 1944 4354 miserat,postmodum
1960 4301 2089 4342 vero

492 4386 800 4426 memorans
823 4373 1065 4443 exempla
1097 4373 1363 4442 majorum
1397 4414 1412 4434 ,
1465 4374 1618 4442 quasi
1648 4384 1859 4429 veteres
1882 4390 2090 4445 pannos

491 4461 794 4516 adhibebat.
847 4462 1137 4518 Enimvero
1165 4480 1354 4519 servus
1378 4464 1472 4519 Dei
1506 4474 1634 4520 tunc
1671 4465 1831 4520 debet
1874 4466 2086 4543 timere,

407 4549 416 4563 ‘
492 4565 613 4604 cum
639 4551 1082 4622 temporalelquid
1103 4555 1364 4623 percipit;
1395 4563 1522 4610 tunc
1543 4555 1802 4625 gaudere,
1825 4571 1946 4610 cum
1972 4571 2088 4624 per-

490 4639 601 4700 dit;
625 4642 774 4708 quia,
790 4642 875 4695 cui
897 4641 1228 4710 propositum
1251 4651 1334 4698 est
1359 4644 1601 4699 coelestia
1622 4645 1902 4710 scandere,
1923 4661 2087 4715 expe-
2135 4669 2140 4675 λ

493 4729 658 4783 ditius
682 4729 866 4798 procul
895 4731 1058 4785 dubio
1092 4747 1295 4786 vacuus
1336 4748 1507 4800 quam-
1538 4731 1816 4802 gradiatur
1835 4741 2080 4788 onustus.

1031 4840 1196 4912 334
1220 4840 1447 4895 CAPUT
1474 4839 1561 4894 IV.

495 4929 650 4996 Quod
676 4930 813 4985 inter
841 4930 1107 5001 religiosos
1145 4933 1281 4985 viros
1326 4931 1557 4984 amicitia
1602 4932 1717 4986 sine
1769 4931 2071 4986 muneribus

1048 5001 1404 5069 comparanda
1431 5011 1527 5054 est.

565 5092 696 5148 Dico
726 5092 880 5147 vobis
924 5092 1069 5161 quod
1099 5091 1229 5146 mihi
1279 5107 1453 5159 nuper
1495 5091 1752 5147 acciderit
1784 5110 1797 5146 :
1830 5091 2084 5147 Mediola-

497 5199 716 5240 nensem
747 5186 942 5240 urbem
970 5183 1169 5238 domini
1204 5183 1407 5238 Nicolai
1434 5199 1584 5253 papa:
1629 5184 1899 5255 legatione
1957 5183 2079 5238 fun-

496 5281 616 5329 ctus
641 5275 810 5340 adivi;
837 5275 907 5328 ibi
937 5275 1064 5328 dum
1091 5289 1292 5338 essem,
1316 5275 1485 5328 abbas
1528 5275 1700 5329 sancti
1734 5274 2069 5344 Simpliciani

498 5363 769 5417 vasculum
793 5364 920 5418 mihi
944 5373 1258 5433 argenteum
1298 5363 1416 5417 loco
1445 5364 1688 5417 muneris
1713 5364 1882 5429 misit,
1932 5365 2074 5433 quod

499 5453 619 5510 dum
647 5455 884 5510 oblatum
913 5464 1135 5524 repente
1157 5455 1628 5523 vidissem,primo
1649 5455 1864 5522 quidem
1891 5470 2075 5523 asper-

499 5555 653 5601 natus
687 5547 966 5611 abhorrui,
1010 5557 1066 5602 et
1107 5563 1206 5602 cur
1256 5547 1346 5602 ille
1389 5546 1520 5600 mihi
1577 5562 1773 5602 munus
1829 5544 2073 5611 oﬂ‘crret,

498 5634 767 5688 subtiliter
796 5635 1071 5703 inquisivi.
1098 5635 1418 5705 Suspicatus
1465 5635 1662 5706 quippe
1695 5650 1838 5699 sum,
1881 5649 1949 5689 ne
1987 5635 2075 5690 ille

498 5724 764 5793 negotium
795 5723 1040 5779 fortassis
1085 5725 1310 5782 haberet
1343 5743 1355 5780 :
1387 5733 1546 5796 atque
1593 5725 1712 5782 ideo
1763 5741 1849 5783 me
1884 5725 2074 5782 antici-

2190 3288 2487 3333 uoeturnus
2511 3281 2802 3334 meditator
2824 3281 3154 3344 insisterem,
3193 3283 3359 3351 coepit
3381 3295 3467 3335 me
3492 3281 3777 3336 conscien-

2190 3371 2264 3422 tia
2289 3370 2468 3424 acrius
2496 3371 2824 3430 remordere,
2855 3380 2910 3424 et
2933 3370 3089 3439 quasi
3113 3372 3212 3424 sub
3232 3371 3464 3440 quodam
3491 3369 3778 3424 ratiocinio

2190 3460 2504 3514 convenire.
2530 3460 2584 3514 Si
2613 3461 2726 3524 ille,
2753 3471 2813 3514 ut
2847 3461 3083 3525 videtur,
3106 3461 3280 3515 bonus
3306 3469 3388 3514 est
3417 3461 3524 3524 vir,
3583 3469 3637 3514 tu
3689 3460 3777 3514 in-

2189 3551 2404 3605 nocenti
2435 3551 2637 3606 homini
2661 3567 2810 3604 suam
2842 3551 3061 3605 voluisti
3091 3551 3376 3620 pecuniam
3407 3550 3617 3615 tollere,
3648 3566 3772 3604 cum

2190 3643 2263 3698 illi
2293 3643 2586 3712 capitulum
2611 3659 2714 3697 non
2745 3643 2988 3707 obsistat,
3029 3643 3084 3697 in
3127 3658 3234 3713 quo
3267 3653 3414 3697 tuum
3445 3658 3665 3699 necesse
3710 3643 3781 3698 sit

2190 3736 2448 3791 auxilium
2482 3745 2820 3804 exspectare.
2853 3736 3024 3792 Porro
3051 3738 3094 3792 si
3129 3739 3404 3808 negotium
3455 3738 3639 3804 habet,
3689 3737 3778 3791 in-

2190 3825 2411 3896 dignum
2443 3835 2546 3892 est,
2590 3835 2641 3880 te
2672 3835 2863 3881 sancto
2888 3827 3045 3881 fratri
3086 3827 3321 3898 linguam
3348 3835 3495 3883 tuam
3530 3827 3776 3883 venalem

2189 3915 2394 3978 facere,
2425 3932 2546 3984 qua:
2583 3926 2835 3984 tanquam
2849 3918 3157 3986 Jttriusque
3188 3919 3489 3972 communis
3519 3918 3622 3972 sibi
3645 3932 3781 3986 quo-

2190 4022 2294 4077 que
2345 4005 2546 4070 debet,
2597 4016 2654 4058 ut
2696 4006 2812 4071 tibi,
2860 4007 3100 4076 gratuito
3150 4008 3479 4061 ministrare.
3534 4007 3778 4077 Cumque

2191 4100 2308 4152 haec
2333 4096 2619 4150 adversum
2658 4111 2745 4151 me
2789 4112 2965 4166 pugna
3015 4105 3428 4165 perseveranter
3481 4097 3780 4165 ingrueret,

2184 4183 2406 4254 jamque
2429 4200 2532 4253 ego
2564 4185 2858 4239 clamorem
2909 4184 3298 4255 cogitationum
3354 4186 3774 4240 remordentiutn

2192 4295 2299 4335 non
2331 4274 3026 4349 perferrem;descendente
3051 4277 3390 4346 crepusculo,
3427 4293 3550 4333 mox
3578 4279 3643 4332 ad
3675 4278 3776 4332 lto-

2192 4370 2392 4426 minem
2423 4382 2744 4440 properans,
2771 4367 3062 4433 manicavi,
3089 4368 3251 4438 eique
3277 4368 3606 4423 tabescentis
3643 4383 3782 4423 cou-

2194 4462 2434 4517 scientite
2463 4460 2657 4517 vulnus
2702 4459 2912 4530 aperui.
2955 4459 3199 4530 Cumque
3244 4469 3472 4532 uterque
3528 4470 3773 4516 nostrum

2195 4554 2319 4608 hinc
2349 4556 2473 4608 inde
2496 4553 2728 4609 invicem
2759 4551 3128 4624 conﬂigerent,
3152 4563 3206 4608 et
3237 4553 3326 4608 ille
3373 4569 3449 4616 se,
3503 4553 3646 4624 quod
3685 4569 3772 4609 se-

2192 4641 2298 4694 mel
2325 4641 2572 4704 dederat,
2605 4656 2712 4694 non
2744 4641 3022 4710 recipere;
3065 4656 3164 4710 ego
3195 4656 3282 4696 me
3326 4657 3627 4697 assererem
3665 4657 3772 4696 non

2194 4738 2412 4794 tenere;
2442 4729 2606 4799 835
2632 4730 2847 4784 tandem
2880 4730 3072 4784 amica:
3093 4731 3426 4783 contentioni
3475 4729 3621 4786 hunc
3671 4746 3772 4800 ego

2189 4822 2479 4875 terminum
2512 4823 2666 4890 posui
2706 4840 2718 4875 :
2744 4822 2871 4884 duo,
2902 4823 3140 4890 inquam,
3171 4821 3298 4874 mihi
3323 4837 3458 4874 nova
3501 4832 3627 4876 sunt
3656 4839 3772 4877 mo-

2187 4910 2447 4973 nasteria,
2485 4926 2650 4964 unum
2683 4911 2748 4965 ad
2769 4911 2971 4965 calcem
3003 4911 3140 4980 jam,
3169 4911 3281 4965 Deo
3297 4910 3610 4976 auxiliante,
3638 4927 3764 4981 per-

2184 5001 2438 5063 ductum;
2473 4998 2706 5054 alterum
2739 5015 2888 5064 vero,
2945 5001 3174 5055 necdum
3207 4999 3496 5070 episcopali
3551 5001 3770 5055 dedica-

2182 5089 2328 5144 tione
2359 5089 2629 5142 ﬁrmatum
2658 5108 2672 5143 :
2705 5099 3015 5145 sanctorum
3047 5090 3230 5160 itaque
3260 5091 3534 5155 locorum,
3563 5090 3608 5144 si
3646 5089 3761 5158 pla-

2184 5189 2290 5243 cet,
2323 5179 2668 5250 participium
2699 5182 2936 5251 suscipe,
2963 5187 3144 5252 at'ttue,
3183 5190 3244 5236 ut
3267 5181 3362 5236 tibi
3408 5181 3558 5243 libet,
3619 5180 3765 5251 quod

2181 5270 2377 5325 anima:
2409 5278 2514 5325 tuae
2557 5271 2825 5340 prolicere
2875 5273 3090 5339 debeat,
3143 5274 3341 5328 donum
3387 5287 3486 5342 pro
3539 5271 3762 5327 benedi-

2181 5363 2361 5417 ctione
2402 5362 2725 5417 transmitte.
2760 5361 2874 5417 Hoc
2897 5363 3060 5433 igitur
3087 5372 3415 5432 argumento.
3451 5362 3763 5432 cupiditatis

2181 5468 2315 5508 meae
2347 5453 2728 5522 turpitudinem
2765 5453 3003 5522 palliavi,
3045 5461 3101 5508 et
3150 5463 3405 5524 tanquam
3455 5470 3560 5510 non
3611 5455 3758 5510 accip

2180 5545 2333 5614 piens
2385 5554 2596 5598 astutus
2623 5543 2808 5614 accepi
2835 5562 2849 5598 :
2879 5545 3219 5614 postmodum
3264 5560 3392 5600 vero
3421 5546 3487 5599 ad
3515 5561 3764 5602 ercmum

2159 5632 2413 5698 'rediens,
2431 5632 2678 5688 cellulam
2709 5631 2926 5703 quidem
2965 5634 3194 5689 festinus
3247 5635 3464 5702 intravi,
3517 5638 3612 5692 sed
3661 5651 3765 5706 per

2180 5725 2554 5796 tnemetipsum
2597 5726 2798 5782 intrare
2823 5727 2910 5780 vix
2942 5727 3122 5798 potui;
3155 5735 3209 5782 et
3239 5729 3330 5800 qui
3356 5737 3511 5785 extra
3552 5744 3638 5784 me
3674 5725 3754 5782 itto
