4054 6184
286 345 393 404 795

745 340 808 397 S.
842 338 1046 396 PETRI
1086 336 1368 393 DAMIANI
1400 334 1555 392 OPP.
1595 330 1845 389 TOMUS.
1870 328 2005 387 SEU
2042 326 2222 385 PARS
2259 325 2345 381 Ill.
2369 322 2831 382 -—,OPUSCULA
2868 320 3096 377 VARIA.

3465 320 3568 375 796

288 458 541 517 ordinate
568 470 689 513 sum
722 456 896 523 (usus,
923 454 1070 525 justo
1096 454 1381 523 judicioin
1427 465 1514 508 me
1557 465 1676 511 sum
1722 456 1870 519 post-
1901 448 1951 509 Α
1982 445 2087 500 tius
2107 442 2367 514 vigilabo.
2389 442 2551 507 Ecce,
2574 441 2727 511 quod
2745 441 2999 512 superius
3014 436 3146 506 dixi,
3194 440 3322 510 quia
3376 451 3567 497 servus

287 550 537 613 modum,
562 556 623 603 ut
642 548 717 604 ita
744 546 957 617 laruar,
981 546 1116 601 satis
1145 542 1430 601 difﬁculter
1467 545 1766 613 ingressus.
1790 539 1877 594 ln-

290 651 377 698 ter
393 648 586 696 cetera
615 653 763 705 vero,
796 646 946 693 tanta
974 636 1220 692 animum
1238 650 1420 692 meum
1448 634 1689 690 muneris
1734 632 1878 689 illius

289 734 468 804 caligo
492 730 756 795 contudit,
782 737 839 785 et
862 736 1120 797 tanquam
1142 727 1353 783 vermis
1374 734 1598 782 scatens
1622 738 1879 780 mensor»

295 825 494 879 rodere
524 822 733 877 viscera
776 834 883 875 non
919 819 1182 886 cessavit,
1214 827 1293 885 ut,
1335 826 1477 874 teste
1524 815 1876 881 conscientia,

294 913 510 970 mallem
541 924 629 966 me
654 911 802 982 lepra
833 925 1161 981 percussum
1182 925 1344 979 quam
1390 909 1488 964 illo
1508 922 1733 963 munere
1755 922 1879 963 εαυ-

288 1006 516 1062 cistam.
554 1003 916 1060 Attendebam
955 1017 1122 1071 porro
1152 1002 1301 1056 illinc
1349 1010 1561 1056 tantam
1592 999 1776 1055 fratris
1811 998 1878 1052 li-

290 1093 779 1162 beralitatemqum
795 1092 929 1147 mihi
951 1091 1085 1146 nihil
1108 1091 1357 1155 debebat,
1407 1099 1469 1146 et
1495 1089 1717 1155 obtulit;
1754 1089 1881 1144 hinc

292 1200 473 1241 meam
493 1183 799 1247 auaritiam,
826 1197 967 1252 qua,
998 1181 1249 1252 quodper
1261 1180 1494 1237 oilicium
1512 1195 1617 1235 non
1633 1179 1880 1235 merebao

289 1284 401 1343 tur,
418 1274 649 1345 accepit.
665 1271 917 1329 Taedebat
934 1282 1160 1331 metune
1172 1272 1420 1338 oblitum,
1434 1272 1577 1342 quod
1600 1287 1697 1342 per
1706 1272 1881 1326 virum

293 1363 608 1438 Sapientem
639 1364 851 1421 dicitur
874 1380 889 1417 :
923 1383 946 1417 ι
970 1363 1093 1418 Non.
1113 1363 1185 1419 sit
1204 1373 1457 1433 porrecta
1491 1379 1687 1418 manus
1705 1372 1791 1416 tua
1816 1361 1883 1415 ad

288 1455 693 1522 accipiendum,
713 1462 768 1511 et
816 1453 882 1510 ad
931 1453 1173 1511 dandum
1221 1453 1449 1508 collecta
1493 1452 1682 1522 (Eccli.
1725 1452 1822 1522 Iv).
1859 1471 1878 1504 ι

294 1542 710 1612 Etcum,juxta
766 1542 1110 1610 Apostolum,
1163 1543 1377 1597 beatius
1422 1542 1497 1597 sit
1534 1542 1707 1611 magis
1756 1540 1885 1596 dare

286 1649 457 1704 quam
495 1634 744 1702 accipere
784 1632 929 1701 (Ach.
967 1633 1103 1701 xx);
1153 1632 1299 1689 illum
1340 1631 1470 1700 jure
1512 1632 1754 1696 beatum,
1798 1645 1885 1687 me

290 1724 551 1779 miserum
576 1723 931 1790 depumbam.
962 1720 1075 1777 Heu
1103 1736 1221 1787 me,
1245 1721 1485 1789 inquam,
1517 1736 1644 1776 cum
1663 1736 1694 1779 a
1721 1718 1885 1774 susci-

1979 535 2083 590 Dei‘.
2102 542 2231 589 tunc
2259 530 2426 593 debet-
2444 530 2653 594 timere,
2677 545 2800 585 eum
2834 528 3132 599 temporale
3154 528 3280 597 quid
3308 530 3565 601 percipit;

1978 633 2107 680 tunc
2130 625 2390 695 gaudere,
2421 636 2546 676 cum
2576 620 2773 690 perdit.
2806 620 3015 674 Δηιοάο
3044 606 3230 689 itaque
3256 634 3436 691 neque
3470 637 3567 692 pro

1977 715 2160 787 specie
2186 711 2505 770 monasterii
2528 710 2897 776 construendi,
2927 725 3103 782 neque
3130 726 3231 781 pro
3248 713 3570 770 necessitate

1977 820 2267 863 servarunt
2281 804 2399 871 Dei,
2429 804 2631 864 tenebo.
2647 800 2805 873 quasi
2824 802 3105 863 materiam
3131 801 3453 867 honestatis,
3478 803 3568 859 ubi

1978 896 2187 957 valeam
2220 895 2368 951 vires
2409 907 2665 950 exercere
2696 891 2985 963 cupidinis.
3034 891 3314 963 Tanquam
3360 893 3453 963 qui
3481 908 3573 947 ca-

1977 988 2189 1043 stitatis
2208 985 2439 1042 anhelat
2451 984 2663 1040 solvere
2689 982 2988 1054 cingulum,
3012 984 3249 1053 utquasi
3270 983 3371 1039 sibi
3400 985 3570 1040 haere-

1980 1077 2076 1133 des
2099 1076 2404 1147 provideat,
2437 1074 2535 1130 init
2556 1073 2783 1145 copulas
2806 1073 3136 1144 nuptiarum,
3155 1082 3211 1128 et
3231 1073 3333 1128 sub
3354 1075 3573 1130 nomine

1980 1167 2316 1239 propagandi
2342 1165 2605 1237 germinis
2631 1163 2927 1219 tumulatur
2945 1162 3217 1221 illecebris
3247 1163 3569 1235 voluptatis;

1982 1262 2057 1318 ita
2090 1259 2360 1325 nonnulli,
2381 1260 2509 1315 dum
2531 1273 2657 1314 esse
2679 1266 2958 1328 nequeunt
2985 1255 3211 1323 Christi,
3242 1257 3329 1313 vel
3358 1268 3574 1329 aposto-

1983 1353 2157 1407 lorum
2182 1350 2427 1406 nuditate
2457 1348 2721 1414 contenti,
2745 1348 2987 1419 gamlent
3004 1347 3119 1403 sive
3154 1348 3440 1418 regimine,
3462 1349 3577 1404 sive

1982 1443 2317 1513 quibuslibet
2337 1439 2617 1496 exercitiis
2639 1438 2942 1508 implicari;
2976 1446 3035 1495 ut
3065 1438 3194 1493 dum
3220 1438 3454 1509 propria:
3487 1453 3577 1492 sa-

1984 1533 2263 1589 tisfaciunt
2300 1530 2567 1595 avaritiae,
2606 1529 2923 1589 necessitati
2956 1528 3246 1584 videantur
3295 1528 3369 1599 pii
3396 1529 3576 1597 operis

1984 1623 2281 1683 deservire.
2310 1620 2418 1682 Nos
2438 1630 2644 1686 autem,
2666 1619 3027 1683 dilectissimi,
3064 1618 3399 1688 gaudeamus
3436 1632 3576 1674 scm-

1983 1734 2090 1791 per
2111 1729 2166 1785 et
2192 1719 2371 1774 illatas
2397 1716 2555 1774 nobis
2602 1715 2839 1786 injurias.
2876 1712 3263 1784 aequanimiter
3303 1710 3469 1777 ferre,
3521 1720 3577 1766 et

293 1813 510 1883 pientlis
534 1812 861 1868 muneribus
893 1810 1277 1871 excutiendam
1323 1826 1546 1868 manum
1594 1808 1878 1878 Scriptura
1918 1806 1955 1866 8
1983 1808 2306 1865 nocentibus
2327 1807 2548 1876 insuper
2571 1803 2724 1860 utilia
2754 1802 3103 1865 ministrare,
3133 1798 3220 1858 Sit
3252 1814 3453 1856 manus
3473 1813 3572 1854 no-

294 1903 574 1973 prtccipiat
595 1901 730 1973 (ιω.
758 1902 994 1971 XXXIII);
1018 1901 1292 1971 quomodo
1320 1909 1375 1955 tu
1408 1916 1627 1962 manum
1648 1898 1884 1965 excutis,

292 2005 355 2047 ut.
381 1992 634 2060 obiicias;
666 2009 829 2062 quam
849 1993 1029 2063 potius
1064 1992 1281 2056 iacetis,
1313 2001 1370 2046 ut
1392 1991 1669 2062 accipias;
1710 1990 1882 2052 sirith

290 2083 397 2154 gis,
422 2092 485 2140 ut
513 2084 697 2153 rapias
714 2100 740 2148 ;.
763 2084 1023 2148 retrahis,
1042 2094 1107 2140 ut
1124 2083 1452 2152 possidenda
1476 2080 1778 2144 recondas!
1814 2080 1881 2137 Et

294 2190 486 2230 revera
521 2175 753 2234 avaritia.
792 2176 960 2251 836
996 2177 1055 2233 in
1096 2191 1259 2232 manu
1310 2175 1667 2246 suscipienda.
1704 2175 1883 2231 viscus

292 2264 822 2335 est,qumquidqu-id
842 2266 1151 2336 apponitur,
1196 2267 1380 2325 excuti
1428 2280 1535 2321 non
1577 2264 1881 2336 permittit:

292 2356 390 2413 sed
419 2370 571 2411 more
600 2356 769 2426 piscis
789 2358 1003 2415 haerere
1026 2355 1320 2426 compellit.
1360 2355 1507 2426 Quid
1549 2357 1747 2427 igitur!
1786 2355 1883 2412 Ri-

296 2460 421 2502 xam
447 2446 641 2501 mentis
668 2462 800 2503 mea:
831 2446 969 2505 ultra
1022 2462 1135 2506 non
1161 2445 1463 2517 perferens,
1511 2455 1700 2503 sancto
1731 2444 1885 2501 ἢσθιτί

297 2548 494 2590 nIunus
544 2550 700 2591 suum
744 2538 1034 2597 remittere
1050 2535 1263 2595 studui.
1314 2535 1539 2601 Deinde,
1582 2535 1694 2595 Deo
1737 2533 1896 2593 auxi.-

296 2623 485 2692 Iiante,
514 2627 640 2682 dum
663 2628 850 2685 vixero
869 2637 1061 2687 contra
1089 2628 1286 2686 sordes
1312 2640 1598 2686 munerum
1617 2626 1729 2695 jam
1753 2640 1881 2683 catt-

1985 1906 2103 1957 stra
2126 1898 2192 1955 ad
2220 1894 2620 1964 suscipicmdum
2644 1901 2804 1951 cauta
2832 1901 2999 1962 atque
3046 1897 3335 1960 suspecta;
3361 1887 3431 1949 ad
3451 1902 3575 1943 ero-

1984 1988 2227 2061 gandum.
2246 2001 2379 2047 vero
2411 2000 2510 2055 pro
2537 1983 2898 2054 possibilitate
2924 1979 3192 2052 benigna-
3211 1978 3299 2041 Sit
3336 1992 3490 2034 mens
3523 1976 3574 2038 in

1985 2080 2265 2152 prosperis.
2299 2078 2510 2143 timida,
2538 2076 2617 2137 sit,
2636 2077 2699 2135 iu
2723 2074 3059 2131 adversitate
3082 2086 3301 2136 secura,
3344 2083 3576 2138 cumque

1985 2173 2125 2228 bona
2155 2171 2285 2225 facit
2305 2177 2359 2226 et
2380 2169 2596 2233 tolerat,
2625 2176 2751 2227 tunc
2779 2181 2838 2231 se
2867 2163 3057 2237 procul
3107 2162 3271 2218 dubio
3297 2160 3573 2217 numerari

1984 2264 2130 2327 inter
2157 2261 2359 2319 Christi
2391 2260 2635 2318 membra
2659 2259 2920 2319 confidat.
2963 2256 3228 2326 Quisquis
3252 2254 3400 2313 enim
3427 2261 3575 2311 recte

1985 2355 2172 2409 vivens
2201 2351 2429 2423 ﬂagellis
2466 2350 2721 2411 atteritur
2740 2389 2767 2415 ,,
2785 2346 2926 2411 sicut
2951 2346 3154 2403 Christi
3181 2344 3401 2401 nuncin
3429 2353 3577 2398 utro-

1988 2459 2094 2515 que
2122 2442 2346 2513 vestigia
2375 2441 2651 2512 sequitur,
2674 2439 2749 2501 ita
2774 2437 3117 2510 postmodum
3145 2434 3262 2507 ejus
3304 2431 3576 2491 consortio

1987 2552 2095 2596 non
2124 2535 2389 2607 privatur.

2327 2624 2411 2681 Sit
2435 2639 2622 2683 nomen
2650 2622 2863 2681 Domini
2900 2618 3242 2679 benedictum.

300 2927 674 2999 837-838
732 2878 1522 3059 OPUSCULUM
1604 2911 2807 3077 QUINQUAGESIMUM
2886 2945 3568 3119 QUARTUM.

1501 3157 1610 3223 DE
1643 3158 1964 3223 JEJUNIO
1998 3159 2362 3221 SABBATI.

301 3457 702 3532 Accusamus.
729 3460 1116 3532 --_-‘7Monaclms
1141 3460 1215 3514 ad
1241 3459 1598 3529 ieiunandum
1642 3461 1880 3517 Sabbato
1903 3504 1919 3526 .
1956 3463 2008 3516 in
2066 3464 2359 3532 sepultum:
2392 3465 2593 3519 Christi
2643 3468 2905 3521 honorem
2932 3508 2945 3531 ,
2981 3468 3228 3524 hilariter
3255 3475 3309 3522 et
3355 3466 3578 3529 devota,

372 3530 515 3611 sicut
545 3530 719 3611 tribus
739 3528 861 3584 aliis
893 3546 989 3599 per
1016 3528 1414 3589 hebdomadam
1447 3532 1639 3593 diebus
1668 3532 1917 3593 solebant
1942 3573 1957 3599 ,
1988 3528 2353 3602 cohortatur;
2390 3536 2653 3593 utilitates
2682 3528 2940 3611 ejusdem
2971 3538 3162 3610 jejuuii
3191 3579 3207 3605 ,
3245 3548 3301 3594 et
3328 3538 3582 3595 meritum

374 3608 501 3655 ante
528 3600 716 3655 oculos
746 3616 1075 3671 proponens.

376 3732 593 3788 Sanctis
621 3732 882 3789 fratribus
930 3733 984 3787 in
1024 3733 1290 3806 Gamugni
1323 3749 1508 3789 eremo
1536 3735 1885 3799 constitutis,
1916 3737 1961 3800 C
1991 3733 2130 3790 libus
2162 3735 2323 3798 terris
2366 3750 2489 3805 quae
2533 3736 2891 3807 suscipiendis
2930 3747 3055 3793 sunt
3095 3735 3336 3794 cmlestis
3382 3738 3583 3808 eloquii

304 3825 526 3883 Parrus
542 3833 798 3896 peccator
821 3827 1124 3883 monachus
1152 3826 1305 3895 pacis
1325 3827 1568 3881 osculum
1600 3826 1655 3881 in
1686 3826 1893 3896 Spiritu

308 3924 525 3973 sancto.

818 4005 1049 4064 CAPUT
1085 4006 1377 4063 PRIMUM.

310 4100 464 4169 Quod
494 4100 669 4155 omnia
691 4100 918 4155 πεποίηκε
940 4101 995 4155 in
1021 4101 1119 4155 hoc
1145 4101 1343 4154 mundo
1370 4100 1440 4154 ad
1467 4116 1620 4155 usum
1644 4100 1893 4154 hominis.

379 4190 730 4245 Pensualium
751 4192 1112 4247 conductores
1132 4192 1329 4247 aedium
1357 4232 1373 4258 ,
1401 4191 1484 4246 vel
1517 4202 1899 4261 procuratores

308 4292 586 4348 agrorum,
644 4278 771 4332 dum
830 4278 1067 4333 dominis
1124 4280 1238 4333 suis
1290 4279 1505 4348 placere
1565 4280 1900 4335 desiderabi-

312 4365 437 4420 liter
462 4365 729 4431 ambiunt,
755 4366 1100 4421 exactiooum
1135 4381 1374 4421 canones
1410 4369 1601 4433 minui,
1634 4370 1901 4425 villicatus

308 4458 396 4517 sui
433 4468 696 4527 tempore,
728 4474 834 4512 non
866 4458 1215 4528 permittunt;
1246 4474 1345 4513 nos
1367 4459 1552 4526 etiam,
1577 4460 1773 4530 quibus
1795 4476 1900 4517 non

312 4548 677 4621 quarumlibet
722 4564 903 4603 rerum
931 4590 946 4611 ,
978 4548 1073 4603 sed
1129 4549 1433 4605 animarum
1467 4558 1773 4604 vestrarum
1820 4559 1906 4605 est

1994 3825 2294 3881 seminibus
2333 3826 2660 3882 excolenda).
2694 3827 2849 3883 Sicut
2895 3844 3027 3901 ergo
3079 3829 3237 3885 nobis
3288 3830 3582 3885 timendum

1995 3929 2100 3985 est,
2122 3918 2214 3988 qui
2236 3918 2384 3973 circa
2406 3927 2643 3975 vestram
2662 3920 2920 4007 iubemur
2941 3920 3229 3992 invigilare
3248 3922 3582 3987 custodiam,

1997 4008 2071 4069 ita
2096 4018 2153 4064 et
2178 4024 2277 4065 vos
2299 4024 2423 4065 cum
2471 4025 2666 4081 magna
2708 4010 2893 4065 laetitia
2919 4012 3121 4077 cordis,
3152 4014 3222 4067 ad
3256 4013 3584 4083 propositam

1998 4099 2204 4154 sanctis
2231 4098 2505 4155 laboribus
2532 4098 2733 4155 vestris
2770 4100 2981 4155 debetis
3004 4100 3263 4156 anhelare
3305 4116 3584 4167 coronam,

2000 4204 2101 4245 nec
2131 4190 2376 4244 minuere
2414 4189 2560 4259 quod
2600 4188 2881 4259 cmpistis;
2927 4189 3021 4244 sed
3047 4188 3261 4269 pondus
3307 4190 3543 4259 levigare
3568 4231 3586 4255 ,

2000 4281 2377 4351 prospiciendo
2402 4280 2785 4351 quo/tenditis.
2809 4279 2956 4337 inter
2975 4291 3204 4339 caeteros
3222 4290 3404 4336 autent
3430 4279 3589 4335 liores

2001 4382 2202 4429 sanctae
2230 4380 2426 4427 vestra:
2455 4370 2891 4428 conversationis
2915 4378 2971 4426 et
3018 4370 3195 4427 studia
3223 4370 3442 4441 pietatis
3470 4384 3587 4438 sug-

2002 4478 2129 4532 gero
2155 4463 2405 4519 cbaritati
2433 4472 2629 4517 vestrae
2685 4469 2747 4516 ut
2790 4470 3024 4531 quatuor
3060 4476 3157 4531 per
3195 4460 3586 4515 hebdomadam

2002 4554 2190 4609 diebus
2220 4562 2475 4608 consueta
2497 4550 2687 4620 ieiunii
2715 4551 2898 4623 regula
2930 4561 3208 4617 teneatur,
3237 4559 3295 4605 et
3323 4550 3589 4621 pmciptle

314 4640 605 4698 commissa
632 4640 898 4708 custodia,
931 4638 1084 4694 valde
1110 4639 1567 4709 pertimescimus,
1599 4641 1642 4695 si
1689 4640 1903 4711 frugqu
1966 4643 2323 4712 .Sabbatum,
2366 4644 2509 4713 quod
2558 4643 2611 4697 in
2660 4642 3017 4713 quorumdam
3044 4650 3225 4699 monte
3244 4640 3469 4711 iamiam
3499 4656 3589 4692 va-

313 4738 620 4785 vestrarum
655 4729 939 4793 redditus,
977 4729 1071 4799 qui
1101 4730 1389 4787 dominicis
1422 4729 1905 4788 inferebaturbor—
2005 4734 2151 4791 cillat
2176 4776 2190 4800 ,
2221 4734 2324 4789 nisi
2366 4749 2396 4788 a
2444 4732 2734 4799 debilibus,
2785 4749 2892 4789 non
2943 4733 3205 4787 solvatur.
3249 4731 3381 4789 Novi
3408 4731 3588 4803 plane,

316 4822 458 4905 rcis,
490 4824 590 4878 sub
618 4832 803 4879 nostra
838 4840 968 4879 cura
1000 4825 1293 4890 minuitur,
1323 4826 1368 4881 si
1397 4835 1600 4882 sancite
1627 4827 1907 4883 servitutis
2004 4827 2149 4897 quod
2193 4826 2353 4880 trium
2401 4826 2611 4881 dierum
2666 4825 2783 4883 sine
2832 4838 3042 4895 pugna,
3088 4832 3144 4878 et
3191 4823 3589 4892 discrepatione

317 4920 514 4967 vestra:
553 4928 776 4982 pensum
806 4928 902 4983 per
931 4926 1192 4979 nostram,
1227 4918 1372 4986 quod
1418 4919 1583 4983 absit,
1612 4921 1907 4979 conniven-
2001 4916 2207 4986 jejunia
2236 4916 2645 4986 transiguntur;
2691 4915 2928 4972 Sabbato
2980 4925 3162 4970 autem
3192 4930 3346 4973 mens
3373 4912 3584 4971 inﬁrma

321 5002 451 5055 tiam
502 5016 607 5056 non
640 5002 913 5072 impletur.
944 5004 1212 5074 Quidquid
1256 5007 1399 5063 enim
1452 5008 1503 5063 in
1556 5009 1661 5065 hoc
1710 5010 1908 5065 mundo
2009 5018 2064 5065 et
2094 5008 2271 5079 tepida
2300 5007 2559 5077 paulatim
2591 5006 2782 5076 incipit
2808 5005 2861 5060 in
2890 5006 3122 5076 quodam
3154 5004 3482 5068 abstinendi,
3508 5002 3589 5056 vel

322 5091 622 5159 laboratur,
651 5094 704 5147 in
733 5110 861 5149 usus
887 5082 1099 5164 proiicit
1122 5098 1379 5163 hominis,
1405 5100 1553 5156 solus
1582 5112 1761 5155 autem
1792 5102 1911 5155 ani-
1941 5096 2205 5157 Dedendi
2233 5098 2532 5155 meditullio
2559 5107 2754 5153 nutare
2780 5138 2796 5164 ,
2828 5109 2885 5154 et
2913 5107 3169 5169 tanquam
3200 5098 3253 5153 in
3284 5096 3429 5153 bivio
3459 5110 3591 5150 con-

324 5201 534 5241 marnm
572 5186 778 5243 fructus
823 5188 1006 5243 usibus
1034 5176 1288 5246 'deservit
1343 5192 1603 5246 auctoris.
1655 5192 1735 5247 Eo
1779 5207 1909 5261 ungo
2015 5194 2203 5248 Stituta
2231 5234 2246 5259 ,
2279 5206 2387 5263 quo
2423 5191 2705 5261 potissimo
2731 5205 3009 5261 egressum
3039 5197 3258 5254 vertat,
3297 5187 3592 5257 ambigere,

323 5273 732 5332 formidolosius
746 5276 990 5333 divinum
1009 5281 1257 5351 cogimur
1283 5291 1599 5351 exspectare
1622 5283 1905 5352 judicium,

321 5382 364 5441 q
398 5382 435 5423 o
468 5371 729 5427 rationem
778 5371 1053 5439 debemus,
1100 5389 1205 5429 non
1235 5373 1303 5428 de
1341 5372 1613 5439 segetibus
1645 5372 1697 5426 in
1730 5388 1906 5427 seces-

324 5474 482 5517 gnum
522 5476 643 5515 mox
672 5462 951 5518 cuniculos
993 5463 1328 5533 digerendis;
1362 5464 1455 5517 sed
1505 5463 1571 5517 de
1621 5462 1907 5518 animabus

331 5548 532 5622 potius,
565 5567 685 5620 quae
724 5555 805 5607 sui
838 5562 1233 5623 repraesentant
1264 5553 1551 5623 imaginem
1579 5551 1907 5608 Conditoris.

329 5634 449 5697 Non
478 5637 633 5701 plane
654 5641 720 5694 ad
748 5642 1086 5697 ratiocinium
1109 5642 1357 5697 ducimur
1378 5643 1444 5697 de
1468 5641 1769 5707 novalibus,
1792 5658 1911 5710 qua:

333 5730 644 5789 vomeribus
672 5742 818 5799 sunt,
850 5742 903 5791 et
931 5734 1120 5790 cultris
1150 5734 1427 5799 obnoxiae;
1460 5734 1551 5790 sed
1580 5734 1645 5791 dc
1676 5736 1909 5790 rationa-

2017 5298 2249 5353 moxque
2296 5298 2327 5339 a
2373 5298 2474 5338 suo
2518 5283 2697 5354 rigore
2742 5281 3055 5347 resolvitur,
3084 5295 3315 5348 mensas,
3345 5282 3594 5351 patinas,

2016 5374 2215 5430 calices
2236 5383 2291 5429 et
2319 5374 2578 5444 quidquid
2602 5372 2795 5428 eduliis
2820 5372 3097 5443 competit,
3127 5372 3441 5427 meditatur.
3466 5371 3598 5427 Cor—

2015 5478 2147 5534 pore
2184 5477 2245 5517 se
2280 5462 2511 5518 debilem
2559 5462 2817 5528 simulat,
2845 5478 2965 5533 qua:
3020 5464 3090 5517 sit
3135 5462 3325 5517 edendi
3358 5462 3597 5516 suavitas

2013 5553 2221 5609 crebris
2248 5553 2300 5607 in
2328 5552 2744 5623 cogitationibus
2771 5560 2952 5607 versat
2977 5569 2989 5606 :
3024 5567 3250 5623 seseque
3271 5550 3598 5622 peragendis

2013 5654 2417 5715 superventune
2444 5644 2617 5699 noctis
2642 5644 2885 5699 subicere
2908 5659 3066 5714 posse
3093 5645 3364 5713 desperat.
3390 5644 3594 5698 interea

2014 5745 2332 5792 veternosus
2379 5734 2467 5790 ille
2510 5735 2645 5807 gula:
2696 5734 2993 5805 prurientis
3043 5735 3287 5791 incentor
3328 5733 3595 5795 accendit,
