4054 6184
471 333 578 390 797

1479 338 1727 398 OPUSC.
1767 337 1906 396 ιιν.
1927 369 2004 382 --
2041 340 2129 398 DE
2165 337 2438 398 ΙΕΙΗΜΟ
2479 339 2790 396 SABDATI.

3641 343 3746 402 798

469 446 747 504 reficiendi
779 447 1058 506 libidinem
1095 450 1319 522 ingerit,
1357 463 1626 508 venenum
1669 452 1938 523 pestiferae
1966 452 2060 510 de-
2083 457 2137 518 Δ
2163 453 2308 524 ejus,
2331 453 2434 524 qui-
2457 453 2525 510 de
2563 462 2738 510 morte
2773 454 3072 512 resurrexit
3093 495 3110 521 ,
3134 455 3362 526 gloriam
3395 467 3602 512 cernat.
3637 459 3744 514 Lu-

470 539 778 596 lectationis
823 539 1080 607 infundit,
1112 529 1341 599 aurean't
1371 543 1718 600 discretionis
1751 545 1942 602 edocet
1971 560 2058 601 se.-

469 631 682 695 mitam,
709 631 1114 689 indiscretionis
1154 634 1354 689 astruit
1379 649 1724 706 summopere
1751 635 2052 692 cavendam

468 735 590 776 esse
617 720 860 786 ruinam;
893 721 1084 776 melius
1110 735 1234 778 esse
1263 739 1387 779 cum
1420 725 1715 780 sobrietate
1743 723 2052 790 comedere.

469 823 632 878 quam
664 809 858 864 edendi
887 809 1094 867 rabiem
1140 809 1410 883 duplicata
1443 811 1590 870 fame
1615 817 1846 874 nutrire.
1885 815 2060 870 Accu-

469 913 588 959 ratc
618 911 854 974 namque
879 903 1026 960 hunc
1066 915 1178 962 suae
1206 905 1522 963 calliditatis
1552 907 1772 962 hamum
1805 908 2061 964 seductor

468 996 728 1066 antiquus
757 997 811 1051 in
839 997 978 1052 filios
1007 996 1212 1067 injicit,
1244 998 1338 1070 qui
1377 999 1506 1054 olim
1549 1000 1618 1054 ad
1647 999 1939 1070 capiendos
1959 1015 2060 1070 pa-

469 1093 656 1142 rentes
680 1086 903 1142 humani
940 1090 1158 1159 generis
1196 1085 1461 1146 i'nescavit
1498 1085 1662 1160 (Gen.
1705 1088 1820 1160 ιιι).
1857 1089 2061 1144 Aculeo

467 1179 610 1248 gulae
647 1179 941 1235 transﬁxus
981 1189 1235 1250 parentes
1287 1190 1505 1238 nostros
1558 1189 1890 1246 attraxerat,
1923 1181 2061 1252 gula:

469 1269 646 1326 adlntc
672 1271 879 1325 aditum
925 1271 998 1326 ad
1040 1271 1337 1342 capiendos
1368 1289 1465 1328 nos
1494 1271 1725 1330 callidus
1752 1272 2062 1344 explorator

468 1363 740 1417 observat.
771 1361 1211 1420 Adhibetadhuc
1263 1373 1319 1420 et
1373 1365 1646 1435 quoslibet
1694 1373 2062 1421 assentatores

468 1465 533 1510 ac
571 1451 932 1522 placentarios
981 1455 1206 1522 incitat;
1248 1465 1306 1510 ut
1337 1458 1440 1511 hoc
1468 1457 1810 1513 extrinsecus
1838 1457 2061 1525 dicant,

469 1542 613 1611 quod
667 1539 758 1600 ille
807 1543 1040 1602 interius
1085 1546 1358 1614 seminat,
1392 1555 1663 1618 quatenus
1709 1548 1875 1602 miser
1899 1547 2064 1604 homo

469 1632 617 1688 inter
649 1641 725 1690 tot
749 1633 976 1692 balistae
1003 1645 1054 1692 et
1083 1637 1384 1704 machinas,
1416 1635 1558 1694 inter
1585 1645 1664 1694 tot
1692 1638 1922 1694 telorum
1951 1647 2066 1694 tur-

469 1725 628 1784 bines
656 1735 711 1782 et
732 1721 1018 1784 missilium
1039 1735 1384 1798 tempestates
1412 1725 1571 1784 facile
1591 1735 1846 1796 corruat;
1874 1728 2067 1784 adver-

470 1830 592 1869 sum
612 1830 773 1886 quem
815 1813 1072 1874 videlicet
1122 1827 1178 1876 et
1203 1819 1506 1891 linguarum
1536 1821 1750 1876 obsidio
1775 1829 1830 1876 et
1850 1821 2058 1891 cogita-
2087 1811 2136 1872 Β

469 1903 680 1959 tionum
741 1905 940 1961 seditio
984 1907 1369 1978 conspirantes
1415 1909 1748 1965 unanimiter
1795 1917 2056 1982 pugnant.

469 1993 738 2051 Praeterea
789 2012 891 2052 nec
934 1995 1292 2055 omittendum
1337 1999 1486 2072 quod
1527 2001 1718 2054 eadem
1778 2015 1957 2072 pugna
1989 1999 2057 2056 de

471 2087 628 2142 tertia
655 2087 792 2143 feria
820 2085 1054 2144 infirmis
1081 2090 1356 2146 mentibus
1378 2090 1554 2146 oritur
1575 2099 1810 2161 utroque
1831 2089 2060 2164 quadra-

468 2177 714 2247 gesimali
747 2183 989 2248 tempore
1015 2219 1030 2246 ,
1074 2195 1196 2234 cum
1226 2181 1465 2250 quinque
1496 2183 1686 2239 diebus
1725 2197 1823 2252 per
1859 2183 2060 2237 hebdo-

469 2269 682 2329 madam
708 2267 1020 2338 jejunatur,
1047 2283 1169 2338 quae
1203 2269 1264 2324 fit
1292 2269 1364 2324 de
1393 2269 1668 2336 Sabbatis,
1693 2271 1906 2326 czrteris
1932 2271 2058 2325 anni

471 2357 827 2426 temporibus,
855 2359 1072 2427 quando
1104 2357 1352 2414 videlicet
1385 2361 1524 2415 intra
1569 2370 1803 2432 quatuor
1847 2359 1962 2416 dies
1988 2357 2061 2429 je-

464 2447 606 2521 juuii
635 2463 846 2504 summa
892 2449 1257 2506 concluditur.
1309 2451 1574 2522 Malignus
1626 2451 1826 2524 quippe
1867 2451 2059 2517 hostis,

469 2541 594 2614 quia
643 2541 1114 2616 quadragesimale
1181 2539 1480 2598 Sabbatum
1525 2541 1668 2613 apud
1725 2557 1914 2597 servos
1965 2541 2061 2599 Dei

471 2644 741 2691 temerare
768 2651 874 2690 non
905 2633 1126 2701 suﬁicit,
1160 2636 1376 2690 tertiam
1407 2631 1598 2690 saltem
1629 2633 1822 2690 feriam
1853 2635 2062 2691 violare

471 2725 795 2792 contendit;
847 2741 971 2782 cum
1025 2735 1204 2784 autem
1251 2725 1412 2797 hujus
1459 2725 1570 2782 diei
1599 2727 1745 2796 rigor
1773 2725 2062 2792 amittitttr,

474 2817 542 2878 ad
560 2817 976 2888 capugnandum
1003 2815 1301 2876 Sabbatum
1326 2815 1572 2888 protinus
1589 2817 1758 2888 839
1781 2815 1868 2872 ille
1890 2825 2066 2873 trans-

474 2903 678 2975 fertur;
706 2917 764 2962 ut
789 2917 846 2964 et
869 2907 1125 2978 antiquus
1155 2907 1504 2970 adversarius
1541 2909 1608 2962 ab
1639 2907 1922 2964 inferendo
1944 2922 2065 2964 cer-

478 2999 678 3060 tamine
705 3015 980 3070 nunquam
1003 2999 1236 3065 desinat,
1262 3009 1320 3056 ‘et
1346 2999 1438 3056 Dei
1463 2998 1698 3062 famulus
1723 3001 2064 3057 occasionem

477 3087 716 3150 victoria:
746 3108 1019 3163 nunquam
1048 3094 1256 3164 perdat.

1099 3199 1328 3264 CAPUT
1365 3205 1430 3261 ll.

478 3300 587 3361 Cur
614 3309 718 3354 tres
749 3299 860 3354 dies
895 3299 948 3352 in
972 3297 1298 3380 hebdomade
1338 3297 1480 3380 apud
1514 3297 1798 3354 monac/tos
1819 3297 2067 3368 jejunum

1065 3377 1368 3423 institutum
1401 3377 1489 3422 sit.

551 3461 660 3516 Vos
687 3469 891 3524 autent,
931 3457 1292 3524 dilectissimi,
1337 3457 1573 3530 regulam
1605 3471 1636 3512 a
1661 3457 1914 3513 Patribus
1953 3465 2066 3514 tra-

477 3553 670 3617 ditam,
700 3567 732 3613 a,
763 3552 918 3607 vobis
947 3550 1114 3606 etiam
1142 3566 1239 3620 per
1265 3551 1422 3619 longa
1442 3547 1557 3618 jam
1589 3557 1833 3619 tempora
1881 3555 2066 3605 custo-

479 3643 668 3707 ditam,
697 3642 814 3706 sine
838 3655 998 3697 causa
1027 3639 1191 3699 nolite
1232 3641 1538 3705 dimittere;
1575 3638 1933 3694 saluberrimo
1955 3637 2068 3691 cul—

480 3735 554 3792 tui
611 3733 836 3790 vivilica:
893 3734 1057 3788 etiam
1111 3730 1402 3802 Sepultum
1459 3728 1755 3785 Dominicae
1799 3726 2066 3798 jejunium

477 3823 749 3892 copulate.
781 3822 1072 3877 Enimvero
1121 3829 1233 3877 tres
1278 3820 1368 3876 isti
1401 3820 1516 3876 dies
1539 3859 1555 3886 ,
1589 3825 1828 3887 tres'pcr
1863 3826 2067 3888 myste-

479 3913 620 3970 rium
645 3913 933 3968 continent
958 3919 1264 3981 temporum
1299 3910 1644 3968 diversitates
1666 3947 1686 3972 ,
1709 3915 1862 3964 sexta
1887 3906 2024 3961 feria
2047 3946 2063 3972 ,

480 4003 772 4068 Sabbatum
803 4017 860 4061 et
885 4003 1166 4065 Dominica
1197 3997 1336 4068 dies,
1362 4001 1589 4072 Ideoque
1621 4000 1756 4054 istos
1785 3999 1929 4054 inter
1957 4011 2068 4053 cae-

479 4104 624 4153 toros
675 4097 790 4151 dies
837 4095 1110 4166 praecipue
1155 4094 1448 4150 observan
1489 4091 1792 4150 debemus:
1829 4089 1968 4146 duos
2009 4088 2066 4143 in

478 4187 660 4243 carnis
703 4187 1104 4258 castigatione,
1142 4184 1362 4240 tertium
1413 4183 1468 4238 in
1519 4179 1818 4252 spiritualis
1869 4179 2069 4240 laetitiae

475 4276 830 4347 iucunditate.
881 4276 1048 4334 Sexta
1093 4276 1294 4354 quippe
1339 4273 1478 4332 feria
1532 4273 1795 4328 Dominus
1825 4271 1878 4326 in
1906 4283 2069 4325 cruce

478 4369 764 4438 pependit,
817 4367 1054 4430 Sabbato
1092 4367 1146 4422 in
1201 4367 1454 4440 scpulcro
1499 4364 1746 4436 quievit,
1803 4363 1890 4417 die
1936 4375 2067 4418 vero.

479 4458 759 4514 Dominica
790 4457 1108 4514 resurrexit.
1140 4457 1306 4526 Quasi
1333 4456 1482 4517 enim
1501 4463 1656 4512 sexta
1681 4451 1818 4509 feria
1846 4460 1932 4508 est
1955 4459 2066 4506 tota

481 4550 598 4606 haec
625 4549 736 4606 vita
761 4591 777 4616 ,
817 4549 871 4606 in
898 4563 1006 4624 qua
1037 4563 1181 4610 nunc
1207 4557 1463 4620 tanquam
1495 4547 1794 4620 morientes
1813 4544 2068 4609 vivimus,

480 4639 536 4694 in
579 4655 685 4709 qua
720 4655 938 4694 crucem
984 4639 1225 4708 quotidie
1271 4647 1396 4711 post
1439 4635 1624 4698 Iesum
1659 4645 1880 4706 portare
1917 4633 2074 4704 jubeo.

481 4745 636 4795 mur;
665 4729 962 4786 Sabbatum
1008 4739 1188 4784 autem
1214 4769 1232 4793 ,
1258 4728 1400 4799 quod
1429 4729 1614 4796 utique
1654 4727 1856 4796 requies
1898 4725 2070 4780 intere-

481 4829 726 4891 pretatur
749 4861 764 4886 ,
797 4821 927 4875 illud
976 4820 1248 4889 signiﬁcat
1308 4819 1544 4890 spatium
1590 4819 1734 4890 quod
1763 4825 1849 4870 est.
1892 4830 1923 4870 a
1955 4815 2065 4881 die,

482 4927 594 4983 qua
651 4912 938 4978 morimur,
989 4925 1165 4981 usque
1207 4909 1277 4966 ad
1321 4908 1738 4966 resurrectionis
1777 4907 1920 4962 diem
1959 4920 2077 4976 quo,

484 5001 737 5058 videlicet
763 5000 832 5056 ad
855 4999 1096 5056 tribunal
1121 5000 1308 5062 κιαι-ιιί
1327 4998 1536 5058 iudicis
1561 4997 1853 5068 resumptis
1877 5007 2070 5064 corpo-v.

483 5093 636 5150 ribus
677 5101 1102 5165 praesentamur;
1153 5093 1268 5152 dies
1317 5105 1448 5148 vero
1477 5091 1791 5148 Duutinicus
1816 5088 1907 5144 illa
1947 5094 2072 5160 post

479 5185 740 5256 judicium
761 5188 1036 5243 aeternitas
1055 5186 1185 5252 erit,
1207 5199 1328 5257 quae
1345 5185 1484 5241 locis
1499 5191 1554 5240 et
1572 5181 1756 5255 gloriae
1783 5182 2071 5242 torminum

487 5291 596 5331 non
627 5279 862 5334 habebit.
888 5277 948 5332 In
989 5275 1154 5348 hujus
1177 5291 1308 5347 ergo
1337 5272 1638 5330 deﬂuentia.
1654 5270 1909 5344 temporis
1937 5268 2072 5326 Sab-

487 5369 614 5424 bato
663 5371 1032 5443 unusquisque
1075 5375 1320 5428 nostrum
1345 5381 1502 5422 suum
1537 5378 1734 5436 corpus
1759 5361 1987 5434 adligat,
2013 5371 2073 5416 ut

488 5457 543 5513 in
575 5460 665 5515 illo
699 5463 1045 5531 postmodum
1087 5459 1330 5516 suaviter
1368 5457 1694 5529 requiescat.
1731 5453 1791 5508 in
1821 5455 1924 5508 hoc
1961 5452 2073 5508 fer-

489 5565 622 5608 vens
657 5553 878 5622 spiritus
903 5552 1084 5609 carnis
1107 5567 1220 5608 suae
1253 5550 1622 5610 blandimenta
1661 5544 1950 5602 mortificet
1969 5583 1986 5610 ,
2017 5553 2076 5598 ut

491 5643 543 5698 in
587 5643 678 5697 illo
721 5643 948 5699 feliciter
975 5643 1288 5714 epulaturus
1333 5641 1589 5699 exsultet.
1623 5639 1722 5694 llic
1767 5637 1833 5692 ad
1863 5635 2071 5690 Domini

493 5736 829 5806 sepulturam
861 5751 986 5793 cum
1017 5737 1222 5800 sanctis
1252 5735 1570 5798 mulieribus
1601 5731 1780 5802 lugeat
1803 5767 1819 5795 ,
1869 5739 1928 5782 ιιι
1965 5725 2074 5790 illic

2157 547 2357 618 gubrcs
2401 545 2540 602 oeuli
2566 586 2582 610 ,
2611 545 2808 615 pallida
2837 561 2935 602 ora
2961 586 2978 612 ,
3007 545 3227 602 demissi
3271 546 3454 602 vultus
3480 589 3496 613 ,
3541 548 3744 606 inculta

2157 634 2428 700 caesaries,
2458 634 2612 704 signa
2647 635 2758 690 sint
2803 649 2904 691 nos
2949 649 3070 690 esse
3114 634 3408 706 discipulos
3457 636 3744 704 cruciﬁxi,

2156 723 2242 781 vel
2275 725 2330 780 in
2382 724 2630 796 sepulcro
2675 726 2940 796 jacentis,
2979 735 3039 782 ut
3067 729 3160 798 qui
3188 743 3334 783 nunc
3371 743 3494 784 cum
3531 739 3740 800 aposto'

2109 865 2126 873 __
2157 814 2225 872 lis
2269 815 2518 886 lugentes
2544 825 2598 872 et
2623 816 2930 887 jejunantes
2957 816 3265 890 allljgimur,
3300 819 3380 874 eis
3401 819 3748 887 postmodum

2157 905 2216 962 in
2263 905 2440 962 mellis
2498 916 2562 962 et-
2610 907 2786 978 piscis
2819 908 2930 964 assi
2981 907 3232 964 convivio
3275 909 3548 964 sociemur
3595 909 3742 979 (Luc.

2157 997 2332 1069 xxrv).
2369 997 2446 1054 Ut
2472 1009 2660 1054 autem
2684 1000 2784 1069 qui;
2805 997 3046 1066 fructus,
3075 1015 3272 1070 quaeve-
3295 1002 3372 1056 sit
3407 1001 3618 1056 utilitas
3659 1017 3746 1057 seu

2157 1088 2329 1160 ptima
2361 1089 2498 1145 feria
2515 1088 2820 1160 jejunaudi,
2866 1105 2982 1146 non:
3017 1099 3126 1146 tam
3155 1093 3340 1148 verbis
3378 1107 3540 1162 quam
3584 1093 3752 1148 rebus

2161 1181 2403 1246 eluceat;
2436 1197 2544 1238 non
2593 1184 2700 1238 abs
2735 1197 2800 1238 re
2823 1184 3097 1238 credimus
3119 1224 3133 1246 ,
3165 1184 3212 1239 si
3239 1183 3408 1239 etiam
3455 1184 3522 1239 de
3552 1184 3754 1240 nostris

2159 1271 2440 1341 opusculis
2483 1271 2558 1327 adl
2601 1271 3024 1328 aediﬁca-tionem-
3067 1281 3306 1328 vestram
3353 1273 3526 1329 breve
3547 1273 3753 1344 aliquid

2161 1375 2252 1418 mi
2260 1371 2438 1424 tuemu
2445 1375 2492 1418 Γ.

2777 1451 2911 1508 CA-P
2917 1451 3008 1510 UT
3045 1452 3132 1510 lli.

2201 1563 2528 1620 Miruculum
2555 1579 2656 1636 qua
2687 1565 2954 1636 jejunium
2986 1565 3202 1622 Sabbatt'
3240 1567 3588 1637 approbatum
3619 1577 3714 1622 est.

2237 1677 2372 1732 Nam
2399 1677 2542 1748 qpod
2581 1677 2828 1734 dicturus
2867 1693 2984 1733 sum
3012 1718 3030 1744 ,
3084 1677 3152 1733 ibi
3179 1677 3293 1747 jam
3341 1679 3623 1750 scripsisse
3668 1693 3752 1734 me

2169 1755 2414 1835 memini,
2441 1769 2533 1826 ubi
2580 1769 2654 1824 de
2689 1779 2815 1825 octo
2856 1770 3129 1840 Quondam
3167 1767 3388 1842 jejuniis
3436 1770 3750 1839 disputavi:

2164 1875 2314 1926 mox,
2337 1861 2589 1931 inquam,
2613 1870 2673 1915 ut
2699 1861 2802 1916 ista
2829 1862 3283 1932 conscripserant,
3309 1863 3439 1932 quid
3469 1848 3600 1918 mihi
3624 1878 3754 1918 casu

2159 1950 2252 2006 vel
2277 1951 2462 2022 potius
2489 1951 2674 2007 divino
2703 1961 2837 2012 nutu
2870 1967 3030 2008 nosse
3055 1953 3368 2022 contigerit,
3396 1969 3505 2008 non
3541 1953 3751 2009 celabo.

2162 2041 2359 2098 Senior
2385 2039 2608 2112 quidam
2636 2041 2849 2107 frater,
2879 2043 2970 2112 qui
3005 2041 3120 2112 jam
3166 2044 3390 2115 triginta
3437 2044 3552 2102 fere
3598 2045 3754 2120 annis

2159 2133 2441 2190 eremitica
2468 2133 2659 2190 cellula
2709 2149 2840 2190 usus
2883 2133 3088 2200 fuerat,
3121 2137 3188 2190 ad
3220 2152 3306 2191 me
3337 2137 3526 2204 venit,
3571 2147 3626 2194 et
3654 2137 3753 2193 soli

2160 2225 2425 2280 visionem
2450 2266 2470 2290 ,
2498 2242 2622 2296 quae
2648 2225 2750 2282 sibi
2783 2225 3058 2288 acciderat
3082 2268 3097 2294 ,
3143 2227 3418 2298 patefecit.
3452 2227 3606 2298 Stepe
3629 2270 3643 2294 ,
3675 2227 3757 2282 in-

2161 2317 2320 2386 quit,
2371 2316 2668 2388 magister,
2727 2317 2782 2372 in
2836 2326 2894 2373 te
2925 2318 3218 2374 simultatis
3259 2329 3314 2373 et
3348 2319 3442 2374 ira:
3480 2319 3754 2375 stimulum

2161 2405 2390 2476 pertuli,
2441 2407 2570 2476 quia
2616 2407 2759 2464 diem
2796 2407 3019 2463 Sabbati
3067 2418 3347 2479 tantopere
3379 2419 3438 2464 ut
3479 2409 3758 2482 jejunare-

2165 2505 2256 2552 tur
2291 2497 2570 2563 instabas;
2605 2497 2815 2553 interea
2859 2499 3142 2571 concupivi
3172 2481 3600 2570 Hierosolymam
3631 2515 3756 2568 per-
3803 2481 3810 2490 ’

2163 2601 2327 2657 gere;
2387 2601 2618 2657 cumque
2663 2588 2772 2644 hoc
2832 2588 2887 2642 in
2955 2565 3084 2644 dies.
3131 2565 3758 2646 desiderio'l‘erventius

2163 2688 2449 2733 atstuarem
2477 2719 2492 2745 ,
2547 2678 2838 2735 dormienti
2885 2679 3018 2736 mihi
3061 2679 3343 2736 Dominica
3391 2679 3560 2754 840
3597 2689 3758 2736 nocte

2166 2771 2338 2825 astitit
2361 2771 2413 2824 in
2438 2769 2646 2827 visione
2663 2769 2978 2842 splendidus
2998 2770 3214 2842 quidam
3238 2770 3559 2836 elcricus,ct
3586 2771 3750 2826 dixit:

2167 2859 2362 2916 Frater
2387 2859 2648 2930 Joannes,
2681 2863 2761 2918 sic
2786 2863 2931 2934 enim
2962 2864 3278 2929 vocabatur,
3307 2863 3390 2919 vis
3418 2863 3602 2919 venire
3624 2863 3754 2921 llic-

2165 2952 2493 3023 rosolymam
2516 2951 2539 3006 ?
2565 2949 2662 3009 Cui
2691 2969 2815 3009 cum
2843 2951 2981 3008 velle
3008 2968 3097 3009 me
3137 2953 3557 3024 respondissem,
3587 2953 3760 3024 proti~

2168 3057 2271 3097 nus
2301 3059 2389 3098 me
2417 3042 2544 3098 illuc
2573 3059 2670 3114 per
2700 3045 2970 3099 somnium
3017 3044 3170 3099 duxit
3196 3085 3211 3110 ,
3237 3045 3512 3116 multaque
3543 3055 3759 3104 sancto-

2091 3164 2138 3228 ο
2171 3151 2288 3228 runt
2319 3133 2564 3204 sepulcra
2593 3135 2958 3228 circumiens,
2983 3135 3234 3228 quodque
3276 3137 3429 3208 cujus
3473 3149 3616 3194 esset
3639 3155 3758 3208 spc—

2168 3223 2380 3280 cialitcr
2430 3225 2762 3296 designavit;
2801 3227 3014 3282 tandem
3062 3227 3128 3284 ad
3189 3228 3496 3299 sepulcrum
3541 3230 3754 3285 Domini

2166 3313 2355 3370 eodem
2387 3315 2522 3370 duce
2547 3316 2768 3386 perveni
2797 3355 2813 3382 ,
2839 3325 2893 3372 et
2915 3331 3043 3372 ecce
3086 3327 3206 3388 post
3236 3317 3541 3390 sepulcrum
3577 3321 3759 3376 stabat

2168 3401 2386 3474 quidam
2424 3403 2653 3460 clericus
2683 3419 2876 3460 serena
2925 3403 3088 3471 facie,
3137 3413 3193 3460 et
3237 3405 3465 3476 pulcher
3513 3420 3756 3479 aspectu,

2090 3549 2093 3551 _
2167 3491 2544 3550 cervicetenus
2590 3493 2726 3549 stola
2777 3493 3006 3550 candida
3065 3495 3318 3550 decenter
3369 3506 3632 3561 ornatus,
3666 3497 3758 3568 qui

2169 3583 2310 3640 dixit
2359 3583 2492 3639 mihi
2527 3597 2543 3638 :
2574 3582 2654 3639 Tu
2689 3584 2886 3641 nudius
2935 3583 3131 3640 tertius
3173 3583 3441 3640 vivificam
3485 3601 3710 3654 crucem
3738 3628 3755 3652 ,

2168 3678 2422 3733 hesterno
2467 3693 2681 3748 quoque
2730 3678 2815 3732 die
2844 3677 3174 3750 sepulturam
3221 3679 3554 3735 Dominicam
3581 3722 3596 3746 ,
3629 3681 3755 3736 dum

2161 3767 2416 3840 jejunasti
2441 3807 2458 3834 ,
2489 3768 2758 3823 veraciter
2783 3768 3048 3826 adorasti.
3074 3769 3155 3826 Ex
3186 3769 3292 3826 hoc
3312 3810 3328 3836 ,
3367 3781 3576 3826 remeto
3605 3773 3767 3832 omni,

2167 3857 2420 3930 scrupulo
2466 3857 2756 3912 dubietatis
2781 3897 2798 3922 ,
2855 3873 3090 3929 agnosce
3119 3898 3135 3923 ,
3187 3858 3313 3928 quia
3347 3866 3402 3916 et
3437 3869 3590 3916 sexta
3621 3860 3756 3914 feria

2167 3961 2402 4012 crucem,
2433 3955 2489 4004 ct
2511 3943 2754 4002 Sabbato
2779 3945 3092 4016 sepulcrum
3113 3945 3312 4004 Christi
3355 3949 3637 4004 verissime
3663 3965 3758 4005 ec-

2165 4037 2344 4093 lebras
2368 4045 2423 4092 et
2447 4037 2678 4102 adoras,
2715 4037 2762 4093 si
2789 4037 3074 4108 praedictos
3100 4037 3216 4093 dies
3261 4039 3467 4094 orando
3521 4050 3576 4094 et
3603 4041 3769 4110 psal-.

2166 4125 2326 4186 lende
2369 4123 2604 4198 jejunas.
2638 4125 2756 4198 Quo
2783 4125 3036 4184 videlicet
3071 4126 3369 4182 instructus
3417 4129 3672 4194 oraculo,
3700 4139 3770 4192 et,
3825 4129 3836 4136 “

2167 4217 2482 4272 scandalum
2510 4257 2526 4284 ,
2570 4217 2714 4287 quod
2764 4217 3052 4274 adversum
3081 4226 3132 4274 te
3157 4259 3174 4286 ,
3201 4218 3364 4276 Pater
3385 4261 3402 4286 ,
3433 4220 3776 4292 habueram,-

2167 4309 2394 4380 perdidi,
2419 4317 2475 4366 et
2495 4309 2748 4380 deinceps
2771 4310 3068 4366 Sabbatum
3092 4327 3200 4370 non
3223 4313 3418 4370 minori
3440 4315 3746 4383 devotione.

2168 4418 2331 4476 quam
2366 4411 2577 4458 sextam
2609 4401 2822 4470 feriam,
2858 4402 2905 4458 si
2932 4401 3162 4460 facultas
3210 4417 3482 4477 suppetat,
3507 4405 3752 4478 jejunavi

2094 4503 2144 4563 ι)
2169 4493 2488 4570 [jejunabo].
2513 4493 2639 4551 Haec
2663 4495 2794 4552 mihi
2825 4503 3046 4554 sanctus
3069 4495 3240 4552 frater
3262 4499 3466 4567 retulit,
3487 4515 3610 4555 cum
3637 4500 3752 4556 haec

2171 4601 2294 4656 quae
2325 4586 2614 4642 scribimus
2657 4594 2714 4642 et
2743 4595 2874 4642 tunc
2919 4587 3140 4648 omnino
3171 4589 3408 4646 nesciret
3431 4630 3448 4656 ,
3483 4599 3539 4644 et
3579 4591 3754 4647 adhuc

2173 4691 2398 4746 prorsus
2445 4675 2675 4746 ignoret.
2719 4675 2832 4732 Hoc
2863 4684 3042 4732 autem
3095 4679 3398 4742 rescribere
3430 4695 3536 4736 non
3565 4682 3756 4752 piguit,

2169 4773 2232 4819 ut
2260 4766 2306 4820 si
2333 4765 2648 4834 opusculum
2677 4763 2806 4819 illud
2830 4766 2980 4820 vobis
3007 4779 3297 4820 occurrere
3328 4781 3434 4821 non
3456 4769 3768 4840 contingat,

2171 4855 2276 4918 hoc
2299 4856 2492 4912 saltem
2524 4855 2877 4911 fraternitatis
2901 4865 3100 4912 vestra:
3123 4857 3373 4916 notitiam
3399 4875 3506 4915 non
3537 4861 3764 4924 evadat,

2777 4965 3008 5027 CAPUT
3055 4965 3151 5030 Ν.

2206 5082 2480 5149 Maiorum
2501 5080 2814 5154 negligentia
2843 5083 3078 5156 exemplo
3105 5081 3272 5146 etiam.
3297 5087 3520 5157 posteris
3549 5097 3727 5150 meta

2241 5173 2554 5234 Cavendum
2579 5184 2664 5230 est
2689 5175 2898 5246 itaque,
2917 5175 3286 5244 dilectissimi,
3305 5195 3376 5234 ne
3403 5187 3600 5236 nostra.
3617 5189 3756 5242 tem,

2171 5282 2312 5340 pore
2330 5273 2520 5324 sancta
2549 5267 2658 5322 vita
2687 5268 2790 5324 ista
2827 5277 3108 5338 tepescat,
3146 5271 3464 5340 sensimque
3491 5287 3550 5328 se
3579 5273 3768 5336 “nurui;

2171 5360 2412 5426 nuendo,
2441 5359 2586 5432 quod
2612 5360 2776 5428 absit,
2801 5363 3024 5418 omnino
3059 5362 3298 5420 deficiat.
3332 5363 3590 5421 Novimus
3611 5365 3770 5426 anius

2173 5451 2242 5506 de
2273 5465 2469 5522 magna
2495 5449 2624 5506 olim
2661 5459 2716 5505 et
2761 5452 2928 5508 ardua
2975 5452 3064 5506 vis
3095 5453 3228 5522 jam.
3251 5461 3440 5508 tenues
3471 5469 3768 5524 superesse

2173 5541 2465 5612 reliquias;
2497 5549 2554 5597 et
2587 5541 2758 5604 sicut,
2793 5543 2936 5610 quod
2965 5557 2994 5596 a
3027 5542 3324 5613 majoribus
3347 5554 3432 5601 est
3455 5544 3762 5620 omissum,

2177 5648 2286 5688 non
2315 5639 2600 5703 reparatur
2637 5646 2668 5686 a
2715 5630 2902 5699 nobis;
2953 5633 3026 5688 ita
3073 5635 3216 5704 quod
3247 5635 3388 5706 apud
3415 5651 3516 5694 nos
3543 5653 3640 5714 per
3663 5651 3758 5694 no-

2177 5727 2490 5806 gligeutiam
2518 5725 2760 5804 deperit,
2783 5741 3123 5804 nequaquam
3152 5742 3528 5793 successorum
3559 5739 3788 5794 unum
