4054 6184
363 337 469 396 799

362 464 484 508 rum
505 448 795 521 posteritas
826 449 1173 514 instaurabit,
1194 457 1255 503 ut
1280 464 1467 503 verum
1490 448 1561 505 sit
1582 448 1711 505 illud
1738 448 1949 505 Horatii
1978 450 2027 511 Α

363 540 503 612 (Lib.
539 557 597 595 Ill
640 540 843 607 Carm,
872 541 961 595 od.
990 540 1088 609 6.).

546 654 683 704 ditas
708 660 986 716 parentum,
1015 654 1152 715 pejor
1173 654 1294 715 avis,
1331 652 1442 705 tulit

512 737 523 742 <
544 716 644 766 Nos
662 720 949 774 nequiores,
974 728 1081 763 mox
1107 716 1307 765 daturos

554 779 855 840 Progeniem
879 778 1204 827 vitiosiorem.

359 883 452 939 Sic
480 882 667 951 utique
700 881 777 935 rei
808 882 1013 936 erimus
1044 897 1148 936 non
1173 882 1334 937 modo
1357 889 1557 937 nostra:
1579 879 1944 953 negligentiae,

356 973 451 1028 sed
472 982 527 1027 et
547 972 736 1027 aliena:
763 972 917 1037 vitat;
949 972 1075 1027 dum
1096 980 1149 1027 et
1178 972 1278 1041 ipsi
1307 972 1619 1028 lacessendo
1642 971 1940 1036 deficimus,

352 1070 408 1116 et
434 1061 677 1117 defectus
731 1075 952 1115 causam
1002 1062 1234 1130 posteris
1281 1075 1624 1130 generamus.
1656 1059 1790 1113 Nam
1819 1075 1944 1115 cum

352 1167 542 1207 eorum
577 1150 737 1207 deses
764 1152 873 1205 vita
916 1152 1194 1207 notabitur
1217 1192 1231 1216 ,
1272 1151 1340 1205 ad
1388 1166 1486 1206 nos
1516 1161 1715 1221 praesto
1760 1166 1944 1206 recur-

351 1252 491 1306 rent,
523 1259 623 1299 nos
650 1244 753 1298 sibi
783 1243 1029 1314 clypeum
1062 1241 1392 1297 defensionis
1435 1252 1729 1313 opponent;
1762 1251 1821 1297 ut
1850 1242 1941 1314 qui

352 1330 556 1387 fuimus
585 1347 945 1403 praecessores
972 1333 1024 1387 in
1053 1333 1184 1398 vita,
1223 1334 1393 1388 simus
1424 1344 1821 1403 consequenter
1849 1350 1943 1390 au-

280 1410 292 1443 ί
348 1429 531 1479 olores
561 1424 614 1477 in
650 1421 825 1492 culpa.
858 1422 1043 1493 Neque
1086 1424 1228 1478 enim
1276 1424 1527 1479 meliores
1579 1440 1766 1480 sumus
1792 1466 1807 1491 ,
1859 1424 1942 1479 in-

350 1512 539 1582 quient
559 1553 572 1577 ,
603 1527 763 1583 quam
813 1523 995 1582 patres
1022 1514 1227 1579 nostri;
1256 1514 1398 1582 quod
1430 1514 1735 1569 invenimus
1757 1554 1772 1577 ,
1803 1514 1941 1568 arri-

348 1606 592 1676 puinms;
647 1605 789 1674 quod
832 1605 1121 1660 didicimus
1148 1645 1161 1669 ,
1193 1606 1293 1660 hoc
1336 1613 1391 1659 et
1422 1613 1686 1660 tenemus.
1739 1605 1938 1675 Sicque

346 1697 552 1752 erimus
580 1695 739 1751 alieni
783 1696 1016 1764 torporis
1041 1696 1292 1764 apostoli,
1320 1706 1373 1751 et
1403 1711 1508 1750 non
1537 1695 1816 1761 doctrinae,
1840 1696 1935 1751 sed

345 1789 635 1847 oblivionis
670 1787 952 1859 magistri;
1005 1803 1110 1842 non
1164 1788 1328 1842 duces
1376 1787 1443 1841 ad
1495 1787 1806 1851 victoriam,
1841 1787 1935 1842 sed
1964 1810 2012 1871 Β

338 1893 694 1948 praecessores
716 1878 782 1933 ad
806 1878 1006 1948 fugam.
1023 1877 1349 1933 Mementote
1364 1875 1508 1946 quod
1533 1876 1794 1944 scriptum
1808 1883 1919 1931 est:

344 1988 365 2021 ι
398 1968 489 2023 Va:
516 1969 600 2024 his
629 1969 721 2039 qui
768 1969 1125 2039 perdiderunt
1154 1970 1534 2025 sustinentiam
1567 1968 1755 2040 (Eccli.
1783 1969 1865 2039 ιι).
1898 1986 1918 2021 ο

340 2061 451 2116 Et:
484 2082 501 2113 ι
538 2061 670 2133 Ego,
721 2062 920 2131 inquit,
970 2061 1198 2132 dispono
1247 2062 1426 2126 vobis,
1469 2062 1611 2117 sicut
1658 2060 1924 2131 disposuit

341 2152 470 2207 mihi
495 2151 841 2207 Patermeus
874 2168 1095 2223 regnum
1137 2151 1293 2225 (Luc.
1317 2150 1473 2221 χχιι).
1504 2170 1522 2203 ι
1555 2150 1779 2219 Quare?
1807 2150 1923 2205 Non

339 2242 527 2313 utique
566 2244 694 2313 quia
748 2244 985 2313 coepisti,
1009 2244 1103 2299 sed
1133 2261 1145 2298 :
1185 2262 1203 2295 ι
1243 2244 1351 2299 Vos
1375 2243 1528 2308 estis,
1552 2244 1630 2298 ait
1652 2282 1667 2305 ,
1688 2243 1779 2312 qui
1804 2256 1926 2312 per-

338 2336 618 2391 mansistis
663 2351 871 2391 mecum
924 2336 979 2391 in
1011 2337 1400 2391 tentationihus
1444 2336 1582 2391 meis
1632 2334 1845 2405 (Ibid.).
1900 2353 1918 2388 ι

340 2428 727 2495 Quamobrem,
757 2429 1117 2494 dilectissimi,
1166 2430 1270 2484 hoc
1299 2429 1367 2487 ab
1392 2438 1548 2484 aitate
1572 2437 1754 2484 nostra
1789 2443 1925 2498 pra:~

336 2523 585 2577 cidamus
623 2522 1013 2593 opprobrium;
1053 2531 1108 2577 et
1160 2522 1379 2577 virtutis
1422 2521 1631 2591 insigne
1657 2560 1673 2585 ,
1732 2519 1925 2590 quoda

336 2617 588 2685 patribus
634 2617 835 2671 nostris
882 2618 1207 2686 accepimus,
1264 2616 1532 2672 illibatum
1563 2624 1618 2671 et
1654 2616 1925 2685 integrum

340 2710 574 2766 fideliter
627 2710 679 2764 in
730 2710 870 2766 filios
901 2709 1366 2765 lransfundamus.
1405 2709 1461 2764 Si
1509 2711 1616 2763 vita
1647 2708 1925 2763 eremitica

341 2803 631 2857 minuenda
673 2810 776 2866 est,
808 2816 902 2857 per
924 2800 1059 2855 alios
1083 2800 1307 2869 incipiat
1341 2799 1507 2854 minui
1540 2817 1553 2865 ;
1582 2813 1682 2854 nec
1719 2813 1817 2853 nos
1846 2798 1926 2852 in-

338 2892 624 2947 veniamur
669 2892 719 2944 in
772 2890 928 2960 hujus
958 2891 1120 2963 841
1155 2890 1362 2963 fraudis
1389 2889 1674 2959 sacrilegio
1714 2889 1873 2959 primi
1907 2904 1922 2954 ;

342 2998 407 3037 ne
434 2997 556 3036 cum
604 2991 787 3051 patres
816 2982 1006 3046 nostri,
1040 2980 1199 3049 hujus
1241 2981 1491 3036 videlicet
1515 2981 1780 3051 propositi
1810 2980 1925 3035 fun-

336 3074 580 3139 datores,
608 3056 926 3144 pervenient
949 3072 1014 3125 ad
1043 3087 1329 3137 coronam,
1359 3088 1478 3137 nos,
1512 3072 1642 3142 ipsis
1664 3088 1927 3128 accusan-

337 3165 484 3220 tibus
511 3172 566 3219 et
594 3164 797 3219 acriter
839 3163 1237 3227 insistentibus,
1282 3164 1673 3235 compellamur
1705 3164 1927 3220 ultionis
1947 3171 1990 3231 C

333 3253 520 3309 subire
568 3253 912 3309 sententiam.
967 3252 1101 3307 Nam
1135 3254 1355 3308 cumilli
1401 3254 1682 3310 beatorum
1716 3262 1923 3326 marty-

339 3361 458 3400 rum
490 3345 599 3401 sint
631 3345 822 3400 imitati
855 3360 977 3399 cum
1032 3344 1202 3399 multo
1232 3346 1430 3399 sudore
1474 3346 1795 3411 certamina,
1825 3360 1925 3400 nos

332 3436 404 3490 de
449 3433 579 3489 solis
622 3444 923 3506 martyrum
964 3434 1242 3489 solemniis
1294 3435 1673 3506 diSputamus;
1718 3444 1773 3490 et
1829 3434 1922 3506 qui

339 3542 446 3580 non
475 3525 820 3582 interfuimus
852 3526 1071 3597 praeliis,
1115 3526 1182 3582 de
1211 3526 1447 3595 peractis
1468 3526 1759 3597 gliscimus
1787 3540 1923 3598 gau—

340 3615 466 3669 dere
492 3616 799 3686 triumphis.

826 334 887 392 S.
925 297 1131 393 PETRI
1170 334 1452 391 DAMIANI
1490 333 1639 392 OI’P.
1719 333 1959 393 TOMUS
1994 334 2129 392 SEU
2162 332 2464 391 PARS‘III.
2503 364 2574 375 —
2609 333 2973 393 OPUSCULA
3016 334 3247 391 VARIA.

3536 337 3641 393 800

2682 446 2910 506 CAPUT
2951 449 3014 503 V.

2053 558 2206 626 Quod
2237 560 2339 614 vita
2365 568 2541 614 nostra
2569 557 2856 614 Sabbatum
2886 570 2961 614 est
2994 560 3192 615 ultimm
3222 564 3634 619 resurrectionis.

2120 670 2257 726 Tota
2296 671 2458 741 plane
2484 672 2593 726 vita
2636 671 2737 727 ista
2777 672 3174 741 quodammodo
3206 672 3504 729 Sabbatum
3554 687 3638 731 est

2048 763 2193 819 illius
2250 763 2452 819 ultima:
2509 765 2955 826 resurrectionis.
3010 774 3065 820 et
3119 766 3273 836 quasi
3341 768 3635 838 profestum

2047 872 2212 922 nunc,
2251 866 2413 927 atque
2440 857 2654 929 vigilias
2686 856 2946 920 colimus,
2986 860 3054 912 ad
3084 873 3247 929 quam
3277 860 3636 930 suspiramus,

2046 946 2407 1003 solemnitatis
2445 957 2682 1002 aeternae.
2730 946 2836 1003 Sed
2867 948 2959 1018 qui
2990 948 3057 1002 ad
3099 950 3317 1019 nuptias
3360 962 3633 1020 properat,

2044 1037 2129 1093 vel
2166 1038 2353 1109 epulas
2383 1038 2679 1117 cujuslibet
2723 1054 2955 1109 magnae.
2983 1038 3301 1097 festivitatis
3329 1052 3634 1111 exspectat,

2043 1131 2111 1186 ad
2140 1131 2547 1200 anticipandum
2588 1132 2949 1201 praecedentis
2980 1131 3128 1187 horai
3164 1133 3497 1203 ientaculum
3530 1152 3636 1191 non

2042 1222 2284 1278 anhelat.
2334 1221 2443 1279 Nos
2490 1224 2559 1279 ad
2606 1223 2736 1278 illud
2782 1223 3098 1280 refectionis
3139 1235 3357 1281 aeterna:
3397 1228 3637 1298 nuptiale

2042 1314 2345 1370 convivium
2372 1314 2607 1379 invitati,
2637 1313 2897 1370 festinare
2915 1312 3028 1382 jam
3054 1316 3350 1386 coepimus;
3385 1326 3439 1373 ct
3461 1320 3637 1373 adhuc

2041 1406 2275 1461 molliter
2308 1421 2374 1463 ac
2408 1406 2666 1462 deliciose
2706 1407 2982 1471 viventes,
3023 1408 3174 1463 velut
3212 1409 3402 1464 horam
3442 1410 3633 1465 edendi

2038 1494 2202 1567 842
2228 1494 2521 1565 legitimam
2544 1494 3065 1565 praevenimus.Quid
3090 1498 3375 1565 prandenti
3400 1513 3519 1553 cum
3545 1510 3631 1554 tu-

2024 1585 2218 1639 mulo?
2251 1584 2389 1652 Quid
2428 1584 2601 1655 epulis
2624 1599 2747 1639 cum
2778 1584 3065 1655 sepulcro?
3089 1584 3145 1640 Si
3175 1587 3507 1656 sepulturam
3536 1588 3636 1644 Do-

2038 1676 2170 1730 mini
2202 1691 2324 1730 cum
2348 1674 2646 1745 discipulis,
2680 1689 2785 1729 non
2830 1689 2953 1729 eum
2978 1674 3239 1731 militibus
3277 1678 3629 1742 custodimus,

2041 1764 2334 1821 all‘eramus
2396 1765 2679 1820 misturam
2726 1766 2962 1837 myrrha:
3001 1773 3057 1821 et
3088 1765 3235 1823 aloes
3280 1766 3461 1835 (Joan.
3492 1772 3629 1839 xix),

2042 1873 2149 1914 non
2185 1859 2417 1914 cacabos
2448 1867 2504 1913 et
2535 1857 2758 1914 lebetes.
2802 1858 2860 1913 ln
2895 1858 3000 1914 illis
3028 1858 3298 1927 siquidem
3328 1860 3630 1915 amaritudo

2036 1950 2321 2015 mentium,
2354 1950 2409 2003 in
2443 1949 2561 2005 istis
2597 1956 2779 2004 autem
2809 1956 2938 2004 sunt
2971 1945 3240 2005 illecebrae
3266 1948 3625 2019 voluptatum.

2034 2039 2117 2094 Ad
2144 2038 2478 2109 sepulturam
2508 2054 2643 2095 sane
2669 2039 2928 2095 debemus
2954 2047 3174 2108 pectora
3218 2039 3466 2104 tundere,
3521 2055 3627 2094 non

2036 2130 2260 2201 dapibus
2304 2140 2523 2186 ventres
2566 2129 2786 2197 inﬂare;
2833 2129 3094 2186 debemus
3136 2140 3329 2186 moesta
3378 2130 3627 2201 Iacrymis
3662 2184 3673 2187 Α

2033 2236 2129 2276 ora
2160 2220 2507 2291 perfundere,
2540 2236 2647 2276 non
2676 2221 2963 2292 epotandis
2991 2220 3255 2277 calicibus
3306 2222 3623 2291 indulgere;

2035 2328 2140 2368 non
2179 2313 2498 2384 ingurgitari
2527 2328 2697 2379 mero,
2730 2312 2826 2368 sed
2856 2322 3040 2382 potum
3073 2328 3197 2369 cum
3228 2313 3444 2369 fletibus
3489 2324 3626 2367 tem-

2032 2420 2224 2475 perare
2246 2404 2418 2476 (Psal.
2445 2406 2539 2474 Cl).
2570 2403 2680 2459 Nec
2710 2413 2890 2459 tamen
2921 2404 3036 2459 hmo
3065 2404 3440 2468 inconsultius,
3469 2414 3519 2459 et
3546 2405 3624 2460 sic

2032 2496 2240 2565 absque
2271 2495 2603 2551 discretione
2646 2494 2937 2549 statuimus
2958 2534 2972 2560 ,
3016 2504 3074 2548 ut
3102 2495 3494 2549 humanitatem
3528 2496 3621 2549 tle-

2031 2586 2276 2653 hilibus,
2328 2597 2383 2641 et
2431 2586 2793 2641 valetudinem
2846 2586 3222 2641 laborantibus
3276 2588 3618 2657 deuegemus.

2032 2675 2421 2732 Verumtamen
2448 2676 2527 2733 sic
2555 2677 2657 2732 sibi
2686 2677 3070 2732 discretionem
3102 2678 3147 2732 is
3174 2678 3266 2749 qtti
3298 2678 3620 2744 infirmatur,

2032 2755 2328 2837 indulgeat,
2359 2776 2417 2821 ut
2447 2765 2720 2821 salubrem
2759 2766 3169 2822 consuetudinis
3206 2768 3468 2839 regulam,
3496 2784 3619 2823 cum

2029 2860 2390 2925 convaluerit,
2437 2875 2541 2914 non
2572 2860 2809 2914 omittat.
2844 2859 2936 2915 Sic
2985 2859 3100 2930 ipse
3143 2860 3427 2915 remissius
3453 2861 3617 2924 vivat,

2030 2962 2086 3004 ut
2118 2952 2164 3005 is
2190 2951 2281 3021 qui
2311 2950 2598 3005 incolumis
2623 2958 2725 3016 est,
2758 2949 2810 3004 in
2838 2950 3185 3005 continentia:
3215 2965 3327 3004 sua;
3354 2950 3619 3004 nihilomi-

2030 3058 2128 3097 nus
2159 3042 2336 3113 rigore
2372 3050 2707 3111 permaneat.
2738 3038 2852 3095 Non
2883 3040 3070 3111 igitur,
3098 3041 3460 3105 dilectissimi,
3494 3056 3618 3111 gra-

2028 3151 2218 3189 vemur
2248 3134 2473 3189 Sabbati
2513 3148 2734 3189 servare
2758 3132 3059 3203 jejunium;
3090 3140 3149 3186 ut
3186 3133 3313 3187 dum
3343 3148 3482 3185 llltth
3518 3130 3617 3184 sub

2022 3228 2377 3295 castigatione
2451 3240 2738 3294 corporum
2817 3223 3163 3294 Redemptori
3238 3232 3422 3279 nostro
3491 3238 3617 3275 con-

2022 3315 2311 3383 scpelimur
2363 3315 2415 3369 in
2470 3324 2663 3379 morte,
2708 3323 2762 3369 et
2793 3313 2891 3382 ipsi
2930 3320 3276 3384 resurgentes
3335 3328 3455 3367 cum
3498 3312 3613 3380 ipso

2022 3406 2361 3476 postmodum
2422 3404 2702 3474 epulemur
2758 3405 2812 3460 in
2867 3403 3105 3460 cwlestis
3154 3404 3339 3475 glorize
3374 3404 3617 3459 claritate

2023 3495 2202 3559 (llam.
2230 3496 2325 3566 vt).

2353 3607 2435 3664 Sit
2478 3626 2665 3663 nomen
2704 3608 2915 3662 Domini
2949 3610 3297 3663 benedictum.

377 3882 739 3964 εδδ-⁸4⁸
791 3905 1576 4015 OPUSCULUM
1639 3909 2844 4037 QUINQUAGESIMUM
2906 3910 3545 4036 QUINTUM.

1375 4122 1480 4183 DE
1520 4123 2065 4186 CELEBRANDIS
2098 4121 2446 4185 VIGILIIS.

321 4441 798 4515 Ancunmruu.—
823 4439 1112 4495 Monachos
1141 4456 1268 4494 suos
1292 4442 1357 4495 ad
1386 4441 1740 4515 celebrandas
1763 4453 1886 4497 octo
1912 4442 2262 4499 festivitatnm
2290 4445 2526 4515 vigilias,
2555 4459 2693 4514 quas
2722 4460 2820 4515 per
2849 4445 3249 4501 intlevotionem
3298 4456 3353 4501 et
3379 4447 3605 4502 abusum

392 4527 421 4563 a
457 4510 727 4585 plerisque
762 4525 991 4585 suorum
1015 4512 1544 4585 temporumnegiigi
1580 4515 2093 4585 conqueriturghac
2124 4510 2736 4585 epistola'adhortatur;
2776 4532 2899 4571 cum
2932 4517 3190 4581 rationes,
3226 4532 3348 4585 qua:
3382 4518 3434 4572 in
3471 4534 3603 4573 con-

389 4582 617 4634 trarium
648 4580 829 4635 facere
855 4581 1194 4649 videbantur,
1224 4584 1293 4637 ab
1323 4580 1631 4637 hominibus
1664 4598 1855 4652 parum
1884 4584 1987 4654 piis
2013 4580 2228 4652 allatas,
2270 4585 2428 4640 facile
2458 4585 2722 4642 diluisset.

384 4717 602 4773 Sanctis
661 4717 920 4775 fratribus
981 4718 1034 4772 in
1086 4734 1270 4776 eremo
1320 4719 1656 4788 constitutis,
1686 4719 1903 4778 PETRUS
1932 4725 1983 4785 D
2000 4724 2154 4804 junia
2177 4764 2191 4789 ,
2217 4739 2338 4794 quae
2364 4724 2614 4780 videlicet
2640 4724 2904 4780 hactenus
2937 4724 2989 4779 in
3017 4724 3239 4794 antiqua
3288 4725 3594 4795 progenito-

310 4818 564 4881 peccator
590 4811 887 4867 monachus
911 4810 1161 4867 salutem.

382 4901 717 4957 Naturaliter
740 4914 919 4959 autem
951 4905 1054 4961 hoc
1082 4907 1272 4961 morbo
1300 4905 1534 4961 humana
1570 4905 1785 4964 laborat
1815 4907 1901 4962 in-

309 4992 569 5059 ﬁrmitas,
598 5003 658 5048 ut
685 5011 753 5049 ex
782 4997 1129 5052 continentia:
1160 4998 1339 5068 rigore
1366 4998 1523 5054 facile
1550 5010 1804 5064 corruat;
1831 5000 1898 5055 ad

307 5086 569 5139 virtutum
607 5100 734 5140 vero
763 5096 963 5141 statum
1014 5088 1464 5159 disciplinamque
1516 5090 1733 5146 vivendi
1762 5088 1899 5143 ditii-

305 5176 483 5231 culter
510 5185 781 5248 assurgat.
809 5176 965 5233 Unde
991 5178 1051 5232 fit
1075 5188 1135 5233 ut
1162 5196 1286 5234 cum
1308 5180 1614 5235 districtum
1644 5179 1773 5249 quid
1799 5194 1896 5249 pro

307 5265 420 5322 Deo
446 5268 691 5337 arripere
714 5268 961 5334 nitimur,
989 5269 1087 5324 soli
1123 5270 1262 5324 viam
1290 5269 1494 5327 laboris
1523 5286 1747 5327 necesse
1770 5278 1891 5335 est,

298 5355 394 5408 vix
429 5355 610 5426 aliquo
639 5359 962 5423 comitante,
991 5375 1314 5431 carpamus;
1341 5362 1486 5431 quod
1512 5362 1557 5417 si
1588 5377 1687 5415 nos
1715 5376 1893 5430 quan-

305 5446 553 5503 tumlibet
582 5449 648 5502 ad
677 5450 970 5520 voluptatis
1015 5450 1158 5505 fluxa
1211 5452 1539 5507 remittimus
1562 5492 1577 5515 ,
1619 5450 1898 5506 ultroneos

304 5545 503 5605 praesto
532 5538 598 5591 ad
627 5538 948 5595 imitandum
974 5557 1072 5597 nos
1100 5541 1448 5610 quamplures
1478 5542 1655 5596 socios
1685 5542 1892 5596 inveni-

305 5636 452 5679 mus.
480 5626 613 5695 Hoc,
634 5629 975 5687 dilectissimi
1006 5632 1224 5700 fratres,
1252 5631 1455 5688 idcirco
1483 5633 1888 5703 conquerimur,

302 5712 433 5784 quia
469 5714 728 5789 pleraque
753 5733 850 5789 per
894 5721 1145 5778 annalem
1189 5721 1451 5779 circulum
1488 5722 1797 5777 veneranda
1821 5722 1894 5791 je-

2013 4831 2130 4868 rum
2154 4825 2463 4869 nostrorum
2487 4814 2775 4869 traditione
2790 4815 3079 4879 coluimus,
3100 4831 3241 4869 nunc
3254 4815 3599 4885 quibusdam,

2011 4920 2182 4959 novas
2206 4905 2349 4958 velut
2380 4914 2559 4959 sectas
2589 4905 3090 4977 introducentibus,
3122 4907 3323 4975 passim
3369 4905 3564 4975 negiigi
3584 4946 3599 4969 ,

2009 5004 2063 5050 et
2094 4996 2146 5049 in
2176 4995 2522 5065 prandiorum
2552 4996 2737 5066 epulas
2770 5006 2974 5051 mutata
3024 4998 3288 5052 dolemus.
3338 4996 3470 5065 Qua:
3513 5000 3597 5052 ni-

2006 5087 2203 5140 mirum
2236 5086 2324 5141 hic
2351 5101 2675 5142 enumerare
2714 5087 2948 5142 otiosqu
2990 5102 3114 5143 esse
3161 5104 3269 5142 non
3312 5088 3593 5152 ducimus;

2002 5177 2075 5231 ita
2125 5186 2184 5230 ut
2227 5177 2394 5231 etiam
2441 5178 2683 5232 rationes
2730 5177 3102 5247 singulorum,
3151 5194 3249 5232 cur
3277 5180 3452 5234 omitti
3490 5195 3595 5235 non

2001 5266 2257 5334 debeant,
2305 5277 2465 5339 prout
2493 5268 2734 5336 epistolae
2774 5269 3154 5339 compendium
3184 5271 3412 5338 patitur,
3463 5272 3593 5326 alle-

2005 5372 2212 5414 ramus.

2516 5449 2745 5505 CAPUT
2784 5448 3074 5505 PRIMUM.

2002 5560 2109 5616 Cur
2156 5561 2211 5614 in
2256 5559 2448 5632 uigiliis,
2492 5561 2876 5629 Assumptionis
2946 5561 3119 5632 beata:
3168 5560 3396 5632 Virginis
3443 5573 3491 5619 et
3520 5563 3585 5618 Β.

2252 5629 2477 5684 Joannis
2512 5632 2765 5693 Baptista:
2804 5630 2975 5685 natali
3005 5629 3338 5700 jejuuamus.

2074 5721 2186 5790 Age
2210 5720 2392 5791 igitur,
2418 5735 2516 5775 cur
2542 5719 2943 5789 Assumptionis
2963 5720 3135 5775 beatae
3162 5718 3345 5776 Maria:
3374 5736 3589 5790 semper
