4054 6184
460 331 555 387 801

1361 338 1607 396 Ol'USC.
1649 341 1759 398 LV.
1791 374 1859 384 —
1892 345 1981 400 DF.
2012 344 2502 401 CELEBRANDIS
2545 345 2830 403 V.GlLllS.

3630 342 3733 399 802

455 440 695 511 Virginis
710 440 935 512 jeju‘niis
966 458 1072 498 non
1101 453 1227 501 sunt
1255 446 1594 505 celebrandae
1628 452 1857 522 vigiliae?
1886 471 2047 525 quam
2078 465 2125 522 Α
2154 457 2374 511 omnino
2408 456 2686 520 nescierit,
2743 458 2921 526 partui
2974 466 3151 514 tamen
3206 459 3359 515 dolor
3399 459 3737 517 familiariter

454 529 706 585 videlicet
745 532 1193 588 consuetudinem
1240 550 1412 605 usque
1455 539 1525 592 ad
1571 556 1702 605 nos,
1733 542 1843 597 imo
1881 559 2052 614 usque

453 635 599 675 nunc
629 620 817 691 procul
862 622 1027 677 dubio
1074 626 1324 680 novimus
1360 636 1413 681 et
1443 629 1748 700 antiquitus
1779 635 2052 690 tenuisse?

451 708 536 765 An
563 712 688 780 quia
717 710 811 766 Dei
843 711 1089 767 Genitrix
1112 730 1177 769 ex
1203 716 1307 771 hac
1332 718 1442 772 vita
1468 735 1564 789 per
1592 725 1916 793 martyrium
1940 742 2046 781 non

452 804 739 859 transivit?
765 805 871 861 Sed
901 807 944 860 si
982 808 1095 862 luec
1129 816 1214 864 est
1245 811 1385 865 ratio
1420 828 1520 868 cur
1543 814 1781 884 jejunari
1814 834 1922 874 non
1955 821 2049 877 de-

367 884 394 971 ί
450 894 607 961 beat;
656 912 791 966 ergo
816 898 1078 953 nativitas
1106 899 1252 955 beati
1284 906 1638 971 praecursoris
1683 906 1887 964 Christi
1931 912 2049 967 sine

450 1002 612 1042 causa
637 987 845 1058 jejunio
875 992 1224 1059 prtevenitur,
1271 997 1489 1063 quando
1532 998 1740 1055 scilicet
1768 1017 1876 1057 non
1921 1004 2047 1061 hinc

449 1094 586 1149 puer
608 1082 872 1150 propheta
906 1084 1169 1153 migrasse
1200 1099 1299 1153 per
1327 1086 1699 1157 gladium,sed
1726 1091 1830 1147 huc
1862 1095 2046 1163 potius

450 1174 768 1243 agnoscitur
811 1176 1026 1230 venisse
1072 1192 1169 1245 per
1200 1186 1435 1233 uterum.
1484 1182 1557 1235 At
1589 1183 1634 1236 si
1673 1183 1752 1239 rei
1811 1185 2047 1256 dignitas

448 1265 739 1335 vigilanter
767 1265 1077 1336 inspicitur,
1108 1268 1312 1323 idcirco
1339 1280 1572 1339 utraque
1609 1272 1725 1328 licet:
1772 1274 2045 1332 festivitas

450 1355 612 1426 digne
638 1355 939 1426 praemissis
966 1366 1050 1412 est
1075 1359 1396 1430 excipienda
1438 1360 1697 1431 jejuniis;
1745 1368 1869 1434 quia
1898 1376 1951 1421 et
1978 1366 2042 1423 Β.

448 1447 617 1517 Virgo
640 1447 943 1504 molestiam
966 1450 1151 1506 carnis
1173 1452 1411 1508 moriens
1437 1454 1685 1524 pertulit,
1707 1466 1763 1510 et
1786 1456 1849 1511 Β.
1878 1456 2043 1514 Joan-

449 1552 546 1592 nes
578 1553 675 1607 per
704 1540 1071 1595 conditionem
1102 1543 1358 1597 nascendi
1407 1559 1475 1598 ex
1526 1548 1788 1602 maternis
1817 1549 2043 1605 visceri-

445 1630 547 1685 bus
572 1631 837 1702 vagiendo
869 1646 935 1687 ac
962 1631 1225 1701 plorando
1253 1635 1541 1705 processit.
1588 1636 1783 1692 Merito
1814 1638 1922 1695 illis
1947 1655 2045 1710 per

439 1722 645 1793 jejunia
676 1723 925 1793 pridiana
970 1726 1354 1795 cumpatimur,
1383 1736 1443 1781 ut
1478 1727 1924 1785 illucescentibus
1953 1746 2042 1786 eo-

2152 557 2235 603 est
2265 549 2604 619 conjunctus,
2644 559 2880 605 testante
2907 548 3143 606 Veritate
3197 568 3316 622 qua:
3345 553 3454 606 ait:
3486 571 3504 603 ι
3548 552 3739 607 Μιλησι-

2153 654 2277 693 cum
2328 640 2475 709 parit
2510 640 2785 695 tristitiam
2818 642 3004 704 habet,
3050 644 3175 711 quia
3229 644 3375 698 venit
3406 644 3537 698 liora
3585 645 3733 711 ejus;

2153 746 2275 787 cum
2329 741 2511 787 autem
2555 732 2827 802 pepererit
2872 748 3123 801 puerum,
3166 733 3279 803 jam
3328 750 3435 787 non
3488 735 3736 789 meminit

2150 836 2417 893 pressura:
2446 832 2668 893 propter
2689 824 2970 894 gaudium,
3019 825 3143 895 quia
3189 837 3348 880 natus
3375 836 3458 880 est
3490 826 3649 880 homo
3680 827 3733 881 in

2148 913 2407 967 mundum
2438 913 2618 981 (Joan.
2642 916 2776 983 XVI).
2810 932 2827 964 ι
2855 912 3010 968 Unde
3033 929 3137 967 non
3176 915 3442 969 inuuerito
3470 923 3579 968 tota
3611 931 3735 968 San-

2146 1005 2230 1051 cta
2254 996 2514 1066 Ecclesia,
2542 998 2682 1052 sicut
2704 998 2952 1053 morienti
2971 998 3188 1052 Christo
3209 1000 3584 1063 counnoritur,
3608 1016 3730 1053 cum

2148 1097 2466 1157 resurgente
2522 1088 2821 1157 consurgit,
2860 1104 2980 1141 cum
3018 1089 3187 1145 cwlos
3219 1091 3549 1143 ascendente
3601 1106 3728 1142 con-

2145 1178 2392 1245 scendit;
2428 1178 2500 1233 ita
2528 1179 2924 1247 quodammodo
2952 1194 3076 1232 cum
3108 1180 3265 1233 beata
3298 1179 3414 1248 ejus
3456 1177 3732 1234 Genitrit-e

2143 1270 2385 1339 patiente
2417 1269 2774 1339 comparturit
2794 1309 2808 1333 ,
2846 1270 3115 1337 simulque
3144 1269 3297 1337 quasi
3339 1269 3647 1338 parturiens
3678 1269 3730 1321 in

2142 1360 2345 1431 vigiliis
2388 1369 2619 1423 moeret,
2653 1368 2713 1413 ιιι
2758 1359 3046 1429 puerperio
3086 1358 3277 1414 salutis
3313 1360 3486 1413 eil‘uso
3517 1374 3637 1411 cum
3668 1374 3729 1411 ea

2146 1451 2307 1505 simul
2338 1452 2390 1506 in
2420 1462 2613 1506 sancta
2653 1451 2945 1505 Nativitate
2999 1449 3313 1519 conjubilet,
3367 1459 3633 1520 quatenus
3662 1451 3729 1503 ad

2146 1551 2307 1597 tanta:
2364 1543 2726 1598 solemnitatis
2790 1543 3019 1613 gloriam
3082 1557 3189 1596 non
3250 1541 3409 1596 modo
3462 1542 3731 1612 spirituali

2143 1634 2385 1704 tripudio
2424 1648 2580 1689 mens
2610 1634 2824 1705 gliscat,
2857 1633 2950 1688 sed
2982 1642 3035 1687 et
3064 1632 3178 1702 ipsa
3227 1647 3353 1686 caro
3394 1648 3514 1700 qua:
3535 1630 3727 1705 afflicta

2146 1721 2326 1778 fuerat
2365 1723 2705 1795 refrigerium
2744 1737 2969 1779 sensura
3020 1723 3372 1791 congaudeat,
3401 1720 3554 1790 juxta
3602 1721 3727 1774 illud

446 1829 563 1867 rum
589 1813 888 1879 solemniis,
911 1816 1184 1871 communi
1209 1831 1330 1870 cum
1352 1818 1433 1872 eis
1454 1816 1641 1872 lastitia
1664 1819 2030 1888 perfruamur;
2069 1806 2110 1864 Β
2140 1812 2425 1883 Propheta:
2450 1832 2462 1868 τ
2493 1832 2511 1865 ε
2570 1814 2752 1868 Sillim
2775 1815 2826 1868 ῖη
2853 1822 2923 1879 ιθ.
2953 1814 3152 1885 inquii.
3185 1814 3365 1867 anima
3400 1828 3545 1879 mea;
3567 1828 3727 1883 llum“

444 1911 503 1956 ut
531 1918 766 1960 marore
794 1905 952 1959 simul
987 1921 1109 1961 cum
1158 1905 1265 1960 illis
1292 1904 1477 1961 aﬂlicti
1500 1947 1514 1973 ,
1541 1908 1700 1962 simul
1733 1910 2034 1979 epulemur,

442 1992 604 2047 etiam
655 1994 851 2064 gaudio
900 1994 1101 2050 feriati.
1149 1996 1219 2049 At
1266 1995 1493 2052 fortasse
1525 1998 1742 2063 dicitur,
1795 2001 1921 2070 quia
1971 2000 2034 2055 Β.

440 2083 638 2155 Virgo,
670 2100 791 2154 quae
829 2085 945 2141 sine
975 2086 1163 2142 dolore
1192 2086 1316 2141 vita:
1341 2098 1624 2143 auctorem
1652 2090 1848 2155 edidit,
1885 2090 2038 2147 dolo-

440 2190 556 2230 rem
584 2177 867 2232 moriendo
897 2192 1003 2232 non
1032 2178 1244 2233 sensit?
1273 2177 1381 2234 Sed
1423 2194 1527 2248 qua
1558 2181 1881 2237 auctoritate
1907 2196 2029 2238 eam

437 2266 562 2334 quis
597 2267 873 2321 divinetur
901 2267 954 2321 in
987 2282 1215 2336 corpore
1246 2284 1354 2324 non
1400 2269 1640 2325 doluisse
1674 2272 2034 2339 morientem,

438 2357 596 2427 cujus
625 2359 865 2413 animam
897 2361 1277 2430 pertransierit
1306 2361 1516 2430 gladius
1560 2363 1740 2419 adhuc
1767 2366 1933 2420 etiam
1980 2366 2035 2420 in

436 2464 604 2505 carne
632 2450 978 2505 manentem?
1025 2448 1177 2519 (Luc.
1212 2451 1297 2521 ιι.)
1325 2450 1633 2506 Praesertim
1665 2468 1786 2507 cum
1831 2463 1887 2507 et
1924 2454 2038 2524 ipse

436 2538 708 2594 mediator
734 2538 827 2595 Dei
857 2547 911 2593 et
938 2538 1217 2593 hominum
1242 2541 1539 2595 moriturus
1561 2540 1706 2596 dicat
1735 2559 1747 2595 :
1785 2562 1801 2593 ι
1834 2541 2038 2599 Tristis

437 2639 519 2685 est
546 2631 724 2685 anima
751 2645 870 2685 mea
900 2645 1074 2700 usque
1105 2631 1172 2683 ad
1205 2639 1440 2686 mortem
1471 2630 1687 2693 (Matth.
1717 2632 1891 2702 xxvi).
1915 2652 1933 2683 ι
1962 2633 2037 2688 De

437 2737 544 2791 quo
579 2730 632 2776 et
668 2721 863 2776 Petrus
893 2739 905 2775 :
942 2739 960 2772 ι
992 2719 1161 2787 Quem
1193 2722 1366 2786 Deus,
1416 2721 1618 2790 inquit,
1669 2722 1955 2777 suscitavit
2001 2741 2031 2779 a

439 2811 695 2877 mortuis,
724 2810 917 2867 solutis
960 2810 1240 2865 doloribus
1282 2810 1478 2865 inferni
1526 2809 1719 2881 (Marc.
1759 2826 1878 2877 xw;
1914 2811 2033 2865 Act.

442 2916 480 2955 ιι
508 2902 547 2971 ).
588 2920 608 2954 ι
671 2901 778 2956 Sed
808 2900 925 2956 sive
950 2900 1191 2956 moriens
1213 2900 1455 2955 dolorem
1486 2916 1590 2956 non
1615 2902 1865 2965 senserit,
1893 2904 2036 2973 quod

443 2992 581 3046 Deus
609 2991 796 3062 utique
824 2991 1028 3061 potuit;
1079 2992 1194 3047 sive
1245 2992 1511 3056 senserit,
1555 2996 1699 3062 quod
1747 2995 2031 3063 permisit:

441 3081 605 3147 unde,
637 3096 842 3151 quaso.
881 3081 981 3137 iste
1007 3090 1091 3137 est
1116 3084 1445 3152 praedicator
1473 3084 1776 3152 epularum,
1806 3094 1862 3142 et
1889 3086 2033 3142 salu-

440 3172 573 3228 taris
596 3173 938 3228 abstinentia:
970 3173 1252 3239 inimicus,
1290 3175 1393 3230 nisi
1421 3190 1488 3229 ex
1535 3190 1723 3231 eorum
1768 3192 2028 3243 numero,
2059 3152 2103 3215 (ἶ

437 3265 505 3319 de
550 3264 747 3333 quibus
788 3264 1078 3333 Apostolus
1130 3267 1507 3337 conqueritur,
1556 3268 1791 3323 dicens:
1826 3287 1845 3320 ι
1882 3269 2030 3325 Multi

436 3358 581 3411 enim
610 3357 907 3423 ambulant,
936 3373 1075 3428 quos
1105 3373 1247 3429 smpe
1273 3358 1521 3413 dicebam
1552 3358 1729 3425 vobis,
1763 3376 1907 3415 nunc
1933 3377 2028 3414 au-

439 3456 545 3502 tem
571 3456 624 3503 et
653 3446 787 3505 ﬂens
830 3448 953 3504 dico
972 3488 987 3515 ,
1039 3449 1291 3503 inimicos
1319 3449 1500 3504 crucis
1543 3450 1771 3516 Christi,
1800 3467 2032 3520 quorum

439 3539 562 3596 linis
590 3542 875 3607 interitus,
904 3550 959 3597 et
982 3557 1214 3612 quorum
1250 3542 1393 3597 Deus
1415 3550 1607 3597 venter
1634 3552 1719 3598 est
1738 3584 1752 3605 ,
1779 3553 1832 3598 et
1859 3543 2031 3614 gloria

438 3632 491 3685 in
528 3631 845 3688 confusione
871 3632 1134 3703 ipsorum,
1160 3633 1251 3701 qui
1276 3640 1492 3688 terrena
1516 3634 1735 3703 sapiunt
1765 3631 2025 3704 (Philipp.

437 3726 539 3795 ιιι).
581 3744 599 3777 ι
632 3723 845 3795 Moyses
889 3734 942 3779 et
970 3725 1151 3779 Aaron
1202 3723 1393 3780 mortis
1423 3725 1601 3780 debita
1638 3727 2029 3795 persolveutes,

438 3831 731 3872 mensuruo
783 3815 861 3888 [Ι.
912 3815 1226 3888 menstruo]
1276 3817 1485 3871 dierum
1532 3816 1707 3886 spatio
1754 3816 2029 3889 sigillatim

435 3906 662 3977 quisque
693 3906 761 3961 ab
796 3906 1084 3961 Israelitica
1120 3906 1275 3975 plebe
1307 3907 1651 3977 deplangitur
1697 3906 1887 3977 (Nam.
1924 3923 2024 3970 u;

366 4032 367 4041 η
437 3996 595 4051 Deut.
622 3998 831 4069 xxxnv).
860 3997 1182 4054 Defunctum
1210 4013 1425 4068 quoque
1448 3997 1616 4053 Jacob
1638 4009 1748 4054 tota
1761 3997 2029 4071 Aigyptus

438 4086 645 4157 lugubri
668 4088 1009 4158 septuaginta
1031 4088 1243 4143 dierum
1267 4088 1658 4143 lamentatione
1679 4090 2028 4159 prosequitur

440 4176 596 4247 (Cen.
627 4177 703 4248 ι).
736 4176 816 4231 Tu
843 4177 1068 4233 obeunti
1103 4176 1369 4232 Genitriei
1404 4178 1520 4243 Dei,
1551 4194 1659 4232 uno
1689 4178 1885 4234 saltem
1914 4179 2023 4244 die,

410 4306 413 4309 ‹
440 4267 639 4336 refugis
665 4267 921 4335 compati,
947 4277 1006 4322 ut
1025 4269 1169 4323 inter
1188 4268 1304 4339 ejus
1326 4267 1588 4323 solemnia
1610 4268 1807 4323 merito
1829 4269 2025 4325 debeas

360 4427 374 4433 ἢ
436 4361 693 4431 gloriari?

508 4450 677 4506 Porro
708 4452 774 4505 de
798 4450 1090 4509 Nativitate
1118 4451 1419 4508 Salvatoris
1451 4469 1557 4508 non
1589 4453 1767 4507 minus
1796 4454 2022 4508 inhone-

438 4554 579 4599 stum
622 4544 755 4613 quid
797 4553 851 4597 et
892 4544 1153 4600 indecens
1200 4545 1402 4614 agitur,
1434 4560 1557 4600 cum
1600 4545 1655 4599 in
1683 4545 1800 4616 ejus
1829 4546 2025 4617 vigiliis

440 4650 468 4687 a
499 4634 773 4689 nonnullis
801 4634 905 4688 etsi
942 4644 1150 4689 tantum
1180 4644 1451 4699 ctenetur,
1480 4634 1607 4689 vino
1637 4643 1816 4690 tamen
1861 4647 1914 4691 et
1942 4637 2020 4691 di-

436 4728 612 4782 versis
643 4725 950 4780 coctionum
997 4725 1347 4795 apparatibus
1382 4724 1706 4795 indulgetur.
1738 4725 1904 4780 Plane
1930 4741 2027 4779 au-
2064 4788 2071 4793 ,

437 4826 544 4871 tem
576 4814 732 4886 panis
758 4814 846 4868 ille
874 4813 940 4867 ad
971 4814 1073 4868 hoc
1102 4814 1168 4868 de
1192 4813 1328 4867 caelo
1347 4812 1512 4883 845
1535 4813 1817 4868 descendit
1843 4814 2025 4882 (Jomt.

436 4907 538 4978 vi),
572 4914 631 4961 ut
650 4904 763 4973 jam
798 4904 1103 4959 communis
1132 4903 1287 4957 cibus
1309 4904 1380 4957 sit
1404 4904 1568 4957 etiam
1596 4904 1900 4967 hominum,
1930 4905 2025 4972 qui

436 5006 663 5053 eatenus
714 4994 964 5065 specialis
1019 5002 1227 5047 tantum
1272 4992 1449 5045 fuerat
1494 4991 1837 5061 angelorum;
1890 4993 2024 5047 satis

437 5088 729 5143 absurdum
746 5093 850 5151 est,
869 5085 914 5140 si
938 5082 1231 5139 refectione
1246 5083 1463 5139 caelitus
1483 5093 1801 5152 erumpente
1816 5084 2021 5149 divina,

438 5179 614 5234 locum
642 5189 843 5250 priesto
888 5192 996 5231 non
1029 5176 1308 5247 praebeant
1354 5175 1611 5229 alimenta
1665 5184 1900 5231 terrena.
1956 5176 2024 5230 Et

442 5280 570 5327 tunc
592 5272 705 5325 vini
743 5269 1017 5326 faeculenti
1050 5268 1411 5338 ingurgitatio
1448 5267 1710 5320 mentium
1742 5282 1902 5321 nares
1927 5268 2025 5323 oh-

446 5360 639 5425 tundit,
672 5376 793 5415 cum
817 5360 932 5428 jam
958 5359 1093 5414 odor
1138 5357 1379 5412 cwlestis
1404 5356 1592 5427 gratiae
1617 5356 1870 5411 mellillua
1898 5373 2020 5410 sua-

443 5452 611 5507 vitate
638 5452 885 5521 respirat.
909 5449 1042 5503 Nam
1070 5459 1125 5503 et
1148 5448 1382 5502 amicum
1403 5463 1560 5501 suum
1583 5448 1837 5517 quisque,
1859 5463 2021 5517 quem

445 5542 511 5595 de
545 5541 837 5612 longinquo
865 5540 1167 5595 venientem
1195 5538 1354 5593 unice
1378 5538 1564 5593 videre
1590 5539 1885 5605 desiderat,
1915 5555 2021 5594 non

445 5633 619 5703 epulis
638 5647 859 5695 vacans,
878 5632 971 5686 sed
997 5630 1476 5701 alacriterjejunus
1502 5637 1806 5699 exspectat.
1838 5628 2023 5695 Quan-

448 5738 609 5786 quam
661 5722 805 5776 enim
854 5730 1044 5789 partus
1096 5720 1185 5775 ille
1235 5718 1530 5791 singularis
1560 5717 1765 5776 doloris
1804 5717 2022 5774 taedium

2141 1905 2516 1975 multipliciter
2542 1918 2597 1961 et
2620 1921 2750 1961 caro
2780 1906 2929 1961 mea!
2961 1926 2980 1959 ι
3011 1904 3185 1976 (Ρδαι.
3219 1906 3378 1977 uti.)

2776 2016 3005 2073 CAPUT
3030 2017 3090 2072 ll.

2137 2086 2445 2157 Aliquorum
2466 2087 2662 2142 abusus
2682 2089 2737 2141 in
2756 2089 3035 2143 mulcenda
3058 2105 3197 2153 uoce,
3218 2098 3271 2141 ut
3294 2087 3478 2141 melius
3504 2098 3721 2141 canant.

2209 2177 2462 2234 Nonnulli
2491 2179 2649 2249 plane
2669 2220 2685 2244 ,
2713 2177 2855 2247 quod
2886 2181 3320 2248 prmtereundum
3352 2195 3458 2235 non
3484 2189 3586 2243 est,
3618 2178 3728 2248 spi-

2138 2268 2349 2323 ritualis
2377 2270 2581 2325 militiae
2609 2270 2806 2325 fratres
2836 2271 2936 2325 sub
2979 2270 3080 2325 hac
3112 2273 3399 2340 occasione
3432 2272 3482 2325 in
3528 2273 3722 2341 praedi-

2138 2357 2241 2412 ctis
2262 2357 2458 2426 vigiliis
2488 2359 2752 2423 victitant,
2784 2366 2842 2412 ut
2868 2361 2935 2412 ad
2964 2358 3335 2427 personandas
3365 2358 3723 2412 ecclesiastici

2141 2448 2404 2504 melodias
2441 2450 2604 2505 ofﬁcii
2639 2451 2911 2506 robustius
2963 2450 3366 2505 convalescant.
3402 2450 3507 2504 Sed
3537 2451 3581 2504 si
3616 2466 3722 2503 non

2140 2548 2248 2592 tam
2273 2540 2537 2594 humanas
2571 2556 2732 2610 quam
2756 2540 2965 2595 divinas
2986 2556 3146 2595 aures
3168 2541 3417 2610 capimus
3439 2555 3501 2596 ex
3527 2557 3714 2595 vocum

2139 2640 2445 2684 nostrarum
2470 2630 2865 2699 quantumlibet
2887 2640 3138 2685 accurata
3161 2631 3428 2685 suavitate
3459 2632 3716 2695 n’tulcere,

2138 2720 2387 2789 corporis
2417 2720 2590 2774 nostri
2623 2729 2939 2790 tympanum
2968 2720 3164 2774 celsius
3195 2720 3463 2774 intonabit
3494 2719 3718 2785 siccum,

2137 2822 2298 2877 quam
2341 2808 2550 2878 liquore
2598 2809 2709 2862 vini
2751 2808 2834 2863 vel
2868 2808 2971 2863 olei
3025 2808 3348 2879 pinguedine
3395 2809 3716 2863 delibutum.

2138 2900 2435 2968 Meliusque
2466 2908 2550 2953 est
2598 2908 2658 2953 ut
2700 2913 2797 2968 pro
2844 2898 3031 2953 labore
3068 2898 3259 2969 jejunii
3292 2899 3558 2954 cantilena
3610 2898 3711 2953 sub

2138 2992 2323 3047 sobrio
2379 2990 2724 3046 discretionis
2755 2989 3127 3044 moderamine
3160 2999 3511 3060 temperetur,
3555 3006 3719 3059 quam

2136 3094 2196 3139 ut
2224 3099 2320 3154 pro
2348 3084 2733 3153 superstitione
2749 3082 3001 3146 canendi,
3032 3082 3379 3138 saecularibus
3405 3099 3434 3136 a
3452 3083 3719 3153 spirituali

2134 3178 2325 3232 ordine
2378 3176 2759 3232 dissolutionis
2810 3176 3118 3245 prtebeatur
3152 3175 3481 3242 exemplum.
3534 3175 3719 3229 Plane.

2134 3286 2256 3324 cum
2295 3276 2403 3323 tam
2439 3268 2658 3336 longum
2709 3265 3150 3334 Quadragesima:
3188 3266 3442 3332 spatium,
3498 3266 3641 3332 quod
3688 3280 3718 3317 a

2132 3359 2390 3415 Patribus
2417 3367 2500 3412 est
2529 3356 2832 3428 prseiixum,
2886 3354 3167 3408 Nativitati
3224 3353 3435 3406 Domini
3466 3354 3720 3408 ‘militare

2134 3451 2513 3521 cognoscitur.
2573 3449 2769 3502 mirum
2820 3454 2904 3502 est
2950 3444 3219 3516 quomodo
3277 3453 3384 3498 tam
3458 3445 3716 3515 praeclara

2134 3543 2404 3599 festivitas
2441 3541 2555 3597 solo
2586 3540 2892 3611 vigiliarum
2924 3553 3145 3594 suarum
3192 3538 3402 3592 honore
3455 3538 3719 3607 privetur.

2134 3632 2302 3686 Porro
2332 3638 2514 3689 autem
2545 3630 2815 3700 quomodo
2861 3643 2970 3683 non
3024 3627 3419 3693 erubescimus,
3464 3628 3607 3697 quia,
3664 3636 3723 3681 ut

2125 3722 2240 3792 jam
2294 3719 2497 3777 dictmn
2543 3728 2647 3786 est,
2689 3719 3027 3774 nativitatem
3080 3717 3244 3783 servi,
3274 3716 3415 3772 beati
3469 3716 3722 3772 videlicet

2131 3814 2355 3870 Joannis
2392 3812 2668 3883 Baptism,
2703 3827 2900 3882 aquam
2936 3810 3170 3866 bibendo
3201 3810 3626 3880 prtecurrimus;
3663 3810 3713 3863 in

2131 3904 2326 3974 vigiliis
2355 3919 2484 3957 vero
2513 3903 2806 3956 Dominicae
2830 3900 3137 3956 Nativitatis
3161 3902 3282 3955 vina
3314 3901 3719 3955 incontinenter

2129 3996 2374 4051 olemus?
2400 3992 2707 4048 Praesertim
2745 4007 2869 4046 cum
2897 3991 3012 4046 dies
3061 3990 3148 4045 ille
3175 4005 3286 4060 prie
3313 3991 3525 4044 cunctis
3561 3991 3685 4043 anni

2130 4087 2338 4151 diebus,
2386 4095 2441 4140 et
2489 4084 2681 4139 :cstivo
2726 4091 2977 4138 caumate
3020 4081 3261 4137 fervidus
3326 4090 3380 4136 et
3436 4082 3608 4151 spatio
3649 4083 3721 4137 sit

2129 4178 2399 4247 prolixus;
2446 4176 2550 4231 iste
2602 4189 2733 4231 vero
2771 4182 2825 4228 et
2863 4172 3045 4229 brevis
3096 4172 3168 4227 sit
3215 4184 3272 4227 et
3312 4172 3618 4227 humectus.
3651 4173 3718 4227 Et

2128 4278 2277 4325 certe
2299 4269 2344 4324 si
2371 4268 2672 4339 vigiliarum
2710 4265 2887 4335 placet
2913 4263 3193 4329 instantia,
3252 4264 3477 4320 liberius
3520 4264 3715 4335 vigila-

2129 4378 2249 4417 mus
2298 4360 2573 4424 abstemii,
2606 4374 2768 4429 quam
2797 4358 2908 4413 vini
2940 4357 3248 4429 soporantis
3296 4357 3560 4413 ebrietate
3588 4374 3713 4430 gra-

2129 4456 2256 4509 vati.

2204 4544 2623 4614 Epiphaniarum
2664 4557 2879 4613 quoque
2916 4541 3126 4611 vigilias
3165 4542 3235 4596 ob
3288 4540 3713 4611 magnitudinem

2130 4636 2508 4698 solenmitatis,
2544 4634 2595 4687 in
2652 4649 2758 4701 qua
2800 4631 3049 4687 videlicet
3100 4640 3177 4684 tot
3226 4634 3279 4685 in
3325 4646 3488 4684 unum
3530 4645 3715 4684 sacra-

2132 4732 2309 4777 menta
2341 4732 2691 4785 concurrunt,
2720 4720 2939 4790 dignum
2974 4727 3056 4773 est
3075 4717 3353 4787 jejunarc:
3391 4717 3558 4787 846
3593 4719 3717 4772 licet

2133 4813 2188 4874 ii,
2217 4812 2414 4879 quibus
2448 4809 2607 4863 aliter
2652 4808 2872 4862 suaderi
2919 4813 3119 4875 potest,
3171 4822 3277 4859 non
3324 4806 3719 4875 prohibeantur

2130 4914 2252 4954 cum
2286 4897 2668 4965 quuamiuibus
2689 4904 2744 4951 et
2775 4896 2899 4948 vina
2926 4895 3223 4963 percipere.
3245 4893 3365 4956 llic,
3384 4894 3717 4957 utarliitror,

2124 4986 2554 5044 stomachabitur
2606 4986 2731 5040 vita:
2792 4984 3054 5039 mollioris
3094 4993 3358 5048 assertor,
3415 4983 3502 5038 hic
3553 4998 3717 5054 rugas

2126 5078 2412 5134 contrahet
2434 5075 2690 5130 fumantis
2716 5076 2878 5129 edulii
2927 5077 3253 5145 disputator,
3303 5073 3590 5127 clamitans
3626 5087 3713 5126 me

2128 5172 2409 5242 peregrina
2442 5166 2636 5237 jejunia
2663 5169 2871 5222 noviter
2894 5168 3259 5233 introducere,
3293 5182 3413 5236 qua:
3438 5164 3577 5217 nulla
3612 5164 3713 5217 Pa-

2132 5273 2273 5318 trum
2310 5259 2516 5314 valeam
2569 5259 2893 5313 auctoritate
2925 5259 3162 5313 ﬁrmare.
3194 5258 3300 5311 Sed
3337 5265 3393 5309 ut
3430 5270 3534 5308 non
3585 5272 3709 5309 eum

2127 5368 2193 5409 eo
2230 5352 2398 5405 lutum
2442 5350 2644 5405 diutius
2676 5358 2868 5413 teram,
2899 5349 2991 5402 sed
3024 5350 3151 5402 hiue
3200 5364 3284 5400 me
3335 5348 3713 5401 ineunctanter

2128 5444 2433 5513 expediam,
2465 5443 2609 5496 dicat
2638 5441 2769 5495 mihi
2799 5456 2894 5494 cur
2923 5442 3113 5494 beatus
3146 5439 3438 5508 Gregorius
3464 5438 3516 5490 in
3559 5438 3708 5491 ordi-

2129 5535 2347 5590 natione
2371 5533 2662 5587 missarum
2692 5530 2981 5600 specialem
3024 5528 3184 5597 hujus
3214 5528 3316 5582 diei
3356 5528 3576 5581 missam
3609 5542 3707 5596 po-

2131 5626 2260 5691 suit,
2288 5608 2678 5692 etlvigiliarum
2705 5621 3019 5691 Epiphaniae
3072 5622 3287 5674 nomine
3313 5618 3577 5673 titulavit?
3600 5618 3710 5673 Cur

2132 5717 2314 5787 itaque
2344 5713 2557 5785 vigilias
2587 5712 2850 5779 nominat,
2879 5712 2930 5767 in
2963 5712 3158 5782 quibus
3189 5712 3433 5766 ciborum
3484 5712 3706 5764 liberta.
