4054 6184
373 294 482 350 89⁸⁸6
836 287 898 344 S.
921 283 1126 343 PETRI
1171 277 1456 339 DAMIANI
1504 274 1660 332 OPP.
1698 269 1939 330 TOMUS

2048 267 2098 325 ιι]
2136 267 2315 326 PARS
2345 265 2429 322 Ill.
2451 261 2907 323 -οορυεευω
2948 260 3180 317 VARIA.
3539 266 3645 322 8M

371 418 482 465 tem
509 418 739 461 censura
758 399 948 471 jejunii
974 412 1078 454 non
1103 393 1378 466 castigat?
1408 391 1621 446 Etcum
1643 386 1950 457 vigiliarum
1987 397 2030 455 Α
2062 383 2169 437 tius
2190 381 2395 445 vivere,
2437 367 2931 471 spisri‘tualibushoc
2970 376 3250 471 ferendum
3271 384 3387 471 .est,
3421 393 3528 435 non
3556 395 3647 439 se-

371 501 555 555 missa:
577 469 793 566 semper
815 469 946 548 hora
992 501 1136 545 nono
1162 499 1228 541 ex
1263 481 1631 539 ecclesiastica
1671 487 1960 534 consuetu-
2060 473 2372 544 quendum;
2404 487 2470 526 ne
2489 472 2538 526 si
2569 480 2697 526 tunc
2729 469 2817 526 isli
2859 471 3138 525 sumendis
3164 470 3394 540 dapibus
3431 481 3644 534 vacant.

369 590 497 646 dine
530 588 892 648 celebrentur,
935 590 1005 636 ut
1026 568 1294 636 nimirum
1335 575 1403 630 ad
1431 570 1815 641 subsequentis
1851 569 1957 625 diei

376 681 668 736 videantur
689 674 951 732 solemnia
985 671 1292 742 pertinere;
1337 682 1439 723 cur
1491 667 1606 722 hac
1647 663 1956 734 vigiliarum

372 773 540 827 missa
561 770 797 832 dicatur,
820 781 942 837 quae
969 766 1107 820 hora
1123 762 1280 818 tertia
1295 760 1507 816 scilicet
1523 766 1648 812 ante
1667 755 1959 826 prandium

370 860 669 923 celebrata,
698 870 1041 926 nequaquam
1063 851 1308 925 sequenti
1327 851 1445 905 diei
1485 848 1719 903 militare
1737 845 1959 916 conspi-

373 951 548 1006 citur?
586 951 910 1020 Perquirant
939 947 1105 1018 igitur
1155 943 1524 999 manducones
1559 939 1733 995 nostri
1791 937 1958 993 totius

370 1042 584 1096 annalis
613 1039 800 1096 circuli
831 1037 1073 1108 singulos
1098 1035 1237 1100 dies,
1260 1041 1316 1089 et
1349 1047 1472 1088 cum
1505 1043 1774 1100 nusquam
1807 1043 1960 1098 repe-

372 1132 544 1186 rerint
567 1131 779 1202 vigilias
807 1128 939 1193 dici,
976 1129 1030 1183 in
1057 1126 1252 1198 quibus
1286 1125 1467 1179 missa:
1493 1123 1728 1178 debeant
1755 1121 1960 1191 absque

366 1221 574 1294 jejunio
624 1221 912 1287 celebrari,
963 1217 1274 1275 necessario
1321 1210 1622 1280 fateantur,
1674 1214 1728 1270 in
1757 1214 1959 1286 vigiliis

366 1311 685 1382 Epiphania:
713 1325 835 1366 cum
853 1308 1220 1366 celebratione
1235 1305 1544 1369 missarum,
1562 1303 1953 1360 celebrandum

369 1416 612 1472 quoque,
635 1408 843 1456 remota
869 1398 1016 1455 omni
1039 1397 1336 1462 dubietate,
1360 1395 1651 1468 jejunium.

369 1580 546 1637 Curin
571 1581 801 1638 Sabbato
813 1595 878 1636 ea:
897 1507 1560 1635 beagéslil‘tie’litgtentemia
1572 1576 1953 1648 jejunandunt.

440 1673 742 1737 Prmterea,
785 1672 852 1727 de
896 1667 1137 1741 paschali
1159 1682 1373 1738 quoque
1399 1666 1636 1722 Sabbato
1665 1665 1807 1736 quod
1851 1666 1957 1721 Do-

2057 565 2400 624 cumadhuc
2455 561 2680 632 apostoli
2735 577 2926 618 omnes
2967 561 3205 632 plorant,
3255 561 3326 624 ab
3353 576 3544 620 eorum
3589 577 3651 623 se

2058 667 2228 724 coitu,
2267 656 2411 728 quod
2441 655 2600 720 absit,
2627 663 2884 710 exsortes
2917 654 3226 714 ostendant.

2673 762 2905 821 CAPUT
2935 761 3034 818 l-V.

2053 856 2170 910 Cur
2197 855 2472 919 in'viqilia
2499 853 2914 908 :raurrectionis
2961 851 3171 907 Domim
3215 851 3401 911 Gloria
3433 854 3503 909 vin
3555 869 3650 912 ex-

2579 924 2738 980 celsis
2770 925 2879 979 Deo
2905 932 3150 978 canatur.

2129 1018 2243 1074 Nec
2275 1018 2428 1074 nobis
2468 1018 2760 1089 obiiciatur
2797 1015 2941 1087 quod
2977 1025 3106 1070 tunc
3141 1016 3195 1070 in
3239 1007 3532 1073 missarum
3563 1033 3652 1074 so-

2053 1113 2274 1168 lemniis
2315 1111 2589 1184 Gloriajn
2617 1109 2834 1165 excelsis
2865 1108 2974 1164 Deo
3000 1109 3253 1165 canitur:
3305 1110 3409 1166 hoc
3449 1113 3651 1183 quippe

2060 1218 2162 1275 pro
2189 1203 2533 1273 baptizandis
2559 1203 2754 1273 agitur,
2784 1208 2845 1256 ut
2875 1200 3133 1256 nimirum
3165 1199 3511 1259 illucescente
3533 1203 3649 1272 jam

2063 1294 2488 1349 resurrectionis
2516 1293 2708 1362 gloria,
2735 1293 2792 1348 in
2820 1299 2996 1348 morte
3030 1291 3244 1348 Domini
3272 1293 3539 1364 baptizari
3569 1295 3650 1346 vi-

2060 1381 2291 1437 deantur
2318 1381 2497 1454 (Rom.
2525 1383 2638 1455 vi);
2671 1381 2898 1451 ideoque
2935 1380 3121 1447 missa,
3151 1396 3272 1451 quas
3306 1381 3448 1438 intra
3475 1383 3649 1453 ipsum

2057 1474 2202 1529 diem
2225 1475 2565 1545 prohibetur,
2599 1483 2758 1532 nocte
2776 1473 3042 1531 celebrari
3083 1475 3420 1544 praecipitur.
3448 1473 3518 1530 Ut
3561 1476 3647 1529 ni—

2047 1565 2259 1618 mirum
2291 1563 2344 1618 in
2370 1564 2606 1634 quodam
2656 1561 2975 1627 meditullio,
3012 1562 3147 1618 hinc
3189 1562 3380 1618 mortis
3423 1561 3646 1630 Christi,

2048 1654 2189 1711 -inde
2215 1654 2656 1720 resurrectionis,
2690 1652 2962 1727 generalis
2987 1652 3245 1722 baptismi
3276 1657 3651 1710 constituatur

372 1763 590 1820 minicae
621 1760 1042 1818 resurrectionis
1088 1757 1315 1830 gloriam
1343 1757 1642 1822 antecedit,
1672 1749 2035 1826 perspicunéB
2058 1745 2301 1801 salutare
2341 1744 2682 1816 mysterium.
2723 1744 2792 1800 .ln
2835 1744 3093 1814 baptismi
3151 1745 3417 1816 siquidem
3467 1759 3649 1800 sacra-

370 1855 513 1910 ratio
541 1862 643 1921 est,
695 1853 824 1925 quia
874 1851 1121 1908 districta
1157 1849 1362 1905 debeat
1405 1843 1664 1920 jejunari.
1726 1845 1861 1902 Nam
1905 1845 1954 1903 si

369 1943 579 1998 auctori
608 1943 732 1997 vitae
766 1949 979 1997 mortuo
994 1954 1066 1995 ac
1091 1938 1302 2010 sepulto
1329 1942 1406 2010 ut|
1418 1953 1608 1993 revera
1639 1937 1756 2008 ejus
1786 1951 1955 1992 mem-

363 2035 467 2091 ‘bra
499 2034 880 2106 compatimur,
905 2032 954 2088 si
985 2032 1039 2087 in
1069 2030 1456 2100 discipulorum
1482 2028 1711 2101 collegio
1745 2029 1956 2084 consti-

372 2125 475 2180 tuti
499 2141 609 2179 una
633 2139 757 2179 cum
789 2119 1457 2192 apostolislamentamur,
1491 2131 1648 2190 turpe
1676 2128 1762 2175 cst
1777 2121 1826 2176 si
1855 2135 1955 2176 nos

368 2216 531 2285 pleno
574 2222 846 2268 ructemus
877 2211 1081 2267 ferculo
1139 2226 1261 2266 cum
1305 2211 1418 2277 ille,
1473 2226 1632 2281 quem
1687 2210 1953 2277 llevlimus,

370 2305 548 2359 adhuc
571 2303 753 2375 jaceat
776 2304 828 2358 in
858 2303 1145 2375 sepulcro.‘
1175 2303 1422 2374 Apostoli
1465 2303 1753 2372 siquidem,
1795 2301 1957 2358 Scri-

365 2403 527 2466 ptura
561 2403 814 2460 testante,
845 2394 1036 2449 tandiu
1067 2403 1287 2448 mortuo
1346 2392 1575 2448 Domino
1604 2391 1952 2461 compatiun-

372 2496 458 2540 tur
482 2487 533 2542 in
565 2486 732 2552 luctu,
766 2498 1361 2558 quousque'resurgens
1386 2492 1509 2555 post
1527 2483 1784 2549 triduum,
1815 2497 1955 2538 novo

370 2576 777 2632 lzctilicarcntur
829 2586 1049 2648 aspectu
1101 2574 1556 2647 (Hauluxxvm;
1607 2573 1778 2629 Marc.
1825 2589 1952 2640 xvi;

369 2667 501 2722 Luc.
541 2683 700 2736 xxiv;
728 2669 889 2723 Joan.
913 2669 1038 2738 xx).
1063 2666 1171 2722 Sed
1204 2683 1326 2731 nos,
1357 2676 1420 2721 ut
1448 2667 1515 2720 ab
1541 2665 1702 2736 hujus
1735 2675 1957 2722 contm-

366 2757 558 2814 versia:
603 2758 846 2812 molestia
871 2756 1147 2820 feriemur,
1180 2755 1502 2810 advocatum
1533 2755 1742 2808 ventris
1790 2755 1856 2808 ad
1890 2755 1951 2810 Β.

367 2848 616 2903 Silvestri
652 2847 964 2902 testimonia
994 2844 1758 2901 definitivatransmittimus:
1797 2844 1955 2914 cujus

369 2937 558 3006 utique
585 2936 977 2992 verbissiﬁdes
995 2934 1304 2997 adhibetur,
1330 2942 1525 2988 cuncta
1555 2933 1956 3002 protinusiuter

369 3043 468 3082 nos
491 3027 669 3098 jurgia
713 3027 1125 3097 conquiescunt.
1180 3024 1430 3081 Silvestri
1478 3024 1744 3094 siquidem
1791 3027 1953 3081 verba

2058 1847 2259 1904 mento,
2275 1839 2344 1894 ad
2369 1837 2949 1894 imitationem-Christi
2969 1846 3026 1893 et
3047 1837 3311 1895 morimur
3331 1847 3386 1894 et
3408 1839 3649 1911 resurgi-

2055 1944 2198 1989 mus.
2216 1929 2496 1994 Morimur,
2509 1924 2926 1999 dumJn'aquam
2943 1929 3268 2000 mergimur;
3294 1931 3644 1999 resurgimus,

2044 2019 2186 2074 dum
2214 2019 2479 2075 lavamur.
2498 2019 2654 2075 Unde
2665 2019 2792 2075 dicit
2807 2017 3098 2092 Apostolus
3115 2036 3170 2073 τι
3190 2019 3508 2090 Quicunque
3521 2019 3647 2091 bap-

2053 2108 2208 2162 tizati
2236 2108 2488 2164 sumusin
2517 2107 2895 2175 ChristoJesu,
2921 2108 3180 2165 inlmorte
3196 2108 3364 2180 ipsius
3387 2109 3645 2180 baptizati

2056 2199 2947 2271 sumus.'Consepulti-enimsumus
2963 2215 3086 2256 cum
3103 2199 3193 2256 illo
3205 2215 3305 2271 per
3315 2201 3643 2272 baptismum

2044 2295 2112 2350 .in
2135 2303 2330 2361 morte,
2351 2303 2411 2350 ut
2449 2295 2716 2365 quomodo
2755 2295 3258 2353 surrexitChristus
3293 2296 3644 2368 pergloriam

2057 2388 2258 2454 Patris,
2280 2387 2352 2443 ita
2387 2397 2443 2444 et
2469 2404 2569 2444 nos
2595 2388 2650 2443 in
2674 2389 2911 2445 novitate
2931 2388 3057 2443 vita:
3094 2387 3432 2444 ambulemus
3463 2387 3641 2459 (Rom.

2057 2482 2452 2552 νι).·›.Αι1,ιιοο
2478 2481 2635 2550 plane
2664 2481 2982 2549 inqsalutare
3005 2481 3276 2538 lavacrum
3325 2481 3641 2552 mergimur.

2055 2581 2111 2628 ut
2139 2571 2378 2641 peccatis
2407 2571 2659 2626 omnibus
2688 2570 2984 2626 moriamur
2999 2571 3118 2637 .;.ad
3152 2571 3258 2626 hoc
3280 2571 3559 2642 erigimur,
3582 2582 3642 2625 ut

2055 2669 2446 2732 consurgentes
2482 2661 2718 2727 Christo,
2765 2661 2866 2717 soli
2908 2660 3252 2732 justititede
3301 2672 3500 2719 stetere
3523 2661 3639 2731 jam

2053 2752 2240 2808 vivere
2279 2753 2598 2818 debeamus,
2629 2752 2770 2808 sicut
2792 2752 2934 2808 idem
2952 2751 3091 2807 dicit
3125 2751 3450 2822 Apostolus:
3489 2770 3509 2806 ι
3549 2749 3640 2808 Jc-

2034 2832 2151 2898 'sus
2179 2844 2432 2900 Christus
2464 2854 2710 2900 mortuus
2739 2853 2823 2900 est
2853 2852 3076 2914 propter
3102 2843 3314 2900 delicta
3343 2855 3554 2917 nostra,
3585 2852 3640 2902 et

2035 2935 2360 2990 :resurrenit
2384 2933 3068 3006 propterjustificationcm
3091 2942 3334 2991 nostram
3357 2933 3573 3004 (Ibid.).
3607 2952 3630 2985 ι

2060 3029 2212 3086 Unde
2226 3030 2482 3085 eteadem
2507 3029 2671 3085 missa
2695 3029 2856 3084 simul
2873 3028 3088 3084 videtur
3100 3042 3221 3084 esse
3243 3028 3636 3098 quodammodo

369 3130 525 3172 sunt:
558 3119 614 3174 Si
643 3119 838 3181 omnis,
872 3118 1067 3186 inquit,
1091 3116 1210 3172 dies
1233 3114 1556 3170 Dominicus
1573 3105 1742 3170 causa
1772 3131 1949 3172 resur-

2056 3122 2543 3194 quadragesimalis
2577 3130 2754 3193 atque
2806 3120 3111 3192 paschalis;
3166 3121 3293 3176 dum
3351 3128 3635 3191 postquam

372 3213 634 3268 rectionis
661 3211 872 3268 Domini
930 3221 1147 3268 tenetur
1174 3219 1230 3267 et
1251 3211 1478 3278 colitur,
1521 3211 1728 3280 justum
1749 3221 1844 3268 :est
1883 3223 1952 3269 ut

368 3305 548 3362 omnis
603 3292 966 3361 Sabbatorum
1025 3304 1145 3361 dies
1199 3318 1362 3360 causa
1420 3303 1715 3374 sepultura:
1757 3305 1951 3375 jejunii

367 3395 700 3466 suscipiatur
747 3393 1038 3460 instantia;
1074 3402 1156 3449 .ut
1179 3391 1385 3449 ﬂentes
1413 3407 1540 3448 eum
1587 3394 1849 3465 apostolis
1883 3395 1952 3452 de

341 3493 543 3540 “morte
575 3483 807 3548 Domini,
831 3484 1070 3554 gaudere
1103 3496 1242 3538 'cnm
1292 3483 1381 3537 eis
1435 3483 1502 3539 de
1553 3484 1953 3540 resurrectione

363 3588 692 3630 mereamur.
722 3571 792 3628 Et
816 3588 1041 3628 rursus:
1076 3572 1134 3628 Si
1169 3572 1348 3628 omnis
1371 3572 1687 3628 Dominieus
1710 3573 1831 3629 dies
1848 3589 1948 3629 're-

361 3663 726 3720 surrectiouis
766 3662 1014 3718 creditur
1041 3662 1211 3733 gloria
1267 3665 1577 3728 decoratus,
1629 3665 1806 3721 omnis
1857 3665 1951 3737 qui

363 3753 640 3810 antecedit
665 3769 812 3819 eum,
837 3753 957 3809 dies
977 3752 1210 3809 'Sabbati
1239 3753 1532 3824 sepulturae
1556 3753 1764 3826 jejunio
1786 3772 1948 3811 man-

361 3844 628 3913 cipandus
656 3850 761 3909 est,
792 3843 1062 3898 utmerito
1075 3843 1390 3914 gaudeatde
1406 3846 1830 3913 resurrectione,
1856 3849 1949 3918 qui

357 3936 431 3992 de
445 3944 617 3991 morte
633 3935 1170 4006 ploraverit.-Quilms
1179 3935 1428 4006 profecto
1441 3938 1642 4004 verbis,
1652 3940 1949 4011 tam'planis

356 4041 429 4080 ac
458 4035 678 4097 propter
699 4023 1276 4096 tardos'nrultipliciter
1302 4025 1612 4093 inculcatis,
1642 4028 1776 4084 nihil
1796 4044 1834 4083 .a
1862 4045 1949 4088 me

301 4131 316 4138 ‘
361 4115 722 4185 adjiciendum
753 4112 901 4168 aliud
924 4114 1105 4180 video,
1131 4113 1244 4170 nisi
1297 4114 1399 4170 hoc
1428 4125 1698 4172 tantum:
1743 4117 1874 4188 quia
1901 4119 1948 4174 si

361 4215 584 4261 sanctus
610 4205 700 4260 ille
719 4205 806 4259 vir
829 4215 1051 4277 propter
1094 4207 1222 4261 illud
1249 4222 1414 4261 utmm
1449 4208 1745 4265 Dominicte
1767 4204 1950 4281 sepul-

361 4305 501 4350 tura:
518 4294 845 4361 Sabbatum,
883 4298 1067 4378 omnia
1097 4297 1418 4352 totiusanni
1475 4299 1713 4355 Sahbata
1739 4299 1946 4378 jejunio

359 4387 590 4441 dicanda
613 4394 932 4455 percenset;
963 4377 1088 4441 dum
1119 4386 1246 4441 illud
1261 4402 1450 4452 unum,
1484 4390 1625 4456 quod
1646 4377 1946 4461 principale

2031 3212 2272 3267 .ailelm'a
2307 3214 2522 3268 canitur
2537 3255 2560 3280 ,.
2575 3228 2704 3270 mox
2735 3214 2899 3269 etiam
2917 3221 3153 3278 tractus,
3188 3212 3278 3281 qui
3327 3212 3637 3282 Quadrage-

2032 3302 2206 3357 sima:
2228 3301 2486 3373 proprius
2514 3312 2621 3369 est,
2649 3303 2962 3362 adhibetur.
2997 3301 3150 3370 Quod
3175 3303 3226 3358 si
3269 3301 3484 3359 Pascha
3515 3317 3633 3356 om-

2053 3393 2181 3449 nino
2201 3394 2525 3464 completum
2554 3403 2833 3464 essepost
2848 3394 3096 3460 missam,
3121 3393 3436 3452 adversario
3454 3393 3637 3462 pervi-

2029 3489 2584 3555 caciteradnitente,
2617 3487 2950 3558 persistith
2995 3504 3010 3554 ;
3041 3502 3141 3546 nos
3187 3486 3241 3541 in
3287 3486 3491 3541 iactam
3525 3501 3633 3542 non

2028 3581 2192 3636 .ultra
2215 3579 2624 3651 protrahiinur;
2649 3581 2962 3636 bectnmen
3009 3586 3192 3649 pacto,
3227 3585 3300 3632 .ut
3337 3592 3468 3632 esus
3509 3592 3633 3632 ear-

2025 3674 2199 3728 .nium
2231 3673 2384 3728 laicis
2410 3672 2658 3743 protinus
2689 3671 2992 3727 lnvadatur.
3039 3667 3153 3724 Nec
3181 3668 3326 3730 enim
3355 3682 3522 3724 causa
3551 3676 3636 3724 est

2042 3779 2148 3819 cur
2177 3763 2409 3818 liberm
2447 3761 2720 3833 paschalis
2755 3761 2864 3818 cibi
2912 3759 3192 3816 diﬂ‘eratur
3235 3758 3288 3814 in
3333 3768 3634 3828 posterum,

2050 3869 2172 3910 eum
2201 3854 2431 3920 Pascha,
2462 3855 2604 3910 sicut
2632 3853 2852 3918 dicitur,
2899 3853 2968 3908 sit
3007 3851 3234 3908 omnino
3279 3851 3631 3922 completum.

2050 3947 2202 4014 Quod
2233 3947 2280 4002 si
2330 3946 2714 4002 ecclesiasticae
2766 3945 3065 4016 disciplinas:
3109 3944 3392 4016 perspicue
3423 3943 3636 3998 videtur

2027 4037 2362 4103 adversum,
2396 4036 2632 4093 fateatur
2661 4050 2884 4094 necesse
2927 4043 3011 4092 est
3061 4034 3428 4097 adversarius,
3481 4033 3634 4107 illum

2047 4130 2340 4200 sepultura:
2371 4130 2666 4186 Dominicte
2691 4130 2854 4196 diem,
2879 4143 2988 4184 non
3015 4127 3248 4192 Pascha,
3275 4127 3378 4182 sed
3402 4125 3636 4181 Pascha:

2047 4220 2227 4288 potius
2251 4234 2370 4275 esse
2396 4219 2627 4290 vigilias,
2657 4232 2852 4290 asper
2882 4218 3082 4290 haec;
3106 4215 3411 4289 vigiliarum
3435 4213 3632 4288 saltem

2049 4310 2232 4381 regula
2255 4309 2462 4382 jejunio
2494 4309 2937 4380 mancipandum.

2571 4421 2746 4495 858
2766 4419 3018 4495 CAPUT
3033 4419 3098 4495 Ἴ.

353 4485 446 4530 est
495 4483 660 4544 atque
711 4475 1065 4545 przcciptinm,
1098 4476 1153 4530 in
1179 4475 1372 4546 epulas
1415 4455 1664 4545 solvitur,
1709 4455 1944 4550 qualiter

2051 4491 2205 4558 Quod
2229 4490 2444 4548 Sabbati
2459 4455 3166 4562 Ῑεῇαῧπςὲῑὲείῖῖήιῖδηε
3189 4489 3508 4545 celebratum
3529 4497 3630 4541 est.

353 4567 431 4620 ab
461 4565 610 4619 eoin
641 4563 869 4632 reliqua,
905 4563 1101 4630 forma,
1130 4564 1216 4619 vel
1268 4565 1545 4637 exemplar
1601 4569 1942 4627 abstinentiae

358 4655 943 4728 transferetur?“7
983 4655 1324 4712 Constanter
1370 4657 1543 4730 igitur
1587 4662 1940 4718 asserendum

358 4759 466 4815 est,
491 4749 616 4819 quia
651 4749 793 4803 sicut
822 4747 937 4804 dies
961 4747 1258 4804 Parasceve
1283 4757 1468 4820 sestas
1517 4750 1680 4806 totius
1707 4752 1836 4807 anni
1865 4753 1938 4809 fe-

359 4841 473 4896 rias
501 4839 859 4894 districtionis
890 4852 1120 4894 censura
1165 4839 1442 4910 praecedit,
1485 4841 1626 4896 sicut
1674 4843 1940 4902 Resurre-

352 4930 688 4987 ctionisdies
710 4929 1071 4983 solemnitatis
1089 4928 1262 4999 gloria
1293 4931 1530 5002 reliquos
1550 4933 1668 4988 dies
1689 4933 1936 4989 Domini-

352 5041 454 5080 cos
485 5023 784 5087 antecellit;
817 5023 891 5077 ita
916 5031 1217 5093 quoqueet
1250 5023 1576 5091 Sabbatum,
1609 5027 1757 5096 quod
1800 5028 1944 5084 inter

360 5129 652 5188 utrumque
683 5117 956 5176 consistit.
988 5117 1275 5188 plusquam
1295 5127 1501 5175 caetera
1552 5119 1792 5176 Sabbata
1843 5125 1944 5180 sub

358 5210 702 5265 abstinentia:
717 5210 895 5280 rigore
922 5225 1147 5264 necesse
1171 5219 1257 5265 est
1281 5211 1586 5266 observari.
1612 5212 1768 5268 Sicut
1791 5215 1940 5269 enim

361 5300 666 5356 Parasceve
693 5301 874 5355 crucis
913 5300 1028 5356 dies
1053 5300 1286 5368 doloris,
1319 5301 1400 5357 sie
1425 5310 1492 5356 et
1517 5301 1812 5357 Sabbatum
1855 5318 1938 5357 se-

365 5393 596 5463 pulturae
645 5395 760 5449 dies
793 5393 1108 5465 agnoscitur
1152 5403 1206 5448 et
1249 5395 1520 5449 mmroris.
1563 5395 1716 5461 Quod
1763 5394 1811 5449 si
1845 5411 1942 5464 pro

361 5482 544 5537 labore
571 5484 636 5538 de
662 5485 952 5555 longinquo
981 5483 1046 5538 ad
1075 5484 1329 5554 baptismi
1365 5485 1581 5538 lavacra
1613 5499 1939 5541 concurren-

365 5574 520 5639 tium,
552 5574 635 5628 vel
667 5575 1003 5631 diversorum
1035 5575 1310 5630 debilitate
1338 5573 1822 5646 fragiliumeeodem
1842 5579 1939 5634 die

359 5666 499 5735 apud
521 5665 781 5737 quosdam
809 5683 938 5724 usus
975 5667 1191 5723 inolevit
1235 5667 1622 5738 aliquantulum
1649 5668 1939 5740 indulgeu-

2120 4584 2242 4640 Mox
2263 4593 2328 4640 ut
2361 4584 2941 4656 istaconsccipseram,
2993 4583 3123 4655 quid
3151 4582 3283 4638 mihi
3332 4597 3490 4646 casu,
3545 4579 3631 4637 vel

2047 4677 2228 4748 potius
2259 4676 2788 4732 divinonutuznosse
2825 4677 3136 4750 contigerit,
3161 4691 3267 4732 non
3294 4674 3502 4731 celabo.
3532 4659 3636 4729 Se:

2047 4770 2168 4824 nior
2191 4769 2409 4839 quddam
2449 4767 2647 4834 frater,
2678 4772 2771 4839 qui
2811 4770 2924 4839 jam
2957 4785 3002 4824 ra
3028 4769 3259 4841 triginta
3301 4767 3423 4823 fere
3471 4767 3629 4821 annis

2030 4861 2322 4916 eremitica
2356 4859 2549 4917 cellula
2572 4875 2706 4916 usus
2733 4861 2927 4924 fuerat,
2961 4861 3046 4916 :.ad
3073 4875 3161 4917 me
3190 4858 3372 4925 venit,
3405 4869 3474 4914 'et
3516 4856 3627 4913 soli

2043 4953 2305 5008 visionem
2325 4967 2448 5022 quae
2470 4952 2572 5008 sibi
2587 4993 2590 4995 λ
2605 4953 2898 5016 acciderat,
2920 4952 3194 5022 patefecit.
3229 4950 3624 5022 Stepc,-inquil,

2045 5041 2322 5111 magister,
2357 5042 2410 5096 in
2441 5040 2820 5098 tesimultatis
2847 5052 2905 5097 et
2942 5043 3037 5097 ira:
3071 5041 3363 5098 .stlmulum
3404 5039 3624 5109 pertuli,

2042 5132 2168 5201 quia
2191 5132 2334 5186 diem
2365 5131 2587 5188 Sabbati
2604 5139 2964 5202 tantopereut
2979 5131 3324 5203 ieiunaretur
3341 5130 3622 5194 Bisaltas;

2044 5222 2249 5276 interea
2277 5222 2558 5292 concupivi
2610 5221 3047 5294 Hierosolymam
3093 5211 3355 5291 pergere,
3381 5229 3625 5287 cumque

2045 5313 2148 5365 hoc
2183 5312 2244 5367 in
2263 5312 2663 5369 diesdes‘iderio
2688 5312 2985 5368 ferventius
3010 5322 3316 5376 astuamm,
3334 5305 3624 5368 donnlenti

2045 5401 2176 5456 mihi
2199 5401 2674 5458 Dominicasuocte
2700 5402 2942 5458 constth
2977 5402 3032 5458 in
3049 5400 3276 5458 visione
3309 5394 3623 5469 splendidus

2044 5495 2263 5563 quidam
2311 5495 2562 5560 clericus,
2587 5495 2836 5550 et:disit:
2867 5489 3344 5556 Fraterdoamses,
3365 5488 3621 5546 sicvenim

2042 5583 2356 5646 vocabatur,
2383 5584 2464 5638 vis
2493 5584 2678 5640 venire
2709 5581 3174 5656 Hierosolymam?
3205 5580 3303 5636 Cui
3332 5592 3457 5634 uim
3484 5575 3622 5631 velle

2041 5686 2129 5728 me
2177 5673 2597 5744 respondissem,
2643 5672 2888 5744 protinus
2935 5684 3023 5728 me
3045 5670 3180 5726 illuc
3211 5683 3311 5742 per
3341 5665 3621 5724 somnium
