4054 6184
392 233 497 293 8M

1286 231 1530 289 Oi‘USC.
1573 230 1686 289 LV.
1729 262 1798 273 --
1829 232 1916 288 DE
1955 228 2438 288 CELEBRANDIS
2484 229 2777 290 VlGiLllS.

3565 232 3674 288 9.00

389 347 569 410 duxit,
623 342 908 412 multaque
949 351 1274 398 sanctorum
1333 343 1580 413 sepulcra
1627 345 1975 409 circumiens,
2007 349 2052 408 Δ
2080 353 2287 414 potest,
2318 354 2373 401 et
2403 347 2543 416 apud
2581 345 2939 416 quorumdam
2966 357 3197 400 examen
3225 343 3326 400 sub
3355 345 3673 402 festivitatis

391 439 648 508 quodque
696 433 850 505 cujus
868 439 1022 489 esset
1051 433 1363 504 specialiter
1392 434 1728 506 designavit;
1761 435 1982 490 tandem

393 527 461 583 ad
488 525 800 596 sepulcrum
828 525 1053 580 Domini
1079 525 1270 580 eodem
1293 524 1441 580 duce
1465 525 1720 594 perveni,
1745 535 1809 582 et
1853 539 1984 581 ecce

392 626 515 690 post
537 616 852 687 sepulcrum
879 616 1066 672 stabat
1093 616 1575 686 quid‘am‘clericus
1597 631 1789 674 serena
1812 617 1983 684 facie,

391 716 448 762 et
476 706 700 777 pulcher
745 714 991 776 aspectu,
1027 705 1423 761 -cervicctenus
1449 706 1593 762 stola
1622 707 1849 762 candida
1890 707 1984 762 de-

390 782 578 853 center
604 804 855 861 ornatus,
885 795 980 864 qui
1008 795 1149 850 dixit
1193 795 1362 852 mihi:
1417 795 1498 851 Tu
1543 798 1741 852 nudius
1777 797 1984 854 tertius

329 939 332 942 .
396 889 674 943 viviﬁcam
700 894 952 952 crucem,
1003 886 1259 942 hesterno
1286 897 1514 957 quoque
1544 887 1982 958 diesepulturam

318 1009 330 1025 ο
393 966 753 1047 Dominicam,
775 978 905 1034 dum
930 977 1216 1049 jejunas'ti,
1275 978 1550 1035 Veraciter
1589 978 1854 1035 adorasti.
1899 979 1981 1034 Ex

392 1074 516 1138 hoc,
544 1080 755 1129 remoto
779 1069 928 1126 omni
953 1069 1209 1140 scrupulo
1232 1070 1544 1135 dubietatis,
1574 1083 1831 1141 agnosce,
1855 1070 1984 1140 quia

400 1173 457 1221 et
486 1173 639 1221 sexta
665 1161 1066 1224 feria'crueem,
1085 1168 1154 1217 tet
1170 1159 1418 1216 Sabbato
1442 1161 1753 1231 sepulcrum
1779 1158 1981 1217 Christi

392 1254 678 1310 verissime
719 1251 966 1309 celebras
1009 1261 1068 1308 et
1140 1252 1358 1318 adoras,
1413 1253 1468 1307 =si
1526 1252 1818 1322 prmdictos
1865 1252 1982 1309 dies

392 1345 598 1401 orando
621 1352 682 1400 et
703 1341 986 1415 psitllendo
1001 1341 1236 1414 jejunas.
1257 1343 1389 1411 'Quo
1407 1343 1665 1399 videlicet
1680 1345 1982 1400 instructus

391 1435 633 1504 oraculo,
657 1445 711 1490 et
733 1434 1050 1492 scandalum
1066 1434 1220 1504 :quod
1247 1434 1534 1488 adversum
1561 1442 1638 1500 te,
1663 1433 1848 1502 Pater,
1877 1434 1980 1488 ha-

393 1528 643 1594 bueram,
670 1525 914 1596 perdidi;
945 1533 1004 1580 et
1022 1525 1296 1595 deinceps
1316 1523 1622 1580 Sabbatum
1649 1539 1756 1580 non
1773 1523 1982 1581 minori

392 1617 679 1673 devotione
705 1626 871 1688 quam
899 1625 1109 1674 sextam
1133 1616 1346 1682 feriam,
1365 1616 1418 1671 si
1447 1615 1676 1672 facultas
1706 1624 1980 1688 suppetat,

2085 435 2372 504 prmsentia
2406 434 2670 506 jejunium
2718 435 2863 490 vires
2909 451 3016 490 non
3070 436 3262 496 habet,
3317 435 3411 490 sed
3441 449 3675 507 semper

2083 524 2353 580 festivitas
2397 524 2671 594 praevalet.
2721 524 3041 579 auferantur
3073 525 3247 594 igitur
3273 525 3340 579 de
3374 526 3583 580 octavis
3608 527 3669 580 Β.

2082 614 2306 672 Joannis
2330 615 2588 688 Baptistae
2617 616 2816 687 vigiliae
2835 614 3204 685 apostolorum
3220 615 3377 671 .Petri
3404 624 3460 670 et
3481 616 3668 682 Pauli;

2085 705 2152 760 de
2198 705 2409 761 octavis
2455 700 2996 785 quoqueoLaurentii
3047 703 3303 774 martyris
3351 703 3550 774 vigiliae
3609 704 3671 758 Β.

2083 797 2521 869 Μθτὶιεπιίτεὶιιίε
2552 798 2891 863 Eeradantur;
2943 797 2996 852 in
3039 795 3479 866 Quadragesimaa
3498 798 3674 851 etiam

2085 889 2384 959 majoribus
2427 889 2732 959 quibusque
2756 887 3153 943 festivitatibus
3182 886 3405 942 refectio
3435 889 3676 958 gemine-

2085 989 2194 1036 tur.
2222 981 2374 1048 Quod
2399 981 2446 1037 si
2469 982 2573 1036 hoc
2594 977 3330 1050 ecclesiasticae-regulie-non
3352 981 3683 1044 admittunt,

2082 1081 2139 1130 et
2163 1074 2418 1138 mundus,
2448 1073 2542 1142 qui
2575 1074 2688 1128 sub
2728 1072 3038 1142 apostolicae
3093 1072 3400 1128 traditionis
3452 1071 3670 1126 institu-

2087 1163 2232 1218 tione
2261 1161 2926 1232 jam-senuit,-neoter‘icis
2956 1176 3298 1232 nequaquam
3329 1161 3674 1232 dogmatibus

2082 1254 2374 1324 acquievit,
2420 1253 2698 1309 fatendum
2733 1261 2821 1308 est
2854 1252 3213 1320 festivitates,
3252 1253 3358 1308 nisi
3388 1253 3673 1323 pracipuzc

2082 1343 2212 1407 sint,
2257 1351 2364 1399 no'n
2393 1342 2746 1413 praejudicare
2783 1328 3026 1410 ieiuniis,
3053 1352 3145 1407 ut,
3190 1356 3291 1398 suo
3329 1341 3526 1413 cuique
3547 1343 3673 1411 jure

2083 1441 2321 1498 servato,
2341 1439 2408 1488 et
2429 1431 2985 1503 ecclesiasticusupro
3014 1433 3356 1488 solemnitate
3382 1441 3675 1503 peragatur

2083 1523 2319 1580 cilicium
2349 1533 2406 1581 et
2451 1524 2734 1596 castigatio
2777 1525 3075 1595 corporalis
3117 1539 3275 1579 suum
3320 1538 3428 1578 non
3458 1523 3676 1578 deserat

2085 1615 2417 1671 institutum.
2447 1614 2605 1672 Unde
2620 1623 2841 1671 constat
2868 1615 2995 1685 quia
3041 1615 3287 1684 quisquis
3311 1615 3539 1669 duorum
3563 1623 3672 1670 tam

390 1707 629 1780 jejunavi
657 1707 1300 1782 [jejttnabo].iﬂa:c‘mihi
1325 1718 1548 1765 sanctus
1579 1708 1752 1764 frater
1773 1708 1979 1777 retulit,
2010 1694 2057 1757 Β
2084 1706 2476 1763 venerabilium
2523 1704 3141 1778 apostolorum,-Jacobi
3187 1705 3442 1761 videlicet
3469 1712 3523 1759 et
3547 1703 3670 1758 Phi-
3726 1727 3736 1748 ι

392 1814 518 1856 cum
559 1799 830 1868 haec-quae
862 1798 1158 1855 scribimus
1189 1807 1254 1854 'et
1277 1808 1420 1855 itunc
1459 1798 1682 1856 omnino
1721 1798 1980 1865 nesciret,

397 1899 453 1946 et
473 1883 649 1945 adhuc
675 1897 898 1960 prorsus
915 1880 1160 1960 ignoret.

466 1979 1057 2036 Enimverodciitania
1086 1978 1292 2050 majore
1321 1980 1559 2051 turpiter
1603 1994 1636 2035 a
1685 1977 1982 2049 nonnullis,

395 2081 449 2131 et
473 2072 1121 2128 mnifestissime-contra
1139 2085 1414 2143 canonum
1441 2070 2008 2142 sententiasagitur;'

392 2161 517 2232 quia
544 2162 689 2218 in-ea
717 2172 814 2231 per
837 2160 1181 2217 occasionem
1202 2159 1347 2216 beati
1374 2159 1750 2230 illarci,'cujus
1779 2161 1976 2217 eodem

393 2254 478 2310 die
505 2252 774 2309 festivitas
794 2261 898 2318 est,
914 2259 1040 2307 non
1083 2249 1458 2306 ten’elur.Sed
1482 2237 1986 2322 qdia‘conspirato-

392 2345 546 2399 ribus
576 2341 784 2396 ventris
803 2349 994 2396 nostra
1020 2348 1247 2410 prorsus
1275 2340 1508 2396 assertio
1524 2337 1830 2397 ludibrium
1851 2340 1987 2397 diei-

397 2444 508 2499 tur,
533 2441 595 2487 nt
623 2430 1022 2502 subterfugium
1050 2431 1210 2494 desit,
1241 2430 1357 2501 ipsa
1377 2431 1651 2486 canonica
1687 2431 1988 2487 auctoritas

397 2523 721 2594 simpliciter
744 2522 1030 2577 inferatur.
1062 2519 1153 2576 Ait
1187 2522 1332 2578 enim
1372 2521 1752 2592 *Maguntie‘nse
1799 2522 1985 2579 conci-

396 2615 528 2669 lium
557 2614 705 2685 (αφ.
746 2613 830 2683 τ’ὀ)
860 2631 873 2667 :
899 2606 1114 2668 Placuit
1138 2614 1320 2680 nobis,
1354 2622 1414 2668 ut
1452 2613 1641 2670 litania
1673 2615 1846 2686 major
1889 2616 1988 2671 ob-

289 2745 296 2752 .
399 2705 668 2761 servanda
694 2703 762 2760 sit
794 2719 824 2758 a
855 2705 1068 2760 cunctis
1109 2704 1443 2760 Christianis
1463 2717 1582 2761 uno
1609 2705 1717 2772 die,
1751 2707 1986 2777 septimo

395 2795 666 2851 Kalendas
695 2794 843 2860 Maii,
882 2794 1024 2850 sicut
1054 2794 1110 2848 in
1137 2793 1387 2849 Romana
1418 2794 1672 2850 “Ecclesia
1708 2796 1987 2851 constitu-

399 2894 511 2940 tum
534 2885 869 2955 reperimus,
891 2883 1125 2940 utsicut
1153 2883 1328 2939 sancti
1353 2883 1545 2940 Patres
1577 2886 1748 2940 nostri
1771 2885 1981 2940 consti-

399 2983 617 3032 tuerunt
633 2993 646 3028 :
661 2987 772 3029 non
789 2973 1103 3045 equitando,
1115 2987 1229 3028 non
1247 2974 1502 3045 pretiosis
1513 2973 1757 3030 vestibus
1770 2974 1944 3029 imluti
1962 2991 1978 3041 ;

2082 1798 2235 1873 lippi,
2280 1802 2494 1873 vigilias
2533 1801 2780 1874 ieiunare
2813 1803 3096 1864 detrectat,
3129 1815 3237 1856 non
3264 1801 3330 1855 ad
3361 1801 3464 1856 hoc
3491 1813 3678 1854 amore

2083 1891 2393 1949 festivitatis
2426 1892 2732 1958 inducitur,
2752 1891 2860 1947 :sed
2903 1892 3059 1976 juxta
3100 1890 3491 1946 ‘rhetoricantis
3536 1889 3677 1958 gula:

2082 1993 2197 2038 sua:
2227 1981 2526 2039 consilium
2553 1981 2805 2038 molliter
2819 1981 3050 2038 vivendi
3069 1980 3350 2037 suavitate
3375 1979 3674 2036 mulcetur.

2690 2087 2936 2145 CAPUT
2959 2090 3063 2143 "Vl.

2229 2161 2504 2228 Quomodo
2530 2160 2594 2216 Β.
2624 2159 2857 2216 Iacobus
2888 2157 3154 2230 apostolus
3181 2170 3418 2214 mortuus
3441 2159 3530 2214 sit.

2155 2249 2430 2308 Praeterea
2477 2261 2533 2307 et
2569 2253 2711 2308 beati
2735 2251 2951 2319 Jacobi,
2978 2251 3275 2322 quixfrater
3316 2258 3402 2307 est
3444 2264 3677 2320 evange-

2085 2343 2223 2399 lista:
2248 2342 2500 2409 Joannis,
2532 2343 2780 2414 plerique
2817 2343 3479 2415 vigiliasparvipendunt,
3509 2351 3564 2396 et
3604 2343 3678 2396 ir-

2087 2442 2405 2490 reverenter
2425 2448 2498 2489 ac
2525 2433 2924 2489 inconsiderate
2954 2432 3284 2488 transiliunt.
3315 2432 3381 2486 Et
3418 2434 3522 2488 hoc
3551 2431 3674 2486 ideo

2086 2525 2320 2581 fortasse
2363 2524 2729 2595 praesumitur,
2748 2524 2885 2593 quia
2913 2540 3023 2580 non
3059 2538 3160 2580 suo
3199 2531 3443 2593 ternpore
3483 2521 3676 2576 eadem

2086 2618 2355 2674 festivitas
2373 2616 2712 2672 celebratur.
2746 2615 2913 2671 Sicut
2949 2614 3096 2671 enim
3127 2615 3182 2670 i
3207 2614 3434 2669 Actibus
3461 2620 3677 2683 aposto-

2086 2710 2294 2775 lorum,
2342 2708 2488 2764 Luea
2542 2715 2812 2772 testante,
2863 2707 3182 2774 didicimus,
3235 2706 3380 2762 circa
3423 2704 3675 2775 paschale

2086 2808 2304 2870 tempus
2323 2793 2393 2852 Β.
2419 2798 2654 2855 Jacobus
2671 2797 2747 2854 ad
2791 2797 3004 2855 Herode
3021 2797 3512 2868 ’estintcremptus.
3540 2794 3674 2850 Nam

2086 2901 2211 2946 eum
2253 2890 2705 2960 pmmisissetrft
2739 2889 2877 2957 Quia
2915 2887 3120 2945 occidit
3155 2888 3410 2944 Herodes
3451 2887 3674 2942 fratrem

2085 2980 2311 3037 JOannis
2351 2975 2559 3051 gladio;
2585 2993 2627 3034 ἰ
2653 2979 2834 3051 paulo
2877 2989 3000 3051 post
3039 2979 3221 3034 intulit
3249 2995 3312 3033 ει(
3340 2979 3470 3034 Erat
3493 2987 3674 3032 autent

402 3067 498 3121 sed
531 3064 714 3120 cinere
744 3043 951 3133 aspersi
996 3072 1053 3117 et
1092 3043 1270 3116 cilicio
1318 3059 1490 3117 induti
1514 3060 1840 3131 jejunetnus,
1868 3062 1976 3118 nisi
2007 3043 2054 3106 (ἶ
2081 3070 2198 3126 dies
2225 3043 2555 3142 Azytnorutn
2583 3043 2723 3143 (iter.
2743 3043 2895 3141 an):
2913 3089 2932 3122 ι
2951 3068 3438 3126 ρει-οιωειηνστο
3465 3078 3679 3139 tempus

401 3155 693 3211 infirmitas
714 3152 1056 3225 impedierit.
1072 3151 1216 3208 Atisi
1236 3152 1322 3208 cui
1346 3153 1524 3207 adhuc
1542 3153 1647 3208 ista
1683 3152 1980 3210 auctoritas

2086 3160 2142 3216 Β.
2171 3160 2366 3216 Petrus
2391 3170 2477 3216 est
2509 3176 2547 3214 ~a
2575 3160 2817 3216 vinculis
2857 3161 3155 3226 absolutus,
3175 3157 3418 3230 quo‘iste
3439 3158 3677 3214 lacubus

395 3246 538 3302 forte
564 3244 921 3338 nonsuMcit,
952 3243 1190 3338 sulliciat
1210 3243 1367 3338 sedes
1410 3243 1728 3338 apostolica,
1751 3243 1984 3301 subiciat
2079 3251 2241 3321 paulo
2284 3261 2412 3306 ante
2455 3249 2762 3338 Herodianq
2791 3249 2968 3305 fuerat
3001 3250 3182 3321 gladio
3208 3249 3580 3304 detruncatus.
3609 3248 3676 3304 Et

299 3353 302 3358 ·
397 3348 451 3395 et
479 3338 656 3409 ampla
683 3331 883 3404 Roma,
906 3334 1155 3408 qute'hoc
1167 3336 1438 3408 jejunium
1472 3351 1579 3392 non
1603 3337 1765 3393 modo
1788 3338 1979 3393 decre-

399 3430 524 3486 talis
551 3430 762 3502 paginaa
784 3427 1221 3500 promulgatione
1265 3429 1604 3492 corroborat,
1642 3428 1737 3484 sed
1770 3438 1827 3485 et
1856 3429 1978 3486 viva

397 3521 676 3577 annuatim
695 3508 1495 3589 venemtionejconservathbi
1532 3519 1831 3574 notandum
1854 3519 1982 3591 quia

402 3613 634 3684 gemina:
690 3611 996 3677 fcstivitati,
1050 3609 1224 3665 sancti
1271 3609 1526 3665 videlicet
1583 3608 1772 3675 Marci,
1821 3617 1986 3680 atque

396 3703 772 3769 Pentecostes,
806 3703 947 3757 intra
998 3699 1151 3771 cujus
1202 3700 1438 3770 spatium
1487 3699 1686 3770 sacpius
1729 3699 1845 3756 dies
1879 3700 1982 3756 ista

397 3793 762 3860 concluditur,
793 3791 1060 3865 jejunium
1085 3793 1268 3848 saneti
1295 3791 1489 3849 Patres
1514 3792 1811 3863 praevalere
1854 3801 1980 3848 san-
2003 3835 2026 3848 κ

399 3895 630 3952 xerunt;
679 3886 755 3942 ita
809 3894 990 3942 tamen
1040 3894 1100 3941 ut
1151 3885 1580 3943 ecclesiasticum
1635 3885 1986 3945 nihilominus

405 3975 639 4032 cilicium
662 3975 1308 4048 solemniter'impleatur.

357 4065 366 4146 ξ
471 4065 626 4123 Unde
669 4076 726 4122 et
763 4066 898 4122 illud
947 4067 1194 4139 graviter
1244 4067 1506 4134 ferimus,
1553 4067 1687 4138 'quia
1739 4066 1986 4141 plerique

353 4150 358 4155 ’
397 4156 568 4229 849
589 4157 811 4224 fratres,
842 4157 969 4213 dum
997 4149 1245 4228 jejunare
1293 4157 1348 4213 in
1379 4155 1670 4215 beatorum
1716 4161 1986 4231 apostolo-

345 4295 358 4320 ,
401 4263 520 4302 rum
546 4247 778 4318 Philippi
802 4255 864 4303 :et
881 4246 1069 4304 Jacobi
1095 4247 1292 4319 vigiliis
1315 4249 1760 4320 perhorrescunt,
1790 4252 1986 4307 solem-

2069 3343 2209 3413 quia
2233 3343 2375 3397 intra
2403 3341 2542 3398 festa
2567 3341 2841 3413 paschalia
2871 3348 3101 3413 utraque
3128 3341 3396 3396 festivitas
3424 3341 3676 3397 absolute

2082 3449 2148 3490 ac
2169 3433 2338 3489 libere
2365 3431 2629 3490 celebrari
2658 3449 2766 3488 non
2808 3441 3047 3504 poterat,
3093 3432 3146 3487 in
3191 3431 3334 3488 aliud
3365 3434 3676 3489 necessario

2083 3531 2297 3594 tempus
2320 3539 2388 3580 ex
2419 3519 3015 3595 antiquomm'Pau-um
3036 3532 3122 3580 est
3143 3522 3473 3580 discretione
3497 3532 3676 3578 trans-

2081 3617 2212 3673 lata.
2245 3617 2400 3686 Quod
2435 3617 2480 3674 si
2525 3627 2750 3689 propter
2782 3618 2886 3675 hoc
2924 3617 3184 3675 solemnis
3209 3618 3299 3676 ille
3324 3619 3441 3677 dies
3467 3619 3678 3692 vigilia-

2085 3721 2205 3762 rum
2248 3721 2470 3762 suarum
2501 3707 2661 3764 debet
2709 3708 2917 3764 honore
2957 3709 3194 3779 privari,
3240 3723 3370 3780 ergo
3413 3725 3515 3765 nec
3562 3709 3678 3780 ipsa

2081 3795 2352 3854 festivitas
2395 3798 2554 3854 debet
2581 3798 2717 3855 coli.
2742 3798 2816 3854 ‘At
2848 3800 2892 3855 si
2937 3799 3208 3856 festivitas
3245 3801 3362 3857 haec
3383 3801 3674 3872 apostolica

2065 3889 2533 3960 .ptzouecessitate
2558 3889 2800 3960 paschali
2825 3890 2878 3944 in
2903 3897 3114 3961 tempus
3148 3891 3292 3946 aliud
3317 3893 3476 3963 digne
3501 3901 3682 3948 trans-

2087 3977 2328 4048 ponitur,
2361 3975 2531 4048 850
2578 3977 2797 4049 dignum
2827 3979 3025 4051 quippe
3049 3989 3134 4036 est
3175 3989 3236 4035 ut
3261 3996 3372 4036 suae
3405 3983 3572 4037 etiam
3601 3983 3681 4037 vi-

2085 4064 2226 4140 gilias
2253 4068 2689 4138 inseparabiliter
2724 4070 3070 4127 comitentur.
3104 4071 3366 4128 Absoluta
3407 4073 3681 4145 siquidem

2081 4168 2170 4216 est
2214 4159 2510 4216 auctoritas
2559 4169 2852 4228 canonum,
2893 4177 3022 4233 quae
3070 4163 3393 4236 generaliter
3434 4165 3689 4235 prazcipit

2085 4264 2276 4306 omnes
2301 4249 2690 4320 apostolorum
2725 4251 2952 4324 'vigilias
2989 4252 3274 4309 celebrari.
3306 4253 3467 4322 Quod
3505 4255 3550 4310 si
3579 4256 3680 4310 ad-

402 4339 641 4398 nitatern'
665 4342 1014 4400 Pentecostes
1062 4342 1115 4398 in
1154 4344 1562 4400 excusatiooem
1606 4357 1719 4399 suae
1755 4343 1987 4399 dissolu-
2012 4341 2364 4417 “'versarias
2392 4340 2571 4397 adhuc
2597 4341 2655 4396 in
2685 4352 2797 4397 suae
2827 4343 3166 4415 allegationis
3199 4343 3464 4400 instantia
3498 4347 3684 4417 pervi-

2012 4394 2065 4455 D

399 4435 564 4490 tionis
587 4443 886 4506 opponunt,
909 4434 1150 4491 dicentes
1175 4451 1282 4492 non
1308 4437 1505 4493 debere
1530 4450 1856 4507 quemquam
1886 4435 1986 4492 sub
2005 4427 2065 4455 ’ν
2091 4443 2190 4489 cax
2222 4432 2516 4504 invenitur,
2539 4427 2674 4490 illud
2696 4435 2862 4491 etiam
2884 4435 3113 4492 inferam
3143 4437 3292 4509 quia,
3324 4439 3368 4495 si
3391 4450 3682 4511 propterea

393 4528 723 4604 jejuniorum
775 4537 903 4585 tunc
948 4542 1174 4584 censura
1233 4530 1523 4602 constri'gi,
1568 4541 1710 4585 cum
1775 4539 1986 4602 tempus

402 4620 568 4675 dictet
615 4618 962 4691 paschalibus
1012 4619 1190 4688 potius
1236 4619 1447 4689 gaudiis
1495 4620 1727 4690 epulari.
1780 4619 1988 4689 Quibus

401 4712 674 4765 succincte
695 4722 769 4764 ac
794 4707 1034 4763 breviter
1057 4721 1160 4778 ego
1186 4709 1486 4778 respondeo
1517 4709 1797 4778 quoniam,
1833 4709 1879 4764 si
1902 4710 1989 4766 sic

401 4802 618 4856 inimica
652 4808 780 4855 sunt
813 4799 1052 4853 invicem
1073 4807 1136 4854 et
1172 4797 1494 4855 festivitates
1532 4799 1787 4855 Ecclesia:
1814 4811 1870 4854 et
1891 4815 1979 4856 ccc

401 4892 715 4949 elesiasticae
734 4888 939 4962 jejunia
960 4889 1276 4961 disciplinae,
1309 4900 1369 4946 ut
1395 4891 1556 4946 simul
1585 4892 1850 4948 celebrari
1879 4905 1988 4948 non

401 4985 642 5055 possint,
683 4995 822 5055 ergo
866 4994 967 5038 nec
1013 4981 1218 5037 litanias
1248 4980 1503 5051 majores,
1545 4996 1773 5053 quarum
1826 4997 1989 5054 supra

403 5072 772 5140 meminimus,
809 5085 987 5142 neque
1031 5077 1143 5126 tres
1179 5070 1254 5126 illi
1297 5070 1659 5142 Rogationum
1707 5071 1988 5128 dies-ante

405 5161 778 5218 ascensionem
822 5159 1188 5225 Domini,'n'ec
1221 5159 1420 5232 vigilite
1447 5159 1797 5217 Pentecostes
1833 5169 1990 5231 pote-

405 5259 531 5305 runt
556 5249 761 5321 jejunio
799 5247 1116 5318 mancipari.
1139 5231 1318 5304 Et'ne
1363 5249 1466 5304 hoc
1495 5259 1688 5320 parum
1712 5249 1984 5318 videatur,

403 5338 568 5393 etiam
609 5338 870 5409 jejunium
916 5337 1045 5392 illud
1097 5335 1308 5392 tollitur
1351 5338 1496 5409 quod
1541 5347 1666 5407 post
1692 5339 1987 5394 adventum

407 5429 576 5484 sancti
605 5428 840 5499 Spiritus
885 5428 938 5482 in
980 5427 1169 5483 eadem
1197 5427 1533 5484 hebdomada
1560 5427 1678 5484 ﬁeri
1709 5443 1741 5483 a
1784 5429 1990 5484 sanctis

407 5518 658 5574 Patribus
705 5517 1048 5573 concorditer
1076 5524 1160 5573 est
1205 5517 1534 5574 institutum.
1565 5517 1634 5574 Et
1664 5518 1814 5589 quia,
1850 5519 1992 5575 sicut

413 5611 632 5678 dicitur,
677 5626 798 5668 cum
846 5612 1186 5672 solemnitate
1229 5613 1494 5688 jejunium
1547 5616 1837 5676 convenire
1881 5630 1990 5672 non

2089 4521 2361 4579 festivitas
2385 4523 2482 4579 illa
2501 4563 2516 4590 ,
2565 4525 2821 4595 quoniam
2844 4534 3405 4597 imutaturwtempore,
3429 4528 3553 4598 iure
3580 4545 3684 4586 suo

2089 4613 2336 4683 privatur
2364 4613 2587 4680 honore,
2620 4629 2750 4684 ergo
2780 4628 2882 4670 nec
2918 4615 3191 4686 paschalis
3236 4631 3433 4687 magna
3470 4619 3680 4674 solem-

2090 4703 2233 4758 nitas
2265 4703 2580 4758 honoranda
2618 4703 2734 4772 jam
2774 4704 2898 4772 erit,
2929 4719 3049 4775 qua:
3081 4705 3332 4761 videlicet
3377 4723 3484 4762 non
3512 4709 3684 4764 fixam

2090 4793 2350 4861 temporis
2371 4793 2774 4857 cer-titudinem,
2797 4795 2892 4848 sed
2909 4793 3202 4863 ,pleniiunii
3223 4797 3406 4865 potius
3426 4799 3682 4868 sequitur

2094 4881 2378 4937 rationem.
2401 4881 2794 4937 .Ecclesiastica
2839 4883 3103 4954 siquidem
3151 4883 3287 4943 fides
3322 4887 3513 4952 :babet,
3549 4891 3680 4958 quia

2091 4980 2286 5029 octavo
2325 4972 2598 5028 Kalendas
2637 4972 2836 5042 Aprilis
2861 4974 3410 5046 Redemptor‘noster
3443 4989 3528 5036 est
3553 4994 3681 5036 cru-

2091 5063 2306 5130 ciiixus,
2333 5077 2442 5134 quo
2470 5063 2723 5120 videlicet
2747 5063 2922 5122 dicet
2940 5066 2996 5122 in
3024 5066 3272 5138 virginali
3303 5078 3460 5127 utero
3501 5069 3682 5126 fuerat

2090 5165 2220 5211 ante
2269 5164 2582 5224 conceptus.
2631 5154 2786 5223 Quod
2831 5157 2897 5212 si
2919 5157 3060 5214 hanc
3101 5160 3365 5229 temporis
3409 5161 3680 5216 rationem

2091 5245 2249 5315 sequi
2282 5245 2550 5312 volumus,
2585 5256 2742 5302 sexto
2777 5245 3554 5319 Kalendas-ejusdemmensis
3577 5266 3684 5322 per

2094 5336 2351 5409 singulos
2371 5347 2548 5392 annos
2583 5337 3036 5393 resurrectionem
3079 5337 3413 5394 Dominicam
3455 5355 3680 5396 necesse

2089 5436 2182 5483 εει
2205 5426 2559 5483 celebremus.
2598 5425 2753 5493 Quod
2793 5425 3038 5495 profecto
3058 5427 3269 5482 idcirco
3294 5442 3400 5482 non
3434 5427 3515 5494 fit,
3551 5433 3678 5498 quia

2088 5519 2316 5589 dignum
2341 5527 2427 5574 est
2453 5524 2703 5586 quartam
2739 5516 3004 5573 decimam
3037 5516 3220 5572 lunam
3249 5533 3372 5573 cum
3396 5517 3676 5591 Azymita-

2100 5626 2218 5668 rum
2247 5609 2398 5682 prius
2422 5607 2629 5667 Pascha
2655 5608 3049 5676 transmittere,
3076 5616 3138 5666 ut
3155 5609 3225 5667 ad
3251 5624 3449 5668 novum
3469 5607 3678 5670 Pascha
