2027 3092
205 127 255 155 807

439 125 468 153 S.
482 125 585 154 PETRI
603 124 744 153 DAMlANl
763 125 838 153 OPP.
856 123 974 152 TOMUS
993 124 1057 152 SEU
1080 125 1170 154 PARS
1188 126 1231 153 Ill.
1251 141 1286 146 -η
1303 124 1487 154 ορυεευιΑ
1511 124 1625 152 νΑιιιΑ.

1785 125 1836 152 8υὸ

209 185 346 217 valeamus
365 183 435 212 sicut
448 191 481 211 ex
497 183 591 211 umbra
608 182 675 217 legis
694 183 727 209 ad
748 181 870 209 veritatis
883 182 997 216 gratiam
1010 186 1035 215 Α
1051 181 1134 214 misit,
1152 189 1201 216 per
1222 185 1305 208 totam
1331 181 1402 208 diem
1421 180 1494 207 illam
1516 187 1550 207 ne
1570 179 1625 206 vini
1638 179 1745 213 quidem
1761 184 1829 207 vesti

209 231 363 266 pervenire.

505 271 618 300 CAPUT
644 271 698 298 VII.

210 331 264 358 €ur
286 330 318 357 Β.
341 329 452 357 Joannis
480 328 606 363 Baptism
632 327 772 354 Decollatio
801 326 916 363 vigiliam
944 335 997 355 non

553 363 655 389 habent.

245 410 314 436 Eant
334 416 398 444 ergo
420 412 574 435 sanctarum
590 407 740 441 vigiliarum
765 407 858 434 hostes
881 411 908 434 et
928 407 998 442 jeju-

209 455 314 481 ninrum
340 452 532 479 venerabilium
553 452 746 483 destructorcs,
771 458 802 478 ac
816 451 997 486 dogmatizent

206 498 328 535 paschali
352 497 514 525 solemnitati
539 495 718 523 reverentiam
740 503 793 523 non
818 496 995 527 servandam,

210 548 250 575 ut,
266 544 393 578 quoniam
417 542 537 568 variatur
560 545 681 575 tempore
692 560 700 573 ,
716 541 858 568 devotione
877 540 996 568 ﬁdelium

208 592 235 615 et
254 587 353 614 assueti
367 586 454 613 cultus
468 590 559 612 careat
572 585 711 619 dignitate,
724 589 752 611 et
761 585 831 619 quod
849 585 882 611 de
893 584 996 612 Pascha

208 633 278 660 male
300 632 443 664 senserint,
459 635 655 665 consequenter
674 636 702 657 et
726 630 759 657 de
773 630 949 662 Ascensione,
964 638 997 658 ac

207 678 367 705 Pentecoste
397 677 550 704 necessario
585 675 727 702 fateantur.
759 675 836 708 Quod
867 676 890 703 si
920 676 997 703 nobis

207 721 362 755 objecerint.
378 721 585 749 Decollationem
599 721 685 748 sancti
700 720 812 748 Joannis
826 721 926 748 idcirco
942 728 996 748 non

208 768 308 795 habere
323 767 435 802 vigilias.
459 767 521 802 quia
535 768 569 794 de
588 771 708 801 tempore
731 767 864 801 passionis
878 767 995 799 Domini,

207 822 261 848 quo
284 813 409 840 videlicet
424 813 454 839 S.
478 813 597 847 Baptista
619 817 773 847 peremptus
797 817 849 845 est.
866 813 891 840 in
907 813 997 847 Augu-

1050 227 1122 261 gium
1145 226 1232 261 potuit
1254 225 1390 258 invenire,
1412 225 1505 259 sicque
1528 224 1617 252 divina
1641 224 1839 259 dispensatione

1048 276 1159 299 coactus
1170 276 1213 298 est
1224 271 1318 306 jejunii
1332 271 1450 298 debitum
1465 271 1492 297 in
1507 270 1563 305 ipsa
1577 269 1724 297 festivitate
1739 269 1839 304 persol-

1048 325 1122 349 vere,
1137 318 1214 353 cujus
1233 325 1288 345 non
1311 317 1401 344 timuit
1413 317 1518 351 vigilias
1532 320 1626 343 contra
1649 315 1838 344 ecclesiasticae

1048 363 1224 390 institutionis
1249 362 1368 398 regulam
1388 366 1537 393 temerare;
1560 365 1598 394 et,
1621 365 1651 387 ut
1668 361 1706 388 ita
1731 361 1835 396 loquar,

1047 408 1096 435 luit
1109 409 1135 436 in
1151 408 1220 436 festo
1230 408 1301 443 quod
1316 408 1466 442 deliquerat
1479 407 1505 434 in
1520 405 1650 441 profesto.

1084 453 1146 481 Haec
1162 454 1252 489 igitur,
1268 452 1453 484 dilectissimi,
1470 452 1503 479 de
1517 457 1579 480 octo
1601 452 1700 487 vigiliis
1714 459 1840 480 examus-

1047 499 1098 526 sim
1122 506 1172 526 suo
1195 503 1316 533 tempore
1333 497 1501 525 celebrandis
1523 497 1660 524 sanctitati
1675 502 1771 524 vestra;
1789 497 1839 524 illi-

1048 549 1120 572 malo
1134 544 1203 579 stylo
1217 544 1368 578 conscripta
1384 543 1543 574 direximus,
1557 547 1584 569 et
1598 542 1677 577 851
1694 547 1723 569 ut
1743 550 1790 569 vos
1805 543 1837 569 ad

1047 598 1078 617 ea
1103 590 1261 624 corrigenda
1285 597 1344 623 qure
1360 596 1430 615 nunc
1447 588 1593 615 insolenter
1617 592 1759 622 emergunt
1775 588 1839 614 viri-
1871 595 1874 598 '

1047 634 1109 661 liter
1125 634 1314 669 accingamini,
1335 638 1363 660 ut
1379 640 1471 659 revera
1488 632 1588 660 Christi
1613 632 1722 664 milites,
1737 632 1837 659 adhor-

1048 683 1147 705 tamur.
1161 677 1298 704 Tencatnr
1310 678 1399 712 itaque
1411 685 1458 711 per
1471 684 1517 704 vos
1530 676 1718 704 ecclesiasticae
1730 677 1836 711 genium

1047 722 1205 757 disciplinrc,
1233 726 1352 757 paternse
1377 721 1529 748 traditionis
1551 729 1644 748 norma
1669 726 1836 756 permaneat,

1048 768 1186 803 religionis
1211 773 1298 795 status
1312 775 1326 794 a
1342 775 1390 794 sua
1408 768 1535 802 dignitate
1556 775 1609 793 non
1629 771 1748 798 corruat,
1763 768 1838 801 vigor

1047 812 1247 840 ecclesiasticus
1261 819 1314 838 non
1330 811 1477 838 mollescat.
1492 811 1635 838 Enimvero
1656 819 1708 838 non
1731 812 1836 846 ambigo

206 864 277 886 stum
302 865 420 886 mensem
441 852 488 885 ex/
502 866 577 885 more
604 857 780 889 transfertur,
802 858 996 894 respondemus
1012 855 1035 885 Β
1049 856 1208 892 scripturam
1225 856 1302 888 hanc,
1320 856 1340 883 si
1358 856 1382 883 in
1397 863 1489 883 eorum
1504 863 1598 883 manus
1615 856 1762 887 devenerit.
1778 858 1837 891 qui-

207 912 261 932 nou
286 908 395 939 propter
418 903 593 930 mutationem
618 902 771 931 festivitatis
793 904 845 931 hoc
862 904 935 936 fieri,
950 905 996 932 sed

207 950 334 984 quoniam
355 957 415 976 cum
436 949 532 984 vigiliis
549 953 670 976 sanctam
694 950 861 976 nativitatem
875 949 933 983 ejus
947 957 996 976 ex-

208 994 338 1028 cepimus,
352 1000 386 1020 ne
399 993 536 1027 popularis
558 998 684 1028 gravetur
708 993 858 1024 inﬁrmitas,
880 994 906 1020 in
926 993 998 1027 ejus-

208 1038 268 1065 dem
281 1036 456 1064 decollatione
470 1037 526 1064 sola
542 1036 685 1064 uniusdiei
696 1036 865 1064 solemnitate
877 1038 996 1065 contenti

207 1089 311 1110 SillllllS.

243 1128 383 1154 Postremo
406 1127 438 1154 de
453 1127 523 1154 beati
548 1134 654 1161 quoque
668 1127 859 1154 Bartlmlomaai
882 1127 996 1162 vigiliis,

206 1179 274 1206 quas
296 1172 413 1199 nonnulli
434 1172 491 1207 jam
507 1171 606 1199 violare
629 1172 757 1206 paulatim
774 1172 921 1207 incipiunt,
942 1180 996 1200 non

206 1219 310 1245 diversa
327 1218 458 1245 sententia
480 1223 531 1245 est.
557 1217 616 1251 Quo
639 1218 766 1245 nimirum
791 1218 833 1245 die
851 1217 996 1252 aliquando

206 1263 288 1290 abbas
311 1263 435 1297 quidam,
461 1270 513 1290 non
538 1263 638 1290 intimis
659 1263 849 1292 comitantibus
872 1263 948 1296 viris,
962 1263 996 1290 de

206 1308 358 1343 longinquis
380 1308 478 1335 finibus
496 1308 530 1335 ad
554 1316 602 1335 nos
624 1308 650 1335 in
665 1314 757 1335 eremo
774 1309 901 1343 degentes
915 1316 996 1343 pran-

206 1361 252 1380 sus
275 1358 302 1380 et
317 1357 475 1380 conlaturus
489 1353 610 1385 advenit;
628 1353 681 1379 alia
696 1360 760 1380 vero
772 1353 826 1385 die,
841 1353 995 1384 festivitatis

206 1399 310 1425 scilicet
323 1398 487 1433 apostolicte,
504 1404 624 1433 rogatus,
640 1402 671 1425 ut
685 1399 855 1433 digressurus
873 1399 996 1433 ientacu-

205 1443 260 1470 lum
284 1448 409 1477 caperet,
430 1444 519 1471 renuit
542 1443 675 1478 nullisque
701 1443 826 1478 precibus
851 1444 994 1478 acquievit.

206 1488 276 1519 Sed.
291 1497 307 1515 ο
326 1489 405 1523 digna
428 1489 572 1516 restituens
596 1489 686 1516 divina
712 1489 860 1517 sententia!
884 1490 940 1517 sive
966 1490 993 1518 in

1047 902 1096 931 bus
1118 907 1179 929 sunt
1200 910 1295 936 perosa
1315 901 1427 935 jejunia,
1443 902 1557 935 turpiter
1573 902 1781 935 conspuendam.
1797 903 1836 929 Ab

1047 947 1089 974 his
1103 947 1216 977 scilicet,
1231 946 1328 980 quibus
1344 950 1427 972 tumet
1443 950 1522 972 uncta
1536 946 1605 972 cutis
1617 951 1697 980 atque
1713 946 1835 978 uitidula,

1046 991 1092 1026 qni
1116 991 1254 1019 sobrietati
1280 991 1342 1017 dum
1369 990 1567 1017 infcederabiles
1589 998 1691 1025 pugnas
1707 991 1834 1023 inferunt,

1042 1036 1170 1063 rubentia
1184 1038 1296 1071 pingues
1307 1045 1353 1063 ora
1365 1036 1445 1071 852
1458 1037 1653 1064 ﬂammescunt.
1670 1037 1732 1064 Mihi
1746 1042 1834 1064 autem

1047 1082 1148 1109 nullius
1161 1090 1263 1114 amore,
1280 1083 1320 1109 vel
1334 1083 1395 1110 odio
1412 1088 1515 1110 rectum
1531 1083 1593 1110 licet
1610 1083 1745 1110 occultare
1764 1084 1834 1118 quod

1046 1127 1148 1159 sentio;
1175 1131 1198 1153 et
1225 1128 1269 1161 qui
1292 1127 1425 1154 Julianum
1455 1127 1587 1154 Cmsaretn
1621 1132 1681 1155 octo
1706 1128 1834 1155 adversus

1045 1171 1218 1207 Evangelium
1234 1173 1334 1199 Christi
1350 1173 1489 1206 scripsisse
1510 1172 1645 1199 volumina
1660 1181 1711 1199 non
1728 1173 1833 1208 ignoro,

1046 1217 1080 1244 ab
1096 1217 1138 1244 his
1150 1218 1230 1244 etiam
1250 1219 1293 1252 qui
1309 1218 1470 1253 evangelicm
1485 1223 1548 1245 sunt
1564 1218 1709 1252 disciplime
1724 1222 1833 1245 contra-

1046 1263 1090 1294 rii,
1102 1264 1319 1298 scriptiunculam
1333 1272 1420 1290 meam
1432 1265 1521 1291 verbis
1536 1264 1705 1291 mordacibus
1721 1263 1833 1291 lacerari

1045 1308 1198 1336 nullatenus
1219 1310 1358 1337 erubesco.
1382 1310 1477 1336 Dicant
1491 1310 1561 1336 enim
1577 1310 1613 1336 illi
1629 1317 1688 1336 cum
1711 1308 1830 1343 antiquis

1045 1354 1253 1382 obsonatoribus
1292 1355 1347 1382 suis
1373 1364 1378 1381 :
1406 1364 1414 1380 ι
1438 1355 1628 1381 Manducemus
1648 1359 1675 1381 et
1699 1354 1830 1385 bibamus,

1044 1405 1105 1426 cras
1118 1399 1189 1425 enim
1205 1399 1350 1425 moriemur
1363 1399 1430 1434 (Isti.
1450 1398 1532 1432 xxu);
1548 1408 1557 1424 ι
1571 1403 1598 1425 et
1613 1406 1661 1425 nos
1673 1406 1733 1425 cum
1747 1398 1832 1425 servis

1044 1443 1145 1471 Christi
1169 1444 1377 1478 respondeamus
1392 1453 1397 1470 :
1416 1454 1424 1470 ι
1442 1443 1597 1478 Jejunemus
1611 1448 1638 1471 et
1652 1451 1743 1470 sacras
1762 1442 1831 1477 vigi-

1044 1489 1096 1516 lias
1118 1488 1298 1519 celebremus,
1315 1494 1343 1515 ut
1363 1489 1388 1515 in
1412 1488 1556 1515 festivitate
1579 1487 1681 1515 caelesti
1704 1487 1761 1514 sine
1779 1486 1831 1513 lina

205 1533 358 1560 coenobium
383 1534 642 1566 sanctimonialium,
665 1535 737 1569 quod
770 1540 833 1563 tunc
862 1535 993 1568 visitavit,
1007 1525 1029 1557 (ἶ
1044 1534 1143 1562 victuri
1165 1533 1279 1561 feliciter
1293 1533 1456 1567 epulemur.)

204 1576 262 1606 sive
275 1578 346 1613 apud
358 1571 659 1612 aliquem'stecularium
673 1579 706 1606 ad
720 1587 895 1615 quoscunque
910 1584 995 1608 trans-

1216 1579 1258 1608 Sit
1272 1587 1363 1607 nomen
1378 1578 1484 1606 Domini
1494 1578 1666 1606 benedictum.

212 1670 1824 1687 ———_———.———————————-—-—

230 1749 408 1786 853-854
436 1760 822 1813 OPUSCULUM
859 1759 1457 1824 QUINQUAGESIMUM
1507 1719 1792 1811 SEXTUM.

485 1885 537 1914 DE
550 1884 685 1915 FLUXA
707 1884 833 1915 MUNDI
851 1885 1002 1916 GLORIA
1020 1886 1072 1915 ΕΤ
1089 1883 1240 1916 SJECULI
1269 1883 1551 1915 DESPECTIONE.

898 1967 1081 1977 ._——-———

153 2032 163 2043 κ
207 2029 402 2056 Ancumenruu.
419 2029 593 2063 —Agnetem
609 2028 809 2064 imperatricem
831 2028 943 2056 Romam
967 2037 1019 2064 non
1036 2029 1153 2063 superbo
1171 2033 1314 2063 apparatu,
1330 2028 1376 2056 sed
1390 2028 1474 2064 rcnltu
1493 2028 1566 2064 infra
1590 2027 1701 2062 privatae
1724 2027 1831 2054 femina:

241 2071 384 2099 personam
397 2064 499 2098 dejecto
519 2063 730 2099 ingredientem,
750 2064 782 2091 ad
799 2071 918 2099 praesepe
933 2063 1031 2099 Christi
1049 2064 1154 2099 Domini
1170 2064 1323 2095 visendum,
1340 2063 1439 2098 regium
1453 2063 1699 2099 rSabtcAcomparat,
1713 2070 1777 2099 qttte
1786 2070 1830 2099 re-

240 2099 311 2131 giam
327 2097 478 2125 Salomonis
493 2097 759 2133 magnificentissime
778 2097 899 2133 ingressa
923 2102 974 2126 est.
990 2098 1118 2125 Eamdem
1139 2104 1268 2133 praeterea
1285 2097 1380 2125 landat'
1389 2098 1458 2131 quod
1478 2097 1579 2132 regales
1594 2105 1704 2131 pompas
1718 2097 1832 2133 mirifice

236 2133 440 2166 contempserit.
455 2131 556 2160 Deinde
571 2133 695 2166 exemplo
707 2131 889 2160 Romanorum
902 2140 993 2167 regum
1007 2140 1038 2160 ac
1053 2131 1225 2160 externorum
1239 2133 1324 2160 ﬂuxas
1338 2139 1396 2159 esse
1420 2131 1670 2167 mundidignitates
1689 2136 1717 2167 et
1731 2131 1832 2167 rmultis

239 2167 439 2208 calamitatibus
459 2167 590 2207 obnoxias
603 2173 694 2208 aperte
716 2168 894 2208 demonstrat.
909 2166 1016 2194 Acriter
1035 2168 1208 2203 reprehendit
1221 2176 1268 2196 eos
1285 2167 1331 2202 qui
1349 2167 1487 2194 nobilitate
1508 2172 1535 2194 et
1551 2166 1650 2194 divitiis
1670 2166 1830 2201 gloriantur,

239 2209 299 2228 cum
315 2201 468 2229 mortalium
483 2202 602 2229 omnium
618 2201 689 2229 idem
702 2202 737 2229 sit
756 2208 831 2230 ortus
845 2208 927 2237 atque
938 2209 1061 2229 occasus.

241 2270 323 2298 Scuto
341 2270 417 2297 bona:
439 2270 583 2297 voluntatis
595 2271 643 2297 Dei
668 2275 802 2298 coronata:
817 2270 920 2298 AGNE'I'I
940 2270 992 2297 im-
1005 2269 1030 2300 D
1046 2269 1127 2297 tiosas
1140 2277 1147 2301 ;
1164 2269 1215 2297 ista
1230 2276 1295 2297 vero
1308 2277 1368 2297 cum
1385 2269 1554 2296 ilermisinde
1567 2273 1679 2303 cognata
1692 2275 1751 2300 sua,
1776 2275 1829 2295 non

205 2316 343 2350 peratrici,
357 2315 463 2342 Psrnus
478 2319 603 2349 peccator
622 2315 770 2343 monachus
785 2315 952 2343 servitutem.
965 2328 969 2331 -

457 2361 570 2389 CAPUT
594 2361 737 2390 PRIMUM.

232 2408 338 2442 Agnetis
349 2408 520 2442 imperatricis
537 2416 595 2434 cum
606 2409 695 2443 regina
710 2408 781 2436 Saba
794 2409 963 2443 comparatio.

241 2452 341 2486 Regina
357 2450 426 2478 Saba
435 2452 542 2479 venitin
553 2452 719 2479 Hierusalem
731 2453 824 2479 audire
832 2453 990 2487 sapientiam

196 2496 359 2524 ‘Salomonis
376 2496 434 2530 (III
452 2496 516 2530 Reg.
536 2504 572 2528 x;
593 2496 625 2523 ΙΙ
642 2495 734 2524 Paral.
757 2497 811 2531 Ix);
835 2497 992 2531 imperatrix

180 2532 186 2537 ’
205 2542 294 2575 Agnes
311 2540 422 2567 Romam
434 2539 506 2574 adiit]
516 2540 655 2568 addiscere
670 2541 809 2569 stultitiam
834 2541 987 2568 Piscatoris.

205 2586 270 2612 Nam
286 2585 357 2612 sicut
371 2584 470 2611 Paulus
481 2585 519 2612 ait
532 2594 539 2612 τ
557 2595 566 2610 ‹
583 2586 649 2619 Quia
663 2594 715 2614 non
729 2587 854 2622 cognovit
876 2587 990 2614 mundus

203 2637 252 2664 per
260 2630 421 2665 sapientiam
434 2630 527 2663 Deum,
540 2630 638 2664 placuit
649 2632 703 2658 Deo
714 2639 761 2665 per
772 2632 911 2659 stultitiam
923 2640 990 2666 prte-

204 2674 347 2702 dicationis
367 2674 456 2702 salvos
470 2674 559 2702 facere
571 2676 710 2703 credentes
730 2676 755 2711 (I
770 2675 830 2703 Cor.
855 2676 885 2711 ι).
907 2686 915 2702 ι
932 2678 988 2710 llla,

205 2719 274 2745 sicut
288 2727 364 2747 sacra
378 2724 490 2748 testatur
501 2721 630 2753 Historia,
645 2721 764 2756 ingressa
774 2727 816 2748 est
830 2729 891 2749 cum
906 2723 990 2750 multo

204 2763 333 2791 comitatu
355 2769 382 2792 et
410 2765 530 2798 divitiis,
553 2766 663 2792 camelis
688 2773 794 2800 quoque
821 2767 990 2801 portantibus

198 2814 335 2843 aromata,
351 2816 378 2837 et
400 2819 494 2838 aurum
509 2811 640 2838 infinitum
655 2810 735 2838 nimis
752 2815 779 2839 et
794 2819 912 2846 gemmas
931 2819 990 2846 pre-

1043 2315 1146 2349 .dispari
1170 2316 1255 2342 sancti
1273 2314 1389 2350 Spiritus
1411 2314 1518 2342 fervore
1542 2322 1681 2346 succensa,
1703 2319 1829 2349 tanquam

1047 2360 1127 2386 Maria
1147 2359 1302 2394 Magdalena
1317 2367 1376 2387 cum
1389 2359 1473 2387 altera
1485 2359 1568 2386 Maria
1580 2360 1691 2387 veniunt
1698 2360 1730 2386 ad
1742 2360 1830 2394 sepul-

1046 2412 1120 2431 crum
1132 2404 1237 2439 (Matth.
1253 2412 1346 2436 xxvm;
1360 2404 1443 2431 Marc.
1456 2413 1511 2437 xvi;
1522 2404 1586 2431 Luc.
1598 2412 1672 2436 “tv;
1682 2404 1827 2438 latim“),

1044 2456 1097 2476 non
1115 2454 1145 2476 ut
1163 2456 1261 2484 corpus
1273 2449 1334 2476 Jesu
1356 2454 1505 2485 perungant
1525 2449 1649 2476 fomentis
1666 2454 1828 2482 aromatum,

1044 2494 1091 2520 sed
1109 2498 1139 2520 ut
1154 2495 1235 2528 pedes
1249 2494 1307 2528 ejus
1320 2494 1428 2522 ﬂuentis
1440 2495 1552 2529 irrigent
1568 2494 1757 2529 lacrymarum.
1771 2487 1828 2520 Non

1043 2539 1114 2565 enim
1124 2539 1179 2574 jam
1194 2543 1317 2572 quaerunt
1339 2540 1469 2566 viventem
1484 2546 1546 2566 cum
1561 2539 1683 2571 mortuis,
1704 2538 1750 2565 sed
1766 2538 1829 2564 ado-

1043 2588 1134 2609 rantes
1149 2587 1241 2610 tenent
1263 2584 1374 2618 vestigia
1403 2584 1578 2618 resurgentis.
1600 2583 1721 2610 Carnalis
1752 2582 1829 2617 plane

1043 2626 1168 2654 Salomon
1185 2628 1284 2663 reginae
1296 2628 1372 2655 Sabae
1382 2626 1559 2663 quaestionum
1571 2628 1655 2655 nodos
1663 2633 1690 2655 et
1701 2628 1828 2663 mysteria

1042 2675 1171 2702 reseravit
1188 2677 1379 2710 :cnigmatum;
1404 2682 1495 2704 nostra
1522 2684 1586 2704 vero
1610 2677 1702 2712 regina
1726 2676 1762 2703 nil
1777 2677 1828 2703 sibi

1042 2721 1108 2747 solvi
1129 2722 1287 2756 proposuit,
1309 2721 1359 2749 nisi
1383 2729 1492 2749 suorum
1517 2722 1622 2749 vincula
1645 2726 1827 2756 peccatorum.

1044 2767 1171 2793 Salomon
1186 2775 1312 2802 namque,
1326 2768 1371 2801 qui
1388 2767 1437 2794 fuit
1450 2768 1533 2802 ﬁgura
1545 2768 1644 2795 Christi
1662 2772 1689 2794 et
1706 2767 1829 2802 quaedam

1046 2811 1117 2839 velut
1130 2812 1226 2847 imago,
1243 2813 1298 2840 sive
1313 2813 1464 2847 prophetia,
1478 2819 1620 2847 personam
1634 2812 1718 2840 nostri
1733 2810 1828 2838 S’alva—
