4054 6184
381 292 487 360 809

1265 295 1510 357 OPUSC.
1547 294 1682 354 LVI.
1720 297 1902 352 -ΒΕ
1949 295 2188 354 FLUXA
2233 295 2449 358 MUNDI
2488 299 2764 358 GLORIA.

3543 310 3649 367 8.0

378 418 516 472 toris
539 411 830 483 expressit.
863 410 937 466 De
981 411 1069 466 illo
1103 411 1302 482 quippe
1346 413 1545 468 dicitur
1581 432 1601 466 ο
1647 413 1775 484 quia
1812 413 1965 469 locu-
1997 414 2043 472 Α
2073 411 2312 468 nitentia:
2341 415 2597 469 resecari.
2629 414 2872 486 llyssopo
2905 417 3157 471 nimirum
3193 418 3549 488 purificantur
3575 425 3656 478 in-

381 514 472 560 tus
527 514 611 559 cst
674 504 776 556 tria
829 503 991 557 millia
1029 505 1434 575 parabolarum,
1485 517 1540 562 et
1589 507 1808 564 fuerunt
1845 525 1968 564 car-

380 596 522 650 :nina
543 595 938 663 illiusquinque
962 596 1161 662 millia;
1189 618 1204 649 ι
1229 599 1316 651 uhi
1357 610 1554 668 prtesto
1583 601 1966 673 subjungitur:

377 687 502 753 quia
524 705 540 735 ι
578 684 872 754 disputavit
897 687 1060 740 etiam
1094 705 1252 758 super
1273 689 1446 758 lignis,
1475 708 1502 744 a
1532 695 1714 756 cedro,
1740 708 1860 762 qua:
1889 702 1972 748 est

377 775 430 830 in
482 775 685 828 Libano
729 791 897 844 usque
941 779 1006 829 ad
1059 779 1388 849 hyssopum,
1437 797 1556 851 qua:
1603 784 1876 854 egreditur
1905 783 1971 838 de

375 867 604 937 pariete,
631 877 686 920 .e-t
715 867 1054 922 disseruitde
1091 869 1368 937 jumentis,
1417 883 1470 926 et
1519 873 1585 929 de
1638 874 1968 940 volucribus,

374 968 430 1019 et
461 957 742 1034 reptilihus
773 968 821 1010 et
863 959 1100 1027 piscibus
1121 960 1239 1030 (ΙΙΙ
1265 961 1390 1032 Reg.
1419 962 1512 1033 tv).
1551 983 1568 1014 ι
1603 965 1732 1030 Qua:
1763 964 1971 1019 scilicet

372 1051 725 1127 Redernptori
757 1061 944 1111 nostro
984 1067 1086 1104 non
1140 1053 1363 1124 ambigit
1411 1065 1599 1108 cuncta
1646 1069 1966 1126 congruere,

374 1150 460 1204 cui
496 1158 651 1202 vacat
687 1149 802 1203 hanc
829 1147 1072 1219 diligenti
1101 1144 1532 1206 CUiiEitiCI’illith
1570 1155 1822 1202 tractare.
1852 1147 1969 1218 Ipse

376 1239 632 1294 nimirum
664 1240 763 1293 tria
793 1241 955 1296 millia
989 1240 1368 1310 parabolarum
1396 1247 1479 1299 est
1518 1237 1749 1305 loeutus.
1797 1239 1887 1309 qui
1915 1249 1970 1295 et

377 1331 601 1402 mystica
662 1331 880 1386 Patrum
919 1335 1334 1402 praecedentium
1373 1334 1535 1400 facta,
1568 1345 1622 1391 et
1645 1349 1742 1407 per
1771 1332 1969 1409 allego-

378 1424 488 1477 rica
523 1422 907 1493 prOphetarum
937 1424 1180 1490 oracula,
1206 1427 1287 1481 vel
1314 1429 1476 1483 etiam
1507 1445 1604 1499 per
1630 1432 1968 1493 coruscantis

379 1511 652 1582 Evangelii
679 1515 1026 1578 doetnnenta,
1047 1515 1172 1570 dum
1194 1516 1296 1570 sub
1323 1517 1587 1573 velamine
1611 1535 1746 1588 pene
1772 1530 1965 1576 cuncta

376 1603 652 1664 disseruit,
683 1605 838 1673 quasi
874 1605 971 1658 tria
1008 1607 1173 1660 millia
1223 1607 1276 1660 in
1324 1607 1502 1661 verbis
1530 1609 1642 1662 suis
1685 1610 1970 1678 parabola-

376 1709 496 1747 runi
529 1695 848 1749 numeravit.
875 1694 1027 1751 Umle
1059 1707 1112 1752 et
1144 1698 1194 1751 in
1223 1697 1511 1768 Evangelio
1540 1699 1822 1755 Mattlueus
1846 1701 1922 1756 ait
1949 1720 1961 1756 :

2078 503 2208 558 lima
2245 505 2544 571 viscerum,
2579 523 2676 577 per
2699 524 2859 578 quam
2893 523 2996 563 non
3027 509 3319 580 incongrue
3347 511 3659 583 designatur

2075 593 2343 651 confessio
2379 608 2743 666 peccatorum.

2709 691 2934 745 CAPUT
2963 693 3018 745 ll.

2236 781 2430 835 Christi
2451 792 2498 835 el
2531 781 2830 836 Salomonis
2853 784 3106 851 sapientia
3131 797 3486 852 conqmratur.

2147 871 2446 942 Disputavit
2477 875 2640 943 igitur
2660 883 2849 929 ‘noster
2873 874 3124 929 Salomon
3157 894 3319 946 super
3351 878 3529 948 lignis,
3561 879 3658 934 lio-

2073 965 2309 1018 tninibus
2337 965 2586 1020 videlicet
2610 966 2748 1019 intra
2778 967 3132 1037 germinantis
3160 969 3411 1041 Ecclesia:
3434 985 3655 1026 nemora

2074 1055 2328 1111 radicatis
2353 1072 2380 1109 ει
2411 1059 2594 1121 cedro,
2624 1075 2744 1126 quae
2770 1066 2851 1112 est
2897 1060 2948 1112 in
2981 1059 3206 1122 Libano,
3235 1077 3402 1130 usque
3441 1063 3508 1118 ad
3535 1063 3660 1134 hys-

2071 1160 2294 1216 sopmn,
2324 1162 2445 1216 qua:
2478 1149 2754 1218 egreditur
2803 1149 2868 1202 de
2915 1151 3139 1217 pariete,
3191 1152 3241 1205 id
3293 1162 3376 1206 est
3419 1153 3486 1207 ab
3532 1155 3661 1224 ipsis

2070 1241 2438 1295 eminentibus
2465 1241 2669 1295 sanctis
2701 1241 2873 1295 nitore
2910 1241 3134 1310 justitia'
3160 1246 3460 1300 candidatis
3493 1263 3664 1317 usque

2071 1333 2136 1386 ad
2176 1343 2489 1402 peccatores
2561 1343 2612 1388 et
2658 1335 2834 1404 lapsos
2872 1345 3032 1404 atque
3074 1337 3141 1390 al
3193 1339 3523 1405 poenitentiae
3567 1340 3663 1394 de-

2071 1439 2216 1482 mum
2255 1423 2490 1479 lamenta
2537 1440 2844 1480 conversos.
2901 1425 3036 1481 lliuc
3080 1429 3334 1498 estquod
3371 1429 3660 1498 sequitur:

2075 1537 2094 1570 ε
2133 1517 2400 1575 Disseruit
2425 1525 2480 1575 et
2509 1516 2906 1588 tin'zttiﬂttlisJ
2933 1529 3242 1574 sanctorum
3275 1519 3484 1577 scilicet
3514 1520 3664 1589 adju-

2072 1609 2303 1672 toribus,
2334 1609 2618 1664 catholicis
2660 1611 2790 1665 viris
2818 1653 2832 1676 ,
2875 1635 2890 1662 ι
2938 1622 2994 1667 et
3033 1611 3098 1667 de
3133 1609 3465 1678 volucribus,
3513 1628 3537 1666 ι
3567 1611 3666 1668 ho-

2072 1698 2304 1752 minibus
2335 1701 2587 1753 nimirum
2636 1717 2732 1770 per
2760 1712 2945 1755 sancta
2999 1703 3265 1758 desideria
3314 1705 3378 1758 ad
3427 1720 3664 1774 superna

380 1799 400 1835 ι
447 1783 570 1839 llaac
594 1785 775 1840 omnia
823 1787 1034 1842 loeutus
1064 1798 1148 1843 est
1187 1789 1344 1844 Jesus
1379 1789 1430 1842 in
1460 1790 1730 1858 parabolis
1757 1790 1821 1843 ad
1858 1800 1969 1845 tur-
2001 1779 2043 1836 Β
2072 1790 2376 1856 suspensis:
2451 1808 2469 1838 ι
2527 1799 2580 1843 Cl
2623 1790 2688 1844 de
2751 1792 3032 1860 replilibus
3077 1804 3131 1847 Cl
3174 1794 3410 1864 piscibus
3436 1835 3450 1859 ν
3493 1815 3510 1846 δ
3563 1796 3666 1851 hoc

378 1874 496 1940 bas,
546 1883 600 1929 et
648 1875 766 1930 sine
815 1877 1086 1946 parabolis
1120 1894 1224 1933 non
1280 1879 1597 1948 loquebatur
1645 1879 1964 1949 eis(;llattlt.

375 1966 519 2034 xm).
546 1983 565 2018 ι
612 1965 778 2034 Cujus
821 1969 985 2022 etiam
1030 1971 1274 2024 carmina
1321 1970 1560 2040 quinque
1597 1972 1764 2025 millia
1820 1983 1965 2038 sunt,

373 2057 500 2128 quia
539 2059 738 2114 chorus
797 2061 1088 2131 virginum,
1139 2079 1260 2134 qua:
1308 2065 1408 2120 sub
1453 2065 1703 2134 quinario
1742 2082 1969 2121 numero

374 2147 778 2216 describuntur,
806 2161 931 2206 ante
969 2154 1219 2208 thronum
1258 2153 1392 2222 ejus,
1445 2156 1586 2211 sicut
1627 2156 1863 2212 Joannes
1914 2159 1966 2212 in

371 2239 698 2313 Apocalypsi
732 2244 864 2298 dicit
894 2245 1216 2316 (Apoc.xtv),
1242 2249 1515 2301 canticum
1547 2262 1744 2302 novum
1765 2247 1970 2320 jugiter

373 2333 720 2399 modulatur;
753 2334 837 2388 vel
877 2336 999 2404 quia
1025 2338 1264 2407 quinque
1291 2348 1420 2393 sunt
1445 2339 1666 2394 vulnera
1699 2339 1966 2394 Dominici

372 2425 642 2493 corporis,
679 2426 874 2495 quibus
917 2442 1014 2496 per
1040 2430 1352 2484 universum
1401 2431 1586 2484 orbem
1630 2432 1970 2502 triumphalis

371 2512 490 2584 eius
509 2516 737 2570 victoria
763 2515 1107 2586 prardicatur,
1135 2519 1235 2573 sub
1258 2519 1446 2574 eodem
1476 2536 1702 2574 numero
1724 2523 1966 2577 carmina

373 2615 758 2676 supputantur,
788 2609 892 2663 sub
917 2624 1024 2678 quo
1050 2618 1305 2665 tenentur
1337 2620 1392 2666 et
1434 2611 1676 2677 vulnera,
1710 2627 1808 2683 per
1851 2629 1972 2683 qua:

374 2697 604 2752 victoria
634 2698 928 2769 singularis
958 2699 1133 2755 laudis
1174 2709 1393 2756 mternze
1421 2702 1648 2774 gloriam
1694 2719 1972 2774 promere-

377 2793 485 2842 tur.
511 2785 662 2841 Unde
700 2767 825 2841 eum
855 2789 907 2843 in
939 2787 1182 2845 Canticis
1224 2767 1476 2846 dicitur?
1496 2809 1516 2843 ε
1552 2767 1746 2865 Surge,
1795 2795 1971 2851 amica

377 2891 522 2941 mea,
547 2892 744 2948 sponsa
773 2893 914 2946 mea,
942 2889 998 2934 et
1024 2880 1174 2946 veni,
1214 2882 1464 2937 columba
1495 2898 1638 2950 mea,
1661 2884 1717 2938 in
1752 2883 1973 2941 forami-

378 2967 537 3024 nibus
563 2977 752 3039 petraz,
773 2970 906 3026 etin
937 2985 1166 3026 caverna
1188 2973 1438 3028 maceriae
1463 2989 1478 3040 ;
1514 2993 1532 3027 ι
1551 2975 1800 3045 protinus
1823 2975 1974 3033 addi-

378 3065 508 3114 tur:
537 3077 554 3110 ι
588 3057 822 3114 Ostende
868 3061 998 3115 mibi
1023 3059 1215 3116 faciem
1237 3070 1587 3129 tuam,souet
1633 3080 1733 3122 vox
1783 3075 1873 3122 tua
1916 3067 1972 3123 in

377 3147 599 3202 auribus
637 3149 792 3215 meis,
839 3150 964 3219 quia
1006 3166 1106 3205 vox
1136 3159 1223 3206 tua
1254 3151 1425 3208 dulcis
1453 3153 1628 3225 (Cant.
1653 3157 1735 3226 ιι).
1772 3175 1792 3210 ι
1826 3156 1970 3215 Sane

376 3236 505 3306 quia
538 3253 643 3292 non
672 3238 787 3293 lucc
814 3248 1004 3294 exacte
1033 3248 1354 3308 tractamus,
1389 3243 1484 3298 sed
1522 3244 1799 3302 succincte
1823 3247 1966 3304 cele-

378 3329 619 3399 riterque
665 3331 1118 3399 transcurrimus,
1165 3333 1397 3396 suﬂiciat
1447 3335 1628 3392 dicere
1679 3338 1807 3408 quia
1845 3354 1968 3394 cum

378 3431 534 3494 petra
559 3424 630 3478 sit
649 3423 923 3491 Christus,
946 3424 1214 3480 foramina
1238 3436 1404 3497 petrae
1424 3428 1785 3502 procul855
1806 3429 1970 3487 dubio

378 3523 507 3571 sunt
534 3514 801 3571 Dominici
837 3518 1079 3588 corporis
1107 3518 1410 3574 cicatrices.
1443 3519 1551 3574 Sed
1578 3536 1701 3576 cum
1729 3531 1851 3591 post
1875 3523 1972 3576 bu-

376 3604 466 3678 ius
507 3615 675 3674 petra:
703 3606 967 3661 foramina
996 3608 1169 3663 dulcis
1209 3624 1311 3663 vox
1339 3624 1552 3678 sponsa:
1579 3609 1631 3664 in
1663 3611 1844 3686 sponsi
1875 3597 1968 3665 au-

381 3697 540 3754 ribus
581 3713 778 3753 sonare
807 3699 1157 3769 praecipitur;
1187 3701 1315 3770 quid
1354 3701 1499 3756 aliud
1531 3717 1694 3772 quam
1732 3703 1971 3773 quinque

377 3786 698 3843 vulneribus
741 3788 843 3843 sub
889 3789 1078 3844 eodem
1137 3790 1388 3860 quinario
1441 3807 1668 3847 numero
1725 3793 1970 3848 carmina

379 3876 598 3932 laudum
639 3879 868 3935 reddere
904 3879 992 3950 pia
1013 3881 1264 3951 quazlibet
1291 3882 1493 3949 anima,
1526 3883 1606 3938 vel
1631 3893 1823 3939 sancta
1844 3883 1971 3939 uui-

379 3969 613 4024 versalis
646 3969 889 4026 Ecclesia
933 3981 1327 4040 commonetur,
1355 3982 1414 4028 ut
1439 3972 1680 4042 ejusdem
1708 3975 1970 4046 quodam-

378 4059 543 4116 modo
571 4062 782 4117 numeri
809 4062 1055 4117 carmina
1090 4061 1313 4129 referat,
1344 4073 1478 4133 quot
1506 4079 1604 4135 pro
1635 4080 1693 4120 se
1720 4076 1972 4138 suscepta

377 4149 600 4207 vulnera
622 4167 726 4206 non
749 4151 960 4222 ignorat
987 4169 1002 4218 ;
1033 4153 1214 4223 illique
1234 4161 1460 4209 cunctos
1483 4156 1563 4211 sui
1587 4157 1836 4227 corporis
1849 4172 1972 4212 seu-

381 4255 476 4298 sus
486 4242 718 4308 dedicet,
736 4259 896 4314 quem
914 4243 1130 4299 totidem
1146 4259 1245 4316 pro
1264 4260 1323 4300 se
1344 4246 1644 4302 sauciatum
1663 4248 1972 4305 vulneribus

380 4333 560 4389 videt?
581 4332 830 4405 Quinque
847 4336 1102 4390 nimirum
1123 4343 1432 4392 nostrorum
1456 4352 1709 4395 sensuum
1725 4337 1968 4405 vulnera,

380 4420 490 4480 illis
515 4425 756 4494 quinque
796 4426 1062 4481 Dominiei
1089 4427 1334 4498 corporis
1359 4430 1705 4486 cicatricibus
1734 4441 1860 4486 sunt
1885 4447 1973 4486 sa-

2071 1886 2153 1932 est
2208 1880 2273 1931 de
2323 1879 2406 1932 his
2446 1880 2535 1948 qui
2586 1890 2773 1949 pectus
2833 1884 3281 1953 concupiscentia:
3329 1901 3420 1956 per
3463 1896 3663 1940 terram

2073 1968 2315 2029 trahunt,
2357 1977 2411 2021 et
2455 1968 2545 2036 qui
2577 1985 2674 2038 per
2702 1971 3041 2026 szecularium
3075 1975 3410 2045 negotiorum
3463 1974 3664 2030 ﬂuenta

2071 2068 2351 2126 vagantur.
2390 2057 2595 2111 Dicitur
2637 2063 2800 2116 etiam
2842 2065 2985 2133 quod
3019 2066 3360 2134 prtecedehat
3399 2067 3666 2137 sapientia

2068 2146 2379 2223 Salomonis
2400 2149 2721 2217 sapientiam
2747 2151 2989 2204 onmium
3020 2156 3378 2214 Orientalium
3409 2169 3464 2216 et
3492 2159 3664 2232 Egy-

2071 2241 2305 2311 ptiorum
2334 2280 2348 2306 ,
2399 2243 2523 2311 quia
2568 2243 2822 2298 nimirum
2859 2245 3186 2316 Redemptor
3225 2260 3410 2302 n0stor
3443 2260 3666 2323 superat

2072 2331 2404 2384 intellectum
2431 2342 2486 2386 ct
2513 2333 2830 2400 angelorum
2871 2345 2925 2387 et
2963 2335 3261 2390 hominum.
3307 2335 3551 2390 Habebat
3577 2341 3670 2392 illo

2072 2420 2428 2489 quadraginta
2478 2421 2642 2474 millia
2682 2423 2942 2492 prmsepia
2987 2438 3250 2492 equorum
3302 2424 3583 2478 eurrillum
3614 2432 3672 2480 et

2075 2510 2354 2564 duodecim
2381 2510 2546 2564 millia
2581 2513 2935 2580 equestrium.
2961 2511 3098 2578 Quid
3131 2527 3228 2581 per
3255 2515 3668 2583 quaternarium

2073 2616 2386 2668 numerum,
2411 2601 2516 2657 nisi
2538 2603 2797 2672 quadriga
2820 2605 3161 2674 prmstruitur
3176 2604 3630 2675 evangelistarum
3647 2605 3673 2658 ἲ

2075 2692 2142 2747 Ει
2175 2691 2305 2762 quid
2346 2707 2444 2762 per
2481 2692 2894 2760 duodenarium,
2937 2693 3040 2748 nisi
3081 2705 3302 2748 senatus
3348 2695 3672 2762 exprimitur

2073 2782 2486 2855 apostolorum?
2515 2783 2619 2838 Per
2655 2785 2954 2839 doctrinam
2987 2784 3185 2856 quippe
3221 2768 3672 2856 evangelicamuet

2075 2873 2426 2943 apostolicam
2453 2883 2702 2930 vectatur
2736 2874 2995 2931 Dominus
3033 2892 3127 2946 per
3154 2877 3460 2932 universam
3485 2875 3670 2932 latitu-

2074 2963 2260 3020 dinem
2307 2965 2458 3021 orbis
2507 2974 2798 3020 terrarum.
2851 2983 2870 3018 ι
2903 2965 3107 3022 Currus
3154 2967 3295 3022 enim
3347 2968 3440 3022 Dei
3484 2968 3671 3023 decem

2076 3055 2313 3112 millibus
2365 3055 2668 3128 multiplex,
2708 3056 2876 3113 millia
2928 3058 3255 3122 laatantium,
3310 3057 3571 3116 Dominus
3614 3060 3672 3115 in

2000 3122 2046 3185 (ἶ
2078 3147 2178 3212 eis,
2208 3147 2264 3202 in
2291 3145 2422 3203 Sina
2455 3122 2729 3204 in-sancto
2759 3147 2933 3222 (Psal.
2967 3153 3156 3220 van).
3192 3169 3210 3203 ι
3246 3149 3380 3204 Nam
3425 3152 3554 3222 quia
3581 3149 3670 3206 Si-

2077 3253 2148 3293 na
2173 3239 2483 3294 mandatum
2518 3239 2927 3311 interpretatur,
2989 3249 3200 3297 constat
3226 3242 3280 3296 in
3311 3241 3391 3296 eis
3437 3251 3671 3297 tantum-

2075 3329 2240 3386 modo
2268 3330 2475 3386 vectari
2523 3330 2831 3398 Dominum,
2865 3331 2957 3386 ubi
2987 3332 3047 3386 lit
3075 3331 3377 3387 caelestium
3411 3334 3669 3389 observa-

2078 3423 2155 3480 tio
2177 3423 2578 3479 mandatorum.

2147 3513 2456 3570 Notandum
2478 3522 2661 3570 autem
2715 3515 2841 3586 quia
2870 3514 3012 3571 sicut
3039 3531 3264 3587 regnum
3287 3515 3479 3582 David,
3503 3516 3673 3590 856

2076 3605 2170 3676 qui
2193 3613 2270 3661 tot
2300 3606 2569 3676 pressaris
2594 3607 2836 3666 attritus.
2863 3608 3149 3663 Dominum
3180 3610 3424 3681 designat
3443 3609 3495 3664 iu
3520 3626 3670 3666 mor-—

2076 3695 2204 3751 talis
2229 3695 2406 3752 adhuc
2433 3697 2558 3750 vita:
2591 3697 2767 3752 stadio
2813 3697 3148 3753 laborantem
3169 3739 3182 3763 ,
3236 3699 3316 3754 sic
3365 3698 3671 3756 Salomonis

2078 3785 2237 3842 istius
2259 3786 2698 3856 incomparabilis
2727 3787 2895 3856 gloria
2932 3790 3242 3860 praeﬁgunt
3282 3789 3531 3845 eumdem
3562 3790 3671 3846 Do-

2079 3877 2284 3932 minum
2312 3885 2434 3947 post
2469 3877 2654 3934 mundi
2684 3878 2844 3933 llnem
2872 3879 2923 3934 in
2953 3879 3163 3948 paterni
3201 3878 3451 3934 culminis
3498 3877 3670 3948 maje-

2077 3975 2219 4024 state
2245 3975 2580 4038 regnantem.
2637 3958 2790 4024 Unde
2835 3968 2943 4024 illic
2984 3970 3183 4023 dicitur
3224 3969 3349 4039 quia
3397 3985 3503 4024 non
3554 3977 3674 4024 erat

2077 4068 2382 4131 argentum,
2415 4073 2516 4114 nec
2549 4059 2710 4115 ullius
2736 4060 2896 4130 pretii
2923 4061 3212 4132 putabatur
3245 4062 3295 4115 iu
3337 4061 3528 4116 diebus
3569 4061 3670 4117 Sa-

2077 4151 2328 4208 lomonis.
2353 4150 2508 4225 Quod
2537 4151 2792 4207 nimirum
2819 4153 3088 4222 quomodo
3113 4153 3266 4220 juxta
3294 4152 3526 4208 litteram
3558 4162 3671 4214 stas

2079 4243 2179 4308 bit,
2207 4253 2268 4297 ut
2289 4243 2434 4298 credi
2466 4243 2643 4299 valeat
2671 4253 2912 4314 tempore
2939 4243 3244 4300 Salomonis
3271 4258 3554 4314 argentum
3583 4243 3671 4298 vel

2080 4335 2298 4405 penitus
2323 4350 2428 4389 non
2460 4333 2648 4402 fuisse,
2673 4351 2738 4391 ac
2766 4351 2864 4407 per
2891 4337 2996 4392 hoc
3020 4337 3242 4391 omnino
3277 4337 3344 4392 de
3392 4347 3534 4392 terra
3579 4337 3674 4391 de-

2080 4427 2268 4493 letum,
2293 4427 2377 4482 vel
2398 4427 2596 4484 nullius
2620 4428 2876 4498 perexilis
2923 4429 3116 4484 saltem
3141 4429 3297 4499 pretii
3321 4429 3674 4484 constitisse?

381 4493 547 4570 nata.
575 4493 729 4581 Quod
769 4524 955 4571 autem
997 4493 1255 4573 Salomon
1302 4535 1465 4590 super
1495 4519 1654 4593 lignis
1701 4538 1731 4577 a
1777 4523 1971 4589 cedro,
2003 4493 2053 4553 D
2078 4517 2214 4572 Nam
2243 4517 2288 4572 si
2326 4517 2526 4573 nullius
2554 4493 2674 4574 erat
2708 4518 2900 4589 pretii,
2933 4518 3074 4574 sicut
3102 4493 3299 4574 dicitur
3321 4560 3336 4585 ,
3366 4533 3496 4589 ergo
3525 4519 3672 4572 mille

385 4621 508 4676 qua:
539 4615 621 4661 est
654 4607 706 4660 in
733 4605 966 4670 Libano,
990 4622 1162 4678 usque
1189 4608 1254 4662 ad
1283 4609 1597 4680 hyssopum,
1619 4627 1738 4681 quae
1760 4614 1973 4684 egredi-

386 4703 475 4750 tur
501 4695 569 4752 de
598 4696 826 4765 pariete,
857 4697 1160 4766 disputasse
1190 4698 1408 4764 dicitur,
1446 4702 1533 4757 hic
1576 4704 1884 4759 necessario
1908 4705 1977 4760 ad

383 4785 720 4858 spiritualem
770 4785 1066 4840 remittitur
1107 4786 1472 4856 intellectum,
1502 4807 1622 4846 cum
1670 4793 1978 4849 nullatenus

384 4887 530 4934 stare
555 4875 733 4931 valeat
777 4874 1091 4945 superficies
1137 4877 1460 4933 litterarum.
1509 4871 1784 4951 Hyssopus
1832 4883 1977 4938 enim

386 4983 728 5041 nequaquam
757 4968 824 5024 de
850 4967 1150 5038 parietibus
1171 4971 1373 5040 egredi,
1403 4972 1496 5028 sed
1523 4973 1591 5028 de
1621 4976 1830 5030 saxosis
1856 4991 1974 5032 cer-

384 5063 534 5119 nitur
557 5060 829 5116 montibus
859 5059 1183 5132 germinare.
1216 5060 1403 5119 Paries
1433 5064 1614 5136 itaque
1643 5075 1829 5122 noster
1859 5068 1972 5138 ipsa

385 5153 733 5210 mortalitatis
779 5161 978 5208 nostrae
1029 5152 1266 5209 conditio
1309 5162 1411 5222 est,
1460 5171 1580 5226 qua:
1622 5172 1721 5212 nos
1773 5173 1802 5212 a
1847 5175 1976 5214 con~

387 5243 734 5314 temptatione
769 5243 1085 5310 conditoris,
1133 5243 1279 5300 velut
1327 5245 1522 5302 abditas
1563 5249 1753 5304 domus
1786 5250 1969 5305 obsta-

387 5335 564 5391 culum
599 5335 826 5400 dividit,
863 5347 916 5391 et
975 5336 1028 5390 in
1081 5336 1185 5391 ima
1237 5339 1492 5408 proclivis
1522 5340 1795 5397 declinare
1826 5359 1974 5399 com-

388 5425 557 5495 pellit.
594 5443 610 5472 ι
643 5423 851 5493 Corpus
891 5424 1035 5478 enim
1083 5426 1226 5495 quod
1279 5429 1665 5500 corrumpitur,
1721 5442 1981 5503 aggravat

388 5515 665 5578 animam,
711 5523 768 5567 et
814 5515 1067 5582 deprimit
1117 5527 1330 5572 terrena
1390 5519 1708 5576 inhabitatio
1757 5538 1977 5578 sensum

391 5605 556 5658 multa
595 5603 920 5674 cogitantem
953 5603 1106 5673 (δίῳ.
1134 5606 1230 5676 is).
1278 5627 1296 5658 ›
1353 5607 1424 5662 Ex
1460 5609 1560 5663 hoc
1595 5624 1725 5680 ergo
1772 5613 1980 5680 pariete

391 5691 654 5761 hyssopus
681 5690 972 5756 egreditur,
1019 5691 1145 5758 quia
1173 5693 1240 5748 de
1276 5692 1563 5764 fragilitate
1596 5708 1794 5754 nostra:
1835 5715 1979 5755 mor-

393 5780 615 5835 talitatis
641 5779 891 5847 crumpit,
921 5781 1062 5846 quod
1089 5795 1305 5851 semper
1340 5801 1563 5845 necesse
1588 5796 1672 5844 est
1691 5787 1836 5846 ferro
1858 5803 1976 5861 p0:-

801 5868 1078 5928 ΡΑτειοι..
1113 5886 1354 5947 ρχην,

2081 4609 2280 4664 talenta
2302 4609 2512 4679 argenti
2541 4625 2606 4664 ue
2639 4609 2803 4662 unius
2825 4609 3043 4679 quidem
3075 4618 3332 4678 poterunt
3352 4610 3439 4664 ovi
3470 4625 3670 4680 appeno

2081 4701 2172 4756 dio
2208 4701 2509 4770 supputari.
2556 4702 2708 4767 Quod
2755 4715 2886 4755 sane
2927 4701 3116 4765 credi,
3162 4717 3324 4771 quam
3374 4701 3625 4757 frivolum
3653 4741 3669 4768 ,

2084 4805 2248 4860 quam
2279 4789 2526 4844 videatur
2553 4789 2817 4860 ineptum,
2847 4790 2963 4859 ipse
2985 4790 3215 4844 revincit
3235 4799 3431 4854 textus,
3457 4792 3666 4846 etordo

2084 4878 2395 4942 verborum,
2426 4877 2515 4946 qui
2559 4887 2842 4947 postquam
2875 4877 3194 4948 prauuittit:
3233 4897 3250 4930 ι
3286 4879 3404 4933 Νοη
3434 4889 3554 4934 erat
3581 4896 3676 4934 ar-

2085 4979 2325 5039 gentum,
2360 4983 2457 5020 nec
2488 4967 2648 5022 ullius
2675 4968 2835 5039 pretii
2883 4968 3178 5040 putabatur
3205 4971 3256 5026 iu
3287 4971 3478 5027 diebus
3520 4971 3675 5028 Salo.

2084 5056 2296 5122 monis;
2331 5077 2348 5109 ι
2377 5066 2575 5127 prmsto
2605 5056 2882 5131 subiungit
2907 5075 2922 5114 :
2948 5077 2966 5111 ι
2992 5061 3120 5130 quia
3164 5061 3352 5118 classis
3404 5062 3546 5132 regis
3575 5078 3671 5133 per

2083 5165 2231 5204 mare
2260 5165 2382 5204 cum
2413 5150 2589 5204 classe
2618 5149 2800 5205 Hiram
2833 5152 2997 5207 semel
3029 5168 3125 5222 per
3167 5163 3276 5209 tres
3322 5170 3491 5208 annos
3523 5154 3672 5208 ibant

2080 5242 2327 5306 'l‘harsis,
2361 5242 2611 5298 deferens
2635 5243 2757 5300 inde
2783 5262 2973 5300 aurum
3001 5257 3057 5300 ct
3087 5256 3369 5318 argentum
3399 5245 3521 5318 (111
3546 5246 3670 5318 (leg.

2083 5335 2157 5402 ι).
2203 5355 2220 5386 ι
2257 5335 2366 5389 Cur
2394 5336 2537 5389 enim
2579 5353 2672 5406 per
2704 5328 2780 5392 tot
2811 5340 3015 5392 marina
3056 5339 3366 5393 discrimina
3393 5339 3669 5393 metallum

2083 5429 2184 5482 hoc
2212 5427 2403 5481 classis
2435 5428 2521 5480 illa
2559 5427 2814 5492 deferret,
2852 5430 2994 5497 quod
3038 5432 3270 5500 pretium
3317 5430 3532 5499 penitus
3563 5447 3671 5485 non

2083 5518 2441 5575 liabetct?Et
2471 5518 2630 5588 paulo
2673 5529 2792 5588 post
2839 5522 3037 5574 dicitur
3072 5523 3196 5590 quia
3234 5541 3251 5572 ι
3309 5520 3673 5577 ollercbantur

2081 5613 2130 5665 ei
2174 5626 2300 5666 vasa
2330 5626 2494 5665 aurea
2519 5621 2573 5665 et
2604 5623 2857 5683 argentea
2884 5612 3091 5682 (Ibid).
3127 5635 3142 5665 ι
3182 5615 3380 5668 Deinde
3407 5615 3673 5669 subinl'er-

2083 5714 2170 5759 tur
2225 5704 2351 5774 quia
2403 5722 2420 5754 ‹
2465 5704 2843 5775 egrediebatur
2880 5706 3136 5774 quadriga
3168 5723 3232 5760 ex
3263 5705 3500 5779 IEgypto
3546 5723 3670 5762 sex-

2084 5795 2260 5853 centis
2289 5793 2439 5851 siclis
2483 5796 2717 5866 argenti,
2756 5805 2809 5852 et
2846 5797 3000 5868 cquis
3035 5809 3249 5854 centum
3281 5798 3668 5870 quinquaginta

3273 5891 3353 5951 26
