4054 6184
399 301 493 354 8H

871 295 927 352 S.
967 295 1166 351 PETRI
1202 291 1482 348 DAMIANI
1509 289 1658 343 ()PP.
1701 283 1935 341 TOMUS
1973 279 2103 336 SEU
2149 276 2326 333 PARS
2363 275 2450 332 lll.
2476 305 2542 316 —
2565 273 2922 331 OPUSCULA
2973 271 3194 326 VARlA.

3559 270 3665 329 81‘!

401 411 516 480 (III
545 409 666 480 Reg.
711 409 785 480 κ).
825 428 842 460 ι
875 407 988 460 Non
1025 423 1153 476 ergo
1196 405 1369 474 pretio
1413 402 1631 456 carebat
1667 406 1972 469 argentum,
2003 400 2051 458 Α
2081 406 2269 464 puram
2301 404 2458 444 sacco
2479 397 2528 442 et
2555 403 2748 442 manus
2772 402 2892 457 quae
2918 385 2970 440 in
2995 386 3210 440 modum
3252 385 3517 480 columba:
3551 385 3669 458 [co-

402 521 508 571 quo
531 501 772 558 vehicula
795 499 1197 554 redimebantur
1217 510 1494 564 equorum.
1516 493 1620 547 Sed
1641 499 1864 559 argento
1885 487 1980 541 de-

402 597 651 662 signatur
680 593 898 645 claritas
930 589 1311 643 eeclesiasticm
1343 584 1756 656 prredicationis,
1781 581 1848 635 de
1875 596 1979 649 qua

403 684 598 737 dicitur
628 701 638 734 :
669 703 686 732 ‹
724 679 944 748 Eloquia
975 679 1204 742 Domini,
1244 677 1454 745 eloquia
1504 685 1650 728 casta
1699 682 1980 742 argentum

403 765 573 834 (Psal.
612 767 721 835 XI).
767 785 784 816 ι
840 765 992 830 Quod
1045 764 1290 817 videlicet
1339 770 1538 814 sancta:
1588 757 1984 827 pratdicationis

402 867 701 924 argentum,
739 856 953 920 nullius,
985 864 1041 907 ut
1069 856 1139 907 ita
1164 854 1371 921 loquar,
1407 851 1562 919 pretii
1598 849 1981 917 reputabimus,

403 962 501 1001 nec
551 947 891 1016 aliquatenus
939 947 1141 1000 erimus
1184 945 1300 1011 cjus
1352 942 1548 1009 indigi.
1600 937 1983 1009 postquam.ad

410 1037 521 1089 veri
553 1036 859 1089 Salomonis
903 1049 1124 1103 regnum
1165 1048 1228 1084 ex
1262 1033 1362 1084 hac
1395 1030 1654 1084 fuerimus
1683 1027 1987 1081 calamitate

405 1125 670 1179 translati.
722 1125 835 1178 Non
885 1125 1028 1177 enim
1083 1135 1209 1177 tunc
1258 1120 1655 1190 prmdicatiouis
1687 1119 1986 1186 indigemus

403 1216 638 1284 eloquio,
665 1215 754 1269 ubi
783 1215 942 1267 datur
965 1215 1019 1267 in
1048 1215 1240 1267 decore
1271 1227 1367 1265 suo
1416 1225 1592 1279 regem
1625 1208 1808 1278 gloria:
1853 1207 1988 1261 facie

405 1311 469 1362 ad
503 1309 694 1363 facient
717 1323 961 1372 cernere,
994 1324 1154 1378 quem
1183 1308 1366 1376 utique
1391 1305 1772 1360 consuevimus
1797 1320 1860 1358 ex
1893 1319 1988 1356 ore

407 1400 780 1468 prredicatoris
805 1400 1008 1453 audire.
1041 1399 1193 1452 Sicut
1217 1415 1310 1467 per
1336 1397 1651 1467 prophetam
1701 1395 1987 1462 pollicetur

407 1493 685 1557 Dominus,
710 1494 895 1547 dicens
929 1507 942 1545 :
973 1511 989 1542 ι
1024 1491 1189 1545 Nemo
1214 1492 1394 1545 dicet‘:
1418 1490 1660 1558 Agnosco
1683 1487 1987 1549 Dominum,

404 1597 593 1635 omnes
616 1583 760 1636 enim
787 1589 1112 1650 cognoscent
1141 1595 1244 1642 me,
1278 1595 1306 1632 a
1339 1579 1574 1630 maximo
1598 1591 1766 1645 usque
1798 1573 1864 1629 ad
1894 1575 1990 1628 mi-

408 1671 635 1736 nimmn,
671 1672 800 1725 dicit
832 1670 1090 1724 Dominus
1119 1668 1253 1738 (Jcr.
1295 1663 1466 1730 uxr).
1501 1681 1519 1715 ι

1026 1760 1251 1815 CAPUT
1303 1759 1388 1812 111.

901 1854 1110 1904 Αηιοιιει
1139 1849 1494 1917 objectionem.

481 1937 586 1993 Sed
637 1939 772 1993 forte
821 1941 942 2009 quis
983 1947 1188 1994 asserat
1233 1937 1524 2006 Scriptura:
1571 1937 1732 1991 verba
1774 1951 1872 1990 nos
1923 1937 1991 1990 ad

415 2040 658 2083 nostrum
710 2031 1039 2084 intellectum
1084 2029 1349 2084 violenter
1384 2027 1692 2089 inﬂectere;
1747 2034 1800 2079 et
1849 2026 1992 2097 quod

410 2119 662 2173 Salomon
694 2120 758 2174 de
789 2136 847 2174 se
876 2120 1086 2174 videtur
1111 2129 1380 2179 asserere,
1407 2115 1472 2167 ad
1511 2114 1842 2168 Salvatorem
1871 2130 1995 2184 per-

406 2211 592 2267 hibeat
617 2214 924 2292 Specialtter
965 2225 1061 2278 per
1087 2211 1264 2263 omnia
1301 2210 1592 2278 pertinere.
1630 2210 1782 2263 Dicat
1813 2210 1994 2280 itaque

407 2302 561 2364 hujus
590 2297 907 2364 OlijCCllODlS
949 2311 1186 2354 assertor
1232 2315 1335 2370 qua
1387 2299 1660 2354 Salomoni
1705 2301 1882 2355 valeat
1909 2318 1995 2354 ra-

405 2391 549 2442 tione
577 2400 882 2457 competere
909 2393 1049 2459 quod
1073 2393 1223 2459 quasi
1255 2395 1320 2447 de
1349 2407 1408 2447 se
1431 2392 1561 2445 dicit
1587 2412 1597 2445 :
1631 2411 1649 2442 ς
1689 2393 1830 2447 Deus
1852 2395 1992 2448 enim

405 2463 558 2530 dedit
609 2481 737 2532 mibi
795 2481 985 2534 borum
1035 2498 1152 2551 quae
1204 2494 1326 2537 sunt
1375 2484 1657 2540 scientiam
1710 2499 1892 2539 veram
1939 2495 1998 2540 ut

402 2566 574 2618 sciam
609 2567 1014 2636 dispositionem
1061 2571 1208 2625 orbis
1239 2581 1502 2626 terrarum
1540 2581 1594 2627 et
1633 2573 1862 2628 virtutes
1891 2574 1998 2629 ele-

402 2668 730 2726 mentorum,
759 2662 967 2716 initium
1000 2673 1051 2717 et
1074 2667 1592 2721 consummationem
1636 2676 1690 2719 et
1733 2668 1993 2721 medieta—

406 2754 512 2797 tem
584 2755 928 2816 temporum,
985 2753 1412 2808 vicissitudinum
1463 2758 1884 2823 permutationes
1943 2767 1998 2811 et

401 2841 855 2907 commutationes
884 2843 1184 2907 hominum,
1221 2846 1346 2898 anni
1392 2861 1582 2900 cursus
1626 2855 1681 2900 et
1721 2848 1993 2902 stellarum

407 2927 806 2994 dispositioncs,
843 2941 1062 2985 naturas
1103 2934 1414 2987 animalium
1444 2946 1497 2991 et
1529 2936 1638 2991 iras
1666 2938 1990 3006 bestiarum,

407 3015 512 3067 vim
549 3026 827 3070 ventorum
857 3030 909 3073 et
947 3022 1304 3090 cogitationes
1336 3023 1638 3090 hominum,
1665 3035 1717 3079 et
1745 3043 1999 3096 quaecun-

2085 481 2301 552 lumnre]
2334 489 2546 552 gestare
2593 487 2949 532 consueverat
3002 486 3296 547 sceptrum,
3329 479 3519 534 attrita
3556 480 3670 550 jam

2083 578 2202 624 erat
2231 579 2444 639 portare
2469 568 2806 637 psalterium.
2844 566 3070 631 Revera,
3105 567 3252 636 quia,
3302 585 3318 616 ι
3349 569 3525 622 omnis
3551 568 3668 638 glo-

2087 661 2164 714 ria
2196 659 2316 712 tiliae
2347 676 2531 728 regum
2570 659 2636 711 ab
2671 657 2814 710 intus
2844 657 3015 725 (Psal.
3049 659 3195 725 xuv)
3225 676 3237 711 :
3278 678 3296 709 ι
3326 661 3668 714 vernantium

2085 749 2249 802 decor
2280 748 2366 800 ille
2399 763 2752 817 gemmarum,
2779 755 2832 800 et
2857 748 3256 801 coruscantimn
3287 765 3420 804 auro
3445 753 3672 805 vestium

2085 840 2284 904 cultus,
2311 840 2420 908 jam
2453 839 2520 892 ad
2567 839 2827 892 interiora
2871 838 3253 906 migraverant,
3284 850 3338 894 et
3376 841 3430 894 in
3475 841 3675 896 occulti

2087 931 2445 1000 speculatoris
2487 929 2764 983 obtutibus
2809 929 3036 982 interior
3062 945 3273 997 sponsa:
3302 931 3512 999 species
3533 931 3677 1006 relu-

2088 1023 2265 1076 cebat.
2325 1021 2421 1075 Cui
2469 1037 2746 1090 sponsus:
2794 1039 2812 1072 ι
2862 1020 3016 1084 Tota,
3072 1021 3264 1090 inquit,
3317 1023 3541 1091 pulchra
3595 1039 3672 1085 es,

2089 1115 2265 1168 amica
2298 1130 2436 1176 mea,
2469 1125 2522 1167 et
2549 1113 2760 1169 macula
2788 1130 2895 1168 non
2918 1123 3000 1169 est
3028 1115 3080 1168 in
3114 1125 3163 1170 te
3192 1116 3366 1187 (Cant.
3395 1119 3490 1186 tv).
3533 1139 3550 1170 ι
3610 1103 3680 1173 Et

2091 1205 2284 1258 iterum
2322 1222 2334 1256 :
2377 1222 2394 1254 ς
2433 1203 2660 1257 Pulchra
2688 1220 2766 1268 es,
2798 1204 2972 1258 amica
3015 1221 3154 1270 mea,
3181 1208 3362 1261 suavis
3400 1218 3454 1260 et
3481 1209 3678 1264 decora

2091 1293 2376 1364 (Cant.u).
2419 1312 2435 1344 ι
2471 1293 2764 1347 Delicatam
2797 1309 2959 1363 porro
2995 1297 3259 1350 cervicem
3289 1297 3453 1363 illam,
3475 1315 3539 1352 ex
3571 1315 3678 1370 qua

2093 1400 2216 1439 cum
2247 1384 2539 1438 bracteolis
2571 1386 2750 1438 aureis
2781 1392 2833 1438 et
2871 1385 3219 1439 rutilantibus
3247 1389 3557 1454 margaritis
3580 1391 3678 1442 du-

2095 1473 2220 1527 dum
2254 1489 2480 1526 murena
2532 1474 2822 1540 pendebat,
2857 1490 3000 1528 nunc
3055 1491 3242 1545 margo
3300 1477 3465 1532 lanea:
3513 1481 3677 1537 vestis

2093 1572 2401 1630 exasperat.
2461 1563 2611 1617 Unde
2667 1565 2900 1617 ministri
2981 1565 3220 1620 cmlcstis
3285 1567 3426 1622 illitis
3492 1569 3676 1638 sponsi

2100 1653 2194 1705 tibi
2244 1652 2592 1705 blandiuntur
2640 1664 2694 1706 et
2740 1654 2923 1707 dicunt
2950 1675 2963 1706 :
2994 1674 3012 1704 ‹
3048 1654 3354 1711 Murcnulas
3383 1673 3576 1712 aureas
3602 1659 3680 1713 fa-

2018 1739 2067 1799 B
2099 1743 2303 1796 ciemus
2361 1743 2450 1796 tibi
2508 1745 2888 1821 vermiculatas
2950 1757 3172 1816 argento
3224 1749 3398 1818 (Cant.
3429 1753 3490 1821 t).
3539 1773 3558 1804 ›
3609 1755 3675 1808 Et

2093 1849 2326 1903 sponsus
2368 1835 2541 1890 adhuc
2569 1853 2582 1889 :
2619 1819 2664 1885 ι’
2694 1837 3052 1892 Coronaberis
3075 1879 3089 1903 ,
3152 1840 3353 1909 inquit,
3406 1819 3471 1896 de
3503 1847 3679 1914 capite

2094 1927 2323 1990 Amana,
2363 1927 2428 1982 de
2476 1928 2677 1983 vertice
2724 1928 2885 1982 Sanir
2928 1938 2982 1984 et
3028 1930 3286 1996 llermon,
3314 1934 3378 1986 de
3418 1936 3678 1993 cubilibus

2096 2015 2338 2081 leonum,
2370 2019 2436 2072 de
2458 2020 2730 2074 montibus
2751 2022 3043 2090 pardorum
3075 2020 3253 2091 (Cant.
3288 2024 3384 2094 tv).
3425 2044 3442 2075 ι
3473 2026 3680 2084 Amana

2096 2109 2361 2177 siquidem
2395 2128 2548 2166 mons
2574 2113 2775 2168 Cilicia:
2803 2115 3022 2178 dicitur,
3053 2116 3142 2184 qui
3167 2125 3218 2168 et
3246 2116 3454 2171 Taurus
3481 2132 3509 2170 a
3533 2134 3679 2174 conx-

2095 2204 2338 2272 pluribus
2368 2205 2688 2274 appellatur.
2718 2207 2881 2260 Sanir
2915 2217 2968 2261 et
2992 2207 3226 2262 llermon
3257 2217 3414 2263 terrae
3442 2209 3678 2266 Iudaicae

2098 2302 2308 2347 montes
2338 2303 2480 2358 sunt,
2514 2295 2563 2348 in
2597 2296 2794 2365 quibus
2817 2297 2998 2352 leones
3021 2307 3074 2351 et
3103 2298 3254 2366 pardi
3284 2299 3533 2352 habitare
3560 2316 3673 2354 cre-

2101 2383 2316 2436 duntur.

2705 2462 2931 2534 CAPUT
2971 2479 3060 2532 ιν.

2101 2584 2252 2649 Quod
2283 2602 2374 2655 per
2412 2587 2544 2638 bona
2575 2587 2809 2656 exempla
2847 2605 3038 2642 corona
3077 2589 3260 2658 gloria:
3293 2591 3439 2644 nobis
3487 2607 3676 2648 curmt-

2804 2658 2964 2710 ltttttt‘.

2172 2743 2274 2798 Per
2304 2744 2402 2798 hos
2430 2759 2556 2816 ergo
2582 2756 2812 2811 montes,
2841 2763 2998 2818 reges
3051 2758 3104 2803 et
3135 2750 3403 2820 principes
3426 2751 3677 2807 diversa:-

2096 2849 2202 2913 que
2245 2837 2426 2889 mundi
2467 2838 2623 2907 hujus
2652 2839 3013 2910 intelligenda:
3057 2851 3183 2895 sunt
3213 2851 3528 2912 potestates,
3561 2861 3678 2915 quce

2097 2925 2244 2982 velut
2273 2941 2482 2984 montes
2527 2947 2645 2986 sese
2684 2932 2735 2986 in
2783 2934 3048 3002 superbiae
3074 2935 3287 2989 culmen
3321 2936 3591 3001 attollunt,
3622 2946 3677 2992 et

2100 3017 2348 3085 malignis
2405 3021 2685 3088 spiritibus
2713 3032 2965 3092 tanquam
2997 3025 3178 3092 pardis
3235 3033 3396 3094 atque
3436 3027 3679 3113 leonibjts

407 3125 512 3178 que
563 3121 688 3165 sunt
734 3113 996 3168 absconsa
1043 3126 1096 3169 ει
1138 3116 1428 3186 improvisa
1478 3118 1638 3172 didici
1669 3118 1983 3189 (sapnnjd
2020 3107 2061 3167 C
2095 3101 2458 3162 habitaculum
2478 3110 2671 3164 ferunt.
2696 3112 2767 3166 De
2797 3113 2879 3166 his
2913 3124 2966 3166 ttt
2995 3129 3127 3184 ergo
3153 3117 3425 3171 montibus
3452 3101 3679 3172 coron'a—

410 3199 540 3252 Nam
578 3210 634 3253 ut
666 3203 728 3255 de
745 3204 956 3257 caneris
985 3205 1199 3259 interim
1231 3207 1511 3273 sileamus,
1538 3211 1808 3278 quomodo
1833 3228 1989 3268 nosse

406 3291 583 3360 potuit
612 3292 886 3347 hominum
916 3297 1292 3366 cogitationes,
1317 3315 1439 3355 cum
1472 3301 1586 3371 ipse
1616 3300 1728 3356 Deo
1763 3303 1887 3357 alibi
1915 3305 1994 3358 di-

407 3393 530 3436 cat.
563 3403 581 3434 ‹
615 3383 692 3436 Tu
725 3387 872 3440 solus
913 3390 1049 3441 nosti
1083 3392 1245 3444 corda
1281 3393 1522 3446 omnium
1553 3393 1783 3448 ﬁliorum
1815 3395 1990 3448 homi-

405 3487 534 3524 num
558 3473 580 3525 ?
613 3493 629 3524 ι
659 3473 778 3544 (ΙΙΙ
809 3470 1197 3546 Reg.Vt!t.)Sed
1219 3481 1339 3550 quis
1365 3491 1418 3536 et
1443 3483 1708 3538 abseonsa
1733 3486 1912 3539 omnia
1941 3496 1995 3540 et

405 3564 570 3634 857
598 3565 886 3634 improvisa
932 3570 1140 3634 didicit,
1189 3572 1290 3627 nisi
1341 3573 1666 3644 Redemptor
1695 3588 1908 3643 noster,
1941 3579 1994 3633 in

409 3654 562 3722 cujus
582 3665 798 3722 pectore
820 3666 944 3710 sunt
969 3673 1155 3714 omnes
1182 3661 1416 3717 thesauri
1447 3667 1722 3735 sapientiae
1745 3676 1800 3721 et
1822 3669 1996 3723 scien-

411 3743 500 3797 tiae
529 3745 869 3800 absconditi?
895 3746 1029 3818 (Col.
1052 3752 1136 3817 ιι.)
1166 3751 1264 3818 Qui
1295 3753 1539 3822 profecto
1567 3771 1662 3825 per
1690 3758 1990 3813 humanita-

412 3845 516 3889 tem
546 3835 732 3890 didicit
757 3839 896 3906 quod
943 3856 1038 3908 per
1078 3841 1410 3899 divinitatem
1463 3846 1782 3902 naturaliter
1825 3851 1992 3904 novit.

479 3927 561 3979 Ad
594 3928 736 3981 hunc
761 3943 890 3999 ergo
929 3930 1269 3988 Salomonem
1304 3944 1357 3988 tu
1397 3953 1588 4006 nuper,
1619 3954 1651 3994 ο
1680 3940 1880 4010 regina,
1908 3957 1997 3996 ve-

409 4022 560 4088 nisti,
586 4040 690 4077 non
722 4033 781 4078 ut
827 4025 914 4079 illa
968 4026 1312 4093 Sabteornm,
1348 4031 1398 4084 in
1429 4032 1694 4091 curribus.
1724 4035 1996 4104 equitibus

406 4120 463 4165 et
489 4112 809 4182 elephantis,
841 4116 931 4170 sed
969 4117 1020 4170 in
1074 4119 1328 4189 lacrytnis
1373 4121 1574 4190 potius,
1621 4124 1911 4192 gemitibus
1945 4133 1998 4178 et

408 4200 684 4257 lamentis.
737 4203 813 4257 Tn
849 4221 980 4273 ergo
1013 4211 1280 4263 veraciter
1310 4226 1368 4262 es
1419 4211 1601 4278 regina
1651 4212 1812 4266 Saba.
1857 4212 1997 4268 Saba

411 4291 678 4359 siquidem
733 4294 1120 4363 interpretatur
1173 4298 1410 4361 humilis,
1437 4301 1519 4352 vel
1566 4304 1889 4368 campestris.
1935 4305 1998 4357 Et

410 4389 551 4441 bene
577 4390 914 4458 campestris.
955 4391 1008 4444 ln
1039 4407 1288 4457 campum
1322 4392 1518 4459 quippe
1555 4394 1869 4447 certaminis
1905 4396 1992 4450 dc-

2100 3201 2267 3263 bcris,
2301 3203 2424 3270 quia
2472 3213 2737 3272 quotquot
2789 3204 2973 3258 mundi
3023 3207 3294 3275 principes
3328 3223 3390 3260 ac
3436 3217 3684 3276 potentes

2100 3290 2165 3343 ad
2203 3290 2371 3343 Deum
2422 3305 2518 3358 per
2567 3301 2714 3345 tuum
2775 3302 3170 3348 convertuntur
3225 3296 3550 3364 exemplum,
3585 3311 3684 3366 pro

2100 3380 2185 3434 his
2216 3381 2468 3436 erunibus
2505 3393 2722 3437 aeterna:
2768 3383 2952 3454 gloriae
3010 3385 3105 3439 tibi
3153 3387 3516 3441 cumulabitur
3539 3404 3682 3456 pne-

2101 3475 2302 3538 mium;
2335 3475 2443 3529 eris
2469 3492 2683 3544 quoque
2719 3493 2828 3530 non
2861 3478 3019 3531 modo
3049 3486 3327 3538 coronata,
3358 3481 3453 3532 sed
3484 3487 3537 3532 et
3567 3478 3684 3547 ipsa

2098 3580 2319 3630 corona,
2345 3567 2606 3635 pr0pheta
2636 3566 3238 3636 attestante,qui858
3268 3567 3380 3619 ait;
3421 3587 3438 3616 ‹
3475 3566 3540 3620 Ει
3569 3567 3681 3621 eris

2097 3673 2297 3712 corona
2325 3657 2510 3727 gloria:
2542 3659 2592 3710 in
2625 3673 2786 3712 manu
2818 3659 3050 3722 Domini,
3075 3666 3130 3713 et
3159 3659 3404 3712 diadema
3444 3659 3592 3729 regni
3625 3657 3684 3714 in

2099 3766 2261 3822 manu
2293 3749 2388 3804 Dei
2424 3751 2498 3804 tui
2525 3749 2659 3819 (Isa.
2689 3755 2875 3827 ωηι).›

2171 3840 2437 3905 Amisisti,
2494 3841 2703 3910 regina,
2739 3841 2913 3894 virum
2952 3848 3074 3909 post
3102 3855 3262 3910 quem
3301 3840 3587 3912 dedignata
3623 3856 3684 3896 es

2101 3933 2366 3987 thalamos
2415 3933 2632 3998 iterare,
2663 3932 2747 3987 vel
2776 3933 2923 4002 proci
2964 3933 3250 4003 cujuslibet
3281 3933 3454 3988 foedus
3485 3934 3681 3988 admit-

2103 4033 2234 4090 tere,
2257 4025 2359 4078 nisi
2393 4025 2482 4093 qui
2510 4025 2742 4094 priorem
2766 4024 2940 4078 virum
2974 4023 3371 4079 cxcellentioris
3397 4023 3579 4093 gloriae
3605 4024 3687 4078 di-

2099 4100 2306 4187 gnitate
2339 4118 2769 4172 transcenderet.
2809 4116 2946 4182 Quid
2984 4116 3148 4187 igitur
3179 4116 3418 4170 faceres?
3453 4115 3548 4169 Vir
3594 4115 3687 4170 ille

2100 4218 2223 4262 tuus
2250 4208 2542 4275 imperator
2571 4207 2800 4270 exstitit,
2832 4207 2991 4276 regia:
3045 4206 3322 4276 dignitatis
3361 4205 3568 4274 apicem
3603 4215 3681 4258 te-

2101 4297 2236 4360 nuit,
2261 4306 2316 4350 et
2342 4298 2482 4364 quod
2532 4297 2585 4350 in
2636 4296 2946 4352 hominibus
2998 4296 3272 4367 singulare
3305 4305 3418 4360 est,
3447 4297 3683 4351 Romani

2101 4388 2309 4456 imperii
2342 4387 2709 4441 inonarchiam
2742 4389 3092 4458 dispensavit.
3125 4387 3259 4453 Quia
3288 4388 3450 4457 igitur
3475 4387 3530 4442 in
3565 4398 3690 4442 tan-

413 4477 690 4536 scendisti,
713 4486 769 4528 ut
793 4495 981 4530 manus
1011 4480 1260 4533 inanilms
1283 4494 1568 4543 conseras;
1597 4490 1650 4534 et
1675 4497 1770 4550 pro
1799 4486 1994 4538 castris
2025 4459 2073 4516 D
2103 4485 2168 4530 ῑίῐξ
2220 4477 2554 4530 (Ζοιδίῑιιάίηίε
2599 4492 2725 4531 arce
2755 4478 3128 4546 Pmemimlil.
3159 4494 3225 4532 00
3252 4478 3498 4548 Superior
3534 4477 3690 4549 quis-

413 4564 615 4619 Christi
657 4577 805 4622 stans
832 4610 844 4632 ,
889 4569 992 4622 non
1029 4571 1302 4623 enervitcr
1344 4586 1466 4624 cum
1523 4571 1676 4625 hoste
1719 4573 1994 4645 conﬂigas.

416 4655 643 4720 Venisti,
680 4658 915 4726 inquam,
961 4676 1064 4713 non
1117 4671 1173 4713 ut
1220 4662 1563 4730 a-nigniatum
1607 4663 1699 4716 tibi
1743 4667 1996 4734 mysteria

416 4747 726 4817 scrupulosa
759 4750 1102 4817 dissolveret;
1150 4752 1241 4805 sed
1272 4761 1328 4804 ut
1355 4767 1448 4821 per
1471 4752 1730 4820 simplicis
1763 4755 1999 4809 clavicu-

416 4838 533 4891 larii
563 4839 641 4894 sui
661 4841 1013 4896 ministerium
1047 4843 1195 4912 regni
1221 4843 1458 4898 ccelestis
1478 4844 1682 4898 aditum
1708 4857 1994 4916 reseraret.

416 4927 622 4983 Venisti
675 4931 891 4985 humilis
942 4933 1006 4985 ad
1040 4932 1316 4997 humilem,
1346 4948 1548 5002 pauper
1576 4935 1639 4988 ad
1669 4951 1990 5004 pauperem;

415 5029 469 5073 et
497 5022 646 5089 quasi
703 5037 823 5075 cum
853 5025 1156 5090 perornatis
1185 5034 1239 5078 et
1279 5025 1495 5080 incultis
1520 5043 1738 5096 gregum
1770 5029 1997 5096 pastori-

416 5112 518 5165 bus
566 5112 788 5166 adorare
817 5113 1008 5166 venisti
1038 5129 1259 5181 puerum
1293 5115 1343 5168 in
1397 5117 1656 5184 prmsepio
1691 5117 1992 5183 vagientem

419 5200 569 5269 (an.
604 5203 686 5270 ιι).
717 5201 772 5254 Vi
801 5203 922 5256 lisse
976 5219 1167 5274 nempe
1219 5214 1344 5258 tunc
1389 5215 1458 5266 te,
1492 5215 1545 5258 ct
1593 5221 1711 5274 quae
1751 5207 1892 5260 circa
1926 5216 1996 5269 te,

389 5336 396 5350 .,
421 5293 720 5345 mirandum
747 5294 899 5346 valde
927 5295 1310 5362 spectaculum,
1336 5303 1388 5346 ct
1411 5295 1728 5347 imitandum
1756 5295 2000 5348 Salvato-

393 5371 399 5456 Ἰ
420 5383 496 5434 ris
534 5393 650 5436 erat
695 5385 1067 5439 mdilieationis
1108 5387 1432 5454 exemplum.
1470 5386 1644 5439 Vestis
1679 5387 1821 5438 enim
1855 5387 1996 5455 pulla

394 5459 475 5546 iet
506 5471 678 5526 lanea.
707 5474 754 5527 ls
785 5475 866 5528 cui
903 5475 1194 5538 insidebas,
1224 5493 1327 5529 non
1357 5478 1531 5528 dicam
1554 5492 1745 5544 equus,
1777 5479 1869 5530 sed
1901 5493 1994 5546 p0-

394 5549 530 5610 5tius
573 5559 763 5624 burno,
797 5564 877 5615 vel
910 5564 1176 5629 burrieus,
1217 5567 1300 5618 vix
1332 5582 1640 5619 mensuram
1675 5567 1874 5621 desidis
1914 5585 2004 5621 ex-

424 5645 642 5698 cedebat
674 5649 842 5701 aselli.
877 5651 1176 5708 Mutaveras
1218 5655 1359 5706 enim
1407 5669 1660 5708 coronam
1693 5655 1832 5722 velo,
1871 5673 1996 5726 pur-

2101 4567 2244 4635 piam
2294 4567 2344 4620 in
2380 4567 2614 4620 immane
2654 4570 2852 4636 genere
2900 4568 3126 4636 reperiri
3185 4583 3288 4622 non
3335 4568 3527 4636 potuit.
3555 4567 3684 4634 Quae

2101 4674 2232 4727 ergo
2272 4658 2325 4711 in
2371 4659 2532 4711 terris
2563 4659 2815 4712 idoneum
2868 4667 2923 4713 et
2974 4659 3065 4728 qui
3109 4659 3213 4714 tuis
3246 4659 3482 4729 placeret
3511 4661 3682 4714 oculis

2102 4752 2344 4806 invenire
2373 4768 2476 4804 non
2508 4760 2722 4821 poteras
2750 4752 2922 4805 virum
2950 4792 2964 4816 ,
3005 4753 3054 4804 in
3086 4751 3323 4806 cmlestis
3353 4751 3535 4820 sponsi
3560 4766 3684 4820 pro-

2103 4839 2293 4893 volasti
2322 4840 2584 4894 violenter
2609 4840 2907 4910 amplexus.
2939 4841 3214 4894 Violenter
3241 4841 3462 4908 inquam
3489 4858 3500 4892 :
3533 4859 3550 4891 ι
3579 4839 3681 4893 Re-

2102 4948 2262 5000 gnum
2308 4933 2505 5002 quippe
2531 4932 2788 4987 corlorum
2822 4934 2929 4987 vim
2974 4933 3196 5002 patitur,
3227 4939 3281 4986 et
3303 4931 3520 4986 violenti
3548 4930 3680 4985 diri-

2103 5022 2256 5090 piunt
2287 5021 2416 5075 illud
2435 5022 2650 5088 (Matth.
2670 5023 2767 5092 xi).
2785 5043 2802 5075 ι
2825 5022 2867 5078 Ο
2885 5023 3039 5078 beata
3060 5024 3159 5078 ista
3183 5023 3502 5092 superbia,o
3527 5023 3682 5077 beata

2109 5112 2305 5165 mentis
2330 5111 2511 5174 elatio,
2543 5121 2596 5166 ct
2623 5113 2872 5168 omnibus
2899 5115 3058 5185 digna
3087 5115 3390 5183 praeconiis,
3409 5128 3526 5183 qua:
3555 5113 3682 5168 dum

2107 5201 2338 5256 carnalis
2373 5202 2587 5256 thalami
2617 5202 2740 5272 jura
2772 5205 3116 5274 contempsit,
3153 5205 3205 5259 in
3250 5203 3511 5260 dotalium
3541 5205 3682 5274 regis

2106 5293 2292 5346 :eterni
2333 5292 2562 5362 gloriosa
2595 5295 2859 5348 transivit.
2893 5295 3138 5351 Carnalis
3165 5296 3320 5366 plane
3350 5297 3433 5349 vir
3461 5297 3683 5365 virgini-

2110 5386 2235 5438 tatis
2261 5400 2453 5438 arcana
2498 5387 2819 5455 corrumpit,
2849 5403 3077 5456 sponsus
3121 5397 3299 5442 autem
3333 5387 3421 5442 ille
3449 5386 3683 5442 caelestis

2107 5488 2200 5527 eas
2247 5474 2408 5526 etiam
2441 5489 2575 5542 quas
2604 5474 2702 5528 sibi
2747 5476 2974 5530 violatas
3023 5478 3288 5540 associat,
3327 5477 3380 5531 in
3423 5473 3686 5552 virginale

2108 5564 2270 5619 decus
2306 5565 2447 5618 illico
2497 5565 2613 5619 sine
2661 5567 2975 5622 dillicultate
3017 5568 3300 5633 reformat,
3324 5577 3384 5623 ut
3430 5567 3684 5620 nimirum

2107 5655 2366 5708 contracti
2391 5653 2658 5723 squaloris
2703 5657 3106 5726 inquinamenta
3139 5659 3431 5728 deponant,
3458 5665 3514 5710 et
3539 5651 3688 5713 velut»
