4054 6184
536 377 641 430 815

1448 374 1689 437 Druse.
1733 368 1862 434 ωτι.
1997 379 2083 432 DE
2121 368 2353 436 waa
2397 379 2607 438 unum
2650 379 2924 437 suum.

3674 397 3778 448 8H

533 491 702 544 aridm
751 491 900 561 prius
948 493 1247 548 arbuscula:
1291 494 1470 549 denuo
1501 504 1776 550 comantes
1815 495 1866 548 in
1895 494 2107 562 pristini
2137 503 2184 557 Α
2215 494 2318 546 rito
2337 491 2600 560 jejunium
2629 504 2986 564 nuncupatur,
3029 499 3223 565 quibus
3251 501 3433 571 utique
3461 519 3561 556 nte:
3587 521 3612 558 s
3637 523 3779 575 quzeo

532 582 744 636 decoris
770 584 996 650 gratiam
1031 585 1384 639 revirescunt.
1421 586 1592 640 Porro
1622 597 1800 656 autem
1833 602 1955 640 cum
1985 601 2106 640 car-

531 670 636 723 nali
667 670 785 724 viro
815 681 1044 739 nuptura
1075 683 1402 735 exornatur,
1457 690 1580 727 mox
1629 675 1769 743 apud
1817 673 2002 727 affines
2049 685 2104 726 et

529 771 684 813 notos
715 761 950 830 undique
979 764 1203 829 pecunia
1236 765 1458 832 quresita
1497 766 1828 831 congeritur,
1861 773 1916 817 et
1945 764 2102 832 quid-

524 851 652 918 quid
697 849 840 903 valet
878 853 1115 919 acquiri,
1165 854 1394 906 Saceulis
1434 854 1598 916 illico,
1637 854 1717 907 vel
1754 853 2102 923 obsignandis

522 942 872 1012 capsidilibus
935 943 1253 1008 infareitur,
1311 956 1369 999 ut
1430 962 1538 1015 quo
1597 947 1769 1015 magis
1821 947 1884 998 ad
1926 947 2098 998 virum

523 1032 718 1088 mulier
736 1043 960 1086 onerata
994 1034 1318 1103 deproperat
1345 1045 1400 1089 et
1419 1052 1483 1090 eo
1508 1037 1796 1106 gloriosior
1822 1046 2093 1106 appareat,

518 1132 574 1177 et
602 1121 691 1176 ille
719 1125 1038 1192 propensius
1062 1125 1130 1177 in-
1153 1125 1267 1190 ejus
1297 1140 1480 1179 amore
1513 1125 1727 1181 sedulus
1753 1127 2094 1180 infervescat.

519 1211 596 1265 τιι
629 1223 840 1275 contra,
868 1221 925 1266 ut
973 1215 1229 1282 nuptialia
1262 1230 1382 1268 cum
1411 1216 1618 1270 ccelcsti
1668 1231 1866 1284 sponso
1893 1216 2094 1270 foedera

517 1305 829 1367 contrahas,
887 1305 1082 1374 regalis
1127 1306 1304 1359 aerarii
1345 1306 1652 1374 congeriem
1695 1306 1952 1375 prodigis,
2005 1321 2095 1357 ra-

516 1395 719 1449 diantia
769 1409 996 1464 quinque
1047 1411 1170 1448 cum
1221 1396 1488 1450 aurovel
1533 1404 1757 1464 argento
1803 1393 2092 1463 margarita

514 1487 811 1556 dispergis;
860 1486 1030 1539 aulzea
1070 1495 1156 1539 tua
1188 1486 1436 1549 blattina,
1469 1486 1551 1540 vel
1583 1487 1760 1555 potius
1808 1486 2090 1547 deaurata,

515 1579 834 1648 templorum
906 1579 1251 1648 laquearibus
1321 1582 1726 1650 appenduutur,
1771 1591 2090 1634 ornamenta

515 1669 716 1738 regalia
772 1669 947 1723 sacris
998 1670 1327 1723 famulantur
1371 1671 1652 1724 altaribus.
1705 1670 1892 1731 Nullis,
1932 1669 2088 1722 utita

510 1756 707 1822 fatear,
752 1759 994 1826 parcitur
1040 1760 1222 1822 rebus,
1261 1769 1316 1814 ct
1352 1762 1454 1814 hoc
1479 1760 1650 1813 solum
1701 1759 2086 1828 indigentibus,

2207 601 2311 654 que
2340 584 2576 638 carnalis
2607 585 2995 640 delectabiliter
3025 589 3282 656 pascitur.
3312 590 3443 644 Nam
3473 595 3514 647 si
3550 597 3770 665 simplex

2205 690 2340 742 aqua
2377 691 2404 726 a
2439 673 2635 727 Davidc
2665 677 2901 742 projecta
2925 717 2939 739 ,
2972 676 3249 745 Scriptura
3282 689 3420 734 teste
3442 723 3456 744 ,
3487 684 3538 736 in
3567 677 3768 739 saeriti'.

2202 764 2343 817 cium
2371 763 2594 816 vertitur
2615 763 2698 831 (II
2735 763 2858 833 Reg.
2888 770 3035 834 xxi);
3087 776 3162 820 tot
3193 783 3370 822 rerum
3404 771 3773 843 honorumque

2202 861 2540 921 contemptus
2573 862 2824 920 quantam
2869 857 3005 923 apud
3037 853 3200 910 Deum
3239 857 3464 928 gloriam
3497 878 3772 930 prona-re-

2204 946 2319 996 tur?
2345 944 2570 1014 Oquam
2612 946 2790 1014 gravis
2832 957 2946 1010 est,
2977 963 3244 1018 quamque
3286 949 3563 1008 laudabilis
3609 955 3776 1010 alisti-

2200 1037 2404 1100 nentia,
2445 1048 2714 1090 assuetam
2751 1039 3091 1107 juvenculam
3124 1057 3153 1094 a
3180 1043 3318 1096 virili
3354 1044 3598 1112 jejuuare
3627 1065 3771 1102 coui-

2199 1128 2385 1196 plexu!
2422 1131 2662 1198 nunquid
2713 1142 2768 1184 et
2812 1132 2912 1187 hoc
2953 1149 3116 1202 grave
3139 1133 3402 1203 jejunium
3455 1156 3557 1194 non
3588 1153 3689 1206 est,
3716 1151 3775 1196 ut

2196 1233 2314 1285 qum
2336 1235 2693 1274 consueveras
2726 1223 2855 1277 istos
2884 1224 2934 1277 in
2965 1225 3228 1278 honorqu
3253 1225 3468 1283 culmen
3503 1229 3768 1298 attollere,

2195 1308 2312 1360 illos
2371 1310 2663 1364 insolenter
2728 1329 2822 1366 usa
2886 1315 3146 1385 dignitate
3198 1319 3445 1387 privare,
3489 1337 3630 1376 nunc
3677 1340 3766 1378 re-

2193 1398 2328 1452 culis
2357 1409 2610 1454 contenta
2677 1402 3002 1466 domesticis,
3055 1417 3303 1475 aspectus
3363 1407 3638 1465 hominum
3686 1410 3770 1466 fu-

2191 1487 2342 1556 gias,
2396 1499 2450 1542 et
2519 1490 2571 1544 in
2635 1494 2900 1548 orationis
2951 1511 3014 1550 ac
3057 1497 3364 1565 psalmodia:
3410 1501 3593 1555 sedula
3643 1520 3762 1558 mo-

2190 1577 2465 1633 dulatione
2507 1582 2804 1648 persistas?
2831 1581 2959 1637 Nam
2991 1587 3115 1654 quia
3144 1584 3324 1642 fueras
3349 1589 3476 1643 olim
3519 1590 3765 1647 Susanna

2189 1682 2310 1721 cum
2365 1671 2482 1724 viro
2536 1671 2696 1740 (Dan.
2731 1677 2872 1743 xm),
2902 1677 3094 1730 merito
3142 1695 3284 1734 nunc
3334 1679 3472 1735 facta
3516 1699 3574 1737 es
3609 1683 3766 1739 Anna

2187 1768 2308 1825 post
2329 1760 2503 1812 virum
2538 1761 2586 1827 (1
2616 1762 2738 1832 Reg.
2764 1765 2836 1835 t);
2869 1776 2922 1820 et
2943 1769 3064 1836 quia
3104 1778 3228 1825 tunc
3260 1770 3590 1842 conjugalem
3616 1776 3770 1843 ptuli-

509 1847 596 1901 vel
645 1847 903 1902 Ecclesiis
931 1864 1038 1902 non
1067 1847 1343 1903 confertur
1371 1851 1513 1917 quod
1538 1857 1692 1903 extra
1721 1848 1794 1900 tui
1827 1848 1966 1916 juris
1992 1863 2086 1916 pe—
2115 1849 2158 1907 Β
2186 1846 2368 1901 citiam
2415 1848 2757 1904 immaculate
2787 1868 3121 1923 servaveras,
3154 1873 3294 1913 nunc
3341 1875 3460 1912 eum
3493 1860 3598 1914 filia
3622 1861 3764 1917 Pha-

505 1937 706 1992 culium
747 1939 1045 2008 reperitur;
1069 1949 1262 1994 cuncta
1301 1939 1538 2009 projicis,
1575 1947 1770 1994 cuncta
1797 1938 2078 2007 dilapidas,

507 2037 566 2082 ιιι
606 2030 672 2082 ad
721 2031 902 2098 sponsi
944 2031 1182 2086 caelestis
1229 2030 1810 2100 amplexusexonerata
1837 2042 2080 2098 prorsus,

505 2120 613 2176 imo
649 2122 790 2175 nuda
820 2122 1128 2190 pervenias.

1135 2233 1361 2288 CAPUT
1400 2230 1462 2289 V.

505 2319 654 2373 Bona
687 2335 994 2390 magnorum
1026 2323 1256 2375 virorum
1275 2322 1619 2442 etlmulierum
1648 2318 1882 2388 exentpla
1910 2335 2082 2388 quan-

1100 2401 1212 2442 tum
1250 2408 1309 2442 va
1334 2400 1473 2442 eant.

1100 2401 1212 2443 tum
1250 2400 1450 2444 valeant
1459 2429 1473 2442 .

574 2480 697 2534 ιιωο
722 2480 902 2535 au'tcm
933 2495 1037 2535 non
1067 2489 1286 2550 propter
1311 2490 1380 2544 te,
1394 2479 1718 2534 venerabilis
1743 2478 2080 2546 imperatrix,

499 2571 761 2633 edissere,
777 2585 937 2638 quam
965 2579 1018 2624 et
1040 2571 1124 2624 his
1145 2570 1324 2624 verbis
1345 2570 1520 2640 potius
1541 2568 1811 2623 oﬂeudere
1830 2567 2083 2636 pertime-

499 2675 611 2725 sco,
625 2662 718 2715 sed
731 2662 800 2716 ob
823 2662 872 2715 id
889 2662 1085 2731 potius,
1100 2670 1156 2714 ut
1169 2663 1292 2714 dum
1310 2671 1412 2715 tua:
1425 2661 1638 2715 virtutis
1660 2661 1867 2728 insigne
1890 2669 2084 2716 utcun-

498 2763 604 2818 que
627 2749 981 2818 depromitur,
1003 2765 1106 2803 nou
1134 2763 1298 2818 parva
1331 2748 1627 2818 legentibus
1649 2748 1932 2802 :edilicatio
1955 2761 2082 2816 pro-

497 2849 736 2894 curetur.
757 2839 856 2895 Ubi
884 2843 1027 2894 cnim
1053 2851 1200 2894 tanta
1229 2841 1530 2896 sublimitas
1552 2857 1649 2908 pro
1669 2841 1750 2894 sui
1785 2839 2078 2895 conditoris

499 2943 684 2982 amore
702 2969 716 2992 ,
748 2929 815 2983 ad
856 2930 1222 2998 pavimentqu
1256 2946 1426 2999 usque
1451 2930 1722 2999 dejicitur,
1748 2945 1868 2998 qua:
1892 2931 2077 2984 cervix

497 3020 762 3088 superbia:
791 3020 1038 3089 protinus
1060 3037 1092 3074 a
1121 3021 1202 3074 sui
1229 3021 1421 3091 rigoris
1451 3028 1628 3074 erecta
1660 3019 1919 3089 tentigine
1967 3035 2074 3074 non

497 3109 776 3163 flectatur?
817 3110 946 3176 Quae
1001 3112 1220 3166 tumidae
1272 3110 1557 3179 cujuslibet
1612 3112 1809 3164 mentis
1868 3109 2074 3164 inﬂatio

2188 1937 2330 2000 nuel,
2361 1938 2500 2005 quod
2533 1941 2776 2007 templum
2822 1939 2918 1996 Dei
2947 1945 3163 2011 dicitur,
3196 1947 3248 2000 in
3297 1949 3521 2004 eoelcsia
3564 1951 3767 2022 jugiter

2185 2041 2502 2094 perseveras
2546 2030 2696 2097 (Luc.
2722 2038 2806 2099 ιι).
2835 2029 2971 2090 llinc
3017 2045 3099 2090 est
3133 2038 3272 2106 quod
3304 2054 3333 2093 a
3356 2053 3449 2094 me
3481 2056 3576 2111 per
3605 2057 3765 2098 vene-

2184 2116 2412 2172 rabilem
2443 2117 2764 2174 Rainaldum
2813 2119 3109 2178 Cumanum
3142 2129 3450 2200 episcopum
3489 2135 3762 2202 requisisti

2183 2214 2366 2260 utrum
2401 2207 2594 2264 liceret
2627 2210 2829 2266 homini
2881 2213 3024 2268 inter
3072 2214 3243 2285 ipsum
3282 2221 3444 2274 debiti
3498 2225 3762 2279 naturalis

2183 2295 2421 2362 egerium
2456 2295 2650 2367 [ipsam
2677 2299 2958 2372 egeriem],
2985 2303 3185 2371 aliquid
3221 2305 3496 2362 ruminare
3525 2313 3759 2377 psalmo-

2184 2397 2324 2436 rum.
2349 2384 2430 2438 Ad
2455 2387 2595 2453 quod
2619 2390 2895 2457 ego,quod
2918 2392 2984 2445 ad
3009 2399 3216 2462 tempus
3233 2398 3571 2462 occurrebat,
3597 2413 3764 2468 expo-

2183 2474 2292 2537 sui,
2319 2476 2572 2542 quoniam
2599 2487 2652 2532 et
2687 2487 2930 2532 sanctum
2963 2480 3063 2536 Job
3097 2483 3240 2538 Deus
3295 2487 3634 2557 omnipotens
3675 2491 3759 2544 vi-

2172 2557 2356 2616 sitavit
2381 2562 2434 2616 in
2459 2567 2812 2634 sterquilinio
2855 2571 3207 2626 consumtum
3232 2572 3356 2642 (Job
3380 2591 3472 2644 xx,
3502 2580 3756 2651 xxxvm),

2168 2659 2223 2706 et
2280 2651 2440 2710 beata
2499 2669 2708 2726 martyr
2767 2660 2971 2728 Agnes,
3040 2662 3199 2733 cujus
3255 2675 3310 2719 et
3368 2675 3422 2721 tu
3474 2670 3755 2739 arquivoca

2181 2755 2260 2806 cs,
2291 2745 2341 2796 in
2363 2743 2622 2799 obsoletis
2651 2754 2703 2800 et
2725 2747 2957 2802 sordidis
2988 2747 3323 2819 lupanarium
3349 2751 3482 2807 locis
3509 2755 3754 2825 angelum

2180 2830 2338 2887 simul
2377 2843 2432 2888 et
2478 2835 2777 2905 angelicum
2832 2840 3029 2908 reperit
3082 2841 3472 2898 indumentum.
3523 2844 3655 2899 Nam
3701 2855 3758 2900 et

2177 2922 2466 2994 Apostolus
2498 2927 2695 2996 ubique
2747 2944 2845 2984 nos
2891 2931 3134 3000 praecipit
3185 2947 3376 2997 orare,
3410 2949 3530 2988 cum
3575 2936 3752 2990 dicit:

2183 3033 2201 3066 ι
2237 3016 2367 3071 Volo
2394 3033 2520 3088 ergo
2540 3019 2685 3074 viros
2711 3035 2869 3076 orare
2899 3022 2951 3075 in
2981 3023 3124 3077 omni
3159 3024 3295 3088 loco,
3328 3023 3568 3079 levantes
3594 3041 3757 3095 puras

2179 3121 2369 3160 manus
2413 3108 2530 3162 sine
2561 3109 2639 3162 ira
2663 3117 2719 3164 et
2746 3111 3135 3179 disceptatione
3158 3111 3208 3178 (1
3248 3111 3382 3166 Tim.
3414 3114 3498 3185 ιι),
3537 3133 3556 3166 ι
3587 3129 3758 3184 quan-

496 3210 686 3268 przesto
708 3217 810 3256 non
835 3201 1034 3266 folleat,
1061 3217 1184 3257 cum
1210 3212 1370 3257 tanta:
1397 3202 1579 3273 gloria:
1613 3203 1910 3273 principem
1938 3218 2078 3256 nunc
2105 3203 2150 3262 C
2181 3211 2339 3264 quam
2376 3197 2490 3252 haec
2543 3201 2712 3269 magis
2741 3215 2805 3254 co
2855 3201 2956 3256 loci
3005 3203 3270 3256 versanda
3327 3214 3452 3258 sunt
3501 3204 3554 3258 in
3593 3205 3755 3262 corde

496 3292 639 3345 velut
667 3292 992 3361 despicabile
1023 3293 1346 3362 mancipium
1387 3293 1606 3347 cernat?
1633 3293 1765 3357 Quis
1810 3303 2069 3363 przeterea

494 3391 673 3436 rerum
700 3384 1088 3437 transeuntium
1113 3383 1460 3452 pertimescat
1485 3384 1742 3452 inOpiam,
1765 3399 1886 3438 cum
1910 3399 2070 3453 spon-

496 3479 712 3525 laneam
742 3473 922 3527 videat
969 3473 1023 3526 in
1075 3487 1136 3526 ea
1170 3473 1393 3527 muliere
1439 3475 1770 3542 pauperiem,
1801 3489 1962 3544 quam
1993 3482 2072 3528 tot

497 3561 680 3628 utique
727 3563 906 3632 regnis
940 3563 1098 3632 paulo
1133 3572 1256 3617 ante
1285 3573 1641 3632 conspexerat
1681 3563 2070 3633 imperantem?

497 3652 602 3704 Aut
651 3653 772 3720 quis
823 3653 1009 3708 inculti
1059 3655 1272 3708 habitus
1320 3654 1569 3724 iujuriam
1630 3654 1797 3724 859
1844 3656 2069 3724 perhor-

487 3753 696 3811 «rescat,
732 3760 852 3799 cum
903 3760 1068 3800 aureo
1093 3746 1434 3816 subtegmini,
1466 3757 1518 3801 et
1559 3747 1826 3816 regalibus
1861 3747 2069 3816 pompis

492 3853 520 3887 a
553 3840 696 3904 regia
730 3836 1009 3904 majestate
1041 3837 1141 3891 vile
1179 3847 1388 3892 stamen
1418 3837 1693 3907 praelatum
1721 3852 1840 3892 esse
1890 3837 2069 3892 consi-

489 3926 643 3981 derat
666 3930 688 3981 ?

563 4019 782 4075 Veniam
801 4023 866 4077 ad
885 4037 1124 4078 mensam
1155 4031 1210 4077 et
1231 4023 1297 4077 ad
1322 4022 1644 4087 famelicam,
1672 4031 1727 4076 ut
1756 4022 1825 4074 ita
1854 4021 2062 4090 loquar,

489 4111 769 4178 epularum
813 4113 1140 4168 atlluentium
1195 4114 1518 4168 ubertatem.
1570 4112 1769 4178 Quale,
1804 4127 1952 4180 rogo,
1983 4121 2067 4165 est

487 4216 794 4274 congestam
843 4219 966 4262 ante
1001 4217 1050 4263 te
1093 4217 1297 4263 struem
1349 4208 1580 4261 lanciunt
1619 4214 1674 4259 et
1706 4205 2064 4260 renidentium

489 4299 733 4351 carnium
765 4300 950 4366 epulas
977 4315 1073 4369 per
1104 4315 1324 4354 mensas
1344 4299 1765 4366 circumquaque
1789 4296 2065 4350 transmit-

493 4400 626 4454 tere,
656 4400 710 4444 et
741 4394 983 4445 carnium
1017 4407 1084 4446 ne
1115 4392 1283 4460 ipsam
1309 4393 1525 4460 quidem
1552 4388 1934 4461 pinguedinem
1965 4388 2064 4441 ali-

488 4491 755 4549 quatenus
798 4484 1117 4552 degustare?
1143 4493 1482 4552 contrectare
1513 4484 1762 4536 tuauibus
1796 4481 1980 4550 dapes,
2008 4491 2062 4537 et

2175 3302 2335 3355 quam
2365 3288 2470 3341 sint
2496 3290 2814 3358 explicanda
2856 3305 3123 3347 sermone.
3164 3292 3276 3348 Hoc
3299 3308 3417 3363 ego,
3440 3309 3749 3365 quanquam

2173 3376 2392 3431 silentio
2415 3379 2635 3447 dignum
2674 3379 2838 3434 fuerit
2875 3389 2930 3434 et
2967 3397 3304 3452 nequaquam
3334 3399 3428 3453 per
3458 3385 3750 3442 multorum

2172 3485 2270 3522 ora
2295 3470 2642 3540 vulgandum,
2673 3473 2871 3527 idcirco
2915 3474 3164 3540 dixerim,
3194 3482 3250 3528 ut
3289 3475 3491 3546 liquido
3519 3477 3744 3549 legenti-

2171 3559 2270 3613 bus
2321 3561 2623 3617 innotescat
2670 3574 2904 3632 quantus
2950 3576 3139 3620 sancto
3189 3567 3392 3637 pectori
3442 3578 3532 3622 tuo
3581 3570 3746 3625 divini

2170 3651 2372 3706 amoris
2424 3654 2586 3707 ardor
2625 3654 2989 3715 incandescat.
3022 3666 3078 3709 ut
3127 3672 3192 3711 ne
3235 3658 3298 3710 ad
3341 3659 3500 3714 breve
3530 3661 3746 3728 quidem

2168 3751 2427 3810 punctum
2475 3759 2504 3797 a
2559 3744 2756 3799 divinis
2817 3747 3055 3801 obticcre
3112 3747 3360 3804 laudibus
3414 3753 3742 3818 acquiescat.

2169 3833 2304 3901 Quid
2348 3837 2415 3891 ad
2461 3837 2575 3892 haec
2612 3839 2792 3892 dicent
2827 3839 2916 3907 qui
2947 3841 3012 3894 de
3057 3841 3285 3896 ecclesia
3315 3856 3420 3896 nou
3448 3844 3744 3897 oratorium

2168 3929 2262 3983 sed
2291 3928 2628 3993 locutorium,
2659 3939 2713 3984 et
2744 3947 2847 3985 non
2880 3934 3183 3998 "oraculum,
3211 3938 3302 3990 sed
3330 3939 3742 3995 conciliaLulum

2166 4018 2406 4084 faciunt,
2453 4036 2516 4076 ac
2559 4036 2654 4090 per
2692 4022 2792 4077 hoc
2843 4024 2896 4077 in
2946 4040 3008 4078 ea
3061 4025 3219 4081 domo
3265 4030 3538 4085 saecularia
3583 4034 3741 4086 verba

2166 4112 2525 4181 permiscent,
2557 4115 2722 4185 860
2762 4131 2881 4184 quze
2918 4117 3179 4172 duntaxat
3203 4118 3272 4172 ob
3301 4121 3401 4176 hoc
3428 4134 3739 4181 constructa

2166 4203 2520 4282 dignoscitur,
2571 4214 2630 4258 ut
2675 4207 2728 4259 in
2775 4222 2838 4260 ea
2889 4222 3109 4276 prorsus
3147 4225 3176 4262 a
3228 4212 3424 4282 negotii
3467 4217 3742 4273 saecularis

2165 4281 2379 4350 actione
2407 4299 2659 4350 vacetur?

2238 4384 2344 4439 Sed
2375 4396 2431 4440 ut
2463 4387 2516 4440 hi
2545 4390 2634 4458 qui
2686 4391 2752 4444 ad
2803 4391 3164 4460 apostolorum
3222 4393 3402 4449 limina
3445 4397 3737 4466 conﬂuunt,

2167 4487 2364 4532 sancta:
2411 4479 2712 4536 devotionis
2769 4491 2869 4536 tunc
2916 4481 3203 4538 salubriter
3242 4485 3518 4542 imitentur
3559 4503 3739 4544 exem-

487 4588 579 4624 eas
605 4573 653 4625 iu
681 4588 776 4625 ore
820 4589 922 4626 uou
954 4576 1176 4643 sapere?
1209 4576 1316 4629 into
1344 4576 1514 4644 ipsum
1565 4592 1778 4643 panem,
1807 4575 1889 4627 vel
1917 4591 2062 4643 quaa-
2090 4548 2138 4606 θ
2165 4570 2332 4639 plum,
2363 4572 2464 4625 sub
2489 4587 2685 4626 arcana
2713 4589 2929 4643 quoque
2967 4573 3025 4626 Β.
3059 4570 3206 4629 Petri
3237 4578 3576 4634 confessione
3613 4589 3739 4636 ante

489 4664 617 4716 libet
666 4664 968 4717 incultioris
999 4674 1288 4733 apparatus
1327 4665 1500 4718 edulia
1544 4681 1663 4717 cum
1697 4665 1888 4718 timore
1911 4681 2059 4718 sum-

489 4761 736 4808 moteuus
763 4753 1015 4821 ligurire?
1045 4753 1194 4807 Unde
1223 4753 1353 4806 mihi
1375 4769 1515 4822 saepe
1539 4762 1832 4821 conquesta
1865 4767 1947 4816 es,
1969 4767 2063 4806 ea-

488 4856 646 4899 tenus
699 4844 887 4898 edendi
941 4853 992 4897 te
1022 4860 1126 4896 non
1152 4859 1308 4912 posse
1337 4846 1590 4899 cohibere
1619 4845 1968 4912 pruriginem,
2001 4852 2060 4896 ιιι

486 4953 552 4990 ex
586 4936 670 4990 his
699 4950 817 5004 qua:
846 4933 1090 5003 apposita
1115 4948 1386 4997 cerneres,
1412 4949 1516 4988 non
1538 4933 1740 5001 aliquid
1767 4932 1861 4986 tibi
1890 4947 2060 5002 quan-

487 5027 688 5083 dolibet
717 5025 1122 5080 immoderatius
1147 5023 1474 5093 indulgeres.
1507 5023 1641 5078 lliuc
1662 5025 1856 5093 saepius
1882 5023 2059 5091 lacryr

487 5119 750 5182 mze,hinc
774 5116 1167 5188 gemitus,hiuc
1190 5125 1242 5170 et
1269 5116 1531 5184 profunda
1556 5115 1804 5184 suspiria.
1821 5113 2063 5185 Lugebas

487 5207 630 5261 enim
680 5209 804 5276 quia
833 5205 1116 5274 quantavis
1169 5205 1464 5274 disciplina!
1510 5205 1740 5269 catttela,
1780 5203 2063 5271 cujuslibet

487 5295 838 5349 districtionis
886 5296 1142 5350 instantia
1202 5304 1449 5348 naturam
1507 5295 1746 5348 funditus
1802 5310 2060 5364 superare

487 5400 590 5437 non
625 5400 826 5454 posses.
861 5385 987 5449 Sed,
1013 5385 1150 5439 sicut
1175 5395 1227 5439 et
1259 5393 1388 5439 tunc
1416 5384 1554 5440 forte
1581 5401 1687 5439 non
1720 5386 1884 5450 tacui,
1921 5385 2058 5456 jeju-

486 5476 634 5529 nium
669 5485 839 5538 tuum,
871 5477 1092 5546 regina,
1123 5476 1402 5543 multiplex
1453 5484 1555 5531 est.
1610 5475 1717 5530 Nos
1764 5477 1908 5528 enim
1962 5475 2060 5526 ali-

487 5567 700 5634 quando
726 5563 1032 5632 jejunamus
1055 5582 1086 5620 a
1117 5568 1270 5632 cibis,
1297 5569 1390 5621 sed
1422 5578 1474 5622 tu
1502 5566 1716 5638 jejuuas
1742 5581 1770 5620 a
1799 5582 2056 5636 purpura,

482 5656 692 5723 jejunus
721 5670 750 5708 a
777 5669 971 5708 corona
1001 5665 1160 5724 atque
1189 5674 1217 5710 a
1244 5667 1319 5711 tot
1340 5666 1393 5712 et
1421 5667 1524 5711 tam
1551 5657 1850 5728 magnificis
1885 5657 2055 5724 impe-

491 5744 638 5797 rialis
665 5744 846 5814 gloriae
875 5745 1098 5813 pompis.
1133 5745 1222 5800 llis
1249 5748 1390 5801 enim
1419 5748 1708 5811 abstinere,
1741 5763 1842 5801 non
1871 5748 2058 5799 inunc-

2165 4676 2376 4716 sacrnm
2404 4661 2575 4716 altare
2605 4678 2688 4717 me
2714 4651 2899 4717 sedere
2941 4665 3135 4728 fecisti,
3158 4681 3220 4720 ac
3242 4683 3336 4736 per
3363 4667 3614 4738 lugubres
3648 4686 3741 4742 ge-

2165 4754 2327 4806 mitus
2356 4763 2409 4806 et
2438 4771 2621 4808 amara
2640 4756 2868 4823 suspiria
2893 4753 2959 4809 ab
2982 4757 3094 4824 ipsa
3115 4758 3476 4826 quinquennis
3501 4762 3738 4815 infantia:

2164 4851 2347 4896 tenera
2374 4843 2569 4905 adhuc,
2597 4853 2650 4897 et
2682 4860 2850 4912 nuper
2881 4844 3142 4897 ablactata
3175 4845 3388 4902 letitate
3417 4850 3658 4918 cmpisti;
3685 4862 3738 4903 et

2168 4943 2421 4999 tauquam
2456 4930 2563 4984 illic
2595 4932 2710 5000 ipse
2739 4931 2800 4985 Β.
2834 4932 3123 5002 Apostolus
3171 4936 3524 5004 corporaliter
3555 4939 3738 5008 ιπωεί-

2165 5023 2334 5083 deret,
2360 5022 2615 5091 quidquid
2657 5024 2852 5078 subtile
2881 5024 2962 5078 vel
2996 5026 3256 5079 minutum
3308 5027 3358 5081 in
3389 5027 3740 5082 humanitatis

2167 5123 2268 5168 tua:
2295 5115 2466 5182 potuit
2496 5115 2711 5171 titillare
2733 5118 3046 5179 visceribus,
3082 5119 3340 5189 quidquid
3373 5121 3424 5174 in
3457 5122 3734 5191 cogitatio-

2165 5205 2323 5258 nibus
2349 5220 2576 5284 vanum.
2600 5209 2857 5277 quidquid
2889 5218 3146 5277 praeterea
3179 5211 3470 5280 subrepere
3493 5211 3661 5280 potuit
3685 5213 3736 5265 in

2162 5312 2412 5353 sermone
2429 5298 2779 5366 superﬂuum,
2797 5299 3041 5354 lidelibus
3067 5311 3151 5354 est
3177 5301 3528 5355 relationibus
3547 5303 3702 5354 evolu
3723 5334 3734 5342 -

2165 5400 2296 5445 tum.
2343 5390 2422 5443 ΛιΙ
2464 5391 2606 5459 quod
2644 5391 2771 5444 mihi
2803 5393 2972 5444 visum
3020 5401 3124 5455 est,
3154 5401 3213 5444 ut
3258 5391 3330 5444 nil
3370 5392 3512 5445 aliud
3563 5397 3737 5446 conti-

2163 5481 2291 5534 tenti
2339 5481 2670 5550 pmnitcutite
2713 5482 2922 5550 pondus
2971 5481 3301 5551 injungerem
3328 5521 3342 5544 ,
3387 5482 3486 5536 nisi
3520 5492 3574 5535 ut
3606 5484 3734 5537 illud

2159 5572 2354 5625 divina:
2380 5572 2663 5641 legationis
2693 5573 2923 5642 elogium
2949 5574 3199 5626 iterareut
3234 5591 3245 5626 :
3278 5577 3389 5644 Age
3420 5576 3559 5642 quod
3587 5577 3731 5643 agis;

2159 5678 2384 5730 operare
2406 5664 2545 5731 quod
2568 5665 2830 5733 operaris.
2867 5662 2961 5718 Vel
2999 5665 3123 5718 illud
3155 5669 3294 5735 quod
3323 5668 3405 5720 liis
3447 5668 3535 5735 qui
3566 5666 3732 5719 Thia-

2163 5763 2294 5823 tyrae
2346 5763 2500 5808 erant
2545 5770 2640 5824 per
2703 5756 2951 5823 angelum
3001 5757 3270 5810 mittitur:
3317 5779 3333 5807 ‹
3372 5758 3481 5810 Non
3525 5759 3738 5816 mittant
