4054 6184
388 379 498 434 Βίῦ
891 379 948 432 S.
987 379 1190 434 PETRI
1227 376 1507 433 DAMIANI
1541 375 1935 434 OPP.TOMUS
1959 379 2088 435 SEU
2160 377 2337 434 PARS
2364 377 2452 432 III.
2483 350 2934 436 -ορυεοὺω
2977 379 3206 436 VARIA.
3525 351 3634 443 sui

392 504 567 558 super
612 504 706 543 vos
757 487 900 542 aliud
953 489 1197 557 pondus;
1252 495 1459 541 tantum
1490 488 1542 542 id
1573 487 1712 556 quod
1756 487 1990 565 habetis,
2021 494 2066 552 Α
2097 487 2314 558 Egypti
2336 487 2625 556 percellere
2654 503 2717 541 ac
2737 488 2976 544 lacerare
2997 492 3328 559 permittitur
3353 492 3550 563 (Exod.
3578 497 3663 572 ν),

390 590 568 638 tenete
613 581 798 650 (Apoc.
831 579 914 648 ιι).
949 598 966 630 ι
1008 579 1178 643 Nam,
1209 579 1315 633 Deo
1362 588 1618 650 teste.‘ne
1651 595 1815 632 unum
1863 580 1982 648 qui-
2083 585 2143 630 ut
2185 579 2253 630 ad
2294 578 2726 646 repromissionis
2771 594 2898 633 arva
2938 582 3653 660 contetidere'festinantius

388 670 510 722 dem
543 670 683 723 diem
729 667 954 737 jejunii,
985 666 1068 719 vel
1100 665 1386 735 cujuslibet
1436 665 1742 719 alilictionis
1788 665 1977 731 indidi,

388 759 484 813 sed
532 761 673 812 utin
726 757 918 826 emptis
968 756 1306 810 solummodo
1351 755 1554 811 sanctis
1603 770 1980 825 pcrseverares

388 849 643 918 operibus
672 847 951 916 imperavi.

1002 934 1227 990 CAPUT
1278 934 1364 989 Vl.

387 1029 505 1093 Qua
543 1026 708 1080 animi
754 1027 982 1096 puritate
1025 1037 1327 1079 sanctorum
1370 1024 1606 1094 reliquid:
1640 1024 1971 1077 veneranda.

451 1121 520 1174 Et
546 1123 752 1173 utinam
776 1135 804 1172 a
833 1117 1154 1188 quibusdam
1188 1116 1496 1176 homicidis,
1531 1116 1613 1169 vel
1640 1116 1974 1169 diversorum

386 1212 676 1265 criminum
711 1211 843 1273 reis,
876 1209 949 1262 illi
981 1209 1235 1277 gemitus,
1265 1207 1339 1260 illi
1368 1205 1525 1260 fletus
1554 1207 1603 1258 in
1635 1204 1975 1259 confessione

377 1310 824 1372 prorumperent,
879 1300 959 1353 sic
1002 1298 1329 1352 tabescentis
1378 1305 1431 1350 et
1484 1296 1750 1351 acerrimo
1787 1297 1973 1351 dolore

381 1392 656 1446 transfixa:
717 1391 918 1445 mentis
963 1390 1188 1459 spiritus
1235 1387 1512 1451 fremeret,
1563 1387 1640 1442 sic
1693 1386 1831 1440 male
1854 1387 1968 1439 'sihi

375 1484 592 1537 conscia
625 1489 843 1552 pectora
885 1479 1260 1548 singultirent,
1296 1479 1438 1532 sicut
1480 1477 1591 1531 illic
1639 1477 1969 1547 plangeban-

375 1587 464 1630 tur
488 1578 571 1632 vel
600 1577 839 1630 inanium
871 1575 1246 1643 phantasmata
1288 1572 1696 1642 cogitationum,
1729 1571 1811 1624 vel
1839 1586 1969 1639 qua-

376 1668 630 1722 rumlibet
676 1665 961 1735 puerilium
1017 1665 1234 1733 ineptia:
1291 1663 1594 1718 levitatum.
1637 1662 1748 1716 lloc
1773 1676 1967 1731 provo-

373 1767 566 1813 ecntur
611 1756 856 1826 exemplo
876 1796 890 1820 ,
921 1756 1010 1824 qui
1051 1756 1116 1810 ad
1142 1756 1458 1822 veneranda,
1487 1763 1798 1808 sanctorum
1844 1768 1964 1808 cor-

2081 676 2422 736 provocetur.

2663 739 2891 794 CAPUT
2930 739 3037 793 γυ.

2083 847 2333 918 Exempla
2361 866 2541 921 regum
2569 866 2631 903 ac
2664 851 2878 914 ducum,
2901 853 2992 920 qui
3017 853 3198 904 mundi
3227 852 3533 921 felicitatem
3567 874 3654 913 m-

2430 919 2730 987 felicissimo
2766 919 3286 988 exitu’perdideruut.

2147 1029 2315 1085 Porro
2344 1039 2403 1083 ut
2425 1032 2488 1084 de
2520 1041 2570 1084 te
2597 1031 2804 1095 sileam,
2837 1045 2956 1099 qua:
2981 1032 3180 1087 talione
3205 1033 3402 1088 vicaria
3416 1044 3472 1090 et
3496 1037 3656 1094 odisti

2073 1120 2330 1172 mundum
2360 1128 2412 1173 et
2435 1137 2624 1188 perosa
2647 1120 2758 1188 jam
2790 1121 3096 1191 exploderis
3129 1125 3352 1190 mundo,
3410 1129 3654 1198 nunquid

2075 1215 2130 1262 et
2156 1209 2289 1277 ipsis
2318 1210 2554 1279 regibus,
2585 1225 2612 1262 a
2654 1210 2850 1278 quibus
2891 1213 3120 1268 mundus
3161 1214 3262 1269 iste
3303 1216 3546 1286 diligitur
3595 1229 3652 1272 et

2073 1298 2269 1367 quibus
2297 1299 2534 1367 captiosa
2598 1299 2786 1354 fraude
2833 1301 3126 1366 blanditur,
3175 1320 3280 1358 non
3331 1310 3650 1374 quantocius

2073 1388 2125 1440 in
2157 1387 2569 1443 amaritudinem
2594 1389 2821 1443 vertitur
2847 1399 2906 1443 ut
2960 1392 3214 1446 nimirum
3246 1394 3426 1458 hodie,
3455 1397 3545 1464 qui
3579 1413 3648 1452 ex

2071 1478 2316 1532 hostibus
2344 1478 2585 1532 victoriae
2634 1479 2784 1550 signa
2834 1489 3088 1549 reportet,
3137 1484 3474 1551 triumphalis
3524 1503 3647 1540 cum

2069 1568 2252 1637 gloria:
2275 1584 2469 1639 pompa
2498 1571 2782 1640 pnecedat,
2816 1581 2870 1625 et
2892 1588 3012 1626 eras
3035 1572 3180 1626 illum
3205 1573 3511 1642 ignobiliter
3537 1586 3643 1630 ter-

2068 1676 2132 1728 ga
2162 1669 2482 1726 vertentem,
2515 1663 2725 1737 hostilis
2755 1679 2946 1717 mucro
2981 1666 3342 1720 transfodiat?
3373 1668 3646 1724 Baltassar

2067 1764 2260 1820 nempe
2290 1750 2406 1820 ipso
2435 1752 2520 1805 die
2578 1767 2684 1820 quo
2715 1767 2842 1806 vasa
2874 1754 3056 1811 temuli
3083 1755 3294 1810 Domini
3325 1756 3434 1824 jam
3469 1767 3643 1814 temu-

371 1867 500 1920 pom
552 1851 635 1920 pia
694 1849 978 1903 devotione
1040 1847 1320 1901 festinant.
1371 1846 1484 1902 Illic
1539 1847 1720 1914 itaque
1757 1847 1960 1916 proprii
1991 1841 2038 1899 Β
2068 1839 2246 1895 lentus
2270 1842 2692 1896 concubinarum
2722 1843 2880 1898 labiis
2902 1844 3108 1898 fiedare
3137 1849 3501 1916 prmsumpsit,
3529 1849 3638 1905 Me-

372 1953 554 1997 reatus
585 1942 828 2006 morbos,
862 1939 1014 2010 quasi
1043 1939 1234 1994 noxios
1261 1941 1516 1993 humores
1541 1948 1595 1992 ct
1615 1939 1963 2008 :egritudines

367 2045 642 2098 evomant,
675 2035 728 2089 hi
755 2034 844 2104 qui
877 2049 974 2104 per
1000 2041 1223 2087 conatus
1268 2047 1417 2100 parte
1447 2029 1801 2084 confessionis
1841 2045 1963 2100 cge-

365 2126 502 2180 stius
534 2121 865 2192 poenitentia:
911 2117 1165 2172 salutaris
1207 2117 1511 2171 antidotum
1563 2125 1798 2170 sumant.
1849 2117 1962 2172 lllic

368 2214 691 2280 baptismum
738 2208 1073 2278 pcenitentia:
1101 2217 1382 2271 statuant,
1419 2208 1470 2261 in
1500 2221 1659 2276 quem
1692 2222 1788 2275 per
1817 2206 1962 2275 judi-

361 2300 502 2353 cium
554 2298 708 2354 ollicii
769 2297 1125 2353 sacerdotalis
1172 2298 1434 2363 immersi,
1470 2298 1665 2352 vetusti
1697 2297 1958 2352 'hominis

358 2391 673 2445 indumenta
699 2389 970 2460 deponant
985 2388 1206 2458 jamque
1237 2388 1361 2442 novi
1387 2390 1450 2442 de
1464 2388 1737 2443 veteribus
1751 2389 1953 2441 vivant.

357 2481 438 2536 Tu
472 2491 673 2546 autem,
701 2481 919 2534 domina
967 2495 1111 2546 mea,
1154 2495 1278 2533 nam
1326 2479 1449 2548 quia
1485 2487 1534 2532 te
1579 2477 1956 2547 Redemptoris

359 2571 462 2626 mei
485 2586 739 2640 sponsam
775 2585 897 2626 esse
926 2586 1030 2624 non
1083 2569 1321 2639 ambigo,
1353 2584 1527 2622 meam
1563 2578 1613 2621 te
1643 2582 1838 2622 vocare
1864 2568 1954 2620 do-

358 2662 558 2717 minam
584 2662 888 2716 nullatenus
920 2661 1204 2725 erubesco,
1255 2659 1495 2724 domina,
1522 2659 1766 2729 inquam,
1809 2675 1950 2725 mea,

351 2757 458 2826 fige
487 2757 677 2825 pedem
728 2755 778 2808 in
808 2755 986 2806 radice
1037 2753 1472 2822 perseverantim,
1504 2761 1557 2806 et
1612 2752 1665 2805 in
1711 2766 1948 2805 amorem

355 2846 530 2908 illius,
566 2845 632 2896 ad
661 2859 820 2913 quem
849 2858 944 2912 per
968 2857 1160 2894 manus
1191 2845 1532 2895 sacerdotum
1565 2850 1618 2894 et
1654 2857 1948 2910 pauperum

354 2936 597 3006 quotidie
624 2943 817 2988 cuncta
858 2931 1200 2995 transmittis,
1244 2930 1550 2984 medullitus
1588 2930 1946 2996 inﬂammare,

341 3039 412 3085 tut
446 3021 703 3082 illudtibi
728 3024 849 3092 jure
878 3025 1155 3092 contingat
1193 3024 1334 3091 quod
1369 3023 1419 3075 in
1453 3023 1568 3092 lege
1612 3024 1941 3092 praecipitur,

352 3119 606 3174 videlicet
630 3128 687 3170 ut
719 3117 809 3187 qui
852 3127 1063 3184 captant
1095 3117 1148 3168 in
1180 3114 1318 3168 bello
1356 3115 1633 3168 mulierem
1661 3114 1798 3168 forte
1828 3114 1943 3167 dili-

2075 1931 2265 1986 dorum
2305 1932 2514 2002 gladiis,
2557 1933 2718 1988 Dario
2755 1935 3032 1988 victoriam
3057 1937 3352 2002 obtinente,
3376 1939 3638 2007 subjacuit

2066 2020 2228 2091 (Dan.
2248 2021 2323 2091 v).
2352 2021 2520 2076 Galba
2544 2022 2818 2078 Romanus
2847 2024 3140 2093 imperator
3157 2036 3388 2096 quatuor
3408 2037 3638 2083 tantum-

2063 2111 2222 2165 modo
2250 2113 2525 2166 mensibus
2556 2113 2860 2182 imperavit,
2904 2124 2957 2168 et
2993 2115 3044 2168 in
3076 2115 3261 2170 Roma:
3301 2117 3418 2172 foro
3459 2120 3635 2188 gladio

2062 2214 2353 2269 percussus
2382 2201 2654 2256 occubuit.
2687 2203 2866 2259 Taceo
2913 2204 3202 2270 Neronem,
3246 2215 3509 2275 przetereo
3543 2209 3637 2265 Ot-

2061 2297 2264 2354 honem,
2293 2305 2428 2359 quos
2453 2307 2482 2344 a
2509 2292 2814 2362 semetipsis
2867 2293 3178 2350 interfectos
3226 2295 3485 2353 Romana:
3524 2301 3628 2354 rei-

2058 2379 2284 2448 publica:
2310 2387 2577 2435 testantur
2601 2382 2858 2437 hiSlOl‘iiB.
2888 2383 3075 2439 Nonne
3117 2384 3360 2440 Vitellius
3384 2390 3633 2444 interem-

2055 2481 2179 2541 ptus
2227 2481 2312 2526 est
2344 2487 2374 2526 a
2403 2473 2628 2528 ducibus
2682 2474 3036 2544 Vespasiani?
3075 2475 3264 2532 Nonne
3297 2489 3352 2533 et
3380 2477 3632 2536 Pertinax

2054 2563 2266 2618 occisus
2291 2573 2375 2618 est
2401 2581 2430 2617 a
2463 2565 2723 2620 militibus
2744 2566 3116 2634 praetorianis?
3175 2567 3466 2634 Macrinus,
3515 2571 3628 2625 An-

2055 2655 2633 2722 toninus,Alexander,
2653 2655 2942 2727 Philippus,
2974 2657 3270 2724 Gallienus,
3303 2675 3478 2716 nonne
3510 2675 3624 2716 om-

2051 2759 2147 2798 nes
2169 2745 2220 2798 hi
2248 2745 2598 2815 imperatores
2623 2747 2873 2802 militaris
2904 2749 3136 2818 impetus
3163 2750 3366 2821 gladios
3397 2752 3628 2819 pertule-

2050 2840 2214 2892 runt?
2256 2839 2595 2893 Domitianus
2643 2849 2904 2908 praeterea
2981 2855 3204 2896 suorum
3258 2841 3624 2911 conjurationo

2050 2929 2345 3010 confossus
2369 2941 2471 2985 est.
2510 2929 2718 2985 Probus
2771 2931 3050 3002 [Charus],
3089 2933 3217 2988 dum
3245 2943 3421 2986 castra
3463 2949 3619 3002 supra

2049 3019 2319 3088 Tigridem
2348 3021 2596 3084 haberet,
2622 3022 2828 3077 CtBlBSll
2874 3023 3095 3078 fulmine
3139 3033 3358 3095 repente
3381 3038 3621 3095 peremp-

2051 3119 2136 3164 tus
2167 3121 2270 3165 est.
2305 3111 2410 3165 Sed
2437 3113 2528 3181 qui
2557 3113 2670 3166 νιειι
2698 3114 2913 3182 plenius
2955 3129 3131 3180 nosse,
3157 3116 3397 3171 seriatim
3427 3115 3621 3171 Roma-

351 3216 501 3278 geret
524 3221 749 3273 eamque
777 3181 1051 3274 suscipere
1080 3203 1337 3257 voluisset
1369 3218 1615 3266 morem,
1648 3205 1795 3272 prius
1821 3203 1939 3272 ejus
1969 3181 2015 3242 Ο
2047 3221 2128 3266 nae
2159 3206 2492 3274 antiquitatis
2546 3218 2834 3277 percurrat
2871 3211 3148 3276 historias,
3205 3211 3382 3281 ibique
3417 3211 3617 3282 liquido

350 3297 625 3352 cmsariem
656 3295 872 3348 raderet
908 3308 1217 3363 unguesque
1256 3292 1598 3362 prmcideret,
1624 3308 1688 3347 ac
1710 3301 1939 3356 vestem,

347 3388 403 3443 iu
435 3403 539 3457 qua
592 3393 750 3454 capta
802 3393 943 3449 erat,
996 3384 1235 3438 auferret
1265 3384 1445 3454 (Deut.
1475 3385 1620 3455 xxi);
1655 3386 1839 3453 sicque
1874 3385 1940 3438 ad

345 3476 731 3546 ingenuitatem
766 3473 1083 3528 lsraelitidis
1127 3489 1194 3528 ex
1223 3490 1375 3528 more
1408 3475 1774 3544 prosilientem
1816 3473 1940 3543 jure

345 3569 449 3624 sibi
506 3565 837 3626 matrimonii
893 3564 1188 3634 copularet.
1226 3564 1360 3634 .Jam
1406 3567 1570 3636 igitur
1613 3583 1815 3636 ungues
1863 3568 1936 3621 tui

343 3677 466 3716 cum
513 3659 738 3714 caesarie
787 3671 1003 3727 occpere
1039 3656 1257 3726 prtecidi
1284 3673 1299 3722 ;
1325 3655 1437 3724 jam
1473 3659 1638 3711 vestis
1661 3674 1761 3726 qua
1792 3668 1932 3728 tege-

347 3752 520 3817 baris,
549 3748 946 3818 auferrizquia
998 3746 1259 3817 quidquid
1323 3748 1372 3800 in
1423 3749 1494 3800 tui
1549 3748 1727 3802 cultus
1775 3764 1935 3802 orna-

344 3842 489 3897 t'ibus
514 3839 818 3911 pulchrum,
853 3838 1109 3909 quidquid
1140 3839 1192 3892 in
1235 3837 1582 3893 facultatibus
1612 3841 1929 3908 pretiosum,

340 3942 395 3986 te
431 3931 578 3986 velut
621 3929 850 3994 ambire,
881 3928 966 3984 vel
993 3942 1212 3983 contere
1249 3929 1302 3982 in
1335 3930 1696 3984 exterioribus
1749 3931 1930 3986 cerni-

340 4032 450 4088 tur,
477 4021 638 4092 861
667 4020 719 4074 in
759 4019 972 4090 pietatis
997 4033 1158 4088 opera
1181 4018 1420 4087 quotidie
1454 4019 1786 4090 profligatur.
1824 4019 1930 4074 Rc-

339 4123 448 4170 stat
478 4128 606 4184 ergo
649 4112 715 4166 ad
752 4112 992 4166 intimam
1021 4109 1204 4179 sponsi
1249 4110 1323 4163 tui
1350 4109 1462 4179 jam
1507 4111 1794 4179 pervenire
1818 4110 1929 4162 dul-

339 4206 624 4267 cedinem,
656 4213 710 4256 et
756 4201 1133 4256 suavissimam
1183 4199 1330 4253 illam
1371 4201 1726 4254 confoederati
1767 4201 1925 4269 spiri-

337 4303 424 4348 tus
453 4294 757 4346 unitatem:
791 4308 808 4339 ι
851 4290 952 4356 Qui
1001 4289 1144 4342 enim
1195 4289 1430 4342 adhmret
1480 4291 1726 4356 Domino,
1788 4306 1924 4344 imus

340 4401 463 4440 cum
491 4399 556 4439 eo
588 4383 810 4452 spiritus
841 4391 922 4436 est
954 4381 1002 4450 (1
1041 4381 1164 4435 Cor.
1206 4383 1305 4450 Vl),
1352 4402 1370 4434 ι
1411 4384 1682 4447 videlicet,
1731 4393 1788 4439 ut
1834 4386 1922 4440 ille

334 4477 503 4534 divini
523 4478 725 4530 amoris
750 4490 912 4544 sapor
935 4474 1039 4528 tuis
1070 4473 1366 4528 visceribus
1394 4473 1599 4538 influat,
1622 4476 1710 4529 illa
1740 4478 1921 4531 suavi-

332 4569 460 4624 tatis
485 4567 688 4624 intima:
724 4567 938 4620 flamma
983 4567 1054 4619 lui
1081 4566 1313 4635 pectoris
1345 4581 1544 4620 arcana
1588 4569 1913 4632 succcndat,

334 4676 496 4731 quam
545 4668 601 4714 et
654 4660 820 4714 miser
856 4660 1092 4713 mundus
1129 4667 1180 4712 et
1230 4674 1381 4713 mens
1424 4672 1652 4730 quaeque
1684 4663 1918 4720 carnalis

330 4753 565 4824 ignorat,
609 4759 669 4805 ut
716 4750 846 4805 illud
899 4749 1248 4804 Canticorum
1299 4752 1554 4805 ardenter
1599 4753 1913 4809 exclames:

337 4861 356 4894 ι
392 4843 593 4898 Guttur
632 4841 810 4896 dilecti
839 4841 942 4894 mei
962 4841 1365 4908 suavissimum,
1400 4850 1453 4896 et
1477 4851 1620 4898 totus
1643 4845 1920 4900 desidera-

328 4924 457 4990 bilis
487 4933 663 5005 (Cant.
695 4931 774 5003 v),
805 4950 823 4982 »
850 4939 903 4985 et
932 4930 1021 4984 ille
1049 4930 1140 4983 tibi
1196 4931 1566 4987 vicissitudine
1607 4944 1758 5004 grata
1830 4950 1917 4989 re-

329 5026 592 5096 spondeat
627 5042 638 5077 :
677 5042 693 5075 ι
734 5022 912 5076 Favus
948 5020 1212 5074 distillans
1244 5021 1507 5088 labiatna,
1551 5039 1777 5093 sponsa;
1807 5026 1908 5078 mel

329 5127 386 5171 et
415 5116 499 5170 lae
527 5115 626 5169 sub
657 5114 844 5183 lingua
863 5120 974 5174 tua,
994 5109 1904 5182 etodorvestimentorumtuorum,

329 5209 469 5263 sicut
489 5208 623 5261 odor
651 5205 827 5259 thuris
853 5200 1029 5270 (Cant.
1063 5199 1158 5270 tv).
1199 5221 1215 5252 ›
1247 5201 1357 5258 Nec
1394 5207 1627 5262 turberis
1650 5207 1693 5262 si
1727 5222 1829 5276 qua
1856 5219 1908 5262 te

329 5299 578 5354 fortassis
607 5297 906 5351 adversitas
935 5288 1118 5354 ferit".
1167 5299 1235 5353 ob
1268 5299 1318 5353 id
1360 5300 1502 5353 enim
1534 5299 1613 5364 fit,
1649 5309 1706 5352 ut
1734 5300 1903 5354 inter-

333 5404 434 5445 nus
461 5387 548 5442 ille
578 5388 868 5458 dispositor
910 5393 976 5446 ad
1022 5394 1162 5448 hanc
1211 5401 1260 5445 lc
1315 5389 1649 5443 dulcedinem
1701 5390 1902 5443 trahat.

327 5479 462 5532 Nam
492 5489 545 5534 et
568 5490 742 5534 mater
771 5499 891 5536 cum
919 5485 1189 5540 ablactare
1218 5483 1330 5536 vult
1374 5483 1571 5544 lilium,
1617 5481 1905 5550 aliquando

331 5569 400 5622 fel
433 5571 687 5624 uberibus
715 5575 956 5638 adhibet,
1005 5587 1063 5629 ut
1109 5576 1233 5629 dum
1265 5583 1587 5642 aspernatur
1629 5572 1717 5626 ille
1763 5574 1908 5642 quod

330 5663 540 5724 horret,
569 5663 921 5730 compellatur
948 5667 1012 5719 ad
1039 5667 1351 5720 alimentum
1368 5679 1424 5718 se
1449 5665 1743 5719 transferre
1765 5667 1906 5734 quod

328 5755 561 5806 rohot‘et.
611 5753 958 5808 lst'az'liticum
1003 5773 1214 5826 quoque
1260 5757 1512 5826 pupulum
1560 5756 1761 5812 ideirco
1812 5773 1902 5810 rex

2046 3297 2249 3352 videbit
2290 3313 2451 3368 quam
2503 3301 2654 3368 pauci
2688 3301 2998 3370 reipublicae
3047 3303 3318 3372 principes
3347 3302 3616 3356 communi

2045 3397 2218 3442 morte
2261 3388 2576 3442 defecerint.
2604 3389 2734 3442 Nam
2763 3398 2818 3442 et
2845 3389 3169 3455 Gordianus,
3208 3398 3266 3445 et
3309 3389 3614 3460 Philippus,

2047 3480 2263 3545 Decius,
2312 3479 2516 3545 Gallus,
2552 3478 2894 3544 Volusianus,
2941 3480 3250 3546 Gallienus,
3275 3481 3611 3548 Quinctilius,

2046 3567 2383 3633 Aurelianus,
2410 3567 2791 3634 Numerianus,
2821 3569 3080 3634 Licinius,
3123 3570 3418 3635 Constans,
3475 3568 3616 3624 Gon-

2039 3661 2310 3714 slantinus
2338 3659 2544 3724 Iunior,
2568 3658 2815 3714 Julianus
2840 3659 3123 3729 Apostata,
3149 3659 3366 3724 Valens,
3402 3659 3612 3715 Gratia-

2037 3766 2159 3815 nus,
2195 3749 2601 3805 Valentinianns
2632 3749 2842 3817 Junior,
2891 3750 3148 3816 Joannes,
3204 3751 3612 3806 Valentinianus

2035 3843 2247 3907 tertius,
2262 3840 2607 3908 Majorianus,
2624 3842 2964 3906 Anthemius,
2979 3840 3173 3910 Nepos,
3197 3856 3386 3897 omnes
3405 3841 3491 3894 isti
3505 3839 3608 3894 Ro-

2032 3934 2176 3988 mani
2193 3934 2400 4002 imperii
2415 3942 2671 3994 rectores,
2690 3948 2866 3986 nonne
2883 3933 2965 3987 vel
2985 3934 3036 3986 in
3048 3933 3158 3986 otio
3171 3932 3334 4002 862
3355 3933 3606 3987 seditiosa

2031 4039 2250 4078 suorum
2285 4032 2410 4076 sunt
2437 4021 2624 4076 fraude
2656 4021 2856 4088 necati,
2887 4022 2971 4076 vel
3011 4023 3066 4075 in
3097 4024 3375 4090 procinctu
3408 4020 3608 4075 hostili-

2029 4117 2129 4171 bus
2155 4117 2431 4186 pericrunt
2457 4115 2649 4184 gladiis
2673 4115 3013 4183 interempti?
3051 4114 3158 4169 Sed
3195 4121 3252 4168 et
3286 4115 3604 4182 quibusdam

2029 4207 2158 4275 quid
2195 4205 2400 4274 profuit
2444 4205 2588 4274 quod
2641 4219 2828 4258 eorum
2887 4204 2939 4256 in
2977 4203 3079 4258 hoc
3125 4201 3318 4256 saeculo
3347 4200 3605 4270 prolixius

2025 4312 2229 4351 annosa
2281 4297 2391 4349 vita
2439 4295 2685 4349 duravit?
2735 4293 2892 4359 Nam,
2924 4302 2982 4346 ut
3011 4293 3218 4348 infinita
3261 4301 3599 4362 praeteream,

2023 4389 2343 4445 Valerianus
2374 4389 2668 4457 imperator
2703 4385 2755 4439 in
2793 4384 3176 4452 Mesopotamia
3203 4398 3324 4437 cum
3358 4381 3562 4451 Sapore
3583 4421 3597 4444 ,

2021 4481 2308 4536 Persarum
2334 4494 2480 4549 rege,
2505 4478 2748 4548 prtelium
2769 4477 3040 4531 commisit
3061 4484 3117 4529 et
3142 4474 3404 4544 perdidit;
3439 4486 3600 4543 quem

2022 4573 2111 4626 ille
2140 4571 2388 4641 protinus
2417 4578 2633 4638 captum
2675 4565 3043 4621 irrevocabilis
3081 4564 3338 4618 custodia:
3371 4563 3600 4619 vinculis

2022 4662 2368 4732 ntancipavit;
2390 4660 2775 4731 quinitnirum,
2801 4659 2941 4713 sicut
2975 4656 3142 4711 tradit
3168 4656 3416 4720 historia,
3449 4656 3598 4725 igno-

2018 4753 2111 4807 bili
2164 4751 2304 4821 apod
2355 4750 2586 4805 Parthos
2633 4749 2898 4804 servitute
2952 4747 3261 4810 consenuit;
3306 4755 3361 4802 et
3421 4745 3594 4814 quoad

2019 4844 2173 4909 vixit,
2198 4843 2323 4898 huic
2353 4843 2629 4912 probrosae
2658 4839 2904 4895 addictus
2931 4848 3014 4894 est
3035 4853 3230 4910 paenae,
3264 4847 3323 4892 ut
3351 4837 3592 4908 ejusdem

2017 4935 2312 5005 provincia:
2336 4950 2446 4998 rex,
2482 4935 2764 4989 incurvato
2803 4949 2892 4999 eo,
2923 4935 3115 5016 pedem
3144 4931 3452 4997 cervicibus
3478 4929 3596 4998 ejus

2017 5027 2351 5100 imprimeret
2381 5038 2433 5082 et
2464 5029 2542 5081 sic
2582 5027 2636 5080 in
2683 5042 2878 5095 equum
2909 5025 3221 5095 arrogantia
3251 5024 3485 5078 tumidus
3505 5037 3592 5076 as-

2016 5120 2210 5174 siliret.
2243 5120 2375 5186 Quis
2401 5127 2483 5173 est
2519 5118 2684 5184 enim,
2713 5116 2799 5171 cui
2833 5131 2891 5170 se
2913 5115 3126 5170 fortuna
3147 5131 3255 5170 non
3281 5113 3593 5178 transferat,

2015 5221 2069 5265 et
2105 5212 2262 5264 modo
2292 5211 2359 5263 de
2395 5209 2636 5263 adversis
2662 5209 2714 5262 in
2746 5222 3025 5277 prOSpera,
3050 5207 3211 5262 modo
3237 5207 3302 5260 de
3319 5203 3597 5276 prosperis

2014 5302 2066 5356 in
2101 5301 2327 5355 adversa
2356 5300 2571 5354 scenica
2616 5313 2673 5354 se
2711 5299 2975 5354 varietate
3023 5298 3341 5353 convertat?
3382 5297 3593 5363 Quanta

2019 5393 2175 5463 plane
2203 5391 2396 5461 gloria,
2426 5400 2661 5460 quantus
2686 5405 2905 5445 suorum
2940 5389 3094 5443 favor
3115 5389 3298 5443 arrisit
3321 5387 3594 5453 Annibali,

2013 5500 2133 5538 eum
2167 5483 2305 5552 apud
2333 5481 2549 5536 Cannas
2580 5481 2802 5535 Paulum
2827 5481 3106 5560 Aimilium
3141 5496 3261 5535 cum
3294 5488 3372 5534 tot
3399 5478 3598 5532 Roma-

2015 5581 2204 5628 norum
2266 5572 2496 5626 militum
2543 5572 2848 5644 agminibus
2898 5573 3128 5628 stravit?
3189 5587 3312 5628 cum
3365 5571 3597 5638 denique

2016 5675 2124 5720 tres
2149 5681 2435 5720 aureorum
2467 5666 2788 5720 annulorum
2813 5667 3042 5733 modios,
3067 5681 3206 5736 quos
3229 5665 3468 5734 equitum
3495 5663 3592 5716 lio-

2017 5775 2325 5824 manorum,
2359 5769 2671 5815 senatorum
2701 5769 2756 5816 et
2795 5761 3026 5816 militum
3075 5761 3386 5818 detraxerat
3421 5757 3588 5811 mani-
