4054 6184
391 373 510 454 '87?

1281 377 1504 434 OPIISC
1566 381 1697 435 LVI.
1734 411 1803 422 ——
1845 379 1934 438 DE
1983 382 2212 438 ΡΜ]Χὸ
2256 383 2474 439 MUNDI
2516 383 2763 438 GLORIA

3567 391 3672 446 8I3

411 489 530 553 ltts,
555 485 942 558 Carthaginem
973 489 1293 543 destinavit?
1321 491 1587 547 Plurimas
1628 493 1796 548 etiam
1828 495 1990 550 Italia:
2020 503 2070 558 Α
2097 495 2216 550 dem
2243 511 2384 550 anno
2414 504 2640 565 uterque
2682 495 2964 550 defunctus
2999 509 3099 554 est.
3142 505 3292 567 Quod
3323 516 3502 555 autem
3529 517 3674 573 post-

410 576 514 632 sihi
554 577 802 631 civitates
849 577 1110 641 subdidit,
1149 579 1283 634 adeo
1321 589 1376 633 ut
1409 581 1523 652 jam
1561 582 1794 636 Romani
1848 585 1994 640 cives

413 667 620 722 Italiam
657 666 962 734 relinquere
1004 667 1396 733 decrevissent,
1431 679 1488 723 et
1531 678 1732 724 statum
1763 657 1996 728 labentis

415 757 626 825 imperii
657 755 896 810 funditus
926 757 1300 825 desperarent.
1351 757 1458 814 Sed
1501 774 1663 828 quam
1693 761 1748 815 in
1779 771 1995 818 contra-

412 851 554 904 rium
584 862 870 903 successus
901 848 1002 902 iste
1028 863 1323 904 conversus
1348 859 1450 912 est,
1479 865 1602 904 cum
1637 849 1793 920 Mago
1829 852 1996 906 frater

411 937 530 1006 ejus
556 953 582 990 a
607 936 858 1007 Scipione
886 937 1026 1006 apud
1057 937 1436 1008 Carthaginem
1465 937 1739 1008 Hispania:
1761 941 1994 1009 capitur,

411 1027 732 1082 Asdrubalis
763 1027 990 1082 alterius
1017 1026 1204 1082 fratris
1235 1036 1398 1098 caput
1429 1044 1689 1084 mucrone
1718 1029 1994 1084 desectum

411 1129 542 1176 ante
567 1120 734 1190 ipsius
771 1120 1058 1175 AnnibaIis
1102 1130 1282 1175 castra
1323 1121 1626 1191 projicitur,
1685 1123 1800 1192 ipse
1851 1122 1998 1178 dein-

412 1225 540 1280 ceps
559 1218 685 1280 post
711 1210 1028 1266 inevasibile
1056 1211 1194 1282 fugae
1221 1211 1540 1280 periculum,
1586 1224 1646 1266 ut
1693 1228 1902 1268 veneno
1937 1228 1998 1270 se

411 1304 644 1372 perimat
673 1302 990 1357 imminente
1027 1303 1356 1358 necessitate
1398 1301 1777 1372 compellitur?
1822 1304 1998 1371 Quam

411 1393 467 1449 in
501 1394 832 1450 contrarium
856 1410 1010 1450 versa
1033 1403 1118 1450 est
1139 1402 1194 1448 et
1217 1393 1358 1449 illius
1379 1395 1562 1449 eximii
1593 1395 1811 1452 fortuna
1835 1395 1996 1452 Pom-

411 1484 544 1556 peii,
593 1485 684 1554 qui
729 1493 854 1554 post
894 1493 967 1539 tot
1018 1486 1320 1555 triumphos
1370 1486 1660 1556 clarasque
1717 1489 1994 1554 victorias,

411 1591 549 1646 quas
573 1577 788 1631 diverso
827 1585 1096 1631 terrarum
1135 1577 1266 1632 orbe
1305 1578 1566 1643 confecit,
1598 1588 1883 1649 postquam
1919 1581 1999 1634 vi-

412 1669 549 1740 ginti
579 1669 714 1724 duos
737 1671 971 1739 reges-du
1004 1671 1120 1724 solo
1147 1671 1392 1725 orientali
1431 1674 1652 1727 climate
1689 1675 1994 1742 superavit,

412 1759 537 1814 vilis
585 1759 808 1814 Achilla:
852 1761 1030 1830 gladio
1074 1762 1432 1816 detruncatus
1473 1763 1764 1818 occubuit?
1815 1763 1999 1818 Cresar

411 1851 595 1916 etiam,
623 1865 781 1920 quem
809 1851 1050 1906 victoriae
1083 1852 1339 1922 cupidum
1371 1862 1518 1908 totus
1557 1854 1815 1910 occiduus
1845 1855 1993 1908 orbis
2023 1866 2068 1924 Β

411 1943 612 1996 satiare
637 1957 741 1996 non
773 1951 1005 2012 poterat,
1053 1943 1140 1998 cui
1185 1943 1335 2000 velut
1361 1946 1580 2016 quidam
1611 1945 1998 2000 contradictio-

411 2032 498 2088 nis
545 2033 702 2097 obex,
741 2043 800 2088 ut
825 2035 896 2089 ita
955 2035 1166 2106 loquar,
1225 2037 1576 2107 importunus
1615 2047 1670 2092 et
1727 2053 1990 2107 arrogans

411 2124 658 2182 Oceanus
688 2127 1011 2192 obsistebat,
1059 2129 1214 2198 cujus
1257 2145 1352 2184 ora
1379 2128 1710 2183 flammantia
1745 2129 2000 2182 innume-

413 2215 660 2269 rabilium
693 2225 904 2284 strages
951 2219 1190 2287 gentium
1222 2235 1328 2272 non
1363 2219 1735 2287 complebant,
1786 2227 2002 2272 senato-

410 2307 522 2361 rios
565 2307 706 2359 intra
754 2305 964 2359 curiam
995 2307 1203 2378 gladios
1237 2308 1535 2376 pertulit,.a
1567 2307 1764 2375 quibus
1817 2306 2002 2375 utique

409 2396 602 2467 viginti
631 2397 840 2451 duabus
868 2397 1041 2466 plagis
1068 2396 1350 2452 confossus
1379 2397 1603 2452 interiit.
1907 2382 1909 2384 ’

1006 2485 1236 2542 CAPUT
1265 2486 1398 2540 VIII.

414 2578 675 2648 Exempla
709 2581 1011 2647 mulierum,
1036 2596 1261 2651 quorum
1302 2579 1500 2652 gaudia
1537 2595 1680 2632 mors
1709 2579 1997 2648 occupavit.

482 2669 734 2741 Nunquid
783 2683 838 2725 et
869 2672 1126 2728 mulieres
1169 2673 1235 2728 ab
1281 2672 1442 2742 hujus
1482 2673 1766 2726 mundana:
1810 2671 2002 2740 decep-

414 2758 580 2813 tionis
615 2759 770 2814 rotali
800 2762 1062 2831 vertigine
1114 2761 1462 2830 reperiuntur
1498 2761 1803 2814 immunes?
1847 2760 2003 2814 Cleo-

411 2855 565 2917 patra
601 2863 792 2917 nempe
823 2850 1108 2921 magnifice
1159 2849 1254 2903 toti
1317 2849 1695 2905 dominabatur
1733 2848 2000 2919 Egypto,

417 2940 564 3008 quod
594 2939 843 2995 videlicet
871 2957 1094 3010 regnum
1141 2949 1360 2995 centum
1416 2941 1583 2994 millia
1632 2939 1880 2994 villarum
1917 2940 2003 2993 in-

414 3030 634 3086 cludere
662 3033 996 3100 perhibetur.
1025 3032 1142 3088 Iluc
1170 3034 1397 3088 accessit
1423 3034 1566 3102 quod
1593 3033 1879 3098 Antonius,
1911 3033 2002 3101 qui

415 3121 622 3178 Orienti
657 3123 814 3178 simul
845 3124 1140 3193 imperabat
1168 3134 1222 3179 et
1245 3125 1408 3191 Asiae,
1450 3123 1730 3180 Octaviani
1772 3123 1998 3194 Augusti

2099 587 2338 652 modum,
2366 597 2489 640 ante
2521 587 2621 641 hoc
2671 587 2842 642 ferme
2869 588 3164 654 biennium,
3209 591 3330 646 luna
3369 593 3422 646 in
3449 595 3668 662 sangui-

2099 693 2220 733 nem
2244 694 2400 734 versa
2429 689 2531 744 est,
2563 681 2686 749 quia
2724 683 2940 750 sanguis
2961 692 3176 752 peccata
3199 686 3468 755 significat
3495 708 3506 742 :
3538 709 3556 739 ε
3585 689 3674 743 Li-

2099 771 2229 826 bera
2263 787 2368 835 me,
2407 773 2579 841 inquit
2601 773 2791 840 David,
2822 776 2888 830 de
2917 777 3288 846 sanguinibus,
3321 779 3462 834 Deus
3497 781 3669 845 (Psal.

2103 860 2180 930 ι),
2217 881 2235 914 ι
2271 863 2324 916 in
2350 873 2610 931 quantum
2643 865 2772 918 mihi
2799 866 3028 930 videtur,
3069 868 3146 922 nil
3201 868 3344 922 aliud
3393 871 3494 926 nisi
3547 887 3670 926 sano

2097 961 2240 1006 ctam
2279 953 2600 1024 significavit
2625 955 2947 1022 Ecclesiam,
2993 956 3263 1013 Cadaloici
3288 960 3509 1016 sceleris
3541 977 3674 1016 san-

2098 1041 2261 1108 guine
2289 1044 2697 1098 cruentaudam.
2729 1045 2994 1100 Cadalous
3023 1048 3168 1102 enim
3206 1049 3402 1106 millies
3451 1053 3674 1108 anathe-

2099 1133 2410 1197 matizatus,
2457 1135 2584 1188 dum
2633 1152 2728 1205 pro
2768 1137 3033 1192 venaliter
3062 1140 3384 1208 acquirenda
3432 1142 3672 1197 Romana

2098 1221 2340 1277 Ecclesia
2367 1223 2608 1279 inﬁnitas
2639 1241 2734 1295 per
2761 1227 2984 1295 populos
3010 1231 3267 1298 pecunias
3297 1233 3520 1304 spargit,
3551 1249 3676 1289 cor-

2100 1313 2166 1367 da
2188 1313 2466 1368 hominum
2492 1331 2589 1385 per
2639 1318 2925 1372 avaritiam
2953 1319 3004 1372 in
3029 1321 3157 1376 aeris
3183 1322 3414 1391 speciem
3447 1323 3590 1378 velut
3617 1324 3672 1380 in

2100 1407 2416 1476 sanguinem
2461 1409 2642 1464 vertit.
2675 1408 2872 1478 Sicque
2901 1411 3026 1466 dum
3071 1413 3382 1481 pestilentes
3433 1415 3678 1471 homines

2099 1495 2298 1550 metalli
2315 1495 2474 1564 hujus
2489 1514 2594 1554 non
2615 1499 2865 1553 desinunt
2897 1499 3098 1556 habere
3135 1503 3474 1570 rubedinem,
3499 1489 3680 1573 splen-

2101 1586 2200 1640 dor
2223 1585 2480 1641 Ecclesiae
2501 1588 2900 1656 quodammodo
2930 1591 3160 1645 vertitur
3183 1593 3238 1646 in
3266 1607 3537 1647 cruorem.
3569 1592 3678 1648 Cor

2099 1675 2241 1728 enim
2281 1676 2423 1744 quod
2452 1677 2597 1746 cupit
2623 1676 2740 1745 ejus
2773 1687 2900 1732 ante
2939 1679 3036 1736 Dei
3073 1679 3260 1736 oculos
3305 1683 3538 1752 speciem
3593 1682 3680 1736 iu-

2100 1765 2232 1818 duit.
2259 1764 2364 1820 Sed
2401 1767 2516 1821 haec
2539 1767 2692 1821 alias.

2712 1857 2939 1914 CAPUT
2978 1860 3068 1915 IX.

2175 1965 2328 2032 Quod
2381 1968 2516 2022 idem
2553 1969 2620 2022 sit
2665 1970 2918 2108 ornniuﬁm_
2947 1971 3250 2038 mortalium
3299 1973 3505 2028 initium
3549 1989 3614 2040 ac

2863 2057 2964 2094 ms.
3337 2087 3340 2090 .

2863 2057 2964 2094 1118.
3337 2087 3340 2090 .

2177 2127 2242 2182 Ut
2269 2128 2433 2198 igitur
2473 2128 2538 2182 ad
2592 2129 2642 2182 id
2685 2129 2824 2183 unde
2852 2130 3124 2200 digressus
3145 2146 3263 2186 sum
3307 2131 3684 2197 redeam,om-

2103 2229 2198 2269 nes
2229 2215 2494 2280 homines,
2525 2217 2639 2272 sive
2689 2227 2954 2287 potentes,
2998 2219 3113 2274 sive
3151 2219 3261 2274 sint
3298 2221 3504 2289 inopes,
3541 2235 3684 2274 eam-

2102 2305 2224 2358 dem
2257 2305 2562 2359 sorliuntur
2601 2306 2886 2375 originem,
2937 2321 3036 2360 nec
3091 2308 3404 2362 dissimilem
3453 2308 3685 2364 habituri

2103 2404 2232 2450 sunt
2262 2395 2447 2449 finem.
2486 2397 2632 2450 Inter
2662 2397 2760 2451 hos
2791 2405 2968 2451 autem
2998 2399 3132 2453 duos
3179 2398 3378 2453 limites
3415 2407 3500 2452 est
3539 2413 3686 2468 qum-

2104 2485 2225 2540 dam
2256 2487 2380 2540 vita:
2405 2485 2712 2550 diversitas,
2749 2495 2808 2540 ut
2847 2486 2936 2540 alii
2965 2503 3024 2542 se
3053 2487 3352 2557 glorientur
3390 2503 3510 2544 esse
3559 2505 3686 2560 spe—

2103 2578 2349 2641 ctabiles,
2381 2577 2546 2632 aliise
2577 2579 2792 2632 doleant
2821 2578 3142 2648 indigentes.
3171 2579 3422 2635 Sedhatc
3437 2582 3686 2638 humanae

2105 2667 2229 2721 vita:
2281 2668 2559 2734 varietas,
2627 2677 3002 2722 momentanea
3054 2677 3354 2738 temporum
3411 2670 3684 2726 brevitate

2105 2757 2472 2822 concluditur,
2500 2766 2558 2811 ut
2588 2767 2642 2812 et
2665 2759 2790 2811 elati
2819 2758 3016 2828 quique
3053 2759 3256 2813 diutius
3297 2760 3361 2814 de
3403 2775 3499 2814 sua
3550 2774 3674 2828 pro-

2108 2849 2368 2918 speritate
2395 2865 2500 2903 non
2539 2850 2830 2917 gaudeant,
2863 2860 2919 2904 et
2967 2849 3180 2918 inglorii
3209 2865 3319 2905 suae
3359 2851 3681 2921 dejectionis

2107 2940 2508 2993 incommodum
2567 2938 2886 2993 festinanter
2938 2941 3188 2994 evadant.
3219 2940 3370 3005 Quod
3427 2950 3510 2996 est
3559 2955 3692 3011 ergo

2107 3032 2430 3102 principium
2457 3039 2697 3086 nostrum
2729 3041 2783 3086 et
2818 3032 2910 3101 qui
2950 3031 3092 3097 finis,
3119 3047 3258 3102 quae,
3300 3034 3440 3088 sicut
3487 3033 3692 3088 dictum

2109 3133 2210 3187 est,
2247 3122 2456 3176 variare
2485 3137 2588 3176 non
2621 3138 2935 3192 possumus;
2975 3123 3067 3178 sed
3099 3139 3288 3178 omnes
3319 3125 3370 3177 in
3401 3139 3689 3178 commune

413 3227 656 3268 sororem
684 3215 904 3283 repudio
934 3217 1156 3285 sprevit,
1189 3225 1243 3271 et
1271 3219 1411 3271 hanc
1449 3216 1548 3271 sibi
1585 3215 1836 3270 infaustis
1907 3230 2002 3268 au-
2031 3204 2075 3265 C
2107 3213 2362 3268 mortales
2415 3215 2526 3268 lucc
2575 3214 2943 3268 indifferenter
2999 3215 3370 3284 possidemus?
3409 3215 3514 3270 Sed
3564 3216 3688 3270 andi

417 3303 602 3372 spiciis
645 3303 698 3357 in
734 3305 1135 3359 matrimonimn
1164 3307 1453 3376 copulavit.
1505 3306 1702 3361 Verum
1738 3305 1803 3360 ad
1839 3303 2006 3376 quem

417 3396 581 3452 finem
613 3407 720 3452 tam
753 3399 976 3470 gloriosi
1035 3407 1252 3467 tamque
1285 3397 1552 3468 magnifici
1595 3398 1853 3469 conjuges
1880 3413 2003 3466 per-

419 3489 716 3542 venerunt?
739 3488 1003 3543 Antonius
1044 3489 1310 3558 siquidem
1357 3489 1424 3543 ab
1459 3489 1701 3560 Augusto
1730 3489 1868 3557 apud
1899 3488 2002 3542 Ae-

421 3577 556 3631 tium
585 3577 762 3632 navali
799 3579 984 3647 prmlio
1009 3587 1295 3649 superatus
1322 3579 1374 3633 in
1399 3578 1692 3650 IEgypIum
1719 3577 1874 3649 fugit,
1903 3577 2004 3632 ibi-

418 3682 524 3736 que
549 3668 848 3738 desperatis
878 3669 1035 3724 rebus
1065 3671 1178 3738 ipse
1213 3671 1314 3725 sibi
1351 3679 1576 3725 mortem
1608 3671 1824 3739 propria
1870 3668 2004 3723 deli-

420 3755 702 3812 beratione
733 3759 1014 3814 conscivit.
1051 3760 1156 3814 Sed
1205 3769 1259 3814 et
1297 3759 1582 3830 CleOpatra
1637 3759 1999 3829 postmodum,

421 3861 526 3900 non
557 3847 824 3901 dissimili-
844 3848 1166 3902 necessitate
1185 3849 1347 3920 863
1376 3857 1586 3914 coacta,
1620 3849 1670 3902 in
1707 3857 2000 3918 pretiosum

421 3939 522 3992 viri
554 3940 636 3992 sui
673 3941 978 4008 sepulcrum
1026 3955 1086 3994 se
1113 3951 1305 4008 sponte
1356 3939 1600 4010 proiecit,
1657 3941 2004 4009 aspidemque

421 4031 654 4099 propriis
687 4032 944 4086 uberibus
971 4031 1253 4096 adhibens,
1281 4031 1409 4084 dum
1441 4043 1494 4085 et
1538 4031 1627 4084 illa
1683 4031 2002 4100 sanguinem

422 4131 658 4192 sugeret,
689 4133 744 4176 et
772 4123 886 4178 haec
909 4123 962 4178 in
993 4137 1051 4178 se
1088 4137 1292 4178 venena
1337 4125 1706 4187 contraheret,
1757 4123 2003 4192 exspira-

425 4215 520 4268 vit.
553 4213 870 4270 Semiramis
928 4217 1092 4272 etiam
1143 4223 1266 4287 post
1317 4215 1522 4272 obitum
1573 4216 1676 4272 viri
1715 4215 1823 4280 sui,
1873 4225 2006 4285 quot

423 4317 633 4378 strages
662 4310 886 4374 dederit,
911 4317 1044 4380 quot
1071 4309 1170 4364 sibi
1210 4323 1373 4380 regna
1402 4307 1722 4372 subdiderit,
1762 4322 1869 4377 quo
1912 4307 2006 4361 de-

417 4379 572 4506 ‘num
599 4399 705 4452 fine
736 4379 995 4454 defecerit
1026 4399 1230 4467 liquido
1264 4379 1506 4454 veterum
1551 4407 1816 4453 testantur
1840 4413 2007 4451 anna-

429 4486 523 4542 ies.
552 4486 686 4542 Cum
709 4503 837 4557 ergo
859 4489 1023 4544 fallax
1055 4489 1212 4557 hujus
1242 4490 1424 4544 mundi
1459 4489 1686 4544 felicitas
1715 4497 1792 4544 tot
1819 4489 2002 4543 nmmli

2104 3303 2404 3372 sapientem
2433 3302 2607 3355 virum
2637 3303 2686 3355 in
2715 3303 2850 3357 libro
2880 3303 3048 3376 835
3079 3302 3372 3372 Sapientiae
3400 3305 3692 3374 perhiben-

2107 3401 2214 3448 tem
2251 3411 2264 3446 :
2301 3411 2318 3443 ι
2359 3393 2515 3456 Sum,
2547 3393 2745 3463 inquit,
2769 3402 2823 3448 et
2866 3409 2966 3463 ego
2995 3395 3240 3449 mortalis
3277 3396 3462 3460 homo,
3500 3395 3690 3448 similis

2103 3483 2436 3548 hominibus,
2460 3493 2512 3537 et
2539 3499 2603 3537 ex
2635 3499 2832 3554 genere
2863 3495 3078 3539 terreno
3099 3485 3242 3540 illius
3291 3487 3382 3554 qui
3424 3486 3572 3555 prior
3609 3485 3686 3538 fa-

2105 3586 2224 3631 ctus
2248 3585 2352 3642 est,
2380 3585 2433 3630 et
2455 3577 2506 3629 in
2529 3587 2716 3630 ventre
2747 3577 2935 3630 matris
2961 3577 3224 3647 figuratus
3244 3593 3360 3631 sum
3387 3591 3536 3640 caro,
3581 3577 3677 3629 de-

2106 3683 2222 3722 cem
2253 3668 2518 3722 mensinm
2561 3676 2804 3738 tempore
2833 3669 3146 3738 eoagulatus
3175 3683 3293 3722 sum
3335 3668 3386 3721 in
3421 3669 3683 3738 sanguine

2105 3775 2170 3814 ex
2201 3761 2408 3816 semine
2435 3761 2690 3824 hominis,
2723 3749 3201 3816 et'delectamento
3251 3762 3442 3814 somnii
3495 3775 3688 3816 convc-

2107 3852 2327 3914 nientis,
2386 3859 2442 3905 et
2482 3865 2582 3920 ego
2628 3860 2786 3904 natus
2815 3853 2996 3919 accepi
3025 3865 3368 3904 commonent
3392 3864 3595 3911 aerem,
3631 3857 3689 3903 et

2107 3943 2160 3998 in
2192 3943 2441 3996 similiter
2463 3941 2662 3997 factam
2692 3942 2864 3996 decidi
2899 3951 3121 4006 terram,
3153 3949 3212 3994 et-
3232 3943 3462 4011 primam
3499 3955 3690 3995 vocent

2107 4034 2340 4090 similem
2395 4033 2647 4087 omnibus
2701 4033 2853 4086 emisi
2909 4033 3146 4102 plorans,
3205 4035 3257 4087 in
3307 4033 3696 4088 involumentis

2105 4123 2340 4178 nutritus
2365 4137 2481 4176 sum
2505 4131 2560 4174 et
2589 4122 2734 4174 curis
2758 4121 2965 4184 magnis
2995 4121 3145 4191 (Sep.
3170 4121 3287 4192 vn).
3312 4142 3328 4172 ι
3362 4121 3530 4174 Nemo
3550 4123 3696 4176 enim

2107 4231 2169 4271 ex
2211 4217 2426 4283 regibus
2463 4214 2610 4267 aliud
2643 4214 2830 4268 habuit
2871 4213 3168 4266 nativitatis
3215 4213 3448 4266 initium.
3489 4211 3588 4267 Ubi
3641 4221 3695 4266 et

2108 4309 2356 4378 protinus
2395 4295 2612 4360 additur
2649 4325 2660 4360 :
2701 4325 2720 4356 ‹
2757 4305 2907 4360 Unus
2931 4319 3060 4374 ergo
3101 4305 3353 4359 introitus
3396 4313 3479 4358 est
3517 4305 3696 4358 omni-

2108 4399 2208 4454 bus
2245 4399 2310 4453 ad
2339 4399 2526 4486 vitam,
2568 4406 2620 4451 et
2661 4396 2851 4450 similis
2891 4395 3064 4450 exitus
3117 4394 3328 4466 (lbid.).
3389 4413 3406 4445 ι
3459 4393 3516 4449 Si
3567 4410 3696 4464 ergo

2107 4507 2268 4554 unus,
2323 4485 2467 4558 quod
2519 4488 2744 4552 dicitur,
2788 4487 2855 4540 ad
2895 4486 3064 4540 vitam
3112 4485 3367 4539 introitus
3409 4493 3462 4538 et
3504 4485 3696 4539 similis

428 4577 824 4634 calamitatibus
849 4582 920 4634 sit
948 4581 1205 4646 obnoxia,
1230 4597 1354 4634 cum
1408 4581 1648 4650 potentia
1697 4581 2007 4648 temporalis
2036 4549 2084 4606 Π
2115 4583 2292 4636 exitus
2321 4579 2608 4649 diligenter
2629 4577 2950 4641 attenditur,
2985 4575 3223 4629 varietas
3250 4575 3335 4628 illa
3365 4591 3484 4643 qua:
3511 4579 3696 4630 veriss-

429 4673 507 4720 tot
545 4667 761 4722 casibus
792 4668 1050 4722 varianda
1085 4669 1386 4737 subjaceat,
1433 4675 1488 4721 et
1517 4681 1698 4720 rerum
1729 4668 1862 4721 ordo
1891 4681 2010 4720 sese

427 4755 575 4811 velut
601 4756 828 4809 sceniac
875 4755 1154 4824 vertiginis
1205 4755 1517 4810 alternitate
1545 4755 1859 4819 confundat,
1891 4756 2012 4822 quis

428 4859 574 4900 same
601 4845 800 4899 mentis
829 4859 859 4898 a
890 4843 1054 4898 rebus
1081 4855 1186 4898 tam
1227 4845 1434 4899 frivolis
1465 4855 1682 4914 tamque
1733 4845 2011 4914 fugacibus

432 4938 670 4991 animum
703 4951 808 4991 non
831 4935 1077 4990 avertat?
1107 4935 1241 4989 Nam
1267 4945 1325 4988 ut
1354 4944 1410 4989 et
1435 4935 1569 5004 ipsa,
1603 4949 1720 5002 qua:
1745 4920 1848 4988 tibi
1888 4943 2012 4987 sunt

433 5027 738 5094 notissima,
765 5043 872 5082 non
917 5035 1261 5096 prmteream,
1289 5041 1410 5080 cum
1456 5032 1652 5094 quanta
1683 5025 1851 5094 gloria
1879 5038 2012 5091 papa

433 5117 640 5184 Victor,
667 5128 723 5173 et
745 5121 830 5174 vir
863 5129 986 5175 tuus
1017 5119 1316 5189 imperator
1349 5117 1612 5172 Henricus
1634 5157 1648 5182 ,
1682 5125 1906 5186 uterque
1935 5115 2016 5168 vir

434 5221 636 5268 sanctre
664 5213 958 5280 memoriae,
991 5223 1114 5268 tunc
1143 5221 1302 5267 erant
1323 5220 1376 5266 et
1397 5221 1554 5266 (etate
1582 5212 1818 5266 virentes
1847 5221 1900 5264 et
1938 5211 1988 5264 di
2006 5241 2020 5250 -

437 5307 644 5375 gnitate
668 5304 941 5372 florent-es,
973 5321 1094 5361 cum
1123 5305 1246 5360 luna
1287 5305 1634 5359 serenissimo
1679 5312 1880 5357 terram
1917 5301 2019 5354 ful-

437 5413 569 5468 gore
597 5399 948 5469 perfundens,
980 5401 1202 5471 eclipsin
1237 5415 1414 5470 passa,
1461 5408 1680 5468 repente
1708 5398 1982 5452 contabuit
2003 5439 2017 5460 ,

439 5501 496 5546 et
532 5493 675 5548 rutili
730 5494 1030 5565 splendoris
1079 5495 1354 5565 speculum
1399 5493 1640 5564 ignobili,
1693 5507 1798 5546 non
1842 5493 2016 5545 dicam

439 5585 666 5654 pallore,
696 5587 788 5640 sed
802 5587 1130 5642 obscuritate
1156 5588 1403 5641 mutavit.
1434 5585 1583 5652 Quod
1612 5584 1874 5655 profecto,
1897 5585 2001 5638 sic-

441 5682 504 5728 ut
551 5675 607 5730 in
649 5677 897 5746 proximo
941 5678 1133 5746 patuit,
1183 5678 1313 5732 nihil
1376 5677 1514 5732 aliud
1567 5693 1727 5746 quam
1777 5677 2012 5730 vicinum

444 5764 728 5838 utriusque
751 5767 1010 5836 principis
1043 5767 1317 5822 interitum
1347 5767 1711 5837 prmsignavit.
1757 5766 1890 5820 Nam
1935 5782 2026 5822 co-

2119 4682 2208 4726 tur
2235 4671 2287 4724 in
2331 4671 2528 4731 medio,
2573 4681 2795 4722 necesse
2832 4675 2915 4720 est
2952 4675 3012 4719 ut
3061 4675 3316 4735 tanquam
3352 4665 3504 4720 volax
3543 4665 3696 4736 fuga-

2119 4761 2198 4815 cis
2249 4757 2446 4813 somnii
2503 4757 2714 4810 vanitas
2774 4762 3170 4808 contemnatur.
3216 4753 3328 4807 Hoc
3357 4755 3519 4807 etiam
3557 4755 3698 4821 quod

2119 4849 2456 4919 praemissum
2496 4855 2580 4900 est
2613 4863 2626 4898 :
2658 4863 2676 4896 c
2724 4845 2918 4898 Decem
2941 4843 3210 4898 mensium
3237 4852 3476 4913 tempore
3505 4859 3700 4912 coagu-

2121 4942 2263 4994 latus
2288 4953 2406 4998 sum
2431 4939 2484 4992 in
2515 4937 2798 5006 sanguine,
2825 4951 2888 4990 ex
2918 4937 3124 4990 semine
3160 4937 3413 5000 hominis,
3462 4945 3518 4991 et:
3557 4936 3698 4991 dele-

2121 5039 2391 5086 ctamento
2413 5027 2606 5082 somnii
2623 5027 3020 5089 convenientis;
3051 5047 3072 5078 ι
3092 5027 3134 5082 si
3163 5043 3266 5081 non
3289 5027 3702 5098 pigeatvigilan-

2123 5134 2208 5178 ter
2235 5121 2534 5184 advertere,
2563 5135 2682 5190 quae
2713 5135 2862 5174 mens
2889 5121 3004 5175 haec
3027 5121 3278 5184 audiens,
3325 5123 3488 5191 typho
3530 5119 3704 5173 valeat

2124 5211 2444 5284 arrogantia:
2477 5211 2794 5282 superbire?
2829 5211 2896 5265 Et
2930 5213 3051 5281 quis
3095 5215 3347 5267 continuo
3394 5227 3500 5266 non
3550 5227 3702 5265 com-

2123 5307 2355 5378 pellatur
2409 5319 2528 5360 sese
2576 5319 2732 5360 nosse
2771 5303 3143 5372 putredinem,
3181 5305 3305 5357 dum
3349 5312 3452 5355 tam
3497 5303 3704 5356 obsere-

2126 5413 2250 5452 nam
2282 5404 2435 5450 ortus
2476 5395 2555 5448 sui
2589 5393 2902 5448 considerat
2958 5391 3288 5446 foeditatem?
3335 5391 3518 5444 dicens
3565 5390 3740 5456 intral,

2125 5505 2183 5544 se
2221 5507 2232 5542 :
2270 5508 2286 5540 ι
2323 5486 2460 5553 Quid
2501 5486 2769 5554 superbis,
2826 5493 2968 5539 terra
3019 5491 3074 5536 et
3118 5481 3290 5536 cinis?
3326 5480 3514 5550 (Eccli.
3565 5480 3642 5551 ι).
3683 5499 3702 5532 ι

2128 5583 2279 5650 Quod
2301 5583 2464 5636 etiam
2501 5589 2623 5650 post
2655 5579 2858 5634 exitum
2895 5587 3068 5643 tuum,
3114 5577 3354 5630 futurum
3404 5587 3488 5630 est
3531 5576 3708 5645 primo

2127 5673 2352 5738 vermis,
2376 5671 2567 5724 deinde
2611 5669 2800 5738 pulvis.
2837 5668 3135 5722 Erubescat
3187 5683 3314 5737 ergo
3365 5667 3540 5721 cordis
3583 5665 3708 5718 elati

2132 5761 2404 5832 superbia,
2433 5769 2484 5815 et
2516 5761 2686 5829 quise
2709 5759 3013 5814 considerat
3043 5759 3183 5814 inter
3213 5771 3386 5814 ortum
3425 5768 3472 5812 ct
3506 5759 3706 5812 obitum
