4054 6184
391 421 498 481 819

854 422 911 478 S.
936 421 1137 477 PETRI
1169 420 1449 477 DAMIANI
1485 422 1634 478 OPP.
1664 422 1898 479 TOMUS
1938 422 2066 477 SEli
2094 420 2268 480 PARS
2307 419 2390 474 Ill.
2429 447 2474 460 --
2528 415 2886 474 OPUSCULA
2928 410 3156 467 VARIA.

3518 405 3623 463 890

389 535 660 596 conmuni
690 550 811 591 cum
841 536 1050 591 caeteris
1083 543 1292 589 naturae
1329 533 1444 605 lege
1480 535 1792 605 constringi,
1825 534 1965 588 desi-
1996 543 2040 598 Α
2068 534 2346 595 charitatis
2387 532 2563 597 nnire,
2612 540 2669 606 ut
2714 545 2833 584 cum
2878 528 3102 599 mystica
3136 523 3224 578 illa
3256 537 3453 593 sponsa
3498 537 3619 575 con-

388 634 488 685 nat
511 626 579 682 de
600 626 922 682 sublitnioris
945 627 1126 695 gloria:
1153 626 1469 696 singularite
1490 626 1702 694 jactari.

1015 714 1241 770 CAPUT
1282 715 1348 768 Χ.

612 806 695 857 Ad
720 806 1154 874 perseverantiam
1182 804 1502 857 exhortando
1523 813 1749 873 perorat.

462 891 543 949 Tu
572 903 774 958 autem,
816 894 1138 948 venerabilis
1183 894 1417 956 domina,
1463 908 1581 961 quae
1609 908 1639 945 e
1667 908 1821 947 emno
1854 903 1963 948 ter-

394 993 536 1033 rente
573 981 837 1049 superbia:
883 981 949 1034 ad
992 980 1221 1035 sublime
1275 995 1416 1033 verae
1448 980 1765 1034 humilitatis
1819 980 1964 1034 fasti-

389 1067 536 1137 gium
562 1070 946 1134 conscendisti,
989 1070 1062 1123 ita
1091 1077 1401 1124 constanter
1430 1070 1480 1122 in
1520 1066 1638 1137 ejus
1677 1084 1803 1123 arce
1840 1083 1961 1139 per-

392 1157 550 1217 siste;
591 1158 667 1211 sic
700 1159 751 1211 in
790 1174 873 1224 ea,
901 1175 1059 1228 quam
1097 1175 1194 1229 per
1217 1173 1364 1227 spem
1398 1159 1560 1213 semel
1607 1160 1927 1229 ingressaes
1948 1200 1963 1225 ,

394 1252 534 1299 terra
566 1247 882 1313 viventium,
935 1250 1351 1317 perseverantia:
1395 1250 1583 1318 pedem
1624 1248 1967 1304 immobiliter

395 1334 518 1404 tige,
548 1347 606 1390 ut
635 1338 687 1392 in
715 1340 990 1394 szecularis
1038 1341 1136 1394 vite
1173 1340 1436 1395 lubricum
1485 1357 1591 1395 non
1630 1340 1794 1397 libeat
1826 1341 1960 1395 ulte-

390 1425 505 1481 rius
530 1426 817 1484 declinare.
853 1429 985 1484 Nam
1017 1446 1136 1501 qua:
1158 1430 1356 1484 dudum
1397 1432 1593 1486 terreni
1623 1431 1803 1487 fueras
1834 1446 1969 1487 uxor

391 1513 758 1586 imperatoris,
801 1537 945 1576 nunc
998 1537 1093 1591 per
1147 1531 1348 1577 sanctae
1388 1522 1739 1591 professionis
1787 1524 1963 1577 dotem

392 1618 590 1675 sponsa
619 1608 761 1663 facta
788 1624 849 1664 es
874 1610 1271 1680 Redemptoris.
1297 1610 1388 1665 Sic
1423 1612 1584 1681 igitur
1611 1612 1661 1665 ei
1685 1620 1737 1663 te
1761 1610 1813 1664 in
1839 1624 1961 1664 vera

390 1695 571 1751 cordis
599 1698 899 1755 humilitate
925 1702 1231 1767 substerne,
1263 1703 1343 1758 sic
1380 1702 1455 1757 illi
1501 1703 1705 1768 glutino
1746 1702 1964 1758 fervidae

2067 626 2278 695 grucnti
2320 623 2501 677 valeas
2544 636 2672 675 voce
2698 630 2955 674 cantare:
2997 638 3014 669 ί
3047 616 3227 671 Inveni
3269 628 3429 682 quem
3457 613 3626 681 diligit

2067 716 2243 768 anima
2279 730 2418 778 mea,
2451 712 2592 766 tenui
2637 726 2783 773 eum,
2824 723 2923 762 nec
2971 706 3237 761 dimittam
3285 702 3620 774 (Cant.lll);t

2069 814 2121 858 ct
2165 804 2292 857 illud
2327 822 2335 854 :
2375 821 2393 853 ι
2436 802 2668 855 Dilectus
2695 812 2846 853 meus
2873 797 3013 850 inter
3041 795 3204 848 ubera
3237 807 3355 847 mea
3392 805 3616 845 comma

2068 894 2275 947 rabitur
2297 891 2567 963 (lbid.t).t
2585 889 2652 944 Ut
2673 887 2925 957 quoniam
2951 900 3047 940 cor
3076 882 3306 938 hominis
3337 882 3477 934 inter
3502 882 3629 933 ube~

2068 1002 2126 1038 ra
2152 986 2313 1039 situm
2347 983 2540 1045 latitat,
2580 979 2865 1035 continuus
2899 974 3079 1043 sponsi
3111 974 3184 1026 tui
3216 970 3368 1026 amor
3398 987 3428 1023 a
3453 971 3629 1023 cordis

2068 1077 2143 1130 tui
2171 1074 2467 1129 visceribus
2490 1088 2595 1125 non
2621 1068 2867 1131 recedat;
2896 1076 2949 1121 et
2988 1066 3071 1118 cui
3106 1079 3246 1118 nunc
3287 1070 3470 1117 sancta
3518 1061 3630 1113 ani—

2066 1184 2152 1221 ma
2182 1177 2273 1221 tuo
2298 1166 2350 1220 in
2378 1178 2561 1218 amore
2575 1159 2940 1229 conjungitur,
2974 1169 3310 1224 nequaquam
3341 1153 3406 1206 de
3435 1161 3630 1205 cancro

2067 1273 2098 1312 a
2125 1254 2422 1310 dulcedinis
2468 1253 2584 1323 ejus
2632 1248 2998 1318 complexibus
3032 1245 3309 1307 evellatur,
3366 1246 3631 1311 quatenus

2064 1347 2192 1403 illud
2223 1348 2277 1402 in
2312 1355 2367 1402 te
2410 1345 2559 1400 Isaia:
2598 1342 2909 1397 vaticinium
2943 1337 3260 1394 soletnniter
3299 1334 3579 1402 impleatur
3601 1343 3620 1382 :

2073 1456 2092 1490 ι
2121 1437 2383 1493 Gaudebit
2427 1449 2656 1506 sponsus
2687 1447 2846 1501 super
2871 1445 3145 1500 sponsam,
3173 1436 3227 1482 et
3255 1426 3501 1496 gaudebit
3535 1439 3628 1477 su-

2067 1541 2164 1595 per
2194 1535 2245 1579 te
2274 1525 2415 1580 Deus
2438 1535 2558 1579 tuus
2580 1522 2713 1591 (Isti.
2759 1520 2915 1590 tht).
2965 1540 2982 1571 ι

2406 1653 2483 1709 Sit
2514 1668 2697 1707 nomen
2725 1650 2928 1703 Domini
2952 1649 3291 1701 benedictum.

395 1984 761 2058 865m
818 2006 1590 2113 OPUSCULUM
1668 2003 2852 2133 QUINQUAGESIMUM
2916 1999 3616 2108 SEPTIMUM.

400 2216 508 2276 DE
562 2212 944 2279 PRINCIPIS
985 2212 1306 2280 OFFICIO
1348 2213 1429 2276 IN
1473 2212 2011 2274 COERCITIONE
2052 2211 2581 2273 IMPROBORUM
2616 2255 2631 2284 ,
2680 2212 3212 2274 ADDITAvALIA
3263 2213 3608 2273 EJUSDEM

1442 2312 1912 2373 ARGUMENTI
1955 2309 2632 2373 DlSSERTATIONE.-

1793 2509 2183 2525 u—ﬂ

394 2586 789 2646 Ancussnrun.
822 2587 1161 2657 —Ejusdem
1207 2586 1505 2642 Gothifredi
1555 2588 1706 2658 ducis
1734 2586 2013 2658 lenitatem
2066 2587 2119 2640 in
2166 2574 2449 2655 puniendis
2477 2587 2791 2644 criminibus
2842 2588 3220 2658 reprehendit,
3273 2589 3612 2658 ostenditque

465 2667 726 2729 quantum
750 2658 915 2729 nimia
941 2656 1266 2729 benignitate
1307 2657 1608 2725 principum
1645 2657 1697 2709 in
1730 2656 1951 2729 populos
1979 2657 2157 2729 damni
2189 2658 2466 2729 redundet.
2497 2656 3010 2729 Augerinrofecto,
3042 2673 3147 2712 non
3178 2659 3395 2725 reprimi
3433 2656 3625 2728 impro-

459 2725 649 2783 borum
676 2727 988 2790 audaciam;
1022 2725 1216 2795 resque
1235 2726 1491 2779 humanas
1509 2732 1709 2792 susque
1728 2725 1900 2794 deque
1930 2726 2176 2792 misceri,
2207 2726 2310 2780 nisi
2345 2734 2564 2795 peccata
2587 2725 2810 2798 paribus
2835 2729 3012 2798 pmnis
3038 2740 3406 2782 coerceantur.

464 2864 815 2919 Gorntrasno
853 2858 1303 2914 excellentissimo
1333 2857 1499 2922 duci,
1536 2855 1746 2912 Perses
1770 2870 1960 2925 peccao
1992 2863 2035 2920 Β
2064 2871 2203 2909 nunc
2246 2869 2342 2924 per
2388 2854 2666 2924 epistolam
2697 2854 2915 2925 replico.
2965 2854 3162 2910 Fateor
3202 2870 3363 2920 sane,
3403 2856 3624 2910 multum

397 2966 484 3010 tor
510 2953 804 3009 monachus
837 2951 1066 3005 salutem
1101 2950 1155 3004 in
1178 2948 1421 3004 Domino.

465 3044 567 3110 Qui
601 3043 927 3113 pigtnentata
958 3037 1197 3108 quotidie
1224 3036 1392 3102 bibit,
1424 3052 1487 3093 ac
1519 3033 1678 3089 melle
1713 3033 1926 3089 condita
1947 3073 1962 3098 ,

394 3134 679 3206 aliquando
695 3131 850 3202 longa
871 3128 1147 3183 dulcedine
1168 3136 1351 3198 gustus
1371 3124 1487 3194 ejus
1506 3126 1816 3189 oll‘enditur,
1834 3134 1889 3178 et
1909 3125 1962 3179 in

391 3226 706 3281 austeritate
725 3223 846 3277 vilis
875 3217 1358 3290 vapptejucundius
1380 3215 1695 3270 delectatur.
1719 3215 1785 3269 Et
1814 3224 1962 3269 certe

391 3332 489 3388 per
501 3311 1065 3375 Salomonemdicitur,
1083 3309 1238 3379 quia:
1261 3325 1279 3358 ι
1303 3306 1403 3373 Qui
1420 3305 1525 3360 mel
1547 3305 1769 3359 multum
1790 3320 1968 3359 comev

394 3406 493 3471 dit,
530 3420 636 3459 non
662 3411 747 3459 est
771 3402 819 3457 ei
848 3401 1065 3456 bonum.
1101 3418 1120 3451 ι
1170 3397 1795 3468 Ιωεεγίιᾱὶρωὶνιιιιοίιυθ
1823 3396 1965 3466 juris

396 3493 573 3549 edulia
600 3493 835 3548 virentes
859 3492 1039 3545 herba:
1074 3488 1346 3544 fastidium
1388 3488 1716 3556 reprimunt,
1749 3497 1803 3542 et
1829 3504 1964 3541 nau-

396 3584 599 3639 seantis
625 3583 693 3637 ad
733 3583 991 3637 vomitum
1026 3580 1326 3650 peccatoris
1371 3595 1568 3635 arcana
1617 3590 1961 3647 componunt.

404 3672 483 3728 Tu
508 3687 658 3737 sane,
681 3672 764 3732 vir
783 3670 1225 3734 eminentissime,
1248 3670 1638 3738 quodammodo
1658 3669 1820 3723 multa
1839 3683 1969 3737 quo-

408 3763 539 3819 tidie
557 3762 809 3833 percipis,
832 3770 885 3815 et
907 3770 1153 3816 nectarco
1174 3775 1366 3830 sapore
1391 3775 1695 3830 conspersa,
1722 3761 1844 3813 dum
1873 3758 1967 3814 tibi

406 3854 771 3923 unusquisque
811 3853 877 3908 ad
898 3861 1079 3908 votum
1101 3853 1356 3922 loquitur,
1384 3868 1483 3907 nec
1509 3852 1649 3920 aliud
1675 3853 1964 3922 quidquam

403 3956 688 4016 suggerere
708 3943 897 3999 nititur
920 3983 934 4007 ,
964 3943 1067 3998 nisi
1093 3944 1234 4013 quod
1261 3943 1366 3998 tuis
1396 3943 1616 3999 auribus
1640 3944 1961 3998 blandiatur.

397 4035 664 4105 Quidquid
688 4034 779 4088 tibi
830 4034 989 4103 plane
1038 4034 1321 4090 dicendum
1366 4042 1484 4099 est,
1518 4035 1666 4103 prius
1711 4046 1966 4089 accurate

395 4126 752 4194 componitur,
775 4133 829 4179 et
844 4124 997 4194 quasi
1024 4123 1226 4180 fabrilis
1248 4125 1587 4183 instrumenti
1611 4126 1786 4180 studio
1814 4125 1963 4179 cudi-

2066 2944 2195 2998 mihi
2229 2945 2500 3014 displicet,
2530 2947 2657 3015 quia
2683 2946 3053 3001 monarchiam
3082 2946 3240 3009 hanc,
3276 2947 3327 3000 in
3360 2963 3463 3016 qua
3494 2963 3628 3016 pene

2064 3047 2282 3091 centum
2311 3037 2476 3091 millia
2507 3039 2707 3108 degunt
2734 3038 3016 3093 hominum
3042 3079 3056 3104 ,
3084 3048 3338 3107 tanquam
3372 3039 3626 3093 rusticum

2065 3129 2348 3197 quemdam
2369 3127 2599 3182 viculum
2624 3129 2884 3200 negligis;
2916 3144 3145 3198 eamque
3172 3130 3327 3195 duci,
3353 3144 3449 3198 per
3472 3146 3629 3198 quem

2067 3217 2176 3287 regi
2198 3225 2252 3271 et
2279 3216 2645 3271 administrari
2680 3217 2911 3284 debeat,
2943 3233 3048 3273 non
3081 3220 3390 3273 committis.
3419 3220 3493 3272 Ex
3517 3235 3630 3274 om-

2066 3308 2225 3362 nibus
2266 3307 2462 3377 quippe
2485 3347 2501 3373 ,
2546 3307 2741 3375 quibus
2782 3324 2924 3363 nunc
2961 3324 3057 3378 per
3091 3309 3365 3380 regiminis
3401 3308 3628 3363 ofﬁcium

2066 3398 2407 3470 prazetnines,
2452 3397 2697 3455 districto
2738 3398 2906 3469 judici
2956 3400 3299 3455 ratiocinium
3336 3400 3530 3462 debes;
3576 3407 3630 3452 et

2067 3498 2267 3558 quanto
2319 3503 2461 3542 nunc
2510 3489 2793 3559 gloriosius
2826 3498 2910 3544 est
2948 3490 3003 3544 in
3042 3490 3329 3545 obtinenda
3374 3490 3631 3561 dignitate

2066 3578 2359 3650 fastigium,
2387 3588 2531 3637 tanto
2554 3581 2736 3635 durius
2756 3581 2861 3635 erit
2889 3582 2941 3635 in
2970 3581 3235 3636 reddenda
3266 3581 3469 3635 ratione
3490 3580 3629 3648 judi-

2067 3671 2230 3726 cium.
2282 3670 2537 3727 Transfer
2585 3688 2713 3743 ergo
2753 3673 2959 3741 pondus
3002 3672 3056 3726 in
3109 3672 3361 3733 alterum,
3404 3680 3461 3725 ut
3488 3671 3628 3740 quod

2067 3761 2298 3831 propriis
2324 3776 2427 3815 non
2450 3771 2603 3831 potes
2626 3763 2923 3817 cervicibus
2946 3761 3109 3827 ferre,
3133 3777 3227 3832 per
3246 3762 3407 3815 alium
3432 3762 3626 3825 valeas,

2068 3851 2460 3905 communicato
2490 3851 2701 3918 labore,
2735 3860 2966 3921 portare.

2136 3942 2231 3996 Illu
2256 3944 2265 3992 l
2294 3944 2456 3997 etiam
2484 3944 2613 3997 tnibi
2636 3959 2742 3999 non
2768 3944 3114 3999 mediocriter
3135 3944 3397 4013 displicet,
3424 3943 3546 4014 quia
3576 3942 3626 3996 in

2067 4032 2359 4102 plectendis
2385 4032 2601 4103 flagitiis
2658 4045 2711 4088 et
2753 4035 3051 4089 temerariis
3103 4035 3404 4103 iniquorum
3458 4035 3628 4088 homi~

2068 4137 2194 4175 num
2242 4123 2462 4177 ausibus
2513 4124 2849 4189 coercendis,
2908 4124 3182 4180 remissior
3235 4125 3469 4179 cerneris
3511 4138 3630 4177 csse

397 4222 501 4277 tur,
526 4228 588 4267 ac
606 4213 800 4282 politur
824 4231 837 4266 :
862 4213 1109 4267 videlicet
1133 4212 1387 4282 quidquid
1416 4214 1541 4267 illttd
1558 4224 1659 4279 est,
1690 4217 1960 4268 substrata
1990 4204 2033 4266 C
2064 4224 2223 4279 quam
2271 4210 2494 4277 debeas;
2530 4222 2586 4266 et
2613 4214 2736 4265 dum
2783 4213 3151 4281 peccatoribus
3191 4213 3394 4283 parcis,
3436 4230 3631 4282 augere

394 4300 574 4372 potius
600 4298 875 4355 humilitas
898 4307 1172 4369 suggerat,
1195 4314 1354 4368 quam
1378 4299 1545 4353 libera
1578 4301 1847 4370 loquentis
1872 4319 1963 4355 au-

394 4391 615 4446 ctoritas
645 4389 807 4443 dicat.
843 4389 906 4441 Et
926 4404 958 4442 o
982 4388 1192 4454 infelix,
1219 4398 1273 4442 et
1299 4390 1600 4457 deceptioni
1633 4406 1845 4460 semper
1869 4392 1963 4446 ob-

397 4478 615 4533 noxium
656 4480 938 4532 mundanae
977 4477 1249 4547 fastigium
1298 4478 1614 4548 dignitatis!
1666 4482 1792 4548 quia
1840 4497 1960 4535 cum

397 4567 607 4623 caeteris
628 4566 807 4621 dicant
834 4566 1076 4621 homines
1098 4566 1187 4619 illa
1214 4582 1333 4635 quae
1356 4566 1628 4633 sentiunt;
1659 4570 1962 4637 potentibus

394 4656 574 4714 saeculi
628 4656 791 4712 fucati
837 4655 1103 4711 sermonis
1144 4665 1456 4727 argumenta
1506 4672 1860 4728 componunt;
1909 4671 1965 4715 et

391 4762 488 4804 eos
509 4750 597 4818 qui
621 4764 680 4804 se
701 4748 820 4805 aliis
845 4749 1105 4805 exhibent
1129 4765 1323 4819 puros,
1349 4749 1542 4804 divites
1570 4752 1964 4821 compelluntur

392 4854 605 4909 semper
629 4824 836 4897 habere.
852 4850 1148 4910 suspectos.
1191 4840 1327 4894 Dum
1362 4856 1490 4909 ergo
1525 4844 1775 4897 mttndani
1808 4843 1960 4911 quili-

393 4932 485 4986 bet
540 4930 785 4986 homines
841 4932 1172 4991 excellentiae
1200 4934 1311 4987 tuae
1357 4933 1545 5000 pocula
1596 4936 1962 4988 tantummodo

396 5021 597 5076 mellita
636 5021 943 5091 propinant,
1002 5021 1053 5074 id
1082 5022 1225 5075 enim
1275 5023 1610 5078 solummodo
1640 5009 1957 5092 suggerunt,

399 5110 544 5179 quod
599 5110 691 5163 tibi
731 5109 984 5177 placitum
1040 5124 1158 5165 esse
1216 5114 1760 5180 perpendum,-in'et‘
1783 5116 1963 5171 dulces

397 5200 724 5269 quotidianae
747 5214 900 5253 asseu
910 5207 979 5252 tat
992 5200 1126 5253 ionis
1144 5200 1419 5257 illecebras
1436 5218 1539 5256 non
1558 5205 1710 5257 debet
1738 5206 1962 5258 moleste

336 5319 349 5363 ε
396 5289 523 5344 ferri
565 5306 806 5346 ineorum
854 5292 1152 5345 amaritudo
1179 5308 1504 5357 sermonum,
1536 5305 1789 5363 tanquam
1820 5298 1961 5349 inter

308 5374 337 5393 ⁵
392 5392 588 5459 suaves
620 5380 805 5451 epulas
828 5380 1115 5450 aliquando
1146 5383 1319 5450 placet
1348 5384 1633 5452 agrestium
1666 5384 1810 5439 viror
1840 5386 1959 5439 her-

391 5467 607 5524 barum.

900 5558 1126 5614 CAPUT
1163 5556 1447 5621 PRIMUM.

647 5646 798 5711 Quod
822 5647 1044 5715 justitite
1075 5650 1213 5717 rigor
1234 5662 1389 5717 regna
1418 5657 1705 5702 conservet.

465 5733 617 5795 Ουοά
638 5750 764 5805 ergo
789 5737 921 5790 vivis
946 5737 1039 5791 tibi
1067 5754 1204 5806 sa-pe
1220 5742 1554 5795 sermonibus
1584 5742 1777 5810 protuli
1812 5783 1824 5807 ,
1853 5744 1953 5799 hoc

1989 5534 2036 5593 ι)

2064 4314 2282 4368 peccata
2304 4302 2656 4356 convinceris.
2691 4302 2952 4359 Enervato
2973 4305 3167 4373 quippe
3190 4305 3362 4373 rigore
3378 4303 3597 4371 justitiz
3613 4344 3627 4367 ,

2064 4400 2237 4447 status
2281 4393 2540 4446 evertitur
2578 4393 2905 4463 disciplinae;
2943 4405 2996 4448 et
3025 4394 3149 4447 dum
3184 4395 3389 4449 nltoriae
3432 4392 3630 4447 severi-

2066 4486 2191 4540 tatis
2220 4501 2443 4540 censura
2478 4486 2793 4555 reprimitur
2815 4528 2829 4553 ,
2864 4488 3149 4542 temeraria
3179 4487 3515 4556 delinquendi
3568 4486 3626 4537 li-

2065 4574 2242 4628 centia
2268 4574 2557 4630 relaxatur.
2583 4574 2887 4629 lnordinata
2911 4592 3039 4630 sane
3063 4578 3232 4645 pietas
3254 4575 3418 4629 nutrit
3445 4573 3631 4642 impie-

2066 4671 2260 4727 tatem;
2286 4673 2341 4720 et
2371 4665 2553 4717 timida
2579 4680 2768 4719 manus
2790 4666 2999 4729 medici,
3025 4665 3214 4718 vulnus
3238 4675 3396 4734 auget
3423 4662 3629 4733 aegroti.

2062 4752 2215 4807 Facit
2256 4754 2398 4809 enim
2445 4755 2743 4809 exuberare
2790 4756 3163 4825 putredinetn,
3215 4756 3336 4809 dtttn
3386 4768 3493 4807 non
3541 4768 3631 4807 se-

2063 4845 2263 4905 cando,
2303 4846 2396 4897 sed
2419 4845 2678 4913 palpando
2709 4847 2947 4916 quotidie
2983 4846 3292 4916 superducit
3317 4844 3632 4905 vulnusculo

2062 4936 2391 4990 cicatricem.
2438 4936 2856 5005 Pharmacopola
2918 4937 3184 5006 denique,
3239 4935 3328 5005 qui
3385 4934 3632 4988 mollibus

2064 5027 2346 5097 unguentis
2368 5043 2469 5081 non
2492 5029 2779 5096 permiscet
2797 5029 3126 5092 acrcdinetn,
3150 5026 3447 5081 tumoribus
3464 5024 3633 5079 exsic-

2062 5117 2246 5169 Catulis
2277 5116 2471 5167 nullam
2506 5125 2679 5184 potest
2708 5116 2965 5171 adbibere
2991 5117 3265 5171 virtutem.
3300 5114 3413 5168 Non
3444 5113 3629 5167 omnia

2063 5206 2299 5258 membra
2327 5206 2572 5259 Ecclesia:
2595 5222 2697 5259 uno
2720 5207 3011 5276 funguntur
3031 5207 3223 5267 ofﬁcio.
3248 5206 3405 5259 Aliud
3430 5220 3631 5275 nempe

2063 5296 2351 5360 sacerdoti,
2382 5295 2523 5348 aliud
2558 5294 3013 5363 contpetitjudici.
3044 5297 3137 5349 llle
3166 5296 3430 5364 siquidem
3460 5294 3631 5348 visce-

2063 5385 2211 5438 ribus
2240 5386 2395 5438 debet
2430 5386 2642 5454 pictatis
2666 5387 2828 5456 867
2869 5386 3116 5451 allluere,
3172 5397 3227 5441 et
3275 5387 3326 5439 itt
3372 5396 3630 5439 materna).

2064 5474 2442 5527 misericordia:
2506 5476 2711 5542 gremio
2751 5475 2849 5529 sub
2892 5477 3311 5530 exuberantibus
3372 5474 3631 5531 doctrina:

2064 5584 2278 5636 semper
2316 5569 2569 5622 uberibus
2603 5570 2738 5622 filios
2781 5569 3087 5624 confovere.
3118 5572 3276 5625 Istius
3312 5582 3488 5624 autem
3514 5569 3630 5626 olli-

2062 5655 2201 5708 ciutn
2232 5667 2307 5709 est
2335 5666 2439 5720 ,λιι
2468 5673 2585 5709 reos
2614 5657 2829 5725 puniat,
2860 5668 2912 5712 et
2940 5674 3002 5713 ex
3028 5675 3214 5712 eorum
3248 5660 3495 5714 manibus
3518 5661 3627 5713 eri-

2060 5746 2171 5820 piat
2223 5746 2560 5811 innocentes;
2601 5760 2659 5801 ut
2694 5750 2926 5819 vigorem
2966 5751 3302 5806 rectitudinis
3328 5760 3376 5804 el
3402 5750 3625 5817 justiti-.c
