4054 6184
309 403 404 458 Sit

944 399 1184 455 Cl‘iISC.
1233 402 1383 454 l.\'ll.
1425 433 1490 440 -ο
1528 401 1610 455 lii-3
1655 399 1936 456 l‘lllNCll‘.
1980 397 2197 456 OFI’IC.
2243 401 2304 454 IN
2343 399 2584 456 CUI-JH}.
2629 399 2899 456 lMl‘ltOB.

3431 399 3534 451 81?.

310 525 509 574 teneat,
541 522 594 566 et
624 529 650 565 a
681 516 794 564 zelo
819 515 1153 566 sanctionum
1188 513 1432 580 legalium
1457 528 1560 566 nou
1587 523 1826 583 tepescat
1852 530 1866 578 ;
1899 517 1944 576 Α
1974 519 2086 565 tum
2131 513 2322 565 divina:
2354 512 2732 580 itulignatitmis
2762 512 3058 566 incurrunt.
3095 513 3184 565 Vir
3219 528 3448 580 namque
3472 514 3536 564 de

310 621 368 660 ut
395 608 460 658 ab
481 605 752 674 aequitatis
774 603 912 670 linea
943 619 1046 656 non
1069 605 1328 668 declinet;
1355 615 1410 656 ut
1435 605 1653 674 legitimi
1679 605 1874 673 vigoris

309 695 524 764 genium
557 709 662 746 non
685 700 922 744 enervet.
955 691 1258 744 Metninerit
1287 694 1448 745 etiam
1499 707 1710 760 semper
1736 693 1876 761 quod

311 801 407 853 per
426 783 742 853 Apostolum
766 782 960 835 dicitur
986 798 1000 834 :
1030 801 1046 830 ι
1069 780 1163 834 Vis
1187 797 1290 834 non
1318 783 1505 834 timere
1527 782 1877 851 potestatem?

311 875 396 928 fac
445 874 644 928 bonum
673 914 687 938 ,
748 879 802 924 et
841 871 1062 926 habebis
1104 871 1314 924 laudem
1353 887 1418 924 cx
1447 872 1552 924 illa.
1601 871 1688 924 Dei
1736 872 1878 925 enim

311 965 561 1019 minister
580 974 662 1018 est
692 964 784 1017 tibi
817 979 867 1016 tn
901 963 1122 1017 bonum.
1149 963 1202 1018 Si
1230 978 1408 1018 auten
1435 967 1633 1019 malum
1661 965 1876 1029 feceris,

311 1057 479 1120 time,
517 1069 622 1109 non
672 1055 814 1108 enim
861 1054 978 1109 sine
1023 1070 1182 1108 causa
1227 1056 1460 1126 gladium
1494 1065 1670 1126 portat
1700 1057 1876 1116 illam.

310 1144 564 1215 xm).t[n
614 1144 808 1214 quibus
847 1143 1031 1213 utique
1083 1146 1264 1200 verbis
1302 1146 1514 1217 [datur,
1556 1147 1634 1201 rei
1681 1148 1881 1215 aliquid

307 1238 504 1308 simile}
553 1237 774 1304 intelligi
805 1277 818 1300 ,
851 1237 994 1290 aliud
1025 1252 1144 1292 esse
1169 1238 1402 1307 gladium
1429 1239 1716 1308 principis,
1741 1239 1880 1294 aliud

312 1331 536 1384 infulata
571 1329 890 1384 sacerdotis.
944 1328 1060 1384 Non
1093 1330 1236 1383 enim
1285 1332 1351 1382 ad
1390 1332 1492 1385 boc
1540 1331 1884 1400 prazcingeris

308 1419 486 1484 gladio
509 1459 523 1482 ,
553 1429 611 1471 ut
637 1418 995 1474 violentorutn
1025 1420 1165 1474 mala
1197 1420 1394 1474 debeas
1419 1422 1656 1489 palpare,
1681 1422 1762 1474 vel
1791 1439 1884 1476 uu-

309 1525 468 1576 gere:
512 1509 602 1562 sed
646 1517 704 1562 ut
756 1525 818 1563 ea
868 1510 1090 1564 studeas
1126 1511 1326 1564 vibrati
1367 1512 1640 1565 mucronis
1689 1512 1885 1568 ictibus

316 1599 665 1654 obtruncare.
719 1599 853 1655 llinc
905 1609 988 1654 est
1034 1602 1178 1670 quod
1231 1603 1512 1670 sequitur:
1550 1621 1568 1653 ι
1599 1603 1692 1658 Dei
1738 1603 1883 1658 enim

309 1689 557 1744 minister
608 1698 692 1746 est
741 1692 934 1747 vindex
986 1693 1039 1746 in
1087 1693 1222 1746 iram
1288 1693 1336 1747 ei
1368 1733 1382 1759 ,
1438 1695 1528 1762 qui
1583 1695 1720 1748 male
1771 1697 1882 1765 agit

309 1779 471 1850 (Ibid.
477 1788 551 1850 ).»

925 1894 1150 1951 CAPUT
1187 1894 1252 1948 11.
1349 1933 1374 1958 ,ν

343 1995 678 2064 Quod'judea:
701 2041 716 2067 ,
755 2003 846 2074 qui
885 2003 1254 2086 malengentes
1290 2020 1392 2058 non
1430 2003 1615 2074 punit,
1648 2003 1845 2058 diaboli

907 2084 1146 2128 minister
1171 2084 1268 2128 εει.

377 2155 433 2212 Si
483 2173 612 2230 ergo
653 2161 746 2215 Dei
787 2161 1032 2216 minister
1057 2172 1178 2226 est,
1214 2165 1302 2230 qui
1342 2163 1482 2216 mala
1521 2163 1782 2217 facientes
1820 2164 1872 2216 in

306 2243 440 2298 iram
467 2247 732 2312 vindicat;
760 2249 956 2302 diaboli
980 2250 1166 2318 procul
1192 2250 1359 2305 dubio
1385 2253 1631 2306 minister
1649 2261 1752 2314 est,
1781 2252 1872 2320 qui

303 2333 626 2388 criminosos
651 2350 714 2389 ac
739 2339 996 2404 repro—bos
1019 2339 1256 2392 suaviter
1277 2339 1480 2408 palpat.
1508 2340 1572 2392 Et
1601 2341 1738 2394 sicut
1764 2342 1874 2395 Deo

303 2423 502 2491 praebet
531 2425 846 2493 obsequium
877 2428 968 2496 qui
1001 2443 1285 2497 perversos
1311 2429 1622 2494 ulciscitur;
1659 2431 1738 2484 sic
1765 2430 1870 2483 mi-

304 2512 474 2566 nister
495 2521 578 2566 est
605 2513 918 2584 adversarii,
943 2517 1033 2584 qui
1061 2518 1491 2586 perpetrantibus
1515 2519 1696 2586 iniqua
1716 2518 1872 2572 blan-

304 2603 470 2656 ditur.
503 2602 736 2658 Necesse
765 2614 872 2670 est,
907 2615 966 2660 ut
1001 2609 1286 2662 contrahat
1317 2623 1504 2662 mucro
1531 2609 1868 2677 rubiginem,

305 2694 394 2763 qui
440 2687 652 2765 semper
697 2697 750 2750 in
786 2697 936 2752 theca
968 2698 1276 2754 reconditus
1300 2739 1314 2765 ,
1349 2688 1623 2770 numnam
1657 2709 1872 2754 exercet

305 2787 580 2842 ultionem.
623 2788 827 2844 Scabcr
851 2792 1000 2844 ensis
1027 2791 1287 2856 edicitur,
1321 2794 1410 2861 qui
1439 2793 1565 2846 dum
1591 2793 1872 2848 cohibetur

306 2891 520 2945 semper
557 2894 584 2931 a
615 2879 836 2934 vulnere
861 2921 876 2943 ,
923 2897 1030 2935 non
1079 2882 1322 2936 limatur.
1369 2883 1488 2950 Quo
1529 2893 1745 2946 contra,
1777 2899 1874 2952 per

307 2967 640 3022 Ezechielem
669 2971 864 3024 dicitur
887 2986 902 3023 :
929 2990 946 3022 ι
977 2971 1200 3026 Gladius
1228 2983 1490 3028 exacutus
1513 2983 1598 3029 est
1634 2984 1688 3028 et
1717 2975 1872 3028 lima-

309 3068 394 3112 tus
418 3075 434 3124 ;
465 3067 522 3112 ut
551 3061 718 3114 ctedat
746 3061 1015 3136 victimas,
1039 3074 1298 3119 exacutus
1323 3075 1434 3130 est;
1466 3076 1524 3120 ut
1547 3067 1824 3135 splendeat
1852 3107 1866 3131 ,

307 3149 523 3205 limatus
575 3163 658 3206 est
701 3152 913 3222 (Ezcclt.
948 3169 1037 3209 χχι
1065 3155 1105 3226 ).
1141 3175 1158 3207 ι
1213 3156 1385 3210 Distat
1431 3157 1588 3227 plane
1633 3157 1866 3211 tribunal

307 3239 504 3308 iudicis
542 3260 570 3298 a
603 3245 860 3300 cathedra
903 3250 1222 3302 sacerdotis.
1263 3249 1359 3305 Ille
1389 3252 1642 3305 nimirum
1676 3252 1742 3305 ad
1775 3252 1876 3305 hoc

309 3329 542 3399 gladium
574 3343 773 3403 portat,
809 3345 864 3390 ut
889 3352 1012 3390 eum
1047 3339 1096 3392 in
1121 3340 1324 3394 ultione
1357 3340 1552 3408 injuste
1581 3342 1877 3398 viventium

310 3431 495 3476 exerat
519 3439 532 3476 :
552 3425 652 3478 iste
671 3425 862 3480 baculo
887 3437 1092 3482 tantum
1117 3437 1404 3485 contentus
1427 3441 1507 3486 est
1533 3432 1872 3494 innocentiae,

307 3509 368 3562 ἰιι
391 3511 605 3579 quietus
661 3523 714 3568 et
739 3515 978 3584 placidus
1001 3526 1178 3571 teneat
1237 3519 1536 3572 custodiam
1568 3521 1877 3588 disciplinm.

313 3599 628 3670 Quanquam
676 3614 730 3658 et
757 3607 1008 3660 sacerdos
1047 3595 1097 3660 si.
1128 3608 1480 3662 immoderata
1525 3603 1666 3662 circa
1707 3608 1882 3676 subje-

313 3698 430 3745 ctos
455 3692 652 3760 pietate
675 3696 990 3762 resolvitur,
1017 3705 1070 3750 et
1104 3699 1214 3766 ipse
1244 3700 1508 3752 sententia
1543 3699 1708 3754 divini
1740 3699 1884 3754 furo-

313 3779 388 3833 ris
421 3795 526 3834 non
553 3783 822 3838 immerito
866 3787 1270 3841 condemnatur.
1307 3788 1440 3842 Nam
1492 3791 1742 3843 sacerdos
1768 3800 1884 3844 erat

313 3867 430 3924 IIeli
453 3909 472 3936 ,
519 3873 583 3926 de
613 3889 720 3942 quo
749 3876 948 3930 dictum
991 3885 1074 3931 est
1115 3880 1180 3932 ad
1215 3877 1518 3934 Samuelem
1547 3899 1558 3932 :
1590 3899 1608 3931 ι
1641 3881 1716 3933 Eo
1743 3882 1882 3949 quod

269 4041 272 4044 ῃ
315 3973 538 4018 noverat
565 3965 783 4034 indigne
807 3983 966 4036 agere
991 3968 1128 4023 filios
1147 3985 1272 4025 suos
1292 4011 1304 4032 ,
1345 3979 1400 4024 et
1430 3987 1532 4025 non
1565 3974 1886 4041 corripuerit

315 4064 432 4137 eos,
461 4052 663 4110 idcirco
703 4057 880 4126 juravi
913 4059 1092 4114 domui
1137 4059 1252 4114 Heli
1301 4063 1442 4130 quod
1487 4077 1594 4116 non
1640 4065 1886 4132 expietur

267 4139 280 4234 ξ
319 4141 583 4213 iniquitas
605 4147 804 4200 domus
825 4147 946 4215 ejus
965 4148 1198 4202 victimis
1215 4159 1269 4205 et
1293 4153 1632 4215 muneribus,
1658 4168 1829 4222 usque
1851 4154 1902 4205 in

248 4235 278 4316 If
312 4241 578 4289 aeternum
601 4236 650 4303 (Ι
668 4236 949 4307 Βρῃ.ιιι).›
978 4239 1128 4292 Errat
1157 4241 1498 4311 ergojudex,
1529 4243 1571 4295 si
1602 4259 1798 4298 causas
1819 4258 1902 4296 at-

313 4332 420 4387 que
441 4324 650 4391 negotia
679 4326 1011 4397 jurgantium
1033 4331 1288 4387 dirimere
1310 4333 1565 4404 negligat;
1593 4351 1883 4391 maximam

313 4409 417 4464 diei
449 4423 656 4481 partem
691 4418 978 4474 missarum
1021 4423 1328 4490 solemuiis,
1362 4435 1412 4480 et
1443 4429 1779 4481 orationibus
1805 4430 1884 4482 in-

314 4499 552 4598 sistendo
596 4519 896 4563 consumat.
938 4513 1188 4590 Sedecce
1227 4515 1333 4568 illic
1369 4517 1596 4578 dicitur,
1631 4519 1752 4585 quia
1786 4535 1884 4572 nec
1911 4545 1960 4603 Ι)

313 4585 484 4656 ipsius
523 4595 740 4660 quidem
785 4585 1082 4653 sacerdotis
1134 4603 1390 4669 iniquitas
1435 4606 1636 4673 expiari
1687 4608 1883 4673 poterit

313 4677 546 4738 victimis
582 4693 638 4738 et
675 4689 983 4742 muneribus
1023 4705 1188 4757 usque
1217 4691 1270 4743 in
1325 4701 1618 4757 aeternum,
1649 4709 1714 4747 eo
1741 4696 1882 4764 quod

316 4765 434 4825 Ileli
461 4771 591 4826 vitia
621 4781 727 4828 neu
763 4778 1064 4830 coercuerit
1097 4779 1346 4834 lii-lorum.

933 4883 1160 4941 CAPUT
1209 4888 1292 4940 111.

457 4995 612 5060 Quod
641 4995 844 5066 iniquos
873 4997 1127 5065 castigare
1157 5009 1229 5050 est
1273 4999 1376 5052 Deo
1403 5000 1739 5068 sacri/icium.

385 5106 453 5160 Et
497 5110 768 5178 perpende
803 5109 964 5178 quale
992 5117 1114 5174 cst,
1164 5112 1306 5179 quod
1349 5113 1581 5168 victima:
1621 5115 1777 5169 simul
1822 5131 1885 5170 ac

317 5211 567 5262 munera,
593 5215 712 5267 quae
735 5212 954 5269 peccata
978 5202 1344 5272 principaliter
1367 5203 1612 5268 abluunt,
1648 5207 1881 5259 habitam

311 5304 442 5360 erga
479 5294 746 5362 subjectos
791 5295 1172 5365 negligentiam
1206 5298 1424 5366 expiare
1469 5311 1573 5353 neu
1621 5309 1874 5368 possunt.

315 5379 467 5436 Multi
520 5399 710 5458 nempe
757 5384 902 5439 falsa:
945 5387 1156 5454 pietatis
1194 5389 1363 5458 368
1406 5403 1590 5442 errore
1627 5391 1880 5459 decepti,

315 5472 463 5526 unde
485 5489 544 5526 se
573 5475 682 5528 Deo
719 5476 929 5545 placere
960 5479 1271 5546 insipienter
1299 5489 1612 5544 autumant,
1639 5481 1760 5533 inde
1786 5482 1883 5534 ad-

311 5576 512 5618 versus
551 5579 672 5618 cum
713 5568 1000 5622 crudeliter
1029 5579 1298 5638 pugnant;
1343 5583 1395 5624 et
1421 5587 1487 5624 ex
1516 5585 1580 5624 eo
1615 5581 1890 5626 merentur

315 5649 456 5706 ifam
479 5691 492 5713 ,
540 5653 680 5707 unde
717 5669 774 5708 se
805 5659 1092 5722 adepturus
1121 5659 1328 5726 Opinati
1372 5669 1496 5714 sunt
1539 5662 1805 5730 gratiam;
1836 5670 1890 5715 et

319 5739 448 5796 dum
477 5742 594 5796 aliis
620 5744 826 5800 veniam
857 5744 1000 5800 falsae
1031 5747 1246 5815 pictatis
1273 5749 1614 5817 impertiunt,
1653 5751 1748 5818 ipsi
1778 5767 1864 5804 tuo

1977 599 2099 652 liliis
2123 600 2503 668 prophetarum
2528 601 2662 652 dixit
2687 601 2752 654 ad
2782 602 3011 662 socium,
3037 610 3094 653 ut
3112 617 3168 654 se
3196 611 3533 670 percuteret:

1975 705 2134 759 quem
2179 691 2432 758 quoniam
2477 689 2564 742 ille
2611 689 2772 744 ferire
2823 693 3174 759 contempsit.
3217 693 3462 760 protinus
3508 710 3534 744 a

1977 779 2129 832 leone
2158 793 2444 848 percussus
2483 780 2688 832 interiit
2717 777 2834 849 (III
2862 779 2990 849 Reg.
3019 785 3141 846 xx).
3243 781 3458 833 Placere
3483 797 3540 833 se

1979 868 2088 921 lico
2119 869 2184 921 de
2213 869 2412 935 pietate
2439 883 2532 922 sua
2565 869 2860 922 arbitratus
2888 880 2972 922 est
2991 870 3196 934 Achab,
3229 887 3348 924 cunt
3373 871 3540 923 Bena-

1978 957 2082 1011 dab
2115 972 2292 1027 regem
2318 957 2488 1028 Syria:
2517 974 2634 1030 non.
2663 960 2821 1012 modo
2845 960 3054 1012 vocavit
3085 959 3302 1012 fratrem
3323 999 3336 1023 ,
3357 953 3460 1012 “sed
3487 970 3542 1012 et

1980 1049 2033 1103 in
2059 1065 2220 1104 curru
2251 1051 2468 1119 preprio
2511 1050 2609 1104 sibi
2651 1049 2902 1119 dignatus
2935 1059 3018 1103 est
3057 1065 3404 1104 assessorem.
3437 1048 3540 1102 Sed

1981 1139 2102 1191 audi
2135 1139 2262 1207 quid
2294 1139 2584 1192 indiscreta
2607 1141 2777 1206 pietas
2807 1151 3080 1193 mereatur
3101 1141 3288 1192 audire
3317 1158 3327 1191 :
3361 1157 3376 1188 ι
3409 1139 3540 1204 Quia

1982 1229 2254 1294 dimisisti,
2296 1231 2466 1298 inquit
2495 1231 2748 1284 Dominus
2771 1272 2784 1294 ,
2809 1232 2978 1284 virum
3029 1233 3245 1300 dignum
3275 1241 3450 1285 morte.
3481 1235 3544 1282 de

1983 1334 2144 1372 manu
2175 1327 2284 1384 tua,
2315 1323 2416 1374 erit
2443 1322 2618 1374 anima
2651 1331 2737 1375 tua
2761 1338 2856 1390 pro
2881 1323 3058 1376 anima
3081 1323 3217 1392 ejus,
3242 1334 3294 1376 et
3321 1322 3546 1392 populus

1986 1419 2106 1463 tuus
2145 1426 2242 1478 pro
2287 1411 2478 1480 populo
2524 1413 2640 1481 ejus
2673 1411 2882 1482 (Ibid).
2917 1433 2934 1464 ι
2995 1412 3120 1466 Saul
3167 1415 3316 1484 Agag
3363 1428 3542 1483 regem

1981 1499 2235 1555 Amalech
2284 1517 2386 1555 non
2425 1503 2638 1566 occidit,
2692 1504 2783 1556 sed
2826 1513 3036 1570 captum
3079 1513 3292 1572 peracta
3323 1505 3544 1556 victoria

1983 1589 2356 1651 conservavit,
2387 1599 2442 1643 et
2464 1605 2560 1659 pro
2595 1591 2694 1644 hac
2722 1591 3088 1644 misericordia
3122 1593 3280 1660 digne
3303 1605 3547 1645 remune-
3609 1621 3622 1630 κ

1987 1687 2138 1733 ratus
2176 1681 2420 1732 audivit:
2465 1700 2480 1730 ι
2513 1681 2614 1734 Pro
2663 1697 2726 1734 eo
2769 1682 2909 1750 quod
2957 1680 3198 1748 abjecisti
3246 1697 3544 1735 sermonem
3631 1718 3634 1721 -
3703 1721 3720 1737 .

1909 1809 1912 1814 .
1987 1769 2218 1833 Domini,
2241 1771 2432 1840 abjecit
2461 1781 2511 1825 te
2535 1771 2810 1835 Dominus,
2842 1788 2907 1824 ne
2929 1772 3004 1825 sis
3027 1787 3119 1826 rex
3149 1771 3204 1841 (I-
3225 1771 3349 1841 Reg.
3369 1787 3434 1824 xv
3471 1772 3542 1838 ).›
3581 1829 3588 1835 ,

1913 1855 1964 1910 li
1985 1862 2114 1916 Pius
2146 1863 2357 1916 exstitit
2385 1863 2606 1931 pepulus
2647 1877 2770 1931 erga
2819 1863 3066 1916 mulieres
3109 1861 3539 1924 llladianitarum,

1981 1955 2074 2007 sed
2103 1954 2177 2006 ait
2200 1953 2301 2006 illis
2325 1953 2536 2023 Moyses
2562 1970 2574 2006 :
2609 1973 2626 2004 ι
2649 1953 2758 2006 Cur
2779 1951 3006 2006 feminas
3029 1935 3382 2006 resereastis?
3411 1953 3550 2020 Ergo

1977 2051 2202 2096 cunctos
2229 2041 2514 2095 interficite
2539 2081 2552 2107 ,
2583 2043 2838 2112 quidquid
2867 2043 3080 2110 generis
3107 2051 3192 2096 cst
3225 2043 3504 2096 masculini
3532 2083 3544 2102 ,

1977 2135 2142 2186 etiam
2171 2134 2460 2202 parvulos;
2493 2144 2548 2187 et
2577 2134 2854 2198 mulieres,
2889 2149 3006 2202 qute
3031 2143 3294 2188 noverunt
3321 2134 3464 2186 viros
3497 2133 3546 2186 in

1977 2227 2142 2286 coitu,
2164 2225 2412 2292 jngulate
2435 2224 2620 2292 (Num.
2652 2228 2822 2294 xxxi).
2854 2245 2872 2276 ›
2907 2227 3047 2280 ldetu
3073 2241 3286 2295 quoque
3315 2227 3542 2295 Moyses.

1975 2326 2258 2386 postquam
2289 2317 2579 2370 fabricatus
2605 2327 2748 2371 eSset
2779 2318 2974 2370 vitulus
3005 2320 3055 2370 in
3089 2319 3230 2372 Oreb
3251 2361 3263 2376 .
3300 2320 3376 2370 ait
3423 2320 3544 2370 filiis

1975 2405 2146 2458 Levi:
2179 2424 2194 2454 ι
2217 2406 2438 2466 Decidat
2469 2407 2831 2473 unusquisque
2855 2405 3097 2468 fratrem,
3129 2417 3182 2459 et
3203 2407 3457 2466 amicmn,
3491 2417 3556 2457 et

1973 2496 2276 2566 proximum
2291 2511 2444 2548 suum
2467 2493 2660 2566 (Exod.
2689 2497 2878 2564 xxxtt).
2917 2515 2934 2546 ι
2963 2496 3026 2548 Et
3049 2504 3328 2564 postquam
3355 2496 3540 2564 viginti

1977 2587 2078 2640 tria
2113 2586 2279 2638 millia
2309 2586 2584 2638 hominum
2617 2601 2754 2640 cmsa
2788 2595 2938 2644 sunt.
2967 2587 3042 2638 ait
3071 2604 3084 2638 :
3119 2605 3136 2635 ‹
3168 2586 3538 2640 Consecrastis

1975 2680 2134 2734 hodie
2151 2679 2341 2733 manns'
2359 2689 2562 2732 vestras
2585 2679 2832 2742 Domino,
2862 2663 3226 2746 unusquisque
3249 2680 3300 2731 in
3331 2679 3438 2730 lilio
3495 2689 3548 2731 et

1975 2771 2143 2824 fratre
2169 2787 2292 2834 suo,
2323 2780 2382 2822 ut
2411 2770 2568 2822 detur
2595 2770 2743 2824 vobis
2765 2770 3066 2823 benedictio
3093 2771 3302 2838 (llud).
3335 2789 3352 2820 ι
3384 2771 3544 2822 Atua-

1973 2860 2159 2916 lecitcs
2187 2861 2276 2914 ille
2295 2901 2308 2924 ,
2335 2861 2424 2930 qui
2453 2861 2708 2930 gloriatur
2739 2875 2796 2915 se
2825 2861 3114 2930 peremisse
3139 2861 3301 2922 Saul,
3328 2862 3452 2916 dum
3489 2877 3554 2916 se

1975 2967 2078 3005 non
2109 2952 2356 3020 galeam,
2383 2953 2474 3004 sed
2511 2952 2753 3006 diadema
2790 2953 2856 3005 de
2885 2955 3060 3022 capite
3089 2953 3338 3006 bellantis
3370 2955 3552 3006 abstu-

1973 3041 2098 3096 lisse
2145 3043 2434 3110 conl‘ingit,
2489 3042 2662 3110 gladio
2713 3042 2878 3096 David
2931 3059 3253 3111 percussus.
3303 3045 3556 3097 occubuit

1977 3131 2060 3198 (II
2097 3130 2218 3200 Reg.
2245 3132 2306 3194 ι).
2358 3131 2732 3186 Interfectores
2758 3133 2920 3185 etiam
2948 3133 3210 3195 lsbosetb‘;
3237 3135 3360 3184 dum
3393 3143 3548 3200 caput

1983 3220 2124 3272 illius
2150 3221 2300 3287 quasi
2327 3219 2442 3272 loco
2471 3220 2709 3272 muneris
2725 3219 2956 3272 offerunt
2979 3221 3163 3282 David,
3191 3219 3423 3289 gladium
3449 3236 3561 3270 non

1983 3311 2216 3365 evadunt
2251 3309 2332 3380 (II
2369 3309 2495 3378 Reg.
2529 3310 2634 3379 Iv);
2665 3317 2720 3362 et
2758 3323 2916 3376 quem
2945 3318 3297 3375 speraverant
3346 3313 3562 3362 inuncti-

1985 3402 2186 3468 gratias
2219 3401 2584 3453 redhibentem
2607 3439 2620 3462 ,
2647 3400 2918 3452 commissi
2952 3401 3130 3467 potius
3159 3401 3430 3453 homicidii
3459 3419 3555 3454 ex—

1985 3493 2264 3561 periuntur
2293 3491 2540 3544 ultorem.
2570 3491 2762 3545 Petrus
2798 3493 2962 3546 etiam
3018 3493 3240 3546 Ananiae
3268 3506 3321 3549 et
3364 3497 3554 3565 Sapbi-

1985 3595 2059 3634 rte
2090 3582 2428 3636 mendacium
2459 3597 2563 3634 non
2593 3581 2819 3635 inultum
2847 3584 2992 3638 abire
3021 3586 3266 3653 permisit
3298 3587 3432 3646 (Art.
3465 3589 3548 3650 v):

1985 3673 2078 3726 sed
2105 3689 2199 3728 eos
2244 3674 2355 3727 oris
2393 3661 2573 3742 gladio
2603 3673 2822 3734 feriens.
2859 3675 3082 3730 aliorum
3133 3693 3196 3731 ne
3229 3679 3400 3732 simile
3430 3681 3558 3748 quid

1985 3761 2123 3816 forte
2147 3771 2549 3831 pra-smnerent,
2573 3763 2734 3818 corda
2758 3767 3066 3832 perterruit.
3103 3767 3298 3818 Paulus
3323 3784 3554 3835 quoque,

1987 3852 2110 3905 dum
2167 3851 2474 3904 excessibus
2515 3865 2768 3905 coercere
2813 3853 3102 3921 discipulos
3157 3855 3363 3916 nititur,
3409 3857 3552 3923 vitga

1989 3941 2422 4009 delinquentibus
2473 3941 2832 3994 comminatur
2879 3942 2926 4011 (Ι
2983 3943 3104 3996 Cor.
3159 3947 3254 4013 tv).
3310 3945 3556 3998 Salvator

1989 4032 2148 4085 etiam
2185 4039 2386 4095 noster,
2426 4030 2516 4098 qui
2571 4039 2824 4099 tanquam
2875 4033 3020 4086 mitis
3071 4048 3238 4101 agnus
3288 4036 3554 4101 apparuit,

1991 4137 2114 4175 mox
2163 4129 2221 4174 ut
2263 4119 2424 4174 Petro
2463 4121 2583 4176 coeli
2645 4133 2906 4192 tenveque
2943 4123 3062 4192 jura
3112 4125 3399 4186 commisit,
3433 4141 3554 4192 pro-

1989 4213 2130 4266 tinus
2187 4229 2306 4268 cum
2351 4215 2480 4268 dura
2531 4215 2905 4284 redargutione
2965 4217 3261 4285 corripuit:
3299 4213 3329 4267 ἰ
3387 4217 3552 4277 Vade.
3631 4215 3636 4218 ’

1989 4303 2180 4371 inquit,
2233 4311 2350 4370 post
2409 4318 2512 4364 me,
2559 4303 2782 4368 Sataua,
2811 4306 3118 4360 scandalum
3150 4323 3207 4361 es
3239 4308 3396 4368 mibi;
3431 4311 3558 4376 quia

1988 4406 2092 4444 non
2141 4394 2286 4462 sapis
2345 4408 2463 4462 qua:
2515 4395 2606 4447 Dei
2644 4403 2794 4448 sunt:
2849 4397 2942 4450 sed
2985 4411 3069 4460 ea,
3118 4413 3236 4465 quae
3285 4399 3554 4452 hominum

1991 4481 2204 4550 (Matth.
2239 4499 2326 4536 va
2351 4499 2364 4546 ;
2395 4483 2562 4536 Marc.
2586 4485 2724 4554 vtu).
2751 4505 2765 4536 ι
2800 4485 2936 4551 Quid
2951 4496 3033 4540 est
3061 4503 3188 4556 ergo
3217 4488 3354 4554 quod
3388 4491 3558 4542 sancti

1988 4573 2090 4626 viri
2137 4575 2291 4626 toties
2345 4575 2396 4626 iu
2429 4575 2795 4642 delinquentes
2841 4578 3180 4644 reperiuntur
3219 4579 3433 4640 invecti,
3479 4580 3558 4632 vel

1991 4664 2328 4730 correptione
2365 4665 2672 4728 verborum,
2709 4665 2792 4718 vel
2821 4667 3112 4718 uisionibus
3148 4681 3392 4734 operum,
3433 4671 3556 4726 nisi.

1993 4758 2048 4800 ut
2080 4749 2362 4803 manifeste
2392 4751 2673 4815 clarescat,
2695 4755 2818 4820 quia
2845 4756 2894 4805 in
2921 4756 3018 4807 bac
3042 4755 3366 4810 mortalitate
3413 4767 3558 4812 recte

1994 4855 2098 4892 non
2127 4842 2340 4902 vivitur,
2364 4842 2406 4894 si
2431 4841 2640 4894 blandis
2690 4859 2752 4897 ac
2773 4844 3020 4899 mollibus
3045 4847 3304 4916 asperitas
3333 4863 3436 4902 non
3463 4851 3560 4900 mi-

1995 4933 2216 4986 scetur?
2241 4933 2373 4987 Nam
2403 4935 2490 4989 ubi
2528 4937 2744 5004 penitus
2765 4939 3042 5009 disciplina
3075 4941 3431 5011 postponitur,
3467 4943 3554 4994 ubi

1994 5023 2236 5079 districta
2259 5025 2478 5094 legitimi
2507 5029 2706 5098 vigoris
2727 5045 2950 5086 censura
2981 5033 3311 5101 reprimitur,
3341 5049 3558 5086 necesse.

1992 5125 2074 5170 est
2105 5127 2162 5169 ut
2199 5133 2362 5186 prona
2408 5135 2618 5189 semper
2649 5124 2712 5176 ad
2739 5123 2935 5176 malum
2977 5123 3284 5191 fragilitatis
3313 5126 3557 5178 humana:

1991 5211 2224 5265 cunditio
2247 5212 2312 5262 ad
2341 5211 2524 5265 illicita
2555 5212 2842 5266 relaxetur.
2872 5211 2936 5265 Et
2971 5213 3022 5264 in
3049 5229 3170 5266 eum
3196 5215 3375 5281 procul
3400 5215 3558 5269 dubio

1993 5308 2102 5352 tota
2127 5297 2486 5366 subiectorum
2515 5301 2669 5368 culpa
2703 5301 2980 5363 redundat,
3009 5302 3097 5368 qui
3123 5316 3233 5363 eos,
3267 5317 3334 5354 ne
3367 5306 3557 5370 prteri-

1989 5381 2224 5462 pitanter
2248 5395 2590 5454 excederent,
2615 5393 2714 5446 sub
2735 5391 3024 5460 disciplinae
3051 5393 3164 5445 loro
3201 5393 3447 5444 cohibere
3469 5394 3560 5445 de—

1987 5483 2194 5535 bucrat.
2233 5481 2538 5534 lnordinata
2573 5497 2764 5548 nempe
2799 5481 2968 5548 pictas
2993 5481 3270 5548 principis,
3317 5481 3440 5548 quid
3477 5495 3564 5536 est

1989 5569 2152 5630 aliud,
2181 5587 2338 5638 quam
2373 5570 2614 5624 confusio
2641 5571 2847 5640 plebis?
2885 5571 3014 5622 Nam
3047 5573 3168 5622 dum
3202 5572 3286 5624 ille
3311 5587 3338 5622 a
3375 5575 3558 5624 tum!"-

1986 5664 2154 5712 rauda
2181 5663 2452 5728 regiminis
2487 5663 2692 5714 babeua
2719 5661 3043 5734 reprimitur,
3087 5661 3304 5730 subjecti
3341 5662 3556 5728 quique,

1989 5752 2126 5804 velut
2146 5753 2372 5806 cll'rcucs
2399 5753 2534 5820 equi.
2556 5767 2648 5820 per
2672 5753 2890 5818 abrupta
2912 5755 3386 5816 rrptantur.Agere
3413 5755 3556 5808 uimi-
