4054 6184
462 431 572 491 8‘33

924 429 983 485 S.
1024 426 1223 483 PETRI
1267 422 1543 479 ΒΑΜΙΛΝΙ
1584 421 1731 476 OPP.
1766 421 1998 477 TOMUS
2036 421 2165 476 SEU
2207 422 2383 477 PARS
2421 422 2970 477 lll.-—-0PL'SCL'L.~\
3022 421 3244 473 \‘Mln.

3614 422 3716 477 εει

466 565 584 604 mm
611 549 736 604 licet
758 562 915 601 omne
952 543 1435 616 θθθῳωίῃίδθίν
1458 550 1512 595 εί
1536 557 1674 596 """c
1699 541 1897 610 "(mmo
1925 554 2038 591 “3'”
2070 545 2115 600 Α
2144 559 2438 623 sarculum,
2474 559 2771 627 ingreditur
2811 556 3112 617 hortulum,
3161 569 3386 622 qumque
3436 555 3593 609 noxia
3630 558 3709 604 tie.

469 641 614 694 nitur
635 639 774 707 quod
802 650 940 705 saape
971 636 1171 690 dictum
1204 635 1257 687 in
1286 633 1423 687 libro
1451 632 1696 687 Judicum
1738 630 2000 699 reperitur
2024 644 2037 680 :

473 747 491 779 ι
521 730 574 781 In
599 728 786 781 diebus
816 725 918 780 illis
942 740 1045 779 non
1077 733 1195 778 erat
1219 738 1310 777 rex
1347 723 1400 776 in
1426 722 1605 780 Israel.
1636 722 1726 775 sed
1752 720 2041 789 unusquis-

468 831 573 882 que
594 815 733 883 quod
756 815 857 868 sibi
879 822 1084 869 rectum
1102 813 1384 867 videbatur
1404 813 1596 882 agebat
1613 810 1812 881 (Judir.
1840 808 1991 876 xv").
2020 826 2038 858 ι

474 908 536 960 Ει
570 907 696 960 illud
725 905 868 974 quod
900 914 1140 973 tempore
1189 902 1379 957 Achab
1426 900 1729 970 impiissimi
1783 899 1922 967 regis
1963 897 2047 951 di-

472 1007 618 1053 ctum
657 1004 741 1052 est
775 1012 869 1065 per
915 995 1238 1049 Michteam:
1299 1012 1317 1045 ι
1344 993 1459 1047 Non
1517 992 1717 1048 habent
1764 991 2045 1047 Dominum

473 1089 594 1151 isti;
636 1097 942 1141 revertatur
984 1085 1147 1155 igitur
1177 1085 1545 1153 unusquisque
1570 1084 1623 1137 in
1650 1084 1864 1137 domum
1886 1094 2048 1135 suam

476 1178 531 1234 in
562 1192 693 1247 pace
737 1175 855 1245 (111
888 1175 1015 1245 Reg.
1050 1175 1239 1243 XXI|)J
1291 1173 1365 1227 De
1413 1183 1655 1243 tempore
1680 1186 1891 1241 quoque
1923 1168 2048 1223 Saul

479 1268 721 1321 dicitur:
779 1283 796 1315 ι
826 1264 961 1330 Quia
1020 1273 1215 1317 retusa:
1260 1270 1416 1315 erant
1464 1262 1607 1316 acies
1652 1274 1953 1322 vomerum,
1999 1265 2054 1310 et

482 1356 741 1420 ligonum,
769 1365 823 1410 et
853 1355 1162 1410 tridentium
1193 1362 1247 1408 et
1289 1353 1554 1407 securium
1579 1366 1748 1421 usque
1769 1350 1836 1406 ad
1871 1350 2057 1404 stimu-

484 1448 593 1501 lum
645 1446 1023 1515 corrigendum
1078 1444 1129 1515 (Ι
1164 1444 1303 1515 Reg:
1372 1444 1544 1514 xtu).i
1602 1443 1815 1497 Retusae
1861 1441 2058 1511 quippe

484 1546 613 1593 sunt
642 1539 786 1593 acies
816 1536 1125 1591 utensilium
1146 1574 1161 1599 ,
1210 1551 1330 1589 cum
1362 1534 1510 1588 zelus
1538 1548 1601 1586 ac
1638 1532 1816 1587 fervor
1855 1533 2059 1585 exstin-

486 1631 668 1700 guitur
692 1629 1096 1699 magistrorum,
1141 1642 1240 1682 nec
1286 1627 1537 1681 stimulus
1577 1635 1693 1691 est,
1719 1626 1808 1696 qui
1837 1631 2058 1694 pungat,

491 1737 614 1775 cum
671 1722 823 1774 deest
881 1720 970 1789 qui
1022 1720 1447 1789 delinquentium
1513 1728 1731 1788 peccata
1784 1718 2061 1788 corripiat.

494 1812 647 1868 llunc
688 1818 1012 1882 pungentcm
1039 1826 1098 1865 se
1120 1810 1317 1865 Paulus
1357 1810 1632 1865 stimulum
1664 1810 1864 1863 sentire
1888 1821 2066 1876 cmpe-

2145 651 2381 714 molitur,
2413 649 2626 704 steriles
2667 650 2864 702 herbas
2902 648 3191 714 exstirpat,
3216 647 3564 699 circumcirca
3597 662 3716 697 sar-

2145 741 2310 797 riens.
2342 740 2508 815 870
2534 740 2762 792 virentia
2807 738 3000 795 excolit
3032 747 3087 789 et
3117 736 3420 789 communit
3454 735 3713 787 oluscula.

2145 829 2265 887 Illas
2295 830 2458 899 igitur
2478 830 2713 884 eradicat
2736 868 2750 892 ,
2785 836 2841 880 ut
2877 826 3149 880 radicibus
3196 824 3393 877 evulsis
3436 833 3717 885 arescant;

2148 919 2281 974 istas
2308 935 2435 973 vero
2471 919 2612 974 fovet
2651 928 2705 972 et
2743 918 2985 980 excolit,
3038 925 3096 970 ut
3140 932 3236 987 per
3263 916 3428 969 adulti
3466 915 3723 985 germinis

2149 1010 2478 1064 incrementa
2522 1009 2821 1078 proficiant.
2854 1008 2948 1062 llis
2973 1007 3156 1077 itaque
3196 1007 3421 1077 mystica
3450 1004 3725 1075 significa-

2150 1101 2296 1154 tione
2336 1101 2590 1169 peractis,
2626 1100 2677 1153 in
2706 1099 2895 1153 eadem
2925 1097 3121 1157 silentii
3144 1112 3372 1151 censura
3405 1095 3726 1164 persistens,

2152 1189 2327 1243 innuit
2356 1194 2545 1244 nuntio
2590 1198 2647 1243 ut
2680 1190 2743 1245 ad
2792 1204 2947 1243 suum
3002 1190 3275 1243 dominum
3312 1186 3527 1249 redeat,
3573 1186 3729 1252 eique

2152 1293 2271 1346 quae
2301 1277 2509 1333 viderat
2538 1294 2636 1347 per
2667 1279 2910 1333 ordinem
2962 1279 3283 1333 innotescat.
3336 1275 3437 1342 Qui
3474 1274 3728 1328 nimirum

2154 1384 2259 1424 non
2301 1372 2418 1423 sine
2445 1370 2677 1439 quadam
2728 1369 2892 1423 animi
2945 1368 3335 1423 stomachantis
3366 1365 3733 1436 indignatione

2157 1472 2428 1523 reversus,
2460 1474 2797 1513 murmurare
2847 1458 3009 1528 cmpit
3031 1499 3046 1523 ,
3077 1468 3135 1515 et
3160 1456 3439 1525 conqueri,
3471 1455 3592 1523 quia
3626 1468 3734 1506 non

2158 1548 2356 1604 missus
2378 1558 2522 1604 esset
2562 1551 2627 1627 ad
2659 1550 2773 1605 sani
2815 1550 3010 1619 capitis
3038 1548 3337 1613 hominem,
3368 1546 3462 1601 sed
3483 1545 3550 1599 ad
3580 1559 3737 1599 vesa-

2160 1656 2287 1695 num
2324 1641 2522 1710 potius,
2569 1656 2633 1696 ac
2666 1642 3016 1697 dementem:
3074 1639 3388 1710 Sperabam,
3436 1636 3632 1707 inquit,
3674 1643 3737 1689 ut

2162 1731 2572 1791 decurrentibus
2618 1745 2703 1785 me
2750 1730 2929 1786 verbis
2976 1730 3301 1793 instrueret,
3349 1736 3404 1783 et
3452 1726 3606 1796 juxta
3657 1725 3742 1780 in-

2166 1822 2471 1893 quisitionis
2517 1821 2922 1884 meaa'seriem,
2984 1835 3080 1889 per
3135 1827 3335 1889 aperta:
3378 1813 3747 1886 responsionis

496 1911 604 1968 rat,
631 1919 751 1958 cum
796 1916 896 1956 vox
948 1902 1020 1955 illi
1059 1901 1237 1956 divina
1292 1901 1542 1955 dicebat:
1592 1918 1610 1951 ι
1633 1899 1832 1953 Durum
1859 1908 1944 1955 est
1969 1897 2065 1954 tibi
2093 1890 2142 1950 Β
2171 1890 2463 1980 έιιοφιίιηη
2491 1925 2557 1965 εχ
2586 1909 2835 1964 omnibus
2884 1906 3218 1962 ίηιοηηηηι,
3263 1904 3356 1959 me
3393 1913 3569 1958 autem
3597 1901 3746 1959 velut

501 2002 689 2048 contra
718 1990 993 2045 stimulum
1024 1978 1306 2046 ealcitrare
1332 1991 1470 2061 (Act.
1503 1990 1634 2060 ιι).›

1108 2102 1333 2159 CAPUT
1380 2102 1470 2157 ιν.

575 2197 729 2265 Quod
789 2213 964 2268 regum
1011 2196 1301 2251 consiliarii
1356 2212 1459 2250 non
1522 2195 1690 2268 totum
1739 2194 1857 2263 pii,
1918 2193 2007 2247 sed

855 2265 1012 2321 etiam
1054 2268 1331 2335 prudentes
1374 2282 1483 2319 esse
1520 2265 1722 2318 debent.

577 2361 868 2416 Enimvero
918 2359 1059 2429 quod
1121 2359 1363 2413 dicturus
1413 2373 1530 2413 sum
1575 2372 1681 2411 non
1734 2355 1864 2410 mihi
1912 2354 2080 2426 stylus

506 2447 748 2505 historiae
775 2448 1014 2512 tradidit,
1045 2448 1139 2503 sed
1168 2462 1349 2503 comes
1378 2446 1617 2502 Ubaldus
1644 2486 1658 2512 ,
1704 2446 1787 2500 vir
1835 2444 2082 2500 videlicet

511 2540 743 2595 disertus
774 2556 836 2593 ac
861 2541 1115 2609 prudens,
1170 2541 1312 2595 nudo
1364 2542 1625 2595 duntaxat
1672 2554 1922 2594 sermone
1954 2554 2081 2592 nar-

510 2632 669 2687 ravit.
704 2631 1057 2693 Theodosius,
1099 2629 1273 2699 inquit
1299 2670 1312 2693 ,
1361 2629 1655 2699 imperator
1680 2644 1800 2683 cum
1835 2628 2085 2698 religioso

510 2724 744 2793 quodam
806 2722 1028 2777 eremita
1079 2728 1434 2775 consueverat
1492 2720 1690 2774 habere
1738 2719 2081 2788 colloquium,

513 2813 668 2882 cujus
692 2812 940 2866 videlicet
968 2810 1375 2879 obtemperabat
1423 2810 1717 2878 imperator
1745 2810 2005 2878 imperiis,
2036 2819 2090 2863 et

438 2901 442 2905 ’
515 2901 861 2956 conscientia:
910 2899 1011 2954 sibi
1053 2898 1266 2954 latentis
1316 2914 1511 2953 arcana
1560 2898 1848 2969 pandebat.
1891 2897 2091 2953 Servus

516 2992 699 3060 itaque
726 2990 844 3055 Dei,
870 3000 927 3044 ut
952 2998 1068 3044 erat
1092 2989 1342 3059 simplex,
1372 3004 1539 3059 purus
1568 3005 1631 3044 ac
1663 2989 1943 3044 mundana:
1968 3005 2091 3059 pro-

518 3083 804 3153 pemodum
856 3081 1139 3151 pravitatis
1190 3082 1445 3152 ignarus,
1495 3082 1793 3149 Augustum
1851 3082 2093 3135 districte

515 3161 826 3245 permonuit
863 3180 921 3227 ut
948 3188 1071 3243 erga
1100 3171 1467 3242 delinquentes
1500 3172 1620 3241 pius
1645 3172 1936 3235 existeret,
1979 3181 2036 3224 ut
2063 3188 2091 3225 a

525 3279 737 3319 reorum
766 3263 1059 3319 ultionibus
1086 3264 1415 3328 abstineret,
1454 3272 1508 3317 et
1538 3263 1626 3333 qui
1656 3263 1755 3317 sibi
1787 3249 2099 3332 deposceret
2126 3258 2170 3319 C

526 3371 558 3410 a
591 3370 825 3425 superno
853 3356 1035 3424 judice
1059 3355 1292 3419 veniam,
1335 3354 1447 3425 ipse
1473 3369 1577 3408 non
1609 3354 1849 3425 exigeret
1878 3369 1907 3408 a
1930 3354 2097 3408 fratre

524 3448 836 3512 vindictam,
865 3449 1118 3503 nimirum
1148 3463 1270 3503 cum
1307 3448 1419 3517 ipse
1439 3446 1604 3516 iudex
1637 3448 1779 3501 dicat
1806 3463 1820 3500 :
1868 3464 1885 3497 ι
1908 3445 1964 3501 ln
1993 3462 2098 3517 qua

527 3552 778 3593 mensura
842 3537 1307 3607 mensid'fucritis,
1355 3537 1541 3591 eadem
1590 3536 1904 3591 remetietur
1950 3536 2101 3591 vobis

532 3627 749 3697 (Matth.
799 3628 947 3699 vn)»
1002 3628 1296 3697 Imperator
1343 3627 1524 3696 itaque
1572 3626 1727 3680 fidem
1779 3626 1949 3680 sancti
1998 3624 2097 3678 viri

533 3720 751 3774 monitis
810 3720 1105 3781 adhibens,
1159 3719 1321 3788 cmpit
1372 3717 1652 3787 ﬂagitiosis
1700 3726 1755 3771 et
1801 3716 2102 3786 quibusque

535 3809 852 3863 nocentibus
888 3810 1101 3878 impune
1144 3807 1429 3862 commissa
1470 3808 1781 3871 remittere,
1826 3806 2105 3875 sacrilegis

534 3914 600 3955 ac
626 3900 741 3971 lege
766 3900 1059 3970 plectendis
1084 3900 1365 3954 venialiter
1388 3899 1681 3969 indulgere,
1710 3899 1917 3953 cunctis
1941 3900 2101 3952 etiam

535 3987 711 4043 aliena
745 3988 867 4057 jura
902 3999 1102 4045 temere
1152 3988 1568 4058 pervadentibus
1614 3990 1788 4043 debita
1841 3987 2103 4042 relaxare.

534 4077 618 4133 Ad
670 4079 786 4134 haec
853 4080 1002 4148 regni
1078 4094 1333 4148 proceres
1395 4088 1845 4148 conqueruntnr,
1909 4076 2107 4144 regalis

537 4170 777 4240 mysterii
806 4168 1139 4241 [ministerii]
1174 4178 1494 4225 tractatores
1533 4170 1743 4223 ruinam
1788 4168 1970 4222 mundi
2017 4183 2111 4238 pe-

540 4258 826 4312 riclitantis
882 4258 1242 4327 expostulant,
1293 4266 1348 4313 et
1392 4274 1489 4327 per
1527 4258 1608 4312 fas
1638 4274 1701 4312 ac
1734 4257 1885 4311 nefas
1916 4266 2110 4311 cuncta

540 4344 815 4412 confundi,
844 4347 945 4400 nisi
982 4361 1079 4415 per
1105 4347 1411 4415 aequitatem
1431 4347 1652 4414 justitia:
1680 4348 1840 4401 rebus
1861 4346 2112 4402 humanis

543 4434 774 4489 celerius
800 4445 1153 4501 occurratur,
1196 4435 1481 4490 affirmant.
1530 4438 1917 4491 Lamentantur
1961 4438 2112 4491 deni-

544 4536 652 4592 que
689 4538 787 4592 per
810 4525 1196 4593 superstitiosa:
1223 4525 1380 4595 hujus
1408 4541 1472 4579 ac
1496 4525 1698 4580 frivolze
1725 4528 1940 4595 pietatis
1966 4527 2115 4597 igna-

2173 1999 2419 2054 alienatze
2448 1999 2644 2053 mentis
2684 2012 2746 2054 ac
2777 1996 3011 2059 furiosus
3032 2036 3045 2062 ,
3077 1995 3237 2050 modo
3267 1993 3522 2049 incultam
3555 1991 3749 2061 capitis

2174 2089 2450 2144 caesariem
2507 2097 2758 2157 pectere;
2808 2088 2965 2143 modo
3020 2094 3271 2155 correpto
3330 2098 3424 2156 per
3471 2082 3749 2138 hortulum

2176 2194 2333 2234 suum
2377 2178 2545 2248 erepit
2590 2177 2766 2250 ligone
2818 2177 3059 2242 sarrire;
3117 2187 3371 2244 tanquam
3426 2187 3525 2244 ego
3559 2171 3748 2225 iendes

2177 2269 2295 2340 ejus
2372 2283 2455 2323 ac~
2485 2267 2814 2339 pedunculos
2865 2265 3335 2339 magnipenderem
3363 2305 3376 2327 ,
3429 2262 3512 2317 vcl
3557 2261 3752 2316 ruralis

2180 2358 2458 2417 industria:
2484 2357 2849 2429 magisterium
2892 2354 3209 2424 ﬂagitarem.
3240 2353 3392 2411 Tune
3438 2351 3751 2422 imperator,

2182 2450 2321 2520 quod
2369 2448 2646 2505 dicebatur
2720 2447 3003 2516 diligenter
3079 2435 3420 2507 auscultans,
3478 2452 3535 2498 et
3578 2441 3755 2497 altiori

2183 2542 2406 2599 consilio
2434 2543 2576 2611 quod
2597 2540 2797 2601 factum
2828 2539 3022 2606 fuerat,
3069 2547 3247 2599 mente
3274 2543 3634 2607 pertractans,
3678 2533 3755 2587 ait

2185 2636 2289 2690 hoc
2329 2649 2434 2689 non
2466 2628 2587 2689 esse
2624 2632 2927 2698 ridiculum,
2974 2632 3069 2691 sed
3118 2630 3467 2703 mysterium;
3513 2636 3673 2697 atque
3702 2624 3758 2687 id

2188 2725 2291 2781 sibi
2351 2726 2491 2794 quod
2547 2723 2837 2794 qumsierat
2886 2721 3224 2781 evidentibus
3282 2719 3497 2774 indiciis
3546 2714 3761 2772 indubi-

2191 2823 2367 2869 tanter
2395 2828 2707 2883 expressum
2735 2831 2747 2867 :
2790 2813 3011 2877 Servus,
3046 2812 3238 2882 inquit,
3267 2810 3359 2866 Dei
3384 2808 3539 2865 nobis
3568 2805 3759 2862 melius

2192 2905 2399 2973 agendo
2466 2919 2628 2974 quam
2674 2904 2940 2974 loquendo
2974 2903 3282 2973 respondit,
3310 2910 3366 2957 et
3392 2900 3624 2972 genuino
3650 2911 3761 2953 sua:

2192 2996 2525 3067 operationis
2549 2995 2792 3063 oraculo,
2832 2995 3031 3055 nodum
3063 2993 3220 3057 unius
3263 3000 3461 3059 nostra:
3505 2988 3756 3068 quaestioe

2195 3088 2279 3141 nis
2302 3086 2551 3141 absolvit.

2817 3174 3042 3231 CAPUT
3094 3172 3158 3228 V.

2509 3265 2772 3335 Principis
2811 3265 3031 3335 ofﬁcium
3067 3263 3330 3335 quodnam
3368 3262 3457 3318 sit.

2272 3357 2410 3424 Quid
2430 3356 2573 3411 enim
2603 3355 2843 3424 apertius
2869 3370 2955 3420 eo,
3006 3355 3149 3424 quod
3189 3354 3445 3409 verticem
3474 3350 3679 3422 pexuit,
3711 3360 3773 3411 et

2201 3463 2322 3501 mox
2356 3447 2406 3501 in
2438 3447 2613 3516 ignem
2654 3445 2865 3500 detersa
2906 3444 3169 3514 projecit?
3210 3459 3273 3499 ac
3302 3444 3347 3499 si
3389 3442 3630 3497 diceret:
3669 3441 3773 3495 Per

2204 3536 2532 3592 multimoda:
2565 3536 2845 3591 divisionis
2897 3536 3187 3606 pectinem,
3241 3536 3343 3590 hoc
3387 3541 3473 3588 est
3518 3546 3614 3602 per
3643 3530 3773 3601 legi-

2205 3628 2346 3681 tima:
2373 3625 2725 3681 discussionis
2748 3640 2810 3679 ac
2840 3624 3177 3680 discretionis
3214 3638 3437 3679 examen
3460 3662 3474 3687 ,
3525 3630 3583 3676 et
3617 3619 3773 3674 noxia

2204 3733 2427 3787 quaeque
2460 3716 2787 3786 dispereant,
2818 3726 2873 3772 et
2900 3733 3020 3787 quae
3052 3718 3191 3773 bona
3219 3724 3344 3771 sunt
3374 3715 3599 3785 abiectis
3619 3711 3775 3767 malis

2205 3807 2485 3878 purificata
2540 3816 2874 3862 remaneant.
2922 3807 3181 3871 Eamdem
3240 3820 3401 3877 porro
3451 3802 3774 3860 sententiam

2206 3914 2303 3969 per
2322 3899 2520 3955 hortuli
2549 3913 2763 3968 quoque
2802 3897 2972 3953 voluit
3012 3898 3210 3953 iterare
3237 3896 3524 3959 culturam,
3554 3903 3614 3947 ut
3640 3893 3781 3947 sicut

2208 3991 2296 4047 ille
2351 3992 2540 4045 noxias
2589 4006 2711 4046 cum
2762 3989 2875 4045 suis
2934 3990 3227 4058 cespitibus
3302 3987 3500 4042 herbas
3548 3982 3779 4047 evulsit,

2208 4082 2409 4136 bonum
2447 4089 2624 4135 autem
2671 4080 2788 4136 olus
2812 4120 2827 4147 ,
2860 4089 2921 4135 ut
2964 4081 3184 4134 uberius
3223 4078 3579 4150 germinaret,
3620 4087 3784 4128 cxco-

2209 4169 2309 4223 luit
2337 4186 2352 4235 ;
2406 4170 2478 4223 ita
2516 4184 2613 4224 nos
2634 4209 2648 4232 ,
2689 4169 2843 4239 quasi
2875 4182 2972 4239 per
2993 4168 3286 4223 discretum
3318 4166 3525 4220 libratze
3557 4162 3785 4233 iustitiae.

2211 4260 2505 4326 sarculum,
2545 4269 2600 4314 et
2632 4259 2971 4315 elaboremus
3000 4259 3259 4328 reprobos
3292 4256 3551 4311 radicitus
3582 4252 3787 4308 exstir-

2213 4366 2365 4421 pare,
2393 4358 2447 4404 et
2484 4352 2652 4405 bonos
2683 4360 2741 4403 ut
2768 4351 2879 4405 Deo
2901 4348 3229 4404 fructificent
3257 4347 3309 4400 in
3340 4342 3627 4411 tranquilla
3654 4355 3791 4410 pace

2215 4456 2553 4511 componere.
2612 4441 2723 4495 lloc
2771 4440 2843 4494 illi
2892 4440 2981 4509 qui
3032 4439 3259 4492 aderant
3308 4435 3607 4495 audientes,
3644 4429 3792 4500 quod

2218 4535 2362 4588 velut
2412 4534 2630 4587 anilium
2685 4547 2946 4603 nugarum
2978 4532 3370 4610 deputaveraut
3415 4532 3542 4578 ante
3587 4520 3793 4575 ridicu-

547 4612 692 4667 viam
718 4614 919 4682 passim
950 4613 1169 4683 rapinas
1192 4630 1255 4670 ac
1283 4615 1567 4670 violentias
1600 4616 1744 4681 fieri,
1774 4617 1947 4688 legum
1980 4618 2114 4671 scita
2142 4599 2194 4661 ί)
2224 4626 2355 4692 tum,
2403 4625 2646 4679 venerari
2695 4599 2973 4692 cm‘perunt
3000 4662 3014 4685 ,
3036 4599 3112 4675 (et
3166 4632 3350 4673 revera
3387 4613 3683 4684 spiritualis
3726 4625 3797 4665 ac

555 4705 772 4760 dissolvi
812 4717 869 4760 et
897 4705 962 4758 ad
993 4706 1237 4762 audenda
1286 4707 1572 4776 plectibilia
1607 4722 1829 4776 quaeque
1853 4709 1933 4761 vel
1963 4709 2118 4762 noxia

547 4811 925 4866 perversorum
957 4796 1225 4866 nequitias
1246 4796 1519 4850 hominum
1544 4812 1642 4865 per
1668 4802 1934 4850 eoneeSsae
1964 4797 2121 4850 liber-

551 4887 683 4940 tatis
735 4886 1014 4940 audaciam
1076 4888 1352 4942 concitari.
1396 4887 1504 4942 Hac
1552 4889 1845 4957 imperator
1899 4888 2119 4956 querula

550 4976 888 5045 suggestione
931 4986 1231 5044 permotus,
1261 4978 1327 5031 ad
1357 4977 1629 5032 hominem
1662 4978 1754 5032 Dei
1784 4979 2119 5032 veredarium

550 5066 805 5131 destinat,
834 5067 1118 5125 consilium
1148 5068 1372 5139 ﬂagitat,
1399 5071 1525 5137 quid
1564 5071 1663 5124 sibi
1710 5085 1740 5129 a
1780 5085 2121 5124 murmuran-

556 5160 698 5215 tibus
743 5161 997 5231 obiicitur
1039 5161 1291 5230 exponit,
1329 5163 1456 5231 quid
1500 5163 1838 5232 potissimum
1881 5163 1950 5215 sit
2009 5162 2121 5231 ipse

496 5296 511 5307 κ
553 5249 793 5305 facturus
829 5251 1070 5321 inquirit.
1098 5251 1222 5306 Haec
1246 5251 1330 5305 vir
1361 5252 1453 5307 Dei
1492 5253 1672 5309 solerti
1729 5253 2123 5307 examinatione

560 5339 855 5396 discutiens
883 5341 1301 5411 mutandamque
1339 5342 1420 5395 sui
1453 5342 1659 5403 consilii
1687 5342 2008 5395 sententiam
2041 5356 2125 5394 re—

558 5444 913 5501 cognoscens,
941 5448 1037 5487 ore
1060 5431 1276 5501 quidem
1305 5432 1468 5497 siluit,
1499 5434 1728 5501 quadam
1758 5447 1885 5491 vero
1914 5431 2124 5502 mystici

556 5523 737 5590 aperis
767 5523 1158 5591 signiﬁcatione
1200 5523 1492 5592 respondit.
1533 5522 1840 5591 Aspiciente
1864 5524 2126 5591 siquidem

558 5614 906 5682 pragmaticaa
932 5614 1211 5682 legationis
1236 5611 1414 5680 bajulo
1438 5653 1452 5675 ,
1479 5623 1639 5682 caput
1668 5612 1903 5682 undique
1926 5613 2127 5679 pewit,

561 5708 618 5754 et
641 5701 897 5769 quidquid
923 5704 972 5755 in
1001 5703 1264 5773 gremium
1292 5703 1601 5757 demolitum
1649 5714 1730 5757 est
1768 5704 1848 5758 vel
1879 5703 2127 5769 chusum,

564 5800 617 5854 in
662 5796 840 5865 ignem
889 5798 1002 5851 sine
1050 5814 1200 5853 mora
1247 5799 1510 5868 projecit;
1562 5815 1790 5867 moxque
1836 5798 2131 5868 corripimus

2226 4715 2502 4785 profundrc
2549 4714 2827 4783 sapientiae
2842 4722 3258 4768 sacramentum.
3292 4708 3442 4761 Tunc
3478 4707 3796 4773 imperator,

2226 4805 2325 4859 hoc
2362 4813 2610 4873 tanquam
2652 4804 2962 4872 prophetico
2989 4800 3343 4857 confirmatus
3385 4795 3626 4859 oraculo,
3681 4793 3799 4845 vio-

2225 4893 2419 4946 lentias
2466 4892 2662 4959 injuste
2709 4891 2999 4943 viventium
3048 4890 3207 4957 empit
3253 4886 3459 4949 ulcisci,
3509 4891 3689 4937 reatus
3732 4894 3803 4935 ac

2224 4985 2426 5039 scelera
2443 4983 2683 5037 districta
2700 4981 3085 5050 iurisdictionis
3107 4976 3573 5033 animadversione
3600 4987 3805 5043 percu-

2226 5083 2360 5138 tere,
2378 5071 2641 5126 anefariis
2669 5071 2891 5125 ausibus
2916 5070 3185 5138 improbos
3215 5068 3482 5127 cohibere,
3500 5072 3553 5117 et
3582 5075 3678 5133 pa
3698 5075 3800 5115 au-

2226 5166 2530 5220 ctoritatem
2584 5161 2876 5232 imperialis
2916 5161 3164 5230 potentia:
3218 5172 3589 5226 perversorum
3638 5153 3807 5206 corda

2229 5255 2529 5310 terriﬁcans
2553 5295 2566 5319 ,
2602 5255 2652 5307 in
2691 5267 2824 5323 pace
2862 5260 3052 5305 cuncta
3105 5263 3447 5317 componere,
3472 5244 3563 5299 Sic
3617 5244 3809 5312 itaque

2230 5346 2500 5408 mundus,
2547 5344 2638 5412 qui
2699 5343 2878 5412 perire
2925 5347 3164 5409 coeperat
3218 5351 3313 5407 per
3366 5332 3672 5404 ignaviam,
3730 5329 3806 5383 ad

2233 5436 2504 5505 aequitatis
2551 5443 2710 5502 atque
2747 5430 2971 5499 iustitia:
3016 5427 3254 5482 reﬂoruit
3300 5422 3657 5492 disciplinam.
3688 5415 3815 5474 Hoc

2233 5536 2409 5580 autem
2460 5539 2579 5592 ego,
2629 5537 2733 5576 non
2766 5529 2825 5574 ut
2854 5528 3165 5574 constanter
3193 5530 3378 5569 verum
3426 5512 3591 5566 fuisse
3626 5507 3818 5580 perhi-

2232 5617 2410 5677 beam,
2438 5614 2635 5677 retuli;
2680 5611 2773 5665 sed
2804 5608 2945 5678 quod
2984 5607 3111 5660 mihi
3156 5603 3400 5663 cursorio
3440 5608 3694 5654 Sermone
3722 5608 3818 5647 re-

2234 5708 2401 5760 latum
2429 5714 2534 5767 est,
2578 5704 2629 5755 in
2661 5712 2920 5770 quantum
2952 5712 3054 5752 non
3102 5694 3383 5763 intercepit
3418 5688 3638 5749 oblivio,
3669 5699 3821 5755 prte-

2232 5796 2411 5851 libavi.
2473 5795 2847 5847 Verumtamen
2892 5802 3164 5855 nunquam
3221 5784 3320 5847 hoc
3374 5795 3543 5849 usque
3591 5777 3656 5832 ad
3709 5790 3818 5830 nos
