4054 6184
423 371 534 431 8‘35

427 579 805 636 :edilicationis
858 581 1166 650 exemplum
1234 580 1493 650 prodesse
1552 579 1783 650 posteris
1845 577 2018 633 credi-

431 674 625 736 disset.
1895 683 1898 686 ‘

501 763 666 844 87]1
695 759 799 817 Vix
826 761 986 833 plane
1009 761 1382 832 quinquennio
1411 771 1536 816 ante
1567 777 1700 816 mea:
1724 758 2026 816 nativitatis

432 864 712 919 exortum,
742 853 996 913 humanis
1024 856 1186 913 rebus
1218 863 1501 920 exemptus
1529 858 1614 906 est
1653 851 1846 906 tertius
1875 849 2021 914 Otto,

431 949 522 1018 qui
563 946 859 1015 imperialis
890 947 1062 1016 apicis
1101 945 1366 1016 dignitate
1405 943 1784 1015 pollucibiliter
1820 941 2024 1008 ﬂoruit,

431 1045 487 1094 et
517 1035 815 1096 Romanam
849 1036 1234 1104 rempublicam
1284 1043 1506 1090 strenue
1544 1033 1892 1104 gubernavit.
1927 1031 2028 1086 Hie

435 1128 617 1197 itaque
653 1120 775 1182 cuni
803 1127 1099 1188 vieennalis
1149 1125 1528 1186 adolescentiae
1570 1126 1657 1179 vix
1706 1126 1885 1179 adhuc
1929 1139 2027 1178 ex-

435 1220 688 1278 cessisset
713 1229 947 1282 atatem,
985 1219 1131 1277 inter
1170 1219 1402 1286 insignia
1446 1217 1614 1276 multa
1674 1225 1729 1272 et
1768 1215 2028 1287 praeclara

438 1324 561 1382 quae
589 1309 757 1378 gessit
798 1308 970 1362 tribus
999 1307 1147 1378 regni
1177 1303 1494 1376 proceribus
1541 1315 1704 1375 atque
1739 1307 2030 1360 comitibus

439 1399 628 1457 oculos
663 1398 831 1464 eruit,
863 1397 1146 1467 Rodulpho
1175 1397 1444 1461 videlicet,
1475 1397 1782 1452 Raimundo
1816 1405 1872 1450 et
1910 1397 2033 1451 Ari-

437 1491 660 1552 mundo.
695 1490 752 1545 In
791 1505 898 1560 quo
948 1490 1204 1544 nimirum
1233 1491 1526 1559 conspicuo
1564 1489 1763 1544 decore
1780 1487 2027 1556 justitia,

439 1584 520 1639 sic
547 1583 787 1639 omnium
819 1583 992 1638 aliena
1029 1583 1400 1654 diripientium
1448 1583 1657 1639 viscera
1705 1579 2032 1647 tremefecit,

442 1675 522 1731 sic
555 1683 724 1730 totum
759 1691 978 1746 regnum
1022 1676 1076 1731 in
1122 1675 1434 1731 securitatis
1457 1683 1510 1730 et
1535 1675 1686 1744 pacis
1731 1673 2032 1744 tranquilli-

445 1774 557 1821 tate
595 1768 916 1835 composuit,
948 1774 1008 1820 ut
1053 1780 1245 1820 omnes
1278 1765 1391 1823 fere
1441 1766 1578 1825 intra
1618 1765 1919 1834 compendii
1949 1765 2032 1820 sui

1067 372 1308 430 opusc,
1347 372 1502 430 LV",
1542 401 1612 416 ...-
1647 371 1738 428 DE
1769 359 2062 416 PlllNCIP.
2101 360 2324 424 OP'FIC.
2371 371 2437 427 ΙΝ
2476 374 2719 431 COERC.
2753 377 3012 437 -MPROB

427 487 746 556 antiquitas,
775 488 916 543 fama
949 486 1222 553 vulgante,
1271 487 1682 550 transmitteret,
1714 486 1758 540 si
1805 501 1911 540 non
1948 485 2013 538 ad
2040 488 2095 548 Α

3569 381 3674 441 820

2632 490 2861 550 CAPUT
2896 493 3182 549 PRihlUtl.

2256 579 2408 645 Quod
2425 581 2650 651 justitire
2679 585 2822 652 rigor
2849 585 2995 639 bouis
3024 602 3087 638 ne
3123 586 3275 642 utalia
3302 588 3442 642 utilis
3475 599 3567 644 rst-

2194 670 2340 726 Tene
2387 672 2572 741 igitur,
2623 674 2708 730 vir
2756 675 3203 740 eminentissime,
3263 686 3520 733 stateram
3565 680 3714 751 tequi'

2123 759 2441 828 libraminis,
2485 778 2710 818 examen
2753 765 2894 821 intra
2945 767 3203 821 trutinam
3253 769 3462 834 cohibe,
3510 773 3709 840 pariles

2124 850 2376 919 legalium
2430 856 2731 912 sectionum
2779 857 2963 913 lances
3007 873 3120 928 pre
3166 859 3337 915 oculis
3378 877 3593 932 semper
3618 881 3712 935 ap-

2125 941 2318 1008 pende.
2344 940 2451 996 Sed
2474 943 2563 998 hic
2585 945 2726 1000 forte
2749 945 2878 1002 illud
2901 946 3204 1002 Salomonis
3229 948 3453 1017 olijieies
3483 966 3498 1005 :
3538 970 3557 1004 ι
3590 952 3712 1009 Noli

2126 1047 2246 1089 esse
2275 1033 2496 1088 nimium
2522 1034 2700 1105 justus
2725 1037 2922 1106 (Eccle.
2946 1038 3060 1107 vit).
3095 1019 3214 1094 {Et
3235 1056 3338 1111 ego
3365 1041 3458 1096 tibi
3487 1055 3711 1100 econtra

2129 1123 2464 1192 respondeo:
2493 1123 2609 1178 Noli
2635 1141 2754 1180 esse
2784 1126 3010 1180 nimium
3052 1129 3190 1196 pius.
3239 1129 3395 1184 Sicut
3430 1132 3574 1186 enim
3615 1135 3716 1192 sub

2131 1215 2483 1270 immoderata
2511 1214 2720 1283 justitia
2749 1217 3166 1286 pusillanimitas
3206 1220 3493 1290 frangitur,
3521 1223 3590 1276 ita
3615 1224 3713 1278 suit

2128 1305 2331 1375 pietate
2360 1304 2523 1362 nimia
2549 1305 2689 1360 male
2715 1305 2850 1360 liber
2871 1307 3086 1363 animus
3115 1310 3183 1364 ad
3221 1310 3565 1366 insolentiam
3591 1328 3718 1383 pro»

2132 1397 2336 1452 caciter
2391 1396 2702 1452 ell‘reuatur.
2760 1397 3014 1469 Nunquid
3062 1401 3206 1455 enim
3256 1401 3366 1458 illic
3424 1403 3716 1459 indiscreta

2131 1482 2310 1558 pietas
2331 1503 2437 1542 non
2464 1489 2782 1559 prohibetur
2808 1507 2821 1542 :
2857 1508 2876 1540 ι
2908 1488 3133 1546 Percute
3161 1491 3328 1546 ﬁlium
3360 1501 3509 1546 tuum
3539 1493 3720 1562 virga,

2132 1591 2188 1635 et
2214 1579 2468 1636 liberabis
2499 1580 2733 1635 animam
2761 1579 2877 1648 ejus
2905 1596 2933 1634 a
2961 1583 3168 1637 morte?
3199 1602 3219 1634 ι
3239 1582 3419 1653 (Prov.
3446 1583 3631 1654 χχιιι.)
3656 1584 3723 1638 Et

2134 1671 2330 1725 itemm
2359 1687 2372 1724 :
2407 1687 2426 1721 σ
2463 1669 2562 1736 Qui
2593 1670 2766 1739 parcit
2793 1671 2974 1740 virgae,
3006 1672 3120 1726 odit
3147 1672 3314 1726 lilium
3347 1686 3505 1727 suum
3533 1672 3720 1742 (Prov.

2136 1761 2278 1830 xm).
2313 1779 2332 1812 ι
2365 1759 2433 1814 Et
2458 1759 2584 1822 alibi
2615 1775 2627 1813 :
2664 1777 2684 1812 ι
2719 1759 2820 1826 Qui
2853 1759 3026 1830 diligit
3053 1759 3221 1815 ﬁlium
3259 1775 3446 1825 suum,
3485 1761 3725 1816 assiduat

446 1856 672 1912 limitem
701 1873 759 1912 se
790 1856 1136 1912 formidolose
1185 1858 1561 1927 reprimerent,
1599 1871 1698 1912 nec
1740 1855 1878 1924 juris
1911 1871 2038 1926 pro-
2062 1850 2114 1918 Β
2140 1848 2214 1903 ἱΠί
2245 1847 2452 1918 ﬂagella
2497 1847 2685 1920 (Ecclt'.
2712 1849 2883 1921 xxx).
2918 1868 2938 1901 ι
2969 1849 3037 1903 Ει
3071 1848 3212 1904 idem
3243 1865 3257 1903 :
3295 1867 3315 1900 ι
3354 1849 3535 1918 Equus
3565 1847 3724 1903 indo-

445 1947 549 2016 prii
583 1939 842 2002 terminos
874 1963 969 2017 per
998 1948 1341 2004 insolentiam
1375 1948 1728 2006 transilirent.
1761 1946 1915 2005 Unde
1940 1963 2037 2017 per

447 2053 541 2094 ora
564 2040 742 2110 p0puli
775 2041 890 2094 hzee
918 2055 977 2094 se
1006 2040 1258 2110 przeconii
1283 2039 1424 2094 fama
1453 2039 1768 2104 diffuderat;
1801 2039 1854 2093 in
1884 2037 2036 2094 evul-

450 2129 602 2185 sione
654 2146 746 2184 sex
805 2131 1084 2185 oculorum
1136 2145 1301 2184 unum
1351 2139 1604 2200 pacatum
1655 2137 1739 2185 est
1790 2143 2036 2199 regnum.

451 2219 588 2275 Tres
617 2220 742 2275 facti
770 2229 896 2274 sunt
919 2221 1072 2284 cneci.
1103 2229 1158 2274 et
1183 2221 1330 2276 omni
1375 2221 1570 2290 popqu
1615 2221 1816 2290 quietis
1843 2230 2042 2290 optata:

450 2308 634 2364 lumen
676 2305 900 2364 infulsit.
954 2309 1031 2362 Tu
1080 2324 1318 2379 quoque,
1361 2309 1446 2362 vir
1485 2310 1789 2377 magniﬁce,
1822 2319 2041 2365 sancto-

452 2409 575 2448 rum
629 2393 725 2448 tibi
781 2395 1080 2464 principum
1111 2433 1126 2458 ,
1179 2403 1234 2452 et
1285 2393 1476 2461 legalia
1526 2393 1650 2462 jura
1708 2397 2041 2450 servantium

453 2483 698 2551 exempla
747 2497 1016 2552 propone;
1072 2482 1248 2536 noxiae
1301 2481 1520 2551 pietatis
1570 2481 1860 2554 imaginem
1911 2500 1942 2538 a
1993 2492 2045 2537 te

452 2575 640 2645 procul
669 2575 916 2642 exclude,
949 2583 1004 2628 et
1048 2589 1176 2644 erga
1205 2574 1480 2643 populum,
1518 2573 1607 2643 qui
1654 2573 1748 2628 tibi
1790 2575 2048 2629 commis-

457 2683 551 2722 sus
580 2677 686 2732 est,
710 2677 895 2738 satage
921 2681 1132 2736 semper
1145 2666 1412 2734 justitiam
1441 2666 1735 2721 custodire.
1768 2665 2044 2737 Scriptum

459 2765 544 2811 est
569 2757 711 2810 enim
742 2773 756 2809 :
790 2776 808 2807 ι
836 2755 987 2810 Beati
1035 2757 1126 2826 qui
1178 2757 1487 2811 custodiunt
1529 2754 1811 2825 judicium,
1861 2769 1918 2813 et
1967 2758 2046 2812 fa-

463 2848 610 2902 ciunt
653 2847 923 2919 justitiam
974 2848 1026 2901 in
1077 2847 1226 2903 omni
1279 2857 1520 2915 tempore
1565 2845 1737 2918 (Paul.
1778 2849 1887 2915 ev).
1927 2867 1946 2900 ι
1978 2847 2046 2901 Et

464 2936 716 2992 Salomon
756 2954 769 2991 :
815 2956 834 2988 ε
881 2937 1115 3008 Diligite,
1147 2937 1340 3008 inquit,
1363 2937 1649 3007 justitiam,
1676 2936 1766 3006 qui
1791 2935 2046 3005 judieatis

464 3037 665 3084 terram
699 3028 847 3097 (Sap.
879 3029 940 3098 ι).
979 3049 998 3083 ι
1031 3030 1121 3085 Sic
1145 3045 1274 3100 ergo
1313 3029 1656 3085 rectitudinis
1695 3029 1810 3086 zelo
1835 3043 2048 3100 semper

466 3136 745 3183 accensus,
781 3121 965 3176 incede
994 3136 1137 3176 nunc
1166 3120 1505 3190 pcrjustitiaa
1534 3120 1824 3185 tramitem,
1853 3129 1910 3173 ut
1939 3136 2043 3173 non

2137 1940 2299 1995 mitus
2319 1939 2495 1996 evadit
2521 1941 2707 2007 durus,
2723 1948 2778 1994 et
2803 1938 2945 1994 Illius
2969 1939 3228 1994 remissus
3249 1940 3440 1994 evadet
3461 1954 3722 2010 praeceps.

2136 2029 2301 2089 Laeta
2337 2030 2506 2090 ﬁlium
2537 2037 2708 2096 tuum,
2735 2037 2790 2084 et
2818 2038 3100 2099 paventem
3129 2039 3181 2084 te
3215 2027 3409 2096 faciet;
3453 2030 3578 2087 lude
3600 2046 3724 2088 cum

2138 2136 2223 2186 eo,
2259 2131 2316 2175 et
2349 2120 2694 2178 contristabit
2723 2129 2797 2180 te.
2830 2119 2945 2175 Non
2977 2121 3252 2176 corrideas
3286 2121 3395 2188 illi,
3427 2136 3494 2178 ne
3521 2122 3726 2189 doleas,

2139 2219 2198 2265 et
2223 2212 2276 2265 in
2316 2211 2614 2267 novissimo
2635 2211 3018 2281 obstupescent
3045 2210 3237 2271 dentes.
3266 2211 3339 2265 tui
3369 2211 3579 2283 (Ibid.).
3615 2231 3634 2264 ι
3664 2211 3723 2266 Si

2142 2317 2272 2371 ergo
2303 2311 2456 2371 pater
2479 2303 2820 2372 disciplinam
2849 2312 2904 2359 et
2931 2301 3199 2374 ﬂagellum
3227 2303 3386 2359 debet
3410 2303 3568 2358 unico
3598 2302 3727 2368 filio,

2143 2402 2347 2463 quanto
2381 2393 2555 2464 magis
2600 2394 2850 2464 princeps
2889 2394 3110 2463 populo,
3151 2407 3220 2448 ne
3265 2403 3416 2450 tanta
3456 2393 3731 2448 eﬁ‘renate

2143 2484 2414 2539 libertatis
2443 2485 2664 2538 audacia
2693 2494 2881 2553 pereat
2918 2484 3239 2544 multitudo?
3281 2483 3430 2545 Unde
3471 2485 3733 2552 scriptum

2143 2583 2230 2629 est
2259 2593 2272 2629 :
2311 2595 2330 2627 ι
2365 2575 2480 2630 Rex
2519 2575 2780 2646 insipiens
2806 2576 2995 2646 perdet
3023 2575 3277 2645 populum
3309 2591 3485 2640 suum,
3518 2583 3568 2630 et
3596 2574 3701 2629 civi
3722 2601 3734 2612 ο

2145 2662 2288 2722 tates
2315 2667 2758 2722 inhabitabuntur
2797 2681 2896 2735 per
2933 2681 3149 2721 sensum
3181 2667 3498 2736 prudentum
3523 2664 3716 2734 (Eccli.

2145 2760 2226 2830 x).
2258 2779 2277 2810 ι
2313 2759 2383 2815 Ut
2408 2775 2538 2830 ergo
2563 2759 2915 2828 populus,qui
2947 2757 3042 2812 tibi
3075 2758 3347 2828 subjectus
3369 2766 3472 2823 est,
3495 2772 3562 2811 ex
3581 2755 3714 2825 justi

2147 2847 2426 2919 regiminis
2451 2849 2824 2902 observatione
2866 2847 3128 2913 salvetur,
3162 2861 3384 2902 necesse
3412 2855 3496 2901 est
3527 2847 3734 2917 ut‘ipse

2147 2937 2203 2991 in
2227 2935 2482 2991 tribunali
2509 2936 2760 2990 examine
2780 2936 3127 3001 constitutus,
3157 2951 3274 3004 quae
3304 2935 3593 3005 suntjusta
3623 2937 3716 2991 de-

2147 3045 2368 3096 cernas;
2393 3037 2449 3083 et
2476 3043 2570 3084 eos
2593 3029 2810 3098 insuper
2827 3042 2964 3098 quos
2988 3042 3084 3098 per
3112 3026 3416 3098 provincias
3437 3025 3644 3096 dirigis,
3672 3034 3734 3084 ut

2150 3122 2284 3192 legis
2314 3123 2488 3176 edicta
2528 3121 2772 3176 districte
2809 3128 3228 3190 prosequantur,
3262 3119 3528 3173 instituas.
3573 3117 3727 3173 Unde

464 3210 804 3281 iudicandus,
852 3213 943 3266 sed
985 3205 1430 3275 remunerandus,
1479 3211 1544 3265 ad
1593 3211 1780 3286 ipsum_
1797 3208 2042 3280 quando-
2069 3203 2118 3267 C
2149 3213 2230 3266 vir
2253 3213 2468 3281 sapiens
2487 3226 2610 3266 cum
2638 3211 3016 3280 praemisisset:
3040 3228 3058 3260 ι
3086 3208 3257 3264 iudex
3282 3207 3724 3278 sapiensjudica-

466 3319 570 3384 que
590 3303 814 3374 justitiar
844 3306 1137 3362 revertaris
1173 3314 1471 3362 auctorem.

849 3487 1046 3550 ALIA
1106 3488 1658 3550 DISSERTATIO.

589 3626 669 3673 νε
703 3626 922 3673 ΕΟΒΕΜ
957 3626 1273 3672 Ριιικωνιε
1322 3624 1574 3669 οινιιίςιο
1634 3625 1695 3667 ιη
1735 3624 1930 3668 IMPIIS
1987 3627 1992 3634 ’

1071 3701 1478 3749 COERCBNDIS.

470 3804 863 3864 Assanitarum.
886 3835 956 3846 —
983 3802 1215 3860 Nimiam
1248 3805 1714 3860 mansuetudinem
1759 3815 1813 3860 et
1858 3807 2053 3859 lenita-

545 3887 650 3936 tem
679 3875 985 3944 fugiendam
1014 3876 1188 3930 eidem
1227 3873 1544 3931 Gothifretlo
1583 3876 1833 3941 inculcat,
1865 3877 2054 3928 admo-

543 3961 678 4001 nens
727 3945 898 4009 illum,
945 3947 1124 3998 videat
1168 3947 1330 4001 etiam
1383 3956 1543 4014 atque
1593 3947 1786 4010 etiam,
1831 3963 1898 4000 ne
1926 3947 2053 3998 dum

580 4016 728 4070 a'ucis
767 4016 1046 4079 sceleratis
1088 4017 1282 4087 parcit,
1314 4017 1482 4071 honos
1520 4031 1707 4087 omnes
1747 4019 1954 4087 perdat.
1988 4014 2057 4087 Ut

580 4032 728 4070 auris
767 4032 1046 4079 sceleratis
1088 4032 1282 4087 parcit,
1314 4032 1482 4071 honos
1520 4032 1707 4069 omnes
1747 4032 1954 4084 pcrnat.
1991 4032 2057 4069 υι

542 4032 655 4149 ςιοε
689 4087 736 4140 ei
788 4087 1003 4144 facilius
1063 4087 1422 4153 persuadeat,
1471 4085 1774 4152 exemplum
1824 4085 2061 4154 Ilugonis

547 4158 718 4219 ducis.
744 4158 833 4226 qui
861 4165 985 4210 ante
1012 4155 1156 4208 illum
1187 4156 1348 4209 totius
1367 4155 1482 4226 fere
1506 4155 1669 4207 Italia:
1696 4153 2056 4226 gubernacula

547 4223 1039 4349 indin'iuistraverat,
1072 4226 1308 4291 adducit,
1334 4223 1554 4303 ejusque
1574 4223 1919 4285 severitatem
1948 4224 2056 4278 col-

565 4312 658 4349 aut
679 4308 750 4349 at.

565 4308 750 4350 autlat.

547 4405 902 4463 Gormrnsno
946 4405 1440 4478 praecellentissimo
1487 4403 1807 4469 marchioni,
1845 4403 2061 4462 Psrnus

477 4507 729 4566 peccator
750 4498 1048 4551 monachus
1079 4497 1325 4550 salutem.

2152 3303 2231 3358 bit
2267 3304 2518 3372 populum
2565 3317 2750 3368 suum,
2799 3309 2854 3355 et
2901 3300 3236 3370 principatus
3269 3299 3472 3353 sensati
3521 3297 3728 3352 stabilis

2151 3395 2288 3461 erit;
2312 3413 2329 3446 ι
2355 3395 2602 3464 protinus
2631 3393 2866 3448 addidit:
2898 3410 2918 3444 ι
2947 3392 3255 3447 Secundum
3275 3391 3508 3461 judicem
3532 3390 3732 3460 populi,

2153 3488 2232 3542 sic
2259 3495 2315 3541 et
2339 3485 2568 3541 ministri
2595 3484 2741 3552 ejus;
2773 3497 2829 3538 et
2850 3483 3028 3554 qualis
3055 3492 3140 3538 est
3170 3491 3347 3561 rector
3371 3481 3626 3546 civitatis,
3663 3489 3740 3534 ta-

2152 3577 2232 3630 les
2243 3584 2300 3630 et
2321 3575 2682 3629 inhabitantes
2706 3575 2833 3627 inea
2853 3572 3062 3644 (lbid.).
3087 3591 3106 3624 ι
3128 3569 3445 3639 Ωιιὶάξριθιιθ
3467 3567 3740 3623 sanctius?

2155 3666 2295 3735 Quid
2325 3668 2432 3720 Deo
2457 3665 2713 3720 charius?
2732 3663 2870 3730 Quid
2900 3671 3046 3718 certe
3073 3663 3127 3717 in
3151 3661 3459 3716 Christiana
3488 3658 3743 3730 religione

2155 3759 2539 3830 praestantius,
2584 3772 2746 3826 quam
2786 3754 3034 3823 judicare
3074 3751 3341 3822 justitiam
3368 3791 3382 3816 ,
3439 3757 3494 3805 et
3538 3748 3743 3804 illicitis

2161 3852 2385 3906 ausibus
2417 3866 2513 3921 per
2548 3847 2772 3919 legitimi
2820 3845 3016 3917 rigoris
3041 3857 3334 3899 occurrere
3358 3838 3695 3909 disciplinam

2158 3943 2215 3997 In
2246 3958 2353 4012 quo
2379 3941 2631 3995 nimirum
2663 3947 2717 3993 et
2747 3937 3066 3992 nocentibus
3093 3943 3378 4004 przestatur
3407 3940 3458 3986 et
3488 3929 3752 4000 patienti-.

2159 4033 2279 4087 hus.
2309 4031 2419 4084 Illis
2441 4028 2665 4094 scilicet,
2702 4034 2762 4079 ut
2786 4025 3056 4090 violentiae
3100 4021 3368 4092 piaculum
3411 4035 3516 4074 non
3561 4019 3752 4073 incur-.

2162 4134 2316 4187 rant;
2351 4123 2466 4176 istis
2495 4127 2700 4185 autem,
2723 4127 2782 4172 ut
2804 4116 3096 4171 discrimen
3130 4113 3435 4183 ingerenda:
3461 4109 3745 4166 calamita-

2165 4214 2232 4268 tis
2257 4212 2508 4268 evadant.
2560 4209 2670 4264 Illis
2695 4248 2708 4272 ,
2744 4215 2804 4262 ut
2833 4205 3071 4262 contenti
3115 4202 3349 4275 propriis
3372 4243 3386 4267 ,
3416 4201 3590 4255 aliena
3635 4213 3755 4265 non:

2165 4303 2414 4374 rapiant;
2451 4300 2598 4364 istis,
2637 4307 2696 4353 ut
2720 4295 2931 4352 defensi
2966 4309 3113 4365 purae
3141 4292 3383 4347 tuitionis
3412 4287 3755 4355 umbraculo,

2165 4397 2382 4467 propria
2425 4409 2530 4450 non
2581 4391 2844 4447 amittant.
2859 4388 2969 4444 Illis
2994 4428 3009 4454 ,
3053 4403 3120 4442 ne
3147 4383 3388 4441 ledendo
3417 4383 3693 4454 proximos
3725 4419 3744 4444 ,

2164 4491 2332 4546 divini
2364 4487 2563 4544 furoris
2616 4487 2670 4541 in
2723 4499 2785 4541 se
2830 4479 3072 4551 gladium
3086 4484 3414 4551 provocent;
3445 4475 3564 4530 istis
3587 4512 3603 4539 ,
3633 4481 3695 4526 ut
3720 4486 3757 4528 ει

548 4586 701 4656 Saepe
728 4587 947 4639 nuntius
976 4596 1092 4654 post
1125 4585 1370 4638 nuntium
1411 4583 1658 4647 mittitur,
1698 4591 1753 4636 ut
1803 4597 1909 4646 res,
1941 4598 2060 4651 quae
2095 4543 2141 4603 υ
2169 4583 2524 4638 nefandorum
2557 4577 2802 4648 nequitia
2841 4573 3057 4630 liberati
3082 4571 3328 4656 ,gratias
3353 4582 3568 4637 semper
3593 4579 3757 4656 agen—

478 4676 640 4730 nimis
666 4687 747 4730 est
769 4676 1095 4737 necessaria,
1123 4674 1442 4743 importunis
1469 4674 1661 4727 saltem
1684 4673 1934 4742 precibus
1963 4673 2063 4725 iat-

479 4777 738 4838 pctrctnr.
771 4764 902 4817 Nam
945 4775 996 4818 et
1027 4763 1368 4833 evangelieus
1403 4763 1488 4816 ille
1509 4763 1674 4828 jud‘cx
1703 4773 1858 4815 extra
1891 4762 2066 4814 Evan-

481 4855 678 4935 gelium
719 4855 905 4908 vivens
931 4853 1081 4921 (Luc.
1131 4853 1307 4921 xviri),
1336 4853 1428 4922 qui
1459 4869 1563 4907 non
1591 4854 1781 4919 Deum,
1812 4870 1917 4907 non
1965 4855 2063 4906 ho-

484 4949 684 5011 minem
737 4947 1117 5009 reverebatur,
1168 4945 1324 4999 taedio
1372 4945 1586 4998 tandem
1672 4954 1728 4998 et
1799 4943 2064 4997 indefessa

488 5037 727 5100 tnuiieris
763 5035 1019 5097 instantia
1049 5036 1220 5087 victus
1273 5034 1599 5103 agnoscitur.
1631 5032 1710 5087 Tu
1737 5049 1881 5097 vero,
1907 5047 2067 5102 quem

485 5139 540 5183 et
567 5131 705 5183 inter
729 5129 974 5192 homines
1000 5129 1168 5197 pudor
1192 5127 1429 5182 honesta:
1467 5127 1587 5180 vita:
1630 5125 1979 5196 spectabilem
2016 5132 2073 5178 et

488 5223 626 5291 apud
660 5221 825 5276 Deum
856 5229 1036 5273 castus
1068 5218 1243 5278 reddit
1283 5218 1446 5271 timor
1482 5218 1765 5286 insignem,
1797 5214 2073 5284 petitioniv

487 5311 590 5368 bus
622 5313 753 5366 uzeis
785 5311 1053 5380 repulsam
1084 5325 1187 5364 non
1217 5308 1380 5369 debes
1405 5309 1673 5380 ingerere,
1701 5323 1861 5376 quem
1889 5307 2074 5376 utique

489 5424 594 5463 non
651 5408 1018 5461 adverarinm
1071 5415 1531 5476 conquerentem,
1589 5405 1681 5466 sed
1740 5404 1832 5459 tibi
1892 5405 2072 5470 potius

487 5498 685 5568 aspicis
714 5497 860 5550 utilia
892 5507 1287 5567 snggcreutem.
1331 5496 1531 5566 Scripsi
1560 5496 1651 5549 tibi
1676 5511 1847 5562 nuper
1873 5496 2072 5565 episto-

489 5591 595 5654 lam
643 5589 709 5642 de
751 5590 1015 5642 servando
1056 5588 1231 5658 rigore
1273 5586 1516 5656 justitize,
1543 5602 1704 5656 quam
1737 5602 1880 5641 nunc
1906 5585 2072 5656 872

490 5679 733 5750 apicibus
761 5680 975 5747 quidem
1001 5678 1232 5747 gemino,
1260 5678 1351 5734 sed
1377 5693 1403 5731 a
1433 5677 1704 5756 pr0posita
1754 5675 1922 5731 semel
1960 5690 2071 5729 ma-

493 5771 626 5827 teria
655 5787 757 5824 non
791 5769 1002 5822 recedo.

2171 4683 2281 4733 tes.
2315 4673 2369 4726 in
2393 4669 2566 4738 jubilo
2606 4668 2800 4722 divina:
2831 4663 3010 4717 laudis
3051 4653 3340 4716 exsultent.
3389 4657 3541 4724 Quod
3572 4655 3760 4724 utique

2169 4761 2388 4817 suavius
2417 4757 2746 4814 sacrificium
2774 4755 2884 4808 Deo
2925 4751 3069 4805 valet
3092 4749 3272 4803 oll‘erri
3298 4788 3313 4812 ,
3348 4761 3508 4816 quam
3539 4746 3605 4801 de
3633 4745 3752 4799 vio-

2171 4853 2437 4906 lentorum
2487 4847 2734 4902 manibus
2767 4841 2996 4912 pupillos
3024 4840 3235 4907 eripere
3268 4876 3283 4899 ,
3335 4836 3524 4889 viduas
3573 4833 3760 4887 defen-

2171 4959 2297 5000 sare
2320 4983 2335 5008 ,
2365 4953 2654 5010 oppressos
2713 4935 2925 5004 erigere
2954 4973 2968 4998 ,
3013 4929 3273 5001 spoliatos
3331 4935 3386 4980 et
3429 4923 3666 4992 ahjectos
3701 4921 3754 4975 in

2174 5036 2406 5091 amissos
2437 5030 2637 5103 proprii
2669 5029 2809 5100 juris
2842 5025 3027 5081 titulos
3067 5018 3410 5077 reformare?
3440 5017 3574 5072 Hinc
3610 5013 3756 5068 enim

2175 5129 2434 5196 scriptum
2451 5133 2530 5179 est
2553 5141 2597 5176 ει
2625 5122 2680 5176 In
2705 5118 2996 5189 judicando
3016 5123 3132 5170 esto
3160 5110 3376 5183 pupillis
3404 5104 3713 5196 misericors
3737 5141 3754 5168 ,

2175 5228 2234 5272 ut
2257 5193 2430 5286 pater,
2461 5224 2514 5267 et
2541 5228 2639 5282 pro
2671 5212 2787 5265 viro
2825 5208 2984 5263 matri
3015 5206 3260 5267 illorum;
3293 5209 3348 5256 et
3378 5199 3488 5253 eris
3529 5203 3582 5250 tu
3613 5193 3759 5248 velut

2147 5311 2318 5370 .filius
2345 5306 2606 5361 Altissimi
2638 5303 2894 5358 ohediens
2918 5341 2933 5366 ,
2965 5308 3020 5353 et
3055 5295 3399 5352 miserebitur
3441 5289 3522 5344 tui
3547 5286 3719 5357 magis
3739 5326 3757 5352 ,

2179 5415 2340 5469 quam
2361 5392 2730 5463 mater(Eccli.
2758 5391 2888 5460 rv).r
2913 5387 3048 5455 Quid
3073 5400 3200 5456 ergo
3215 5381 3420 5452 majus?
3440 5379 3578 5447 Quid
3595 5377 3649 5432 in
3662 5377 3754 5469 hu-

2181 5467 2356 5544 manis
2369 5485 2622 5557 operibus
2645 5479 3178 5548 excellentius,quam
3200 5475 3377 5543 id,pro
3399 5467 3764 5541 quomortalis

2183 5579 2342 5633 homo
2367 5585 2420 5631 et
2451 5575 2543 5628 Dei
2596 5572 2735 5626 illius
2781 5569 2922 5624 fiat:
2956 5574 3010 5621 et
3057 5568 3195 5620 Deus
3223 5563 3386 5634 873
3413 5563 3487 5616 illi
3531 5575 3643 5616 non
3669 5574 3764 5629 pa-

2185 5682 2371 5734 tcrme,
2404 5667 2495 5722 sed
2521 5665 2662 5734 quod
2688 5661 2859 5729 majus
2885 5668 2988 5724 est,
3022 5658 3231 5712 viscera
3267 5666 3528 5711 materna:
3548 5652 3762 5725 pietatis

2186 5758 2490 5832 impendat?
2521 5754 2587 5810 Ut
2611 5753 2700 5825 qui
2735 5761 2883 5806 stans
2905 5765 3002 5820 pro
3025 5748 3242 5822 pupillis
3296 5755 3351 5804 et
3381 5741 3742 5800 viduis'adver
