4054 6184
241 375 464 432 “8ἓ7·

729 373 788 428 S.
831 374 1031 428 PETRI
1072 371 1354 427 DAMIANI
1393 370 1545 424 QPP.
1583 366 1817 422 TOMUS
1857 366 1986 424 SEU
2043 368 2221 423 PARS
2262 368 2440 422 Ill.-'—-
2477 369 2839 424 OPUSCULA
2883 368 3111 424 V'ARIA.

3451 374 3558 430 8‘28

310 494 404 536 sus
461 482 744 551 impiorum
815 483 1080 550 nequitias
1134 482 1393 544 dimicat,
1443 482 1553 547 ipse
1624 489 1880 549 tanquam
1911 491 1954 546 Α
1985 480 2087 532 rini
2146 496 2267 534 cum
2316 480 2605 550 Spulctano
2655 480 3006 547 dueatu;juri
3042 499 3166 536 vero
3207 487 3424 554 proprio
3449 487 3558 543 Tu-

311 573 536 628 lacteola
570 573 780 629 soboles
809 574 908 627 sub
934 574 1344 629 confoventibus
1387 588 1446 628 se
1490 573 1686 628 divina:
1715 572 1884 642 pieta-

310 665 384 720 tis
405 666 660 720 uberibus
687 667 1011 734 requiescat.

931 775 1155 830 CAPUT
1193 775 1254 830 ll.

329 859 537 924 δαενώ
568 868 878 925 Scrivturm.
923 885 984 921 ac
1031 868 1137 923 SS.
1187 867 1404 920 Patrum
1455 868 1518 921 de.
1563 867 1848 936 plcctcndis

733 939 926 1008 iniquis
955 953 1168 992 concors
1196 939 1466 991 sententia.

378 1024 436 1080 In
457 1025 781 1080 ulciscendis
806 1026 962 1095 plane
988 1042 1053 1079 ac
1091 1026 1244 1096 legali
1276 1027 1568 1080 severitate
1591 1027 1887 1095 plectendis

304 1118 618 1172 excessibus
660 1117 986 1186 iniquorum,
1038 1132 1225 1171 onmes
1288 1118 1500 1171 sibimet
1559 1119 1886 1172 unanimiter

286 1207 621 1272 mncinulit,
639 1216 692 1262 et
720 1208 770 1260 in
792 1208 949 1260 unius
979 1209 1258 1262 sententia:
1285 1209 1503 1262 decreta
1529 1216 1881 1272 concurrunt,

306 1307 361 1351 et
387 1296 574 1353 Patres
596 1298 844 1352 videlicet
896 1298 1029 1366 legis
1059 1299 1311 1366 antiqua),
1343 1308 1396 1351 et
1437 1300 1610 1353 sancti
1635 1300 1883 1353 doctores

304 1389 582 1445 Ecclesiae.
623 1391 678 1444 ln
707 1391 821 1460 lege
845 1405 1077 1460 namque
1107 1392 1366 1460 scriptum
1394 1399 1479 1444 est
1506 1409 1518 1443 :
1553 1409 1571 1440 ι
1610 1390 1882 1445 Maleficos

304 1495 374 1534 ee
403 1481 625 1549 patiaris
664 1481 845 1536 vivere
881 1481 1075 1553 (Exod.
1115 1481 1304 1550 ΠΜ.»
1344 1481 1407 1534 Et
1427 1480 1716 1549 Apostolus
1741 1481 1884 1535 inter

308 1567 474 1623 multa
517 1587 529 1623 :
581 1588 598 1622 σ
635 1569 758 1624 Sive
787 1571 899 1640 regi
941 1571 1093 1641 quasi
1123 1571 1471 1640 praecellenti,
1502 1572 1616 1625 sive
1655 1572 1882 1627 ducibus

304 1665 560 1728 tanquam
583 1661 650 1715 ab
671 1677 736 1715 eo
766 1661 946 1715 missis
993 1662 1058 1714 ad
1107 1662 1399 1716 vindictam
1449 1661 1877 1728 malefactorum,

304 1743 517 1800 laudem
542 1762 672 1801 vero
695 1749 962 1802 bonorum
994 1748 1044 1818 (I
1075 1749 1215 1802 Petr.
1251 1750 1335 1820 ιι).
1369 1771 1386 1802 ι
1422 1751 1882 1820 BeatusAugusti-

1987 568 2151 623 sciam
2187 571 2500 624 reservavit.
2532 569 2697 636 llujus
2720 580 2958 638 tempore
2981 570 3268 638 Capuanus
3292 577 3557 646 princeps,

1987 660 2029 714 si
2064 660 2166 712 rite
2198 676 2307 713 rem
2341 669 2518 724 teneo,
2568 662 2692 715 dum
2749 663 2996 715 manibus
3031 664 3371 720 chirolhecas
3407 670 3563 724 vellet

1986 752 2271 812 adducere,
2307 752 2357 805 hi
2389 753 2478 821 qui
2526 754 2788 808 adversus
2831 769 2952 808 eum
2991 756 3456 826 conspiraverant,
3509 764 3558 816 ci

1985 843 2230 910 pretinus
2258 845 2410 912 quasi
2435 844 2856 908 subservientes,
2887 859 3208 913 occurrunt,
3236 866 3426 906 manus
3447 853 3562 920 ejus

1985 943 2244 1002 utrasque
2295 936 2670 1004 complodunt;
2724 946 2778 991 et
2831 954 2955 992 mox
3000 944 3301 1010 evaginatis
3349 945 3558 1013 gladiis,

1983 1037 2106 1077 eum
2135 1023 2526 1088 confodientes,
2560 1025 2895 1080 interimunt.
2933 1028 3082 1092 Quod
3107 1046 3250 1093 mox,
3273 1042 3328 1086 ut
3358 1034 3562 1087 incom-

1983 1115 2302 1183 parabilium
2343 1116 2600 1170 virtutum
2661 1118 2799 1182 viro,
2854 1117 3062 1188 Hugnni
3120 1123 3369 1178 videlicet
3418 1141 3562 1178 mar-

1983 1205 2184 1270 chioni,
2210 1206 2297 1273 qui
2329 1207 2504 1261 dictus
2529 1216 2633 1270 est,
2659 1215 2909 1275 patenter
2939 1208 3187 1270 innotuit,
3217 1212 3288 1264 nil
3323 1223 3562 1268 moratus

1983 1293 2291 1364 Capuanam
2331 1298 2518 1350 urbem
2553 1299 2855 1352 numerosis
2882 1301 3216 1355 exercituum
3263 1303 3562 1372 legionitus

1982 1384 2330 1439 circumfudit
2356 1403 2368 1439 ;
2402 1400 2629 1456 eamque
2669 1389 2850 1443 tandiu
2874 1391 3080 1446 bellicis
3107 1405 3437 1448 armatorum
3465 1410 3558 1449 co-

1982 1475 2085 1544 piis
2109 1490 2417 1546 expugnare
2453 1492 2557 1531 non
2609 1477 2836 1545 destitit,
2869 1481 3040 1536 donec
3077 1498 3140 1536 ex
3183 1499 3246 1537 ea
3279 1485 3560 1539 victoriam

1983 1577 2276 1636 caperctet
2306 1568 2678 1625 interfectores
2716 1571 2914 1626 domini
2956 1573 3035 1627 sui
3063 1573 3223 1644 digno
3265 1577 3413 1635 necis
3435 1592 3560 1645 sup-

1983 1658 2141 1728 plicio
2159 1660 2472 1716 trucidaret.
2500 1663 2576 1716 De
2596 1677 2703 1730 quo
2728 1662 2982 1716 nimirum
3007 1674 3060 1718 et
3078 1664 3180 1718 alia
3208 1673 3285 1718 tot
3308 1667 3558 1720 virtutum

1983 1748 2212 1818 insignia
2241 1747 2569 1815 referuntur,
2599 1760 2658 1805 ut
2699 1751 3007 1820 prolixitate
3046 1761 3344 1821 temporum
3377 1755 3556 1822 splen-

303 1852 406 1892 nus
438 1837 515 1891 ait
549 1855 561 1891 :
596 1857 614 1889 ι
661 1837 789 1904 Qua:
817 1850 899 1894 est
944 1841 1154 1893 vanitas
1200 1841 1290 1894 uni
1339 1855 1580 1909 parcere,
1612 1850 1666 1894 et
1693 1855 1889 1894 omnes
1912 1843 1956 1900 Β
1983 1839 2105 1893 dida
2136 1841 2368 1895 nominis
2408 1840 2524 1908 ejus
2562 1840 2706 1895 fama
2752 1842 2952 1896 aboleri
3001 1843 3302 1897 nullatenus
3354 1844 3555 1908 valeat;

304 1930 359 1987 in
386 1931 676 1987 discrimen
704 1932 1004 1986 adducere?
1033 1932 1345 1987 Polluuntur
1365 1933 1508 1987 enim
1535 1948 1743 1997 omnes,
1776 1947 1882 1986 uno
1913 1968 1917 1973 -

302 2028 582 2089 peccante.
622 2041 640 2073 ι
673 2021 736 2074 Et
769 2021 1128 2092 Hieronymus
1160 2040 1172 2076 :
1211 2041 1229 2073 ‹
1265 2023 1363 2089 Qui
1412 2025 1644 2091 percutit
1688 2024 1878 2090 malos,

304 2109 499 2178 inquit,
530 2111 583 2164 in
611 2127 675 2166 eo
698 2113 840 2179 quod
871 2112 996 2180 mali
1025 2123 1166 2175 sunt,
1194 2122 1246 2168 et
1276 2114 1437 2168 habet
1464 2129 1684 2169 causam
1715 2115 1882 2169 inter-

302 2198 570 2265 fectionis,
599 2205 939 2272 utpercutiat
967 2205 1255 2272 pessimos,
1304 2207 1550 2262 minister
1592 2207 1683 2261 Dei
1716 2217 1818 2264 est.
1855 2228 1874 2261 ι

299 2289 433 2346 Item
460 2290 628 2347 alibi:
668 2312 686 2344 ‹
722 2292 1031 2349 Homicidas
1083 2303 1137 2349 et
1180 2296 1476 2368 sacrilegos
1515 2299 1738 2366 punire,
1772 2314 1879 2354 non

295 2391 383 2438 est
424 2381 616 2440 effusio
667 2387 963 2456 sanguinis.
1003 2405 1021 2438 ι
1052 2387 1121 2441 Ει
1163 2389 1356 2444 beatus
1402 2390 1478 2443 ait
1518 2390 1874 2447 Ambrosius:

305 2493 323 2526 ι
357 2474 574 2531 Hostem
607 2476 771 2532 ferire
801 2479 1024 2533 victoria
1065 2489 1167 2545 est,
1222 2497 1372 2535 reum
1418 2483 1675 2554 aequitas,
1721 2485 1877 2539 inno-

297 2575 510 2620 centem
540 2569 908 2622 homicidium.
940 2590 958 2622 ι
991 2570 1142 2637 Quod
1169 2571 1412 2640 profecto
1441 2574 1611 2628 sancti
1647 2575 1712 2628 de
1743 2573 1878 2629 inte-

298 2656 465 2709 renda
507 2658 684 2726 impiis
727 2658 930 2713 ultione
982 2675 1090 2715 non
1147 2662 1408 2725 dicerent,
1463 2665 1561 2718 nisi
1597 2667 1879 2732 corporale

297 2746 619 2814 snpplicium
650 2749 814 2804 etiam
843 2751 1126 2806 animabus
1157 2766 1344 2806 eorum
1384 2754 1734 2823 aliquatenus
1760 2773 1878 2812 cre-

295 2834 490 2891 derent
524 2837 884 2904 profuturum.
918 2840 993 2893 De
1044 2856 1152 2908 quo
1183 2842 1464 2908 nimirum,
1494 2846 1710 2899 omissis
1741 2847 1880 2901 inte-

298 2926 400 2978 rim
428 2926 566 2990 aliis,
591 2927 718 2995 quid
760 2928 991 2998 Cyrillus
1023 2929 1547 3002 l-licrosolymitanus
1592 2938 1876 3006 episcopus

297 3015 552 3080 senserit,
581 3017 817 3070 breviter
859 3019 1206 3076 inseramus:
1249 3039 1266 3071 ι
1307 3021 1471 3086 Mors,
1505 3024 1705 3093 inquit,
1757 3044 1876 3097 qua:

295 3115 470 3170 pinna:
497 3119 658 3158 causa
691 3104 918 3160 infertur
967 3123 1065 3175 pro
1093 3119 1336 3177 peccato,
1375 3115 1623 3182 purgatio
1643 3125 1726 3169 est
1753 3132 1875 3184 pec-

1984 1931 2074 1986 sed
2098 1933 2248 2000 quasi
2273 1932 2454 1986 virens
2488 1947 2703 2002 semper
2741 1947 2809 1987 ac
2837 1933 3052 1997 ﬂorens,
3087 1933 3253 1987 inore
3280 1934 3556 1988 hominum

1982 2023 2295 2078 solemniter
2317 2023 2480 2077 vivat.
2519 2024 2560 2076 E
2586 2024 2781 2093 quibus
2813 2033 2866 2078 et
2901 2039 2997 2078 nos
3025 2024 3264 2078 scribere
3304 2024 3556 2077 nonnulla

1982 2127 2288 2181 possumus,
2315 2129 2432 2182 quae
2480 2113 2658 2168 ferent
2697 2113 3038 2169 mdificationi
3066 2129 3344 2183 procerum
3376 2113 3556 2184 profu-

1983 2209 2131 2265 tura;
2163 2202 2255 2255 sed
2277 2203 2402 2271 quia
2433 2202 2556 2256 dum
2585 2203 2739 2257 nobis
2787 2202 3118 2266 dicerentur,
3148 2203 3352 2272 singula
3379 2213 3555 2272 gesto-

1980 2310 2098 2347 rum
2122 2295 2280 2348 verba
2304 2305 2492 2350 notare
2522 2295 2878 2366 negleximus,
2907 2312 2974 2350 ne
3007 2297 3147 2365 quod
3179 2296 3341 2362 absit,
3373 2296 3554 2365 aliquo

1979 2384 2229 2440 fallamur
2282 2388 2335 2441 iu
2363 2389 2549 2454 verbo,
2583 2388 2870 2443 scribenda
2911 2389 3026 2444 haec
3072 2389 3192 2444 aliis
3231 2391 3550 2460 delegamus.

1977 2475 2150 2535 Breve
2176 2487 2376 2544 tamen,
2405 2480 2546 2548 quod
2570 2479 2748 2533 audivi
2777 2480 2840 2532 de
2873 2480 3060 2548 puerili
3091 2479 3208 2548 ejus
3236 2489 3416 2546 aetate,
3449 2497 3555 2534 non

1979 2574 2150 2622 taceo.
2175 2566 2406 2622 Obertus
2435 2567 2712 2639 [Ubertus,
2738 2578 2786 2622 et
2809 2569 3063 2623 Albertus
3108 2568 3287 2641 etiam]
3315 2572 3552 2624 marchio

1977 2671 2131 2729 pater
2155 2663 2270 2731 ejus
2302 2661 2539 2731 llugonis
2572 2663 2711 2731 regis
2738 2663 3000 2716 naturalis
3029 2662 3168 2715 illius
3197 2663 3434 2728 exstitit;
3462 2663 3551 2730 qui

1977 2751 2227 2804 nimirum
2265 2749 2496 2804 Guillam
2549 2749 2810 2821 [Willant]
2853 2751 3071 2820 majoris
3118 2749 3376 2804 Bonifacii
3417 2767 3553 2804 mar-

1975 2839 2182 2892 chionis
2212 2838 2395 2904 filiam,
2429 2839 2694 2909 conjugali
2739 2839 2839 2893 sibi
2882 2838 3083 2893 foedere
3130 2838 3414 2906 copulavit.
3455 2840 3554 2893 Hic

1976 2945 2081 2984 non
2112 2928 2279 2982 multo
2315 2921 2435 2998 post
2474 2929 2895 2998 indignationem
2944 2929 3098 2997 primi
3136 2928 3350 2982 Ottonis
3387 2929 3552 2997 impc—

1974 3022 2172 3076 ratoris
2204 3021 2452 3084 incurrit,
2501 3037 2565 3074 ac
2595 3019 2820 3073 subinde
2857 3019 3042 3098 relicta
3074 3021 3317 3089 conjuge,
3342 3019 3551 3073 Pannoo

1977 3113 2120 3166 niam
2153 3112 2409 3182 profugus
2461 3111 2748 3165 exsulavit.
2776 3110 2874 3176 Qui
2907 3126 3028 3164 cum
3076 3110 3231 3180 longo
3262 3120 3380 3179 post
3419 3120 3550 3163 tem-

297 3196 401 3248 cati
433 3195 621 3264 ipsius,
655 3212 752 3266 pro
797 3213 904 3266 quo
951 3198 1176 3266 jubetur
1224 3203 1432 3257 inferri.
1481 3224 1498 3256 ι
1561 3189 1943 3262 Αυεοινίιυι-(Ζ
1974 3217 2104 3271 pore
2153 3210 2481 3269 resumptus,
2525 3199 2576 3252 in
2629 3199 2857 3268 gratiam
2911 3198 3101 3261 rediit,
3164 3208 3390 3252 matrem
3427 3213 3547 3252 cum

295 3300 423 3354 ergo
472 3295 749 3354 peccatum
804 3305 901 3358 per
945 3305 1159 3360 pmnam
1213 3295 1432 3360 mortis;
1477 3312 1576 3352 nec
1627 3309 1873 3367 superest

295 3373 519 3444 aliquid,
549 3378 692 3445 quod
722 3394 819 3446 pro
849 3380 951 3434 hoc
981 3381 1210 3437 crimine
1245 3384 1433 3452 judicii
1463 3387 1596 3450 dies,
1628 3398 1681 3443 et
1712 3404 1870 3458 poena

293 3465 482 3519 aeterni
532 3467 670 3537 ignis
733 3469 988 3524 inveniat.
1063 3472 1162 3527 Ubi
1235 3475 1358 3544 quis
1421 3477 1620 3546 accipit
1676 3495 1870 3548 pecca-

294 3565 448 3622 tum,
504 3569 559 3612 et
602 3560 765 3613 habet
823 3561 952 3614 illud
997 3577 1217 3629 secum,
1277 3582 1374 3621 nec
1437 3568 1617 3638 aliquo
1665 3573 1870 3640 suppli-

289 3644 378 3699 cio
421 3660 688 3715 poenaque
731 3647 975 3714 diluitur,
1028 3654 1219 3706 transit
1265 3657 1427 3710 etiam
1477 3673 1598 3712 cum
1637 3674 1702 3713 eo
1751 3671 1871 3730 post

291 3745 620 3796 mortem,et
645 3738 768 3805 quia
799 3741 1110 3809 temporalia
1132 3743 1218 3796 hic
1243 3761 1347 3797 non
1366 3748 1642 3814 persolvit,
1671 3765 1870 3818 expen-

289 3825 383 3881 det
401 3836 604 3881 teterna
631 3830 910 3898 supplicia.
945 3830 1102 3887 Vides
1152 3849 1281 3904 ergo
1311 3848 1512 3905 quanto
1558 3842 1774 3911 gravius
1799 3844 1868 3897 sit

288 3918 540 3987 accipere
559 3932 862 3988 peccatum,
899 3939 1059 3992 quam
1105 3935 1279 3980 morte
1310 3929 1559 3984 multari?
1593 3931 1687 3986 llic
1721 3934 1867 3987 enim

287 4025 437 4066 mors
461 4027 558 4082 pro
581 4015 816 4070 vindicta
839 4015 1000 4070 datur
1022 4025 1078 4072 et
1106 4021 1244 4088 apud
1279 4020 1479 4086 justum
1501 4022 1737 4090 judicent
1763 4042 1867 4080 non

282 4097 561 4168 iudicatur
586 4103 666 4158 bis
697 4105 750 4158 in
776 4106 1028 4177 idipsum.
1061 4109 1162 4164 Ubi
1193 4120 1496 4166 autemnon
1519 4123 1601 4167 est
1630 4114 1866 4170 solutum

286 4193 524 4248 vindicta
587 4207 894 4264 peccatum,
931 4208 1111 4254 manet
1139 4202 1359 4256 aeternis
1415 4203 1626 4272 ignibus
1661 4206 1867 4260 exstin-

287 4284 577 4351 guendum.
633 4285 838 4350 Quibus
867 4289 1051 4355 utique
1094 4291 1266 4342 sancti
1301 4291 1400 4343 viri
1431 4294 1612 4347 verbis
1651 4294 1866 4348 indubi-

288 4379 470 4426 tanter
499 4376 784 4439 asseritur,
808 4375 934 4444 quia
971 4391 1069 4444 per
1107 4379 1455 4448 temporalem
1498 4397 1713 4450 pinnam
1741 4385 1865 4440 reus

284 4461 585 4516 absolvitur
611 4471 666 4516 et
693 4478 789 4532 per
818 4465 1217 4522 immunitatem
1239 4471 1430 4524 aeterni
1457 4473 1700 4542 supplicii
1733 4491 1859 4530 cru-

284 4551 520 4606 ciatibus
550 4562 880 4609 reservatur.

895 4667 1122 4723 CAPUT
1161 4669 1245 4723 ΙΙΙ.

355 4753 597 4825 [lagonis
621 4755 771 4812 ducis
810 4757 1013 4882 Tuscis!
1039 4760 1318 4828 prudentia
1359 4762 1414 4815 in
1442 4764 1788 4820 renuntiando

720 4871 725 4876 .
1000 4842 1178 4882 ucatu.

1000 4842 1178 4884 ucatu.

354 4912 425 4970 Ut
456 4925 638 4970 autem
658 4918 1012 4973 domesticum
1036 4920 1152 4986 tibi,
1181 4921 1279 4984 vel,
1309 4932 1366 4975 ut
1407 4923 1476 4976 ita
1505 4923 1713 4994 loquar,
1739 4940 1853 4980 ver—

280 5008 531 5061 naculqu
559 5007 895 5075 prtebeatnus
923 5010 1249 5079 exemplum,
1278 5027 1436 5068 nemo
1453 5015 1644 5069 melius
1659 5031 1852 5070 occur-

280 5095 372 5159 rit,
401 5111 564 5164 quam
590 5095 836 5165 gloriosae
873 5099 1145 5153 memoriae
1172 5099 1326 5169 litigo
1354 5101 1461 5154 dux
1509 5113 1563 5157 et
1589 5106 1850 5171 marchio,

277 5185 371 5254 qui
400 5201 546 5252 eum,
564 5202 670 5256 quo
693 5199 746 5242 tu
775 5203 916 5244 nunc
938 5189 1196 5259 fungeris,
1214 5192 1448 5246 obtinuit
1469 5195 1848 5264 principatum.

275 5273 542 5343 Obtinuit,
571 5296 574 5297 '
608 5278 847 5346 inquam,
877 5288 1158 5348 utramque
1198 5285 1566 5338 monarchiam
1611 5285 1676 5356 [Ι.
1707 5302 1850 5339 mar-

274 5366 509 5438 chiam],
555 5377 611 5422 et
651 5383 814 5438 quam
859 5368 1196 5439 Tyrrhenum
1241 5373 1517 5438 videlicet,
1573 5386 1628 5428 et
1685 5392 1845 5444 quam

275 5471 428 5511 mare
455 5459 789 5514 Adriaticum
817 5460 988 5514 alluit.
1032 5460 1136 5516 Sed
1171 5478 1291 5516 cum
1322 5465 1697 5533 perpenderet,
1721 5468 1844 5536 quia

273 5548 442 5620 874
465 5560 684 5618 prepter
705 5552 1099 5622 improbitatem
1130 5555 1326 5624 injuste
1363 5557 1681 5622 viventium,
1707 5569 1845 5613 stre-

275 5651 382 5691 nue
407 5649 593 5706 regere
618 5648 899 5707 utrat'nque
925 5657 1030 5696 non
1069 5652 1268 5711 posset,
1299 5643 1555 5698 ultronea:
1582 5648 1849 5701 renuntia-

277 5727 436 5783 tionis
468 5729 712 5790 arbitrio,
737 5732 896 5786 cessit
928 5733 1241 5801 imperaturi
1265 5737 1633 5792 monarchiam
1660 5739 1844 5793 Cante—

1974 3295 2349 3365 grandiuscula
2369 3294 2479 3363 jam
2505 3293 2653 3361 prole
2676 3293 2971 3362 reperiens,
2995 3293 3288 3347 admiratus
3312 3295 3546 3362 expavit.

1975 3386 2143 3456 Negat
2172 3389 2330 3441 homo
2357 3403 2414 3442 se
2439 3388 2716 3457 genuisse,
2765 3401 2922 3455 quem
2951 3386 3235 3454 conspicit,
3261 3395 3312 3438 et
3340 3385 3545 3456 zeloty-

1973 3481 2074 3551 pia:
2102 3491 2376 3548 permotus
2402 3480 2623 3542 invidia,
2656 3480 2774 3532 fcue
2799 3477 3006 3531 mulieri
3033 3478 3321 3532 obscenum
3341 3477 3542 3530 crimen
3578 3471 3585 3480 ”

1973 3571 2236 3632 intendit;
2276 3585 2609 3638 nequaquam
2653 3584 2710 3622 se
2742 3579 2849 3621 tam
2878 3567 3162 3637 insperatae
3189 3567 3260 3620 rei
3306 3566 3549 3637 perhibet

1971 3661 2274 3732 conscium;
2332 3661 2588 3713 dillitetur
2645 3676 2703 3714 se
2752 3658 3120 3726 conccptionis
3178 3657 3335 3724 hujus
3389 3670 3545 3710 nosse

1972 3750 2308 3820 mysterium,
2334 3764 2431 3802 nec
2456 3764 2613 3817 posse
2641 3747 2754 3801 fieri
2785 3757 2841 3800 ut
2868 3762 2926 3801 se
2965 3755 3171 3801 asserat
3220 3757 3429 3815 patrem
3454 3747 3545 3815 qui

1971 3849 2334 3910 pratgnantem
2365 3853 2468 3892 non
2499 3838 2718 3907 reliquit
2748 3845 2989 3906 uxorem.

2591 3951 2817 4008 CAPUT
2851 3951 2941 4006 ιν.

1969 4043 2160 4098 Guilla’
2184 4045 2367 4099 matris
2398 4041 2636 4165 [lugentis
2674 4025 2966 4164 innocentia
2996 4042 3240 4112 jucunde
3289 4040 3538 4096 miraculo

2624 4130 2679 4165 ec
2705 4124 2907 4164 aratur.

2624 4124 2907 4167 ectaratur.

2036 4203 2115 4257 Ad
2141 4205 2240 4257 hoc
2271 4202 2484 4256 tandem
2532 4217 2617 4256 res
2665 4201 2864 4256 diutius
2894 4202 3148 4256 ventilata
3187 4202 3536 4271 protrahitur,

1967 4305 2024 4349 ut
2048 4312 2149 4348 non
2174 4295 2351 4357 aliter,
2385 4309 2544 4362 quam
2574 4308 2670 4361 per
2703 4303 2836 4347 acta:
2857 4293 3252 4346 ourifncationis
3283 4294 3536 4347 indicium

1969 4397 2074 4440 tam
2099 4387 2279 4457 gravis
2308 4385 2540 4452 objectio
2567 4385 2830 4454 sopiatur.
2879 4383 2992 4439 Hoc
3025 4385 3186 4454 igitur
3214 4401 3281 4438 ex
3313 4394 3537 4454 utraque

1965 4489 2116 4547 parte
2137 4479 2406 4541 convenit,
2436 4486 2493 4531 ut
2541 4477 2593 4530 in
2619 4487 2764 4530 vasta
2799 4478 3031 4547 quadam
3077 4477 3419 4546 amplissima:
3445 4477 3540 4531 do‘

1967 4585 2086 4621 mus
2113 4584 2238 4621 area
2263 4577 2560 4621 conventus
2586 4567 2959 4636 religiosarum
2983 4566 3136 4621 fieret
3162 4581 3533 4635 personarum.

1966 4659 2168 4725 Quibus
2224 4659 2477 4712 nimirum
2528 4658 2581 4712 in
2614 4657 2885 4712 subselliis
2927 4654 3039 4711 'suis
3080 4659 3312 4726 undique
3361 4659 3538 4712 consi-

1962 4749 2234 4814 dentibus,
2259 4763 2394 4819 puer
2441 4748 2587 4803 solus
2623 4749 2677 4801 in
2719 4749 2895 4802 medio
2937 4758 3258 4817 poneretur;
3289 4751 3406 4804 etsi
3440 4765 3534 4819 pa-

1962 4850 2116 4903 trem,
2141 4854 2301 4908 quem
2332 4854 2603 4907 nunquam
2634 4847 2796 4892 antea
2835 4839 3058 4900 viderat,
3089 4839 3275 4893 adicns
3306 4848 3533 4908 peteret,

1957 4932 2026 4986 ab
2047 4933 2196 4986 omni
2223 4931 2409 5000 procul
2441 4931 2603 4984 dubio
2651 4940 2879 4984 matrem
2923 4931 3227 4999 suspicione
3253 4943 3530 5001 purgaret.

1961 5023 2099 5089 Quid
2121 5023 2308 5091 plura?
2339 5021 2675 5076 Conveniunt
2695 5021 2996 5090 pontifices,
3026 5023 3224 5075 adsunt
3245 5038 3367 5076 cum
3416 5039 3531 5076 mo-

1960 5111 2146 5165 nachis
2183 5121 2237 5165 et
2265 5111 2550 5164 abbatibus
2592 5110 2862 5164 inferioris
2911 5111 3071 5163 etiam
3102 5113 3308 5165 ordinis
3349 5128 3531 5166 sacer.-

1957 5201 2143 5262 dotes;
2177 5199 2353 5260 fletur,
2384 5198 2638 5267 gemitur,
2671 5200 2993 5267 su5piratur,
3029 5200 3096 5252 ad
3128 5199 3323 5252 cuzlum
3345 5200 3532 5254 Oculus

1955 5288 2190 5356 erigunt,
2214 5288 2405 5355 pugnis
2428 5299 2644 5356 pectora
2669 5299 2856 5341 intesta
2882 5289 3236 5354 centundunt,
3264 5290 3528 5358 profluen-

1957 5378 2099 5429 tibus
2157 5376 2413 5446 lacrymis
2468 5377 2645 5430 tristia
2695 5393 2788 5430 ora
2854 5378 3206 5445 perfundunt.
3265 5379 3527 5434 Dimissus

1955 5467 2136 5535 itaque
2159 5481 2289 5534 puer
2311 5467 2364 5519 in
2384 5465 2560 5536 ’875
2603 5469 2778 5520 medio
2804 5469 2921 5549 sine
2960 5478 3174 5538 papate,
3204 5474 3287 5524 vel
3319 5472 3521 5541 gerula,

1954 5559 2118 5626 coepit
2145 5559 2254 5619 ire;
2287 5568 2341 5610 et
2370 5573 2490 5610 cum
2518 5567 2669 5625 pater
2694 5560 2904 5611 sederet
2932 5560 3071 5612 inter
3100 5562 3305 5629 vulgus,
3333 5578 3430 5616 nec
3455 5565 3522 5616 ab

1953 5649 2074 5703 aliis
2124 5649 2401 5703 videretur
2436 5648 2541 5702 ulla
2597 5649 2834 5702 subsellii
2890 5652 3150 5705 varietate
3204 5654 3517 5717 distinctus;

1955 5740 2276 5809 cuntcnqutis
2304 5739 2572 5806 omnibus,
2607 5755 2738 5808 puer
2769 5739 2833 5792 ad
2864 5756 2983 5794 cum
3034 5742 3310 5810 signuttlcr
3340 5760 3519 5797 acces-
