  <div class='ocr_page' id='page_1' title='image "/cluster/home/n/w/nwhite01/storage/ocr_20150623/145/hvd.32044048207542/422.png"; bbox 0 0 4054 6184; ppageno 0'>
   <div class='ocr_carea' id='block_1_1' title="bbox 385 377 492 436">
    <p class='ocr_par' dir='ltr' id='par_1_1' title="bbox 385 377 492 436">
     <span class='ocr_line' id='line_1_1' title="bbox 385 377 492 436; baseline 0.019 -2"><span class='ocrx_word' id='word_1_1' title='bbox 385 377 492 436; x_wconf 73' lang='lat'><strong>8&#39;29</strong></span> 
     </span>
    </p>
   </div>
   <div class='ocr_carea' id='block_1_2' title="bbox 1027 375 2996 438">
    <p class='ocr_par' dir='ltr' id='par_1_2' title="bbox 1027 375 2996 438">
     <span class='ocr_line' id='line_1_2' title="bbox 1027 375 2996 438; baseline -0.003 -3"><span class='ocrx_word' id='word_1_2' title='bbox 1027 378 1270 437; x_wconf 78' lang='lat' dir='ltr'><strong>OPUSC.</strong></span> <span class='ocrx_word' id='word_1_3' title='bbox 1296 381 1448 437; x_wconf 84' lang='lat' dir='ltr'><strong>LVII.</strong></span> <span class='ocrx_word' id='word_1_4' title='bbox 1488 413 1558 423; x_wconf 94' lang='lat'><strong>—</strong></span> <span class='ocrx_word' id='word_1_5' title='bbox 1585 383 1673 437; x_wconf 88' lang='lat' dir='ltr'><strong>DE</strong></span> <span class='ocrx_word' id='word_1_6' title='bbox 1729 380 2020 437; x_wconf 78' lang='lat' dir='ltr'><strong>PRINCIP.</strong></span> <span class='ocrx_word' id='word_1_7' title='bbox 2061 379 2282 438; x_wconf 82' lang='lat' dir='ltr'><strong>OFFIC.</strong></span> <span class='ocrx_word' id='word_1_8' title='bbox 2327 379 2396 435; x_wconf 81' lang='lat' dir='ltr'><strong>1N</strong></span> <span class='ocrx_word' id='word_1_9' title='bbox 2439 377 2685 434; x_wconf 79' lang='lat' dir='ltr'><strong>COERC.</strong></span> <span class='ocrx_word' id='word_1_10' title='bbox 2721 375 2996 432; x_wconf 80' lang='lat' dir='ltr'><strong>lMPROB.</strong></span> 
     </span>
    </p>
   </div>
   <div class='ocr_carea' id='block_1_3' title="bbox 3530 379 3637 435">
    <p class='ocr_par' dir='ltr' id='par_1_3' title="bbox 3530 379 3637 435">
     <span class='ocr_line' id='line_1_3' title="bbox 3530 379 3637 435; baseline -0.056 1"><span class='ocrx_word' id='word_1_11' title='bbox 3530 379 3637 435; x_wconf 76' lang='lat'><strong>850</strong></span> 
     </span>
    </p>
   </div>
   <div class='ocr_carea' id='block_1_4' title="bbox 385 487 3640 562">
    <p class='ocr_par' dir='ltr' id='par_1_4' title="bbox 385 487 3640 562">
     <span class='ocr_line' id='line_1_4' title="bbox 385 487 3640 562; baseline 0.002 -22"><span class='ocrx_word' id='word_1_12' title='bbox 385 489 454 540; x_wconf 88' lang='lat' dir='ltr'><strong>sil</strong></span> <span class='ocrx_word' id='word_1_13' title='bbox 483 487 643 557; x_wconf 91' lang='lat' dir='ltr'><strong>eique</strong></span> <span class='ocrx_word' id='word_1_14' title='bbox 683 495 938 556; x_wconf 92' lang='lat' dir='ltr'><strong>tanquam</strong></span> <span class='ocrx_word' id='word_1_15' title='bbox 979 490 1262 546; x_wconf 87' lang='lat' dir='ltr'><strong>notissima</strong></span> <span class='ocrx_word' id='word_1_16' title='bbox 1293 490 1658 547; x_wconf 85' lang='lat' dir='ltr'><strong>familiaritate</strong></span> <span class='ocrx_word' id='word_1_17' title='bbox 1698 493 1966 547; x_wconf 85' lang='lat' dir='ltr'><strong>blanditus</strong></span> <span class='ocrx_word' id='word_1_18' title='bbox 1994 495 2046 555; x_wconf 82' lang='grc' dir='ltr'><strong>Α</strong></span> <span class='ocrx_word' id='word_1_19' title='bbox 2069 510 2227 550; x_wconf 88' lang='lat' dir='ltr'><strong>omen</strong></span> <span class='ocrx_word' id='word_1_20' title='bbox 2270 496 2303 548; x_wconf 92' lang='lat' dir='ltr'><strong>ii</strong></span> <span class='ocrx_word' id='word_1_21' title='bbox 2333 494 2424 562; x_wconf 85' lang='lat' dir='ltr'><strong>qui</strong></span> <span class='ocrx_word' id='word_1_22' title='bbox 2449 496 2671 548; x_wconf 89' lang='lat' dir='ltr'><strong>aderant</strong></span> <span class='ocrx_word' id='word_1_23' title='bbox 2712 493 3014 555; x_wconf 83' lang='lat' dir='ltr'><strong>crederent,</strong></span> <span class='ocrx_word' id='word_1_24' title='bbox 3051 491 3369 561; x_wconf 83' lang='lat' dir='ltr'><strong>signumque</strong></span> <span class='ocrx_word' id='word_1_25' title='bbox 3391 493 3493 547; x_wconf 91' lang='lat' dir='ltr'><strong>hoc</strong></span> <span class='ocrx_word' id='word_1_26' title='bbox 3519 507 3640 548; x_wconf 82' lang='lat' dir='ltr'><strong>esse</strong></span> 
     </span>
    </p>
   </div>
   <div class='ocr_carea' id='block_1_5' title="bbox 385 579 1966 648">
    <p class='ocr_par' dir='ltr' id='par_1_5' title="bbox 385 579 1966 648">
     <span class='ocr_line' id='line_1_5' title="bbox 385 579 1966 648; baseline 0.004 -17"><span class='ocrx_word' id='word_1_27' title='bbox 385 579 634 633; x_wconf 71' lang='lat' dir='ltr'><strong>adha‘sit.</strong></span> <span class='ocrx_word' id='word_1_28' title='bbox 681 579 773 633; x_wconf 87' lang='lat' dir='ltr'><strong>Sic</strong></span> <span class='ocrx_word' id='word_1_29' title='bbox 821 581 1002 648; x_wconf 81' lang='lat' dir='ltr'><strong>itaque</strong></span> <span class='ocrx_word' id='word_1_30' title='bbox 1048 582 1298 636; x_wconf 84' lang='lat' dir='ltr'><strong>liberavit</strong></span> <span class='ocrx_word' id='word_1_31' title='bbox 1343 592 1590 648; x_wconf 91' lang='lat' dir='ltr'><strong>matrem,</strong></span> <span class='ocrx_word' id='word_1_32' title='bbox 1621 584 1746 637; x_wconf 89' lang='lat' dir='ltr'><strong>dum</strong></span> <span class='ocrx_word' id='word_1_33' title='bbox 1785 584 1966 638; x_wconf 90' lang='lat' dir='ltr'><strong>divino</strong></span> 
     </span>
    </p>
   </div>
   <div class='ocr_carea' id='block_1_6' title="bbox 384 671 1968 743">
    <p class='ocr_par' dir='ltr' id='par_1_6' title="bbox 384 671 1968 743">
     <span class='ocr_line' id='line_1_6' title="bbox 384 671 1968 743; baseline 0.004 -22"><span class='ocrx_word' id='word_1_34' title='bbox 384 679 712 739; x_wconf 78' lang='lat' dir='ltr'><strong>provocatus</strong></span> <span class='ocrx_word' id='word_1_35' title='bbox 763 671 1042 733; x_wconf 89' lang='lat' dir='ltr'><strong>instinctu,</strong></span> <span class='ocrx_word' id='word_1_36' title='bbox 1094 673 1248 742; x_wconf 89' lang='lat' dir='ltr'><strong>petiit</strong></span> <span class='ocrx_word' id='word_1_37' title='bbox 1295 673 1616 742; x_wconf 82' lang='lat' dir='ltr'><strong>genitorem.</strong></span> <span class='ocrx_word' id='word_1_38' title='bbox 1659 675 1772 728; x_wconf 86' lang='lat' dir='ltr'><strong>lIoc</strong></span> <span class='ocrx_word' id='word_1_39' title='bbox 1807 675 1968 743; x_wconf 81' lang='lat' dir='ltr'><strong>igitur</strong></span> 
     </span>
    </p>
   </div>
   <div class='ocr_carea' id='block_1_7' title="bbox 385 760 1966 833">
    <p class='ocr_par' dir='ltr' id='par_1_7' title="bbox 385 760 1966 833">
     <span class='ocr_line' id='line_1_7' title="bbox 385 760 1966 833; baseline 0.004 -21"><span class='ocrx_word' id='word_1_40' title='bbox 385 761 544 814; x_wconf 83' lang='lat' dir='ltr'><strong>modo</strong></span> <span class='ocrx_word' id='word_1_41' title='bbox 571 761 730 813; x_wconf 89' lang='lat' dir='ltr'><strong>matri</strong></span> <span class='ocrx_word' id='word_1_42' title='bbox 755 760 1000 815; x_wconf 80' lang='lat' dir='ltr'><strong>confusio</strong></span> <span class='ocrx_word' id='word_1_43' title='bbox 1029 762 1254 828; x_wconf 92' lang='lat' dir='ltr'><strong>tollitur,</strong></span> <span class='ocrx_word' id='word_1_44' title='bbox 1280 765 1416 833; x_wconf 89' lang='lat' dir='ltr'><strong>patri</strong></span> <span class='ocrx_word' id='word_1_45' title='bbox 1449 765 1587 818; x_wconf 82' lang='lat' dir='ltr'><strong>filius</strong></span> <span class='ocrx_word' id='word_1_46' title='bbox 1619 765 1884 826; x_wconf 86' lang='lat' dir='ltr'><strong>redditur,</strong></span> <span class='ocrx_word' id='word_1_47' title='bbox 1910 776 1966 819; x_wconf 91' lang='lat' dir='ltr'><strong>et</strong></span> 
     </span>
    </p>
   </div>
   <div class='ocr_carea' id='block_1_8' title="bbox 383 849 1964 922">
    <p class='ocr_par' dir='ltr' id='par_1_8' title="bbox 383 849 1964 922">
     <span class='ocr_line' id='line_1_8' title="bbox 383 849 1964 922; baseline 0.005 -21"><span class='ocrx_word' id='word_1_48' title='bbox 383 849 668 920; x_wconf 86' lang='lat' dir='ltr'><strong>utriusque</strong></span> <span class='ocrx_word' id='word_1_49' title='bbox 691 851 931 919; x_wconf 89' lang='lat' dir='ltr'><strong>parentis</strong></span> <span class='ocrx_word' id='word_1_50' title='bbox 982 850 1204 906; x_wconf 76' lang='lat' dir='ltr'><strong>affectus</strong></span> <span class='ocrx_word' id='word_1_51' title='bbox 1241 868 1368 922; x_wconf 89' lang='lat' dir='ltr'><strong>erga</strong></span> <span class='ocrx_word' id='word_1_52' title='bbox 1391 869 1450 910; x_wconf 91' lang='lat' dir='ltr'><strong>se</strong></span> <span class='ocrx_word' id='word_1_53' title='bbox 1482 855 1711 909; x_wconf 88' lang='lat' dir='ltr'><strong>invicem</strong></span> <span class='ocrx_word' id='word_1_54' title='bbox 1742 857 1793 908; x_wconf 87' lang='lat' dir='ltr'><strong>in</strong></span> <span class='ocrx_word' id='word_1_55' title='bbox 1817 870 1964 910; x_wconf 90' lang='lat' dir='ltr'><strong>com-</strong></span> 
     </span>
    </p>
   </div>
   <div class='ocr_carea' id='block_1_9' title="bbox 385 941 1963 1016">
    <p class='ocr_par' dir='ltr' id='par_1_9' title="bbox 385 941 1963 1016">
     <span class='ocr_line' id='line_1_9' title="bbox 385 941 1963 1016; baseline 0.003 -22"><span class='ocrx_word' id='word_1_56' title='bbox 385 941 533 996; x_wconf 85' lang='lat' dir='ltr'><strong>muni</strong></span> <span class='ocrx_word' id='word_1_57' title='bbox 569 942 752 997; x_wconf 79' lang='lat' dir='ltr'><strong>sobole</strong></span> <span class='ocrx_word' id='word_1_58' title='bbox 791 945 1137 998; x_wconf 83' lang='lat' dir='ltr'><strong>reformatur.</strong></span> <span class='ocrx_word' id='word_1_59' title='bbox 1165 943 1364 1000; x_wconf 82' lang='lat' dir='ltr'><strong>Omnes</strong></span> <span class='ocrx_word' id='word_1_60' title='bbox 1408 961 1537 1016; x_wconf 88' lang='lat' dir='ltr'><strong>crgo</strong></span> <span class='ocrx_word' id='word_1_61' title='bbox 1591 948 1680 1014; x_wconf 87' lang='lat' dir='ltr'><strong>qui</strong></span> <span class='ocrx_word' id='word_1_62' title='bbox 1716 947 1963 1010; x_wconf 87' lang='lat' dir='ltr'><strong>aderant,</strong></span> 
     </span>
    </p>
   </div>
   <div class='ocr_carea' id='block_1_10' title="bbox 385 1033 1966 1107">
    <p class='ocr_par' dir='ltr' id='par_1_10' title="bbox 385 1033 1966 1107">
     <span class='ocr_line' id='line_1_10' title="bbox 385 1033 1966 1107; baseline 0.004 -23"><span class='ocrx_word' id='word_1_63' title='bbox 385 1041 538 1086; x_wconf 90' lang='lat' dir='ltr'><strong>tanto</strong></span> <span class='ocrx_word' id='word_1_64' title='bbox 583 1033 866 1104; x_wconf 80' lang='lat' dir='ltr'><strong>stupefacti</strong></span> <span class='ocrx_word' id='word_1_65' title='bbox 915 1035 1196 1101; x_wconf 88' lang='lat' dir='ltr'><strong>miraculo,</strong></span> <span class='ocrx_word' id='word_1_66' title='bbox 1227 1036 1407 1090; x_wconf 86' lang='lat' dir='ltr'><strong>votiva</strong></span> <span class='ocrx_word' id='word_1_67' title='bbox 1444 1037 1640 1092; x_wconf 90' lang='lat' dir='ltr'><strong>mentis</strong></span> <span class='ocrx_word' id='word_1_68' title='bbox 1669 1035 1966 1107; x_wconf 84' lang='lat' dir='ltr'><strong>conjubila-</strong></span> 
     </span>
    </p>
   </div>
   <div class='ocr_carea' id='block_1_11' title="bbox 387 1123 1967 1196">
    <p class='ocr_par' dir='ltr' id='par_1_11' title="bbox 387 1123 1967 1196">
     <span class='ocr_line' id='line_1_11' title="bbox 387 1123 1967 1196; baseline 0.002 -20"><span class='ocrx_word' id='word_1_69' title='bbox 387 1125 534 1177; x_wconf 89' lang='lat' dir='ltr'><strong>tione</strong></span> <span class='ocrx_word' id='word_1_70' title='bbox 564 1133 619 1178; x_wconf 92' lang='lat' dir='ltr'><strong>et</strong></span> <span class='ocrx_word' id='word_1_71' title='bbox 645 1123 834 1196; x_wconf 88' lang='lat' dir='ltr'><strong>dignas</strong></span> <span class='ocrx_word' id='word_1_72' title='bbox 853 1125 1057 1179; x_wconf 76' lang='lat' dir='ltr'><strong>auctori</strong></span> <span class='ocrx_word' id='word_1_73' title='bbox 1089 1125 1198 1180; x_wconf 90' lang='lat' dir='ltr'><strong>Deo</strong></span> <span class='ocrx_word' id='word_1_74' title='bbox 1217 1127 1420 1196; x_wconf 75' lang='lat' dir='ltr'><strong>gratias</strong></span> <span class='ocrx_word' id='word_1_75' title='bbox 1443 1127 1761 1192; x_wconf 82' lang='lat' dir='ltr'><strong>referentes,</strong></span> <span class='ocrx_word' id='word_1_76' title='bbox 1787 1126 1967 1182; x_wconf 77' lang='lat' dir='ltr'><strong>exsul-</strong></span> 
     </span>
    </p>
   </div>
   <div class='ocr_carea' id='block_1_12' title="bbox 389 1221 522 1266">
    <p class='ocr_par' dir='ltr' id='par_1_12' title="bbox 389 1221 522 1266">
     <span class='ocr_line' id='line_1_12' title="bbox 389 1221 522 1266; baseline -0.015 0"><span class='ocrx_word' id='word_1_77' title='bbox 389 1221 522 1266; x_wconf 84' lang='lat' dir='ltr'><strong>tant.</strong></span> 
     </span>
    </p>
   </div>
   <div class='ocr_carea' id='block_1_13' title="bbox 457 1302 1966 1374">
    <p class='ocr_par' dir='ltr' id='par_1_13' title="bbox 457 1302 1966 1374">
     <span class='ocr_line' id='line_1_13' title="bbox 457 1302 1966 1374; baseline 0.004 -18"><span class='ocrx_word' id='word_1_78' title='bbox 457 1302 554 1356; x_wconf 87' lang='lat' dir='ltr'><strong>llic</strong></span> <span class='ocrx_word' id='word_1_79' title='bbox 575 1313 836 1373; x_wconf 85' lang='lat' dir='ltr'><strong>praeterea</strong></span> <span class='ocrx_word' id='word_1_80' title='bbox 867 1317 1008 1372; x_wconf 78' lang='lat' dir='ltr'><strong>saepe</strong></span> <span class='ocrx_word' id='word_1_81' title='bbox 1025 1303 1151 1358; x_wconf 90' lang='lat' dir='ltr'><strong>dum</strong></span> <span class='ocrx_word' id='word_1_82' title='bbox 1178 1306 1468 1374; x_wconf 90' lang='lat' dir='ltr'><strong>equitaret,</strong></span> <span class='ocrx_word' id='word_1_83' title='bbox 1491 1307 1744 1360; x_wconf 89' lang='lat' dir='ltr'><strong>comitum</strong></span> <span class='ocrx_word' id='word_1_84' title='bbox 1765 1321 1966 1362; x_wconf 90' lang='lat' dir='ltr'><strong>cuneos</strong></span> 
     </span>
    </p>
   </div>
   <div class='ocr_carea' id='block_1_14' title="bbox 385 1393 1964 1461">
    <p class='ocr_par' dir='ltr' id='par_1_14' title="bbox 385 1393 1964 1461">
     <span class='ocr_line' id='line_1_14' title="bbox 385 1393 1964 1461; baseline 0.001 -15"><span class='ocrx_word' id='word_1_85' title='bbox 385 1403 504 1461; x_wconf 88' lang='lat' dir='ltr'><strong>post</strong></span> <span class='ocrx_word' id='word_1_86' title='bbox 523 1409 582 1448; x_wconf 89' lang='lat' dir='ltr'><strong>se</strong></span> <span class='ocrx_word' id='word_1_87' title='bbox 603 1393 877 1448; x_wconf 89' lang='lat' dir='ltr'><strong>dimittere</strong></span> <span class='ocrx_word' id='word_1_88' title='bbox 921 1404 1302 1460; x_wconf 86' lang='lat' dir='ltr'><strong>consueverat,</strong></span> <span class='ocrx_word' id='word_1_89' title='bbox 1330 1405 1383 1450; x_wconf 91' lang='lat' dir='ltr'><strong>et</strong></span> <span class='ocrx_word' id='word_1_90' title='bbox 1418 1396 1500 1450; x_wconf 87' lang='lat' dir='ltr'><strong>vel</strong></span> <span class='ocrx_word' id='word_1_91' title='bbox 1539 1396 1706 1460; x_wconf 90' lang='lat' dir='ltr'><strong>solus,</strong></span> <span class='ocrx_word' id='word_1_92' title='bbox 1745 1395 1828 1448; x_wconf 88' lang='lat' dir='ltr'><strong>vel</strong></span> <span class='ocrx_word' id='word_1_93' title='bbox 1856 1409 1964 1449; x_wconf 93' lang='lat' dir='ltr'><strong>uno</strong></span> 
     </span>
    </p>
   </div>
   <div class='ocr_carea' id='block_1_15' title="bbox 385 1482 1962 1556">
    <p class='ocr_par' dir='ltr' id='par_1_15' title="bbox 385 1482 1962 1556">
     <span class='ocr_line' id='line_1_15' title="bbox 385 1482 1962 1556; baseline 0.001 -18"><span class='ocrx_word' id='word_1_94' title='bbox 385 1491 674 1538; x_wconf 89' lang='lat' dir='ltr'><strong>contentus</strong></span> <span class='ocrx_word' id='word_1_95' title='bbox 696 1482 922 1548; x_wconf 89' lang='lat' dir='ltr'><strong>assecla,</strong></span> <span class='ocrx_word' id='word_1_96' title='bbox 955 1483 1166 1554; x_wconf 81' lang='lat' dir='ltr'><strong>longius</strong></span> <span class='ocrx_word' id='word_1_97' title='bbox 1200 1485 1570 1554; x_wconf 72' lang='lat' dir='ltr'><strong>prtecedebat;</strong></span> <span class='ocrx_word' id='word_1_98' title='bbox 1606 1495 1660 1539; x_wconf 90' lang='lat' dir='ltr'><strong>et</strong></span> <span class='ocrx_word' id='word_1_99' title='bbox 1683 1495 1808 1539; x_wconf 90' lang='lat' dir='ltr'><strong>tunc</strong></span> <span class='ocrx_word' id='word_1_100' title='bbox 1823 1487 1962 1556; x_wconf 88' lang='lat' dir='ltr'><strong>agri-</strong></span> 
     </span>
    </p>
   </div>
   <div class='ocr_carea' id='block_1_16' title="bbox 383 1571 1962 1646">
    <p class='ocr_par' dir='ltr' id='par_1_16' title="bbox 383 1571 1962 1646">
     <span class='ocr_line' id='line_1_16' title="bbox 383 1571 1962 1646; baseline 0.004 -22"><span class='ocrx_word' id='word_1_101' title='bbox 383 1571 552 1637; x_wconf 87' lang='lat' dir='ltr'><strong>colas,</strong></span> <span class='ocrx_word' id='word_1_102' title='bbox 584 1573 668 1628; x_wconf 85' lang='lat' dir='ltr'><strong>vel</strong></span> <span class='ocrx_word' id='word_1_103' title='bbox 691 1575 956 1642; x_wconf 85' lang='lat' dir='ltr'><strong>opiliones</strong></span> <span class='ocrx_word' id='word_1_104' title='bbox 982 1575 1065 1630; x_wconf 89' lang='lat' dir='ltr'><strong>his</strong></span> <span class='ocrx_word' id='word_1_105' title='bbox 1107 1575 1468 1646; x_wconf 85' lang='lat' dir='ltr'><strong>compellabat</strong></span> <span class='ocrx_word' id='word_1_106' title='bbox 1521 1575 1789 1630; x_wconf 74' lang='lat' dir='ltr'><strong>affatibus.</strong></span> <span class='ocrx_word' id='word_1_107' title='bbox 1824 1576 1962 1642; x_wconf 94' lang='lat' dir='ltr'><strong>Quid</strong></span> 
     </span>
    </p>
   </div>
   <div class='ocr_carea' id='block_1_17' title="bbox 383 1663 1963 1736">
    <p class='ocr_par' dir='ltr' id='par_1_17' title="bbox 383 1663 1963 1736">
     <span class='ocr_line' id='line_1_17' title="bbox 383 1663 1963 1736; baseline 0.003 -20"><span class='ocrx_word' id='word_1_108' title='bbox 383 1663 560 1728; x_wconf 89' lang='lat' dir='ltr'><strong>vobis,</strong></span> <span class='ocrx_word' id='word_1_109' title='bbox 591 1664 786 1735; x_wconf 86' lang='lat' dir='ltr'><strong>inquit,</strong></span> <span class='ocrx_word' id='word_1_110' title='bbox 823 1666 1039 1720; x_wconf 89' lang='lat' dir='ltr'><strong>videtur</strong></span> <span class='ocrx_word' id='word_1_111' title='bbox 1067 1667 1133 1722; x_wconf 90' lang='lat' dir='ltr'><strong>de</strong></span> <span class='ocrx_word' id='word_1_112' title='bbox 1179 1667 1494 1722; x_wconf 91' lang='lat' dir='ltr'><strong>marcbione</strong></span> <span class='ocrx_word' id='word_1_113' title='bbox 1537 1668 1664 1733; x_wconf 88' lang='lat' dir='ltr'><strong>isto,</strong></span> <span class='ocrx_word' id='word_1_114' title='bbox 1695 1682 1854 1736; x_wconf 89' lang='lat' dir='ltr'><strong>quem</strong></span> <span class='ocrx_word' id='word_1_115' title='bbox 1885 1668 1963 1721; x_wconf 86' lang='lat' dir='ltr'><strong>di-</strong></span> 
     </span>
    </p>
   </div>
   <div class='ocr_carea' id='block_1_18' title="bbox 384 1753 1962 1828">
    <p class='ocr_par' dir='ltr' id='par_1_18' title="bbox 384 1753 1962 1828">
     <span class='ocr_line' id='line_1_18' title="bbox 384 1753 1962 1828; baseline 0.004 -22"><span class='ocrx_word' id='word_1_116' title='bbox 384 1756 550 1808; x_wconf 85' lang='lat' dir='ltr'><strong>cunt?</strong></span> <span class='ocrx_word' id='word_1_117' title='bbox 601 1753 852 1824; x_wconf 85' lang='lat' dir='ltr'><strong>Nunquid</strong></span> <span class='ocrx_word' id='word_1_118' title='bbox 903 1773 1010 1810; x_wconf 92' lang='lat' dir='ltr'><strong>non</strong></span> <span class='ocrx_word' id='word_1_119' title='bbox 1069 1757 1302 1813; x_wconf 85' lang='lat' dir='ltr'><strong>crudelis</strong></span> <span class='ocrx_word' id='word_1_120' title='bbox 1341 1769 1396 1812; x_wconf 92' lang='lat' dir='ltr'><strong>et</strong></span> <span class='ocrx_word' id='word_1_121' title='bbox 1425 1759 1645 1828; x_wconf 91' lang='lat' dir='ltr'><strong>impius,</strong></span> <span class='ocrx_word' id='word_1_122' title='bbox 1695 1773 1962 1827; x_wconf 85' lang='lat' dir='ltr'><strong>pauperes</strong></span> 
     </span>
    </p>
   </div>
   <div class='ocr_carea' id='block_1_19' title="bbox 2068 581 3644 652">
    <p class='ocr_par' dir='ltr' id='par_1_19' title="bbox 2068 581 3644 652">
     <span class='ocr_line' id='line_1_19' title="bbox 2068 581 3644 652; baseline 0 -16"><span class='ocrx_word' id='word_1_123' title='bbox 2068 584 2451 652; x_wconf 83' lang='lat' dir='ltr'><strong>recuperandae</strong></span> <span class='ocrx_word' id='word_1_124' title='bbox 2477 582 2686 644; x_wconf 88' lang='lat' dir='ltr'><strong>salutis,</strong></span> <span class='ocrx_word' id='word_1_125' title='bbox 2723 582 2918 635; x_wconf 85' lang='lat' dir='ltr'><strong>creetis</strong></span> <span class='ocrx_word' id='word_1_126' title='bbox 2955 581 3007 634; x_wconf 91' lang='lat' dir='ltr'><strong>in</strong></span> <span class='ocrx_word' id='word_1_127' title='bbox 3035 596 3182 648; x_wconf 88' lang='lat' dir='ltr'><strong>spem</strong></span> <span class='ocrx_word' id='word_1_128' title='bbox 3230 583 3508 648; x_wconf 84' lang='lat' dir='ltr'><strong>cordibus,</strong></span> <span class='ocrx_word' id='word_1_129' title='bbox 3543 599 3644 636; x_wconf 83' lang='lat' dir='ltr'><strong>au-</strong></span> 
     </span>
    </p>
   </div>
   <div class='ocr_carea' id='block_1_20' title="bbox 2067 671 3282 742">
    <p class='ocr_par' dir='ltr' id='par_1_20' title="bbox 2067 671 3282 742">
     <span class='ocr_line' id='line_1_20' title="bbox 2067 671 3282 742; baseline -0.005 -14"><span class='ocrx_word' id='word_1_130' title='bbox 2067 683 2358 738; x_wconf 86' lang='lat' dir='ltr'><strong>tumarcnt,</strong></span> <span class='ocrx_word' id='word_1_131' title='bbox 2382 673 2542 742; x_wconf 87' lang='lat' dir='ltr'><strong>paulo</strong></span> <span class='ocrx_word' id='word_1_132' title='bbox 2579 681 2698 741; x_wconf 90' lang='lat' dir='ltr'><strong>post</strong></span> <span class='ocrx_word' id='word_1_133' title='bbox 2729 673 2842 739; x_wconf 88' lang='lat' dir='ltr'><strong>ipse</strong></span> <span class='ocrx_word' id='word_1_134' title='bbox 2871 671 3154 724; x_wconf 88' lang='lat' dir='ltr'><strong>defunctus</strong></span> <span class='ocrx_word' id='word_1_135' title='bbox 3179 680 3282 725; x_wconf 90' lang='lat' dir='ltr'><strong>est.</strong></span> 
     </span>
    </p>
   </div>
   <div class='ocr_carea' id='block_1_21' title="bbox 2137 759 3643 832">
    <p class='ocr_par' dir='ltr' id='par_1_21' title="bbox 2137 759 3643 832">
     <span class='ocr_line' id='line_1_21' title="bbox 2137 759 3643 832; baseline 0.001 -16"><span class='ocrx_word' id='word_1_136' title='bbox 2137 764 2232 818; x_wconf 88' lang='lat' dir='ltr'><strong>Hie</strong></span> <span class='ocrx_word' id='word_1_137' title='bbox 2255 771 2516 832; x_wconf 67' lang='lat' dir='ltr'><strong>praeterea</strong></span> <span class='ocrx_word' id='word_1_138' title='bbox 2547 776 2638 815; x_wconf 75' lang='lat' dir='ltr'><strong>ses</strong></span> <span class='ocrx_word' id='word_1_139' title='bbox 2669 759 2924 832; x_wconf 77' lang='lat' dir='ltr'><strong>[septem]</strong></span> <span class='ocrx_word' id='word_1_140' title='bbox 2959 760 3282 812; x_wconf 84' lang='lat' dir='ltr'><strong>monasteria</strong></span> <span class='ocrx_word' id='word_1_141' title='bbox 3316 760 3368 812; x_wconf 93' lang='lat' dir='ltr'><strong>in</strong></span> <span class='ocrx_word' id='word_1_142' title='bbox 3399 760 3478 813; x_wconf 87' lang='lat' dir='ltr'><strong>sui</strong></span> <span class='ocrx_word' id='word_1_143' title='bbox 3501 761 3643 830; x_wconf 78' lang='lat' dir='ltr'><strong>juris</strong></span> 
     </span>
    </p>
   </div>
   <div class='ocr_carea' id='block_1_22' title="bbox 2063 849 3640 924">
    <p class='ocr_par' dir='ltr' id='par_1_22' title="bbox 2063 849 3640 924">
     <span class='ocr_line' id='line_1_22' title="bbox 2063 849 3640 924; baseline 0.001 -16"><span class='ocrx_word' id='word_1_144' title='bbox 2063 855 2406 924; x_wconf 79' lang='lat' dir='ltr'><strong>possessione</strong></span> <span class='ocrx_word' id='word_1_145' title='bbox 2454 852 2776 916; x_wconf 80' lang='lat' dir='ltr'><strong>construxit,</strong></span> <span class='ocrx_word' id='word_1_146' title='bbox 2809 866 2928 920; x_wconf 72' lang='lat' dir='ltr'><strong>quae</strong></span> <span class='ocrx_word' id='word_1_147' title='bbox 2959 865 3063 904; x_wconf 93' lang='lat' dir='ltr'><strong>non</strong></span> <span class='ocrx_word' id='word_1_148' title='bbox 3117 849 3276 902; x_wconf 92' lang='lat' dir='ltr'><strong>modo</strong></span> <span class='ocrx_word' id='word_1_149' title='bbox 3323 853 3539 918; x_wconf 77' lang='lat' dir='ltr'><strong>prauiiis</strong></span> <span class='ocrx_word' id='word_1_150' title='bbox 3576 869 3640 910; x_wconf 86' lang='lat' dir='ltr'><strong>ac</strong></span> 
     </span>
    </p>
   </div>
   <div class='ocr_carea' id='block_1_23' title="bbox 2066 938 3640 1011">
    <p class='ocr_par' dir='ltr' id='par_1_23' title="bbox 2066 938 3640 1011">
     <span class='ocr_line' id='line_1_23' title="bbox 2066 938 3640 1011; baseline -0.001 -14"><span class='ocrx_word' id='word_1_151' title='bbox 2066 943 2348 1011; x_wconf 86' lang='lat' dir='ltr'><strong>mancipiis</strong></span> <span class='ocrx_word' id='word_1_152' title='bbox 2367 983 2381 1005; x_wconf 88' lang='lat'><strong>,</strong></span> <span class='ocrx_word' id='word_1_153' title='bbox 2411 941 2504 995; x_wconf 81' lang='lat' dir='ltr'><strong>sed</strong></span> <span class='ocrx_word' id='word_1_154' title='bbox 2533 953 2586 995; x_wconf 90' lang='lat' dir='ltr'><strong>et</strong></span> <span class='ocrx_word' id='word_1_155' title='bbox 2611 939 2806 1002; x_wconf 86' lang='lat' dir='ltr'><strong>aureis,</strong></span> <span class='ocrx_word' id='word_1_156' title='bbox 2836 947 2890 994; x_wconf 90' lang='lat' dir='ltr'><strong>et</strong></span> <span class='ocrx_word' id='word_1_157' title='bbox 2921 938 3193 1008; x_wconf 80' lang='lat' dir='ltr'><strong>argenteis</strong></span> <span class='ocrx_word' id='word_1_158' title='bbox 3216 939 3380 1000; x_wconf 88' lang='lat' dir='ltr'><strong>vasis,</strong></span> <span class='ocrx_word' id='word_1_159' title='bbox 3409 940 3640 996; x_wconf 81' lang='lat' dir='ltr'><strong>diversis</strong></span> 
     </span>
    </p>
   </div>
   <div class='ocr_carea' id='block_1_24' title="bbox 2065 1031 3640 1099">
    <p class='ocr_par' dir='ltr' id='par_1_24' title="bbox 2065 1031 3640 1099">
     <span class='ocr_line' id='line_1_24' title="bbox 2065 1031 3640 1099; baseline -0.001 -11"><span class='ocrx_word' id='word_1_160' title='bbox 2065 1037 2228 1090; x_wconf 82' lang='lat' dir='ltr'><strong>etiam</strong></span> <span class='ocrx_word' id='word_1_161' title='bbox 2263 1034 2648 1090; x_wconf 88' lang='lat' dir='ltr'><strong>ecclesiasticis</strong></span> <span class='ocrx_word' id='word_1_162' title='bbox 2676 1031 3030 1092; x_wconf 87' lang='lat' dir='ltr'><strong>ornamentis,</strong></span> <span class='ocrx_word' id='word_1_163' title='bbox 3060 1032 3274 1099; x_wconf 85' lang='lat' dir='ltr'><strong>copiosa</strong></span> <span class='ocrx_word' id='word_1_164' title='bbox 3319 1031 3640 1087; x_wconf 84' lang='lat' dir='ltr'><strong>liberalitate</strong></span> 
     </span>
    </p>
   </div>
   <div class='ocr_carea' id='block_1_25' title="bbox 2066 1120 3642 1193">
    <p class='ocr_par' dir='ltr' id='par_1_25' title="bbox 2066 1120 3642 1193">
     <span class='ocr_line' id='line_1_25' title="bbox 2066 1120 3642 1193; baseline -0.003 -13"><span class='ocrx_word' id='word_1_165' title='bbox 2066 1127 2273 1180; x_wconf 83' lang='lat' dir='ltr'><strong>ditavit.</strong></span> <span class='ocrx_word' id='word_1_166' title='bbox 2303 1125 2356 1178; x_wconf 91' lang='lat' dir='ltr'><strong>ln</strong></span> <span class='ocrx_word' id='word_1_167' title='bbox 2389 1139 2616 1193; x_wconf 88' lang='lat' dir='ltr'><strong>quorum</strong></span> <span class='ocrx_word' id='word_1_168' title='bbox 2664 1139 2791 1186; x_wconf 91' lang='lat' dir='ltr'><strong>uno,</strong></span> <span class='ocrx_word' id='word_1_169' title='bbox 2823 1120 3112 1176; x_wconf 85' lang='lat' dir='ltr'><strong>venerabili</strong></span> <span class='ocrx_word' id='word_1_170' title='bbox 3143 1120 3387 1173; x_wconf 80' lang='lat' dir='ltr'><strong>videlicet</strong></span> <span class='ocrx_word' id='word_1_171' title='bbox 3447 1135 3510 1174; x_wconf 90' lang='lat' dir='ltr'><strong>ac</strong></span> <span class='ocrx_word' id='word_1_172' title='bbox 3553 1137 3642 1176; x_wconf 85' lang='lat' dir='ltr'><strong>re-</strong></span> 
     </span>
    </p>
   </div>
   <div class='ocr_carea' id='block_1_26' title="bbox 2065 1207 3640 1288">
    <p class='ocr_par' dir='ltr' id='par_1_26' title="bbox 2065 1207 3640 1288">
     <span class='ocr_line' id='line_1_26' title="bbox 2065 1207 3640 1288; baseline -0.001 -25"><span class='ocrx_word' id='word_1_173' title='bbox 2065 1215 2276 1288; x_wconf 74' lang='lat' dir='ltr'><strong>ligioso,</strong></span> <span class='ocrx_word' id='word_1_174' title='bbox 2301 1215 2442 1284; x_wconf 86' lang='lat' dir='ltr'><strong>quod</strong></span> <span class='ocrx_word' id='word_1_175' title='bbox 2473 1213 2538 1268; x_wconf 89' lang='lat' dir='ltr'><strong>ad</strong></span> <span class='ocrx_word' id='word_1_176' title='bbox 2561 1214 2820 1267; x_wconf 87' lang='lat' dir='ltr'><strong>honorem</strong></span> <span class='ocrx_word' id='word_1_177' title='bbox 2851 1211 2943 1264; x_wconf 88' lang='lat' dir='ltr'><strong>Dei</strong></span> <span class='ocrx_word' id='word_1_178' title='bbox 2993 1207 3274 1280; x_wconf 75' lang='lat' dir='ltr'><strong>genitricis</strong></span> <span class='ocrx_word' id='word_1_179' title='bbox 3307 1216 3388 1261; x_wconf 87' lang='lat' dir='ltr'><strong>est</strong></span> <span class='ocrx_word' id='word_1_180' title='bbox 3422 1208 3474 1261; x_wconf 90' lang='lat' dir='ltr'><strong>in</strong></span> <span class='ocrx_word' id='word_1_181' title='bbox 3519 1208 3640 1262; x_wconf 85' lang='lat' dir='ltr'><strong>Flo-</strong></span> 
     </span>
    </p>
   </div>
   <div class='ocr_carea' id='block_1_27' title="bbox 2067 1299 3640 1370">
    <p class='ocr_par' dir='ltr' id='par_1_27' title="bbox 2067 1299 3640 1370">
     <span class='ocr_line' id='line_1_27' title="bbox 2067 1299 3640 1370; baseline -0.004 -12"><span class='ocrx_word' id='word_1_182' title='bbox 2067 1305 2278 1360; x_wconf 88' lang='lat' dir='ltr'><strong>rentina</strong></span> <span class='ocrx_word' id='word_1_183' title='bbox 2311 1303 2440 1358; x_wconf 87' lang='lat' dir='ltr'><strong>urbe</strong></span> <span class='ocrx_word' id='word_1_184' title='bbox 2483 1309 2886 1364; x_wconf 86' lang='lat' dir='ltr'><strong>constructum,</strong></span> <span class='ocrx_word' id='word_1_185' title='bbox 2921 1300 3066 1369; x_wconf 83' lang='lat' dir='ltr'><strong>jacet</strong></span> <span class='ocrx_word' id='word_1_186' title='bbox 3107 1299 3495 1370; x_wconf 84' lang='lat' dir='ltr'><strong>cadavercjus</strong></span> <span class='ocrx_word' id='word_1_187' title='bbox 3540 1300 3640 1354; x_wconf 89' lang='lat' dir='ltr'><strong>hu-</strong></span> 
     </span>
    </p>
   </div>
   <div class='ocr_carea' id='block_1_28' title="bbox 2065 1389 3639 1462">
    <p class='ocr_par' dir='ltr' id='par_1_28' title="bbox 2065 1389 3639 1462">
     <span class='ocr_line' id='line_1_28' title="bbox 2065 1389 3639 1462; baseline -0.005 -13"><span class='ocrx_word' id='word_1_188' title='bbox 2065 1405 2292 1450; x_wconf 86' lang='lat' dir='ltr'><strong>matum.</strong></span> <span class='ocrx_word' id='word_1_189' title='bbox 2339 1393 2502 1461; x_wconf 81' lang='lat' dir='ltr'><strong>Cujus</strong></span> <span class='ocrx_word' id='word_1_190' title='bbox 2528 1393 2734 1446; x_wconf 90' lang='lat' dir='ltr'><strong>obitum</strong></span> <span class='ocrx_word' id='word_1_191' title='bbox 2767 1407 2890 1446; x_wconf 88' lang='lat' dir='ltr'><strong>cum</strong></span> <span class='ocrx_word' id='word_1_192' title='bbox 2917 1393 3216 1462; x_wconf 80' lang='lat' dir='ltr'><strong>Augustus,</strong></span> <span class='ocrx_word' id='word_1_193' title='bbox 3248 1393 3338 1462; x_wconf 86' lang='lat' dir='ltr'><strong>qui</strong></span> <span class='ocrx_word' id='word_1_194' title='bbox 3372 1401 3498 1444; x_wconf 90' lang='lat' dir='ltr'><strong>tunc</strong></span> <span class='ocrx_word' id='word_1_195' title='bbox 3539 1389 3639 1442; x_wconf 88' lang='lat' dir='ltr'><strong>ha-</strong></span> 
     </span>
    </p>
   </div>
   <div class='ocr_carea' id='block_1_29' title="bbox 2063 1484 3639 1555">
    <p class='ocr_par' dir='ltr' id='par_1_29' title="bbox 2063 1484 3639 1555">
     <span class='ocr_line' id='line_1_29' title="bbox 2063 1484 3639 1555; baseline -0.002 -14"><span class='ocrx_word' id='word_1_196' title='bbox 2063 1488 2230 1541; x_wconf 88' lang='lat' dir='ltr'><strong>benas</strong></span> <span class='ocrx_word' id='word_1_197' title='bbox 2254 1487 2478 1540; x_wconf 77' lang='lat' dir='ltr'><strong>Romani</strong></span> <span class='ocrx_word' id='word_1_198' title='bbox 2503 1484 2723 1555; x_wconf 79' lang='lat' dir='ltr'><strong>regebat</strong></span> <span class='ocrx_word' id='word_1_199' title='bbox 2755 1485 2964 1555; x_wconf 89' lang='lat' dir='ltr'><strong>imperii</strong></span> <span class='ocrx_word' id='word_1_200' title='bbox 2987 1525 3000 1548; x_wconf 91' lang='lat'><strong>,</strong></span> <span class='ocrx_word' id='word_1_201' title='bbox 3027 1485 3152 1539; x_wconf 92' lang='lat' dir='ltr'><strong>Otto</strong></span> <span class='ocrx_word' id='word_1_202' title='bbox 3173 1485 3422 1540; x_wconf 81' lang='lat' dir='ltr'><strong>videlicet</strong></span> <span class='ocrx_word' id='word_1_203' title='bbox 3449 1484 3639 1538; x_wconf 90' lang='lat' dir='ltr'><strong>tertius</strong></span> 
     </span>
    </p>
   </div>
   <div class='ocr_carea' id='block_1_30' title="bbox 2065 1573 3638 1648">
    <p class='ocr_par' dir='ltr' id='par_1_30' title="bbox 2065 1573 3638 1648">
     <span class='ocr_line' id='line_1_30' title="bbox 2065 1573 3638 1648; baseline -0.003 -16"><span class='ocrx_word' id='word_1_204' title='bbox 2065 1577 2400 1648; x_wconf 79' lang='lat' dir='ltr'><strong>agnovisset,</strong></span> <span class='ocrx_word' id='word_1_205' title='bbox 2451 1577 2574 1646; x_wconf 88' lang='lat' dir='ltr'><strong>quia</strong></span> <span class='ocrx_word' id='word_1_206' title='bbox 2623 1576 2896 1646; x_wconf 90' lang='lat' dir='ltr'><strong>quondam</strong></span> <span class='ocrx_word' id='word_1_207' title='bbox 2943 1575 3204 1630; x_wconf 88' lang='lat' dir='ltr'><strong>adversus</strong></span> <span class='ocrx_word' id='word_1_208' title='bbox 3249 1591 3370 1629; x_wconf 89' lang='lat' dir='ltr'><strong>eum</strong></span> <span class='ocrx_word' id='word_1_209' title='bbox 3419 1573 3638 1630; x_wconf 87' lang='lat' dir='ltr'><strong>stimulo</strong></span> 
     </span>
    </p>
   </div>
   <div class='ocr_carea' id='block_1_31' title="bbox 2065 1664 3640 1738">
    <p class='ocr_par' dir='ltr' id='par_1_31' title="bbox 2065 1664 3640 1738">
     <span class='ocr_line' id='line_1_31' title="bbox 2065 1664 3640 1738; baseline -0.002 -18"><span class='ocrx_word' id='word_1_210' title='bbox 2065 1667 2411 1720; x_wconf 87' lang='lat' dir='ltr'><strong>mordebatur</strong></span> <span class='ocrx_word' id='word_1_211' title='bbox 2441 1665 2676 1726; x_wconf 67' lang='lat' dir='ltr'><strong>invidim,</strong></span> <span class='ocrx_word' id='word_1_212' title='bbox 2696 1665 2938 1738; x_wconf 84' lang='lat' dir='ltr'><strong>protinus</strong></span> <span class='ocrx_word' id='word_1_213' title='bbox 2965 1665 3017 1716; x_wconf 92' lang='lat' dir='ltr'><strong>in</strong></span> <span class='ocrx_word' id='word_1_214' title='bbox 3049 1664 3187 1716; x_wconf 87' lang='lat' dir='ltr'><strong>hanc</strong></span> <span class='ocrx_word' id='word_1_215' title='bbox 3216 1679 3393 1718; x_wconf 85' lang='lat' dir='ltr'><strong>vocem</strong></span> <span class='ocrx_word' id='word_1_216' title='bbox 3414 1679 3640 1733; x_wconf 82' lang='lat' dir='ltr'><strong>congra-</strong></span> 
     </span>
    </p>
   </div>
   <div class='ocr_carea' id='block_1_32' title="bbox 2065 1755 3639 1827">
    <p class='ocr_par' dir='ltr' id='par_1_32' title="bbox 2065 1755 3639 1827">
     <span class='ocr_line' id='line_1_32' title="bbox 2065 1755 3639 1827; baseline -0.001 -15"><span class='ocrx_word' id='word_1_217' title='bbox 2065 1759 2390 1812; x_wconf 89' lang='lat' dir='ltr'><strong>tulabundus</strong></span> <span class='ocrx_word' id='word_1_218' title='bbox 2415 1758 2591 1827; x_wconf 81' lang='lat' dir='ltr'><strong>erupit</strong></span> <span class='ocrx_word' id='word_1_219' title='bbox 2620 1776 2632 1812; x_wconf 92' lang='lat'><strong>:</strong></span> <span class='ocrx_word' id='word_1_220' title='bbox 2667 1779 2682 1808; x_wconf 74' lang='grc' dir='ltr'><strong>ι</strong></span> <span class='ocrx_word' id='word_1_221' title='bbox 2705 1758 2952 1826; x_wconf 83' lang='lat' dir='ltr'><strong>Laqueus</strong></span> <span class='ocrx_word' id='word_1_222' title='bbox 2990 1755 3255 1810; x_wconf 86' lang='lat' dir='ltr'><strong>contritus</strong></span> <span class='ocrx_word' id='word_1_223' title='bbox 3294 1763 3376 1810; x_wconf 91' lang='lat' dir='ltr'><strong>est</strong></span> <span class='ocrx_word' id='word_1_224' title='bbox 3399 1797 3413 1818; x_wconf 89' lang='lat'><strong>,</strong></span> <span class='ocrx_word' id='word_1_225' title='bbox 3459 1765 3512 1808; x_wconf 92' lang='lat' dir='ltr'><strong>ct</strong></span> <span class='ocrx_word' id='word_1_226' title='bbox 3541 1771 3639 1810; x_wconf 90' lang='lat' dir='ltr'><strong>nos</strong></span> 
     </span>
    </p>
   </div>
   <div class='ocr_carea' id='block_1_33' title="bbox 384 1832 3628 1920">
    <p class='ocr_par' dir='ltr' id='par_1_33' title="bbox 384 1832 3628 1920">
     <span class='ocr_line' id='line_1_33' title="bbox 384 1832 3628 1920; baseline 0.001 -24"><span class='ocrx_word' id='word_1_227' title='bbox 384 1846 660 1914; x_wconf 85' lang='lat' dir='ltr'><strong>opprimit,</strong></span> <span class='ocrx_word' id='word_1_228' title='bbox 688 1855 887 1900; x_wconf 89' lang='lat' dir='ltr'><strong>terram</strong></span> <span class='ocrx_word' id='word_1_229' title='bbox 910 1848 1204 1917; x_wconf 89' lang='lat' dir='ltr'><strong>dissipatet</strong></span> <span class='ocrx_word' id='word_1_230' title='bbox 1229 1859 1418 1904; x_wconf 90' lang='lat' dir='ltr'><strong>cuneta</strong></span> <span class='ocrx_word' id='word_1_231' title='bbox 1447 1850 1670 1904; x_wconf 88' lang='lat' dir='ltr'><strong>ditionis</strong></span> <span class='ocrx_word' id='word_1_232' title='bbox 1691 1864 1802 1903; x_wconf 68' lang='lat' dir='ltr'><strong>sum</strong></span> <span class='ocrx_word' id='word_1_233' title='bbox 1823 1850 1961 1904; x_wconf 87' lang='lat' dir='ltr'><strong>bona</strong></span> <span class='ocrx_word' id='word_1_234' title='bbox 1991 1832 2036 1889; x_wconf 72' lang='grc' dir='ltr'><strong>Β</strong></span> <span class='ocrx_word' id='word_1_235' title='bbox 2063 1850 2278 1906; x_wconf 87' lang='lat' dir='ltr'><strong>liberati</strong></span> <span class='ocrx_word' id='word_1_236' title='bbox 2328 1865 2514 1904; x_wconf 83' lang='lat' dir='ltr'><strong>smnus</strong></span> <span class='ocrx_word' id='word_1_237' title='bbox 2564 1846 2753 1920; x_wconf 81' lang='lat' dir='ltr'><strong>(Psal.</strong></span> <span class='ocrx_word' id='word_1_238' title='bbox 2795 1864 2960 1904; x_wconf 78' lang='lat' dir='ltr'><strong>cxxm</strong></span> <span class='ocrx_word' id='word_1_239' title='bbox 2986 1849 3023 1916; x_wconf 93' lang='lat'><strong>).</strong></span> <span class='ocrx_word' id='word_1_240' title='bbox 3061 1867 3078 1899; x_wconf 73' lang='grc' dir='ltr'><strong>ι</strong></span> <span class='ocrx_word' id='word_1_241' title='bbox 3115 1848 3220 1902; x_wconf 85' lang='lat' dir='ltr'><strong>Sed</strong></span> <span class='ocrx_word' id='word_1_242' title='bbox 3263 1847 3420 1916; x_wconf 90' lang='lat' dir='ltr'><strong>paulo</strong></span> <span class='ocrx_word' id='word_1_243' title='bbox 3474 1855 3628 1916; x_wconf 86' lang='lat' dir='ltr'><strong>post,</strong></span> 
     </span>
    </p>
   </div>
   <div class='ocr_carea' id='block_1_34' title="bbox 385 1936 1961 2008">
    <p class='ocr_par' dir='ltr' id='par_1_34' title="bbox 385 1936 1961 2008">
     <span class='ocr_line' id='line_1_34' title="bbox 385 1936 1961 2008; baseline 0.004 -20"><span class='ocrx_word' id='word_1_244' title='bbox 385 1936 665 2008; x_wconf 67' lang='grc' dir='ltr'>ιιι-υοίεειιῖ</span> <span class='ocrx_word' id='word_1_245' title='bbox 693 1939 771 1992; x_wconf 85' lang='lat' dir='ltr'><strong>Ad</strong></span> <span class='ocrx_word' id='word_1_246' title='bbox 799 1939 941 2008; x_wconf 92' lang='lat' dir='ltr'><strong>quod</strong></span> <span class='ocrx_word' id='word_1_247' title='bbox 973 1939 1048 1993; x_wconf 92' lang='lat' dir='ltr'><strong>illi</strong></span> <span class='ocrx_word' id='word_1_248' title='bbox 1084 1957 1097 1993; x_wconf 91' lang='lat'><strong>:</strong></span> <span class='ocrx_word' id='word_1_249' title='bbox 1133 1941 1311 2006; x_wconf 83' lang='lat' dir='ltr'><strong>Absit,</strong></span> <span class='ocrx_word' id='word_1_250' title='bbox 1349 1941 1518 2006; x_wconf 90' lang='lat' dir='ltr'><strong>aiunt,</strong></span> <span class='ocrx_word' id='word_1_251' title='bbox 1564 1941 1734 2006; x_wconf 87' lang='lat' dir='ltr'><strong>absit;</strong></span> <span class='ocrx_word' id='word_1_252' title='bbox 1769 1941 1961 1995; x_wconf 88' lang='lat' dir='ltr'><strong>falsum</strong></span> 
     </span>
    </p>
   </div>
   <div class='ocr_carea' id='block_1_35' title="bbox 385 2029 1961 2101">
    <p class='ocr_par' dir='ltr' id='par_1_35' title="bbox 385 2029 1961 2101">
     <span class='ocr_line' id='line_1_35' title="bbox 385 2029 1961 2101; baseline 0.005 -23"><span class='ocrx_word' id='word_1_253' title='bbox 385 2035 468 2078; x_wconf 91' lang='lat' dir='ltr'><strong>est</strong></span> <span class='ocrx_word' id='word_1_254' title='bbox 501 2029 736 2096; x_wconf 90' lang='lat' dir='ltr'><strong>penitus,</strong></span> <span class='ocrx_word' id='word_1_255' title='bbox 763 2043 795 2082; x_wconf 90' lang='grc' dir='ltr'><strong>ο</strong></span> <span class='ocrx_word' id='word_1_256' title='bbox 824 2029 1007 2094; x_wconf 86' lang='lat' dir='ltr'><strong>homo,</strong></span> <span class='ocrx_word' id='word_1_257' title='bbox 1047 2031 1188 2099; x_wconf 88' lang='lat' dir='ltr'><strong>quod</strong></span> <span class='ocrx_word' id='word_1_258' title='bbox 1223 2031 1480 2101; x_wconf 91' lang='lat' dir='ltr'><strong>loqueris.</strong></span> <span class='ocrx_word' id='word_1_259' title='bbox 1531 2031 1644 2086; x_wconf 86' lang='lat' dir='ltr'><strong>Non</strong></span> <span class='ocrx_word' id='word_1_260' title='bbox 1689 2043 1772 2088; x_wconf 89' lang='lat' dir='ltr'><strong>est</strong></span> <span class='ocrx_word' id='word_1_261' title='bbox 1814 2033 1961 2086; x_wconf 90' lang='lat' dir='ltr'><strong>enim</strong></span> 
     </span>
    </p>
   </div>
   <div class='ocr_carea' id='block_1_36' title="bbox 385 2121 1964 2192">
    <p class='ocr_par' dir='ltr' id='par_1_36' title="bbox 385 2121 1964 2192">
     <span class='ocr_line' id='line_1_36' title="bbox 385 2121 1964 2192; baseline 0.005 -22"><span class='ocrx_word' id='word_1_262' title='bbox 385 2125 626 2186; x_wconf 78' lang='lat' dir='ltr'><strong>potesms</strong></span> <span class='ocrx_word' id='word_1_263' title='bbox 659 2121 785 2174; x_wconf 90' lang='lat' dir='ltr'><strong>talis</strong></span> <span class='ocrx_word' id='word_1_264' title='bbox 814 2135 978 2190; x_wconf 90' lang='lat' dir='ltr'><strong>super</strong></span> <span class='ocrx_word' id='word_1_265' title='bbox 1005 2129 1226 2186; x_wconf 89' lang='lat' dir='ltr'><strong>terram,</strong></span> <span class='ocrx_word' id='word_1_266' title='bbox 1253 2139 1372 2192; x_wconf 74' lang='lat' dir='ltr'><strong>qua:</strong></span> <span class='ocrx_word' id='word_1_267' title='bbox 1395 2123 1473 2176; x_wconf 91' lang='lat' dir='ltr'><strong>sic</strong></span> <span class='ocrx_word' id='word_1_268' title='bbox 1502 2124 1770 2178; x_wconf 87' lang='lat' dir='ltr'><strong>violentiis</strong></span> <span class='ocrx_word' id='word_1_269' title='bbox 1796 2132 1849 2178; x_wconf 91' lang='lat' dir='ltr'><strong>et</strong></span> <span class='ocrx_word' id='word_1_270' title='bbox 1878 2139 1964 2178; x_wconf 90' lang='lat' dir='ltr'><strong>ra-</strong></span> 
     </span>
    </p>
   </div>
   <div class='ocr_carea' id='block_1_37' title="bbox 385 2207 1963 2280">
    <p class='ocr_par' dir='ltr' id='par_1_37' title="bbox 385 2207 1963 2280">
     <span class='ocr_line' id='line_1_37' title="bbox 385 2207 1963 2280; baseline 0.007 -22"><span class='ocrx_word' id='word_1_271' title='bbox 385 2207 526 2274; x_wconf 91' lang='lat' dir='ltr'><strong>pinis</strong></span> <span class='ocrx_word' id='word_1_272' title='bbox 573 2209 864 2273; x_wconf 79' lang='lat' dir='ltr'><strong>abstineat,</strong></span> <span class='ocrx_word' id='word_1_273' title='bbox 906 2226 1026 2278; x_wconf 72' lang='lat' dir='ltr'><strong>qua:</strong></span> <span class='ocrx_word' id='word_1_274' title='bbox 1073 2211 1124 2264; x_wconf 91' lang='lat' dir='ltr'><strong>in</strong></span> <span class='ocrx_word' id='word_1_275' title='bbox 1177 2219 1326 2265; x_wconf 87' lang='lat' dir='ltr'><strong>tanta</strong></span> <span class='ocrx_word' id='word_1_276' title='bbox 1377 2227 1509 2280; x_wconf 89' lang='lat' dir='ltr'><strong>pace</strong></span> <span class='ocrx_word' id='word_1_277' title='bbox 1571 2224 1624 2268; x_wconf 92' lang='lat' dir='ltr'><strong>ct</strong></span> <span class='ocrx_word' id='word_1_278' title='bbox 1671 2217 1963 2270; x_wconf 88' lang='lat' dir='ltr'><strong>securitate</strong></span> 
     </span>
    </p>
   </div>
   <div class='ocr_carea' id='block_1_38' title="bbox 384 2297 1964 2369">
    <p class='ocr_par' dir='ltr' id='par_1_38' title="bbox 384 2297 1964 2369">
     <span class='ocr_line' id='line_1_38' title="bbox 384 2297 1964 2369; baseline 0.004 -19"><span class='ocrx_word' id='word_1_279' title='bbox 384 2297 685 2364; x_wconf 83' lang='lat' dir='ltr'><strong>subjectum</strong></span> <span class='ocrx_word' id='word_1_280' title='bbox 717 2297 818 2352; x_wconf 91' lang='lat' dir='ltr'><strong>sibi</strong></span> <span class='ocrx_word' id='word_1_281' title='bbox 845 2299 1098 2368; x_wconf 87' lang='lat' dir='ltr'><strong>pepulum</strong></span> <span class='ocrx_word' id='word_1_282' title='bbox 1126 2307 1294 2367; x_wconf 88' lang='lat' dir='ltr'><strong>regat.</strong></span> <span class='ocrx_word' id='word_1_283' title='bbox 1331 2301 1485 2354; x_wconf 82' lang='lat' dir='ltr'><strong>Vivat</strong></span> <span class='ocrx_word' id='word_1_284' title='bbox 1512 2311 1785 2369; x_wconf 88' lang='lat' dir='ltr'><strong>optamus,</strong></span> <span class='ocrx_word' id='word_1_285' title='bbox 1819 2305 1964 2358; x_wconf 86' lang='lat' dir='ltr'><strong>vivat</strong></span> 
     </span>
    </p>
   </div>
   <div class='ocr_carea' id='block_1_39' title="bbox 385 2385 1962 2461">
    <p class='ocr_par' dir='ltr' id='par_1_39' title="bbox 385 2385 1962 2461">
     <span class='ocr_line' id='line_1_39' title="bbox 385 2385 1962 2461; baseline 0.005 -23"><span class='ocrx_word' id='word_1_286' title='bbox 385 2385 477 2439; x_wconf 90' lang='lat' dir='ltr'><strong>illa</strong></span> <span class='ocrx_word' id='word_1_287' title='bbox 505 2395 744 2456; x_wconf 88' lang='lat' dir='ltr'><strong>potestas</strong></span> <span class='ocrx_word' id='word_1_288' title='bbox 773 2389 837 2441; x_wconf 90' lang='lat' dir='ltr'><strong>ad</strong></span> <span class='ocrx_word' id='word_1_289' title='bbox 865 2387 1126 2458; x_wconf 88' lang='lat' dir='ltr'><strong>refugium</strong></span> <span class='ocrx_word' id='word_1_290' title='bbox 1153 2404 1468 2457; x_wconf 89' lang='lat' dir='ltr'><strong>pauperum,</strong></span> <span class='ocrx_word' id='word_1_291' title='bbox 1495 2392 1962 2461; x_wconf 71' lang='lat' dir='ltr'><strong>prosperelloreat</strong></span> 
     </span>
    </p>
   </div>
   <div class='ocr_carea' id='block_1_40' title="bbox 385 2476 1960 2548">
    <p class='ocr_par' dir='ltr' id='par_1_40' title="bbox 385 2476 1960 2548">
     <span class='ocr_line' id='line_1_40' title="bbox 385 2476 1960 2548; baseline 0.004 -18"><span class='ocrx_word' id='word_1_292' title='bbox 385 2476 452 2530; x_wconf 91' lang='lat' dir='ltr'><strong>ad</strong></span> <span class='ocrx_word' id='word_1_293' title='bbox 480 2477 721 2530; x_wconf 78' lang='lat' dir='ltr'><strong>ornuium</strong></span> <span class='ocrx_word' id='word_1_294' title='bbox 776 2478 1078 2532; x_wconf 84' lang='lat' dir='ltr'><strong>custodiam</strong></span> <span class='ocrx_word' id='word_1_295' title='bbox 1125 2478 1509 2546; x_wconf 88' lang='lat' dir='ltr'><strong>subjectorum.</strong></span> <span class='ocrx_word' id='word_1_296' title='bbox 1543 2481 1694 2548; x_wconf 86' lang='lat' dir='ltr'><strong>Quod</strong></span> <span class='ocrx_word' id='word_1_297' title='bbox 1725 2483 1812 2536; x_wconf 91' lang='lat' dir='ltr'><strong>ille</strong></span> <span class='ocrx_word' id='word_1_298' title='bbox 1861 2499 1960 2536; x_wconf 92' lang='lat' dir='ltr'><strong>au-</strong></span> 
     </span>
    </p>
   </div>
   <div class='ocr_carea' id='block_1_41' title="bbox 386 2567 1958 2641">
    <p class='ocr_par' dir='ltr' id='par_1_41' title="bbox 386 2567 1958 2641">
     <span class='ocr_line' id='line_1_41' title="bbox 386 2567 1958 2641; baseline 0.003 -21"><span class='ocrx_word' id='word_1_299' title='bbox 386 2567 564 2632; x_wconf 83' lang='lat' dir='ltr'><strong>diens,</strong></span> <span class='ocrx_word' id='word_1_300' title='bbox 606 2567 917 2622; x_wconf 86' lang='lat' dir='ltr'><strong>exsultabat</strong></span> <span class='ocrx_word' id='word_1_301' title='bbox 965 2569 1018 2622; x_wconf 91' lang='lat' dir='ltr'><strong>in</strong></span> <span class='ocrx_word' id='word_1_302' title='bbox 1061 2569 1312 2624; x_wconf 90' lang='lat' dir='ltr'><strong>Domino.</strong></span> <span class='ocrx_word' id='word_1_303' title='bbox 1345 2569 1493 2624; x_wconf 90' lang='lat' dir='ltr'><strong>Unde</strong></span> <span class='ocrx_word' id='word_1_304' title='bbox 1535 2587 1676 2641; x_wconf 65' lang='lat' dir='ltr'><strong>saepe</strong></span> <span class='ocrx_word' id='word_1_305' title='bbox 1702 2572 1958 2626; x_wconf 89' lang='lat' dir='ltr'><strong>diccbat:</strong></span> 
     </span>
    </p>
   </div>
   <div class='ocr_carea' id='block_1_42' title="bbox 387 2657 1962 2734">
    <p class='ocr_par' dir='ltr' id='par_1_42' title="bbox 387 2657 1962 2734">
     <span class='ocr_line' id='line_1_42' title="bbox 387 2657 1962 2734; baseline 0.005 -24"><span class='ocrx_word' id='word_1_306' title='bbox 387 2657 443 2710; x_wconf 95' lang='lat' dir='ltr'><strong>In</strong></span> <span class='ocrx_word' id='word_1_307' title='bbox 467 2665 614 2712; x_wconf 86' lang='lat' dir='ltr'><strong>tanta</strong></span> <span class='ocrx_word' id='word_1_308' title='bbox 645 2658 764 2734; x_wconf 86' lang='lat' dir='ltr'><strong>volo</strong></span> <span class='ocrx_word' id='word_1_309' title='bbox 817 2673 1032 2728; x_wconf 89' lang='lat' dir='ltr'><strong>semper</strong></span> <span class='ocrx_word' id='word_1_310' title='bbox 1083 2675 1209 2730; x_wconf 88' lang='lat' dir='ltr'><strong>erga</strong></span> <span class='ocrx_word' id='word_1_311' title='bbox 1263 2661 1552 2731; x_wconf 84' lang='lat' dir='ltr'><strong>subjectos,</strong></span> <span class='ocrx_word' id='word_1_312' title='bbox 1595 2671 1650 2716; x_wconf 92' lang='lat' dir='ltr'><strong>et</strong></span> <span class='ocrx_word' id='word_1_313' title='bbox 1695 2663 1962 2733; x_wconf 85' lang='lat' dir='ltr'><strong>pr:ecipue</strong></span> 
     </span>
    </p>
   </div>
   <div class='ocr_carea' id='block_1_43' title="bbox 386 2749 1966 2824">
    <p class='ocr_par' dir='ltr' id='par_1_43' title="bbox 386 2749 1966 2824">
     <span class='ocr_line' id='line_1_43' title="bbox 386 2749 1966 2824; baseline 0.004 -21"><span class='ocrx_word' id='word_1_314' title='bbox 386 2749 640 2815; x_wconf 90' lang='lat' dir='ltr'><strong>rusticos,</strong></span> <span class='ocrx_word' id='word_1_315' title='bbox 673 2751 1088 2805; x_wconf 88' lang='lat' dir='ltr'><strong>mansuetudine</strong></span> <span class='ocrx_word' id='word_1_316' title='bbox 1119 2753 1324 2822; x_wconf 85' lang='lat' dir='ltr'><strong>vivere,</strong></span> <span class='ocrx_word' id='word_1_317' title='bbox 1365 2763 1418 2806; x_wconf 94' lang='lat' dir='ltr'><strong>ul</strong></span> <span class='ocrx_word' id='word_1_318' title='bbox 1457 2769 1691 2820; x_wconf 87' lang='lat' dir='ltr'><strong>annona,</strong></span> <span class='ocrx_word' id='word_1_319' title='bbox 1731 2771 1849 2824; x_wconf 73' lang='lat' dir='ltr'><strong>qua:</strong></span> <span class='ocrx_word' id='word_1_320' title='bbox 1871 2773 1966 2812; x_wconf 88' lang='lat' dir='ltr'><strong>ca-</strong></span> 
     </span>
    </p>
   </div>
   <div class='ocr_carea' id='block_1_44' title="bbox 385 2839 1962 2916">
    <p class='ocr_par' dir='ltr' id='par_1_44' title="bbox 385 2839 1962 2916">
     <span class='ocr_line' id='line_1_44' title="bbox 385 2839 1962 2916; baseline 0.004 -22"><span class='ocrx_word' id='word_1_321' title='bbox 385 2839 516 2895; x_wconf 89' lang='lat' dir='ltr'><strong>balli</strong></span> <span class='ocrx_word' id='word_1_322' title='bbox 539 2841 640 2896; x_wconf 90' lang='lat' dir='ltr'><strong>mei</strong></span> <span class='ocrx_word' id='word_1_323' title='bbox 669 2841 910 2896; x_wconf 89' lang='lat' dir='ltr'><strong>rodentis</strong></span> <span class='ocrx_word' id='word_1_324' title='bbox 935 2857 1027 2895; x_wconf 92' lang='lat' dir='ltr'><strong>ore</strong></span> <span class='ocrx_word' id='word_1_325' title='bbox 1073 2841 1362 2906; x_wconf 89' lang='lat' dir='ltr'><strong>delabitur,</strong></span> <span class='ocrx_word' id='word_1_326' title='bbox 1399 2859 1428 2898; x_wconf 91' lang='lat' dir='ltr'><strong>a</strong></span> <span class='ocrx_word' id='word_1_327' title='bbox 1473 2846 1792 2900; x_wconf 89' lang='lat' dir='ltr'><strong>rusticorum</strong></span> <span class='ocrx_word' id='word_1_328' title='bbox 1839 2862 1962 2916; x_wconf 83' lang='lat' dir='ltr'><strong>por-</strong></span> 
     </span>
    </p>
   </div>
   <div class='ocr_carea' id='block_1_45' title="bbox 387 2931 1962 3002">
    <p class='ocr_par' dir='ltr' id='par_1_45' title="bbox 387 2931 1962 3002">
     <span class='ocr_line' id='line_1_45' title="bbox 387 2931 1962 3002; baseline 0.002 -16"><span class='ocrx_word' id='word_1_329' title='bbox 387 2931 588 2986; x_wconf 89' lang='lat' dir='ltr'><strong>cellise</strong></span> <span class='ocrx_word' id='word_1_330' title='bbox 617 2931 842 3000; x_wconf 81' lang='lat' dir='ltr'><strong>vestigio</strong></span> <span class='ocrx_word' id='word_1_331' title='bbox 891 2931 1195 3002; x_wconf 80' lang='lat' dir='ltr'><strong>colligatur.</strong></span> <span class='ocrx_word' id='word_1_332' title='bbox 1239 2931 1410 2987; x_wconf 91' lang='lat' dir='ltr'><strong>Porro</strong></span> <span class='ocrx_word' id='word_1_333' title='bbox 1438 2942 1616 2988; x_wconf 89' lang='lat' dir='ltr'><strong>autem</strong></span> <span class='ocrx_word' id='word_1_334' title='bbox 1657 2951 1776 2988; x_wconf 90' lang='lat' dir='ltr'><strong>cum</strong></span> <span class='ocrx_word' id='word_1_335' title='bbox 1809 2936 1875 2989; x_wconf 91' lang='lat' dir='ltr'><strong>de</strong></span> <span class='ocrx_word' id='word_1_336' title='bbox 1905 2951 1962 2990; x_wconf 91' lang='lat' dir='ltr'><strong>se</strong></span> 
     </span>
    </p>
   </div>
   <div class='ocr_carea' id='block_1_46' title="bbox 388 3019 1962 3095">
    <p class='ocr_par' dir='ltr' id='par_1_46' title="bbox 388 3019 1962 3095">
     <span class='ocr_line' id='line_1_46' title="bbox 388 3019 1962 3095; baseline 0.005 -24"><span class='ocrx_word' id='word_1_337' title='bbox 388 3019 516 3089; x_wconf 90' lang='lat' dir='ltr'><strong>quid</strong></span> <span class='ocrx_word' id='word_1_338' title='bbox 573 3020 844 3075; x_wconf 89' lang='lat' dir='ltr'><strong>diceretur</strong></span> <span class='ocrx_word' id='word_1_339' title='bbox 888 3022 1215 3090; x_wconf 90' lang='lat' dir='ltr'><strong>inquireret,</strong></span> <span class='ocrx_word' id='word_1_340' title='bbox 1259 3024 1385 3095; x_wconf 83' lang='lat' dir='ltr'><strong>quid</strong></span> <span class='ocrx_word' id='word_1_341' title='bbox 1413 3020 1580 3090; x_wconf 80' lang='lat' dir='ltr'><strong>aliud,</strong></span> <span class='ocrx_word' id='word_1_342' title='bbox 1605 3041 1764 3094; x_wconf 92' lang='lat' dir='ltr'><strong>quam</strong></span> <span class='ocrx_word' id='word_1_343' title='bbox 1792 3026 1962 3080; x_wconf 81' lang='lat' dir='ltr'><strong>nostri</strong></span> 
     </span>
    </p>
   </div>
   <div class='ocr_carea' id='block_1_47' title="bbox 385 3109 1960 3184">
    <p class='ocr_par' dir='ltr' id='par_1_47' title="bbox 385 3109 1960 3184">
     <span class='ocr_line' id='line_1_47' title="bbox 385 3109 1960 3184; baseline 0.003 -22"><span class='ocrx_word' id='word_1_344' title='bbox 385 3109 761 3179; x_wconf 80' lang='lat' dir='ltr'><strong>Redemptoris</strong></span> <span class='ocrx_word' id='word_1_345' title='bbox 819 3111 1134 3166; x_wconf 90' lang='lat' dir='ltr'><strong>imitabatur</strong></span> <span class='ocrx_word' id='word_1_346' title='bbox 1177 3114 1518 3182; x_wconf 69' lang='lat' dir='ltr'><strong>exemplum?</strong></span> <span class='ocrx_word' id='word_1_347' title='bbox 1560 3115 1649 3184; x_wconf 88' lang='lat' dir='ltr'><strong>qui</strong></span> <span class='ocrx_word' id='word_1_348' title='bbox 1705 3115 1960 3168; x_wconf 80' lang='lat' dir='ltr'><strong>nimirum</strong></span> 
     </span>
    </p>
   </div>
   <div class='ocr_carea' id='block_1_48' title="bbox 385 3201 1958 3275">
    <p class='ocr_par' dir='ltr' id='par_1_48' title="bbox 385 3201 1958 3275">
     <span class='ocr_line' id='line_1_48' title="bbox 385 3201 1958 3275; baseline 0.005 -22"><span class='ocrx_word' id='word_1_349' title='bbox 385 3215 508 3253; x_wconf 87' lang='lat' dir='ltr'><strong>cum</strong></span> <span class='ocrx_word' id='word_1_350' title='bbox 546 3201 726 3254; x_wconf 86' lang='lat' dir='ltr'><strong>omnia</strong></span> <span class='ocrx_word' id='word_1_351' title='bbox 755 3201 945 3270; x_wconf 89' lang='lat' dir='ltr'><strong>procul</strong></span> <span class='ocrx_word' id='word_1_352' title='bbox 971 3201 1132 3257; x_wconf 91' lang='lat' dir='ltr'><strong>dubio</strong></span> <span class='ocrx_word' id='word_1_353' title='bbox 1157 3213 1358 3268; x_wconf 86' lang='lat' dir='ltr'><strong>nosset,</strong></span> <span class='ocrx_word' id='word_1_354' title='bbox 1391 3221 1420 3258; x_wconf 88' lang='lat' dir='ltr'><strong>a</strong></span> <span class='ocrx_word' id='word_1_355' title='bbox 1449 3206 1724 3275; x_wconf 88' lang='lat' dir='ltr'><strong>discipulis</strong></span> <span class='ocrx_word' id='word_1_356' title='bbox 1756 3217 1958 3272; x_wconf 88' lang='lat' dir='ltr'><strong>tamen,</strong></span> 
     </span>
    </p>
   </div>
   <div class='ocr_carea' id='block_1_49' title="bbox 384 3291 1964 3364">
    <p class='ocr_par' dir='ltr' id='par_1_49' title="bbox 384 3291 1964 3364">
     <span class='ocr_line' id='line_1_49' title="bbox 384 3291 1964 3364; baseline 0.008 -22"><span class='ocrx_word' id='word_1_357' title='bbox 384 3291 550 3344; x_wconf 82' lang='lat' dir='ltr'><strong>veluti</strong></span> <span class='ocrx_word' id='word_1_358' title='bbox 582 3293 816 3358; x_wconf 89' lang='lat' dir='ltr'><strong>nescius,</strong></span> <span class='ocrx_word' id='word_1_359' title='bbox 855 3293 1206 3364; x_wconf 88' lang='lat' dir='ltr'><strong>inquirebat:</strong></span> <span class='ocrx_word' id='word_1_360' title='bbox 1247 3314 1266 3347; x_wconf 77' lang='grc' dir='ltr'><strong>ι</strong></span> <span class='ocrx_word' id='word_1_361' title='bbox 1305 3297 1473 3362; x_wconf 85' lang='lat' dir='ltr'><strong>Quem</strong></span> <span class='ocrx_word' id='word_1_362' title='bbox 1501 3298 1688 3352; x_wconf 88' lang='lat' dir='ltr'><strong>dicunt</strong></span> <span class='ocrx_word' id='word_1_363' title='bbox 1717 3297 1964 3354; x_wconf 86' lang='lat' dir='ltr'><strong>homines</strong></span> 
     </span>
    </p>
   </div>
   <div class='ocr_carea' id='block_1_50' title="bbox 385 3381 1962 3458">
    <p class='ocr_par' dir='ltr' id='par_1_50' title="bbox 385 3381 1962 3458">
     <span class='ocr_line' id='line_1_50' title="bbox 385 3381 1962 3458; baseline 0.006 -22"><span class='ocrx_word' id='word_1_364' title='bbox 385 3395 503 3437; x_wconf 84' lang='lat' dir='ltr'><strong>esse</strong></span> <span class='ocrx_word' id='word_1_365' title='bbox 529 3381 726 3437; x_wconf 85' lang='lat' dir='ltr'><strong>Filium</strong></span> <span class='ocrx_word' id='word_1_366' title='bbox 769 3386 1043 3441; x_wconf 88' lang='lat' dir='ltr'><strong>hominis?</strong></span> <span class='ocrx_word' id='word_1_367' title='bbox 1078 3407 1095 3438; x_wconf 73' lang='grc' dir='ltr'><strong>ι</strong></span> <span class='ocrx_word' id='word_1_368' title='bbox 1127 3387 1344 3458; x_wconf 72' lang='lat' dir='ltr'><strong>(Matth.</strong></span> <span class='ocrx_word' id='word_1_369' title='bbox 1399 3391 1530 3458; x_wconf 80' lang='lat' dir='ltr'><strong>xvr.)</strong></span> <span class='ocrx_word' id='word_1_370' title='bbox 1572 3389 1667 3443; x_wconf 89' lang='lat' dir='ltr'><strong>Cui</strong></span> <span class='ocrx_word' id='word_1_371' title='bbox 1713 3407 1836 3444; x_wconf 94' lang='lat' dir='ltr'><strong>cum</strong></span> <span class='ocrx_word' id='word_1_372' title='bbox 1887 3392 1962 3446; x_wconf 87' lang='lat' dir='ltr'><strong>illi</strong></span> 
     </span>
    </p>
   </div>
   <div class='ocr_carea' id='block_1_51' title="bbox 387 3474 1960 3550">
    <p class='ocr_par' dir='ltr' id='par_1_51' title="bbox 387 3474 1960 3550">
     <span class='ocr_line' id='line_1_51' title="bbox 387 3474 1960 3550; baseline 0.006 -21"><span class='ocrx_word' id='word_1_373' title='bbox 387 3474 632 3530; x_wconf 73' lang='lat' dir='ltr'><strong>diversas</strong></span> <span class='ocrx_word' id='word_1_374' title='bbox 656 3477 932 3532; x_wconf 86' lang='lat' dir='ltr'><strong>hominum</strong></span> <span class='ocrx_word' id='word_1_375' title='bbox 975 3480 1258 3550; x_wconf 89' lang='lat' dir='ltr'><strong>opiniones</strong></span> <span class='ocrx_word' id='word_1_376' title='bbox 1298 3482 1683 3549; x_wconf 83' lang='lat' dir='ltr'><strong>exprimerent,</strong></span> <span class='ocrx_word' id='word_1_377' title='bbox 1711 3484 1960 3538; x_wconf 87' lang='lat' dir='ltr'><strong>addidit:</strong></span> 
     </span>
    </p>
   </div>
   <div class='ocr_carea' id='block_1_52' title="bbox 393 3563 1964 3638">
    <p class='ocr_par' dir='ltr' id='par_1_52' title="bbox 393 3563 1964 3638">
     <span class='ocr_line' id='line_1_52' title="bbox 393 3563 1964 3638; baseline 0.008 -23"><span class='ocrx_word' id='word_1_378' title='bbox 393 3583 412 3615; x_wconf 72' lang='grc' dir='ltr'><strong>ε</strong></span> <span class='ocrx_word' id='word_1_379' title='bbox 459 3563 565 3620; x_wconf 85' lang='lat' dir='ltr'><strong>Vos</strong></span> <span class='ocrx_word' id='word_1_380' title='bbox 592 3574 772 3621; x_wconf 89' lang='lat' dir='ltr'><strong>autem</strong></span> <span class='ocrx_word' id='word_1_381' title='bbox 824 3583 984 3638; x_wconf 89' lang='lat' dir='ltr'><strong>quem</strong></span> <span class='ocrx_word' id='word_1_382' title='bbox 1035 3585 1120 3626; x_wconf 90' lang='lat' dir='ltr'><strong>me</strong></span> <span class='ocrx_word' id='word_1_383' title='bbox 1165 3585 1286 3625; x_wconf 89' lang='lat' dir='ltr'><strong>esse</strong></span> <span class='ocrx_word' id='word_1_384' title='bbox 1333 3571 1551 3626; x_wconf 87' lang='lat' dir='ltr'><strong>dicitis?</strong></span> <span class='ocrx_word' id='word_1_385' title='bbox 1587 3590 1602 3622; x_wconf 73' lang='grc' dir='ltr'><strong>ο</strong></span> <span class='ocrx_word' id='word_1_386' title='bbox 1643 3572 1862 3628; x_wconf 85' lang='lat' dir='ltr'><strong>Scilicet</strong></span> <span class='ocrx_word' id='word_1_387' title='bbox 1903 3583 1964 3628; x_wconf 93' lang='lat' dir='ltr'><strong>ut</strong></span> 
     </span>
    </p>
   </div>
   <div class='ocr_carea' id='block_1_53' title="bbox 388 3656 1960 3728">
    <p class='ocr_par' dir='ltr' id='par_1_53' title="bbox 388 3656 1960 3728">
     <span class='ocr_line' id='line_1_53' title="bbox 388 3656 1960 3728; baseline 0.006 -21"><span class='ocrx_word' id='word_1_388' title='bbox 388 3668 481 3718; x_wconf 83' lang='lat' dir='ltr'><strong>rex</strong></span> <span class='ocrx_word' id='word_1_389' title='bbox 511 3656 824 3726; x_wconf 81' lang='lat' dir='ltr'><strong>angelorum</strong></span> <span class='ocrx_word' id='word_1_390' title='bbox 873 3658 1106 3714; x_wconf 83' lang='lat' dir='ltr'><strong>formam</strong></span> <span class='ocrx_word' id='word_1_391' title='bbox 1135 3661 1288 3715; x_wconf 87' lang='lat' dir='ltr'><strong>daret</strong></span> <span class='ocrx_word' id='word_1_392' title='bbox 1329 3661 1631 3718; x_wconf 85' lang='lat' dir='ltr'><strong>rectoribus</strong></span> <span class='ocrx_word' id='word_1_393' title='bbox 1663 3663 1960 3728; x_wconf 89' lang='lat' dir='ltr'><strong>hominum,</strong></span> 
     </span>
    </p>
   </div>
   <div class='ocr_carea' id='block_1_54' title="bbox 387 3752 1964 3819">
    <p class='ocr_par' dir='ltr' id='par_1_54' title="bbox 387 3752 1964 3819">
     <span class='ocr_line' id='line_1_54' title="bbox 387 3752 1964 3819; baseline 0.006 -20"><span class='ocrx_word' id='word_1_394' title='bbox 387 3757 654 3817; x_wconf 88' lang='lat' dir='ltr'><strong>quatenus</strong></span> <span class='ocrx_word' id='word_1_395' title='bbox 679 3764 784 3803; x_wconf 92' lang='lat' dir='ltr'><strong>non</strong></span> <span class='ocrx_word' id='word_1_396' title='bbox 811 3752 938 3819; x_wconf 89' lang='lat' dir='ltr'><strong>quid</strong></span> <span class='ocrx_word' id='word_1_397' title='bbox 964 3753 1015 3805; x_wconf 93' lang='lat' dir='ltr'><strong>in</strong></span> <span class='ocrx_word' id='word_1_398' title='bbox 1044 3767 1105 3806; x_wconf 90' lang='lat' dir='ltr'><strong>os</strong></span> <span class='ocrx_word' id='word_1_399' title='bbox 1139 3767 1325 3807; x_wconf 91' lang='lat' dir='ltr'><strong>eorum</strong></span> <span class='ocrx_word' id='word_1_400' title='bbox 1368 3755 1726 3808; x_wconf 69' lang='lat' dir='ltr'><strong>assentator-ie</strong></span> <span class='ocrx_word' id='word_1_401' title='bbox 1751 3755 1964 3810; x_wconf 89' lang='lat' dir='ltr'><strong>dicatur</strong></span> 
     </span>
    </p>
   </div>
   <div class='ocr_carea' id='block_1_55' title="bbox 385 3840 1963 3915">
    <p class='ocr_par' dir='ltr' id='par_1_55' title="bbox 385 3840 1963 3915">
     <span class='ocr_line' id='line_1_55' title="bbox 385 3840 1963 3915; baseline 0.008 -25"><span class='ocrx_word' id='word_1_402' title='bbox 385 3840 692 3906; x_wconf 82' lang='lat' dir='ltr'><strong>attendant;</strong></span> <span class='ocrx_word' id='word_1_403' title='bbox 735 3843 827 3898; x_wconf 91' lang='lat' dir='ltr'><strong>sed</strong></span> <span class='ocrx_word' id='word_1_404' title='bbox 855 3845 996 3913; x_wconf 91' lang='lat' dir='ltr'><strong>quod</strong></span> <span class='ocrx_word' id='word_1_405' title='bbox 1011 3860 1197 3900; x_wconf 90' lang='lat' dir='ltr'><strong>eorum</strong></span> <span class='ocrx_word' id='word_1_406' title='bbox 1221 3847 1742 3915; x_wconf 90' lang='lat' dir='ltr'><strong>testimoniumapud</strong></span> <span class='ocrx_word' id='word_1_407' title='bbox 1769 3848 1963 3902; x_wconf 85' lang='lat' dir='ltr'><strong>absen-</strong></span> 
     </span>
    </p>
   </div>
   <div class='ocr_carea' id='block_1_56' title="bbox 388 3931 1964 4008">
    <p class='ocr_par' dir='ltr' id='par_1_56' title="bbox 388 3931 1964 4008">
     <span class='ocr_line' id='line_1_56' title="bbox 388 3931 1964 4008; baseline 0.009 -27"><span class='ocrx_word' id='word_1_408' title='bbox 388 3937 468 3982; x_wconf 92' lang='lat' dir='ltr'><strong>tes</strong></span> <span class='ocrx_word' id='word_1_409' title='bbox 497 3931 757 3987; x_wconf 77' lang='lat' dir='ltr'><strong>habeatur</strong></span> <span class='ocrx_word' id='word_1_410' title='bbox 788 3935 1080 4004; x_wconf 87' lang='lat' dir='ltr'><strong>inquirant.</strong></span> <span class='ocrx_word' id='word_1_411' title='bbox 1111 3936 1306 4006; x_wconf 91' lang='lat' dir='ltr'><strong>Sicque</strong></span> <span class='ocrx_word' id='word_1_412' title='bbox 1343 3939 1483 4007; x_wconf 88' lang='lat' dir='ltr'><strong>quod</strong></span> <span class='ocrx_word' id='word_1_413' title='bbox 1515 3941 1566 3992; x_wconf 92' lang='lat' dir='ltr'><strong>in</strong></span> <span class='ocrx_word' id='word_1_414' title='bbox 1594 3955 1650 3992; x_wconf 91' lang='lat' dir='ltr'><strong>se</strong></span> <span class='ocrx_word' id='word_1_415' title='bbox 1680 3941 1964 4008; x_wconf 88' lang='lat' dir='ltr'><strong>reprehen-</strong></span> 
     </span>
    </p>
   </div>
   <div class='ocr_carea' id='block_1_57' title="bbox 387 4019 1964 4098">
    <p class='ocr_par' dir='ltr' id='par_1_57' title="bbox 387 4019 1964 4098">
     <span class='ocr_line' id='line_1_57' title="bbox 387 4019 1964 4098; baseline 0.008 -26"><span class='ocrx_word' id='word_1_416' title='bbox 387 4019 544 4074; x_wconf 88' lang='lat' dir='ltr'><strong>sibile</strong></span> <span class='ocrx_word' id='word_1_417' title='bbox 567 4036 630 4076; x_wconf 73' lang='lat' dir='ltr'><strong>ex</strong></span> <span class='ocrx_word' id='word_1_418' title='bbox 664 4038 850 4078; x_wconf 88' lang='lat' dir='ltr'><strong>eorum</strong></span> <span class='ocrx_word' id='word_1_419' title='bbox 883 4023 1027 4080; x_wconf 84' lang='lat' dir='ltr'><strong>fama</strong></span> <span class='ocrx_word' id='word_1_420' title='bbox 1057 4028 1510 4097; x_wconf 81' lang='lat' dir='ltr'><strong>deprehenderint</strong></span> <span class='ocrx_word' id='word_1_421' title='bbox 1541 4029 1816 4098; x_wconf 89' lang='lat' dir='ltr'><strong>corrigant</strong></span> <span class='ocrx_word' id='word_1_422' title='bbox 1849 4047 1864 4081; x_wconf 92' lang='lat'><strong>:</strong></span> <span class='ocrx_word' id='word_1_423' title='bbox 1893 4030 1964 4084; x_wconf 84' lang='lat' dir='ltr'><strong>ad</strong></span> 
     </span>
    </p>
   </div>
   <div class='ocr_carea' id='block_1_58' title="bbox 388 4115 1964 4189">
    <p class='ocr_par' dir='ltr' id='par_1_58' title="bbox 388 4115 1964 4189">
     <span class='ocr_line' id='line_1_58' title="bbox 388 4115 1964 4189; baseline 0.009 -28"><span class='ocrx_word' id='word_1_424' title='bbox 388 4115 732 4180; x_wconf 80' lang='lat' dir='ltr'><strong>exsequenda</strong></span> <span class='ocrx_word' id='word_1_425' title='bbox 789 4131 916 4170; x_wconf 90' lang='lat' dir='ltr'><strong>vero</strong></span> <span class='ocrx_word' id='word_1_426' title='bbox 951 4116 1108 4180; x_wconf 90' lang='lat' dir='ltr'><strong>bona,</strong></span> <span class='ocrx_word' id='word_1_427' title='bbox 1152 4133 1272 4188; x_wconf 66' lang='lat' dir='ltr'><strong>quae</strong></span> <span class='ocrx_word' id='word_1_428' title='bbox 1301 4119 1366 4172; x_wconf 93' lang='lat' dir='ltr'><strong>de</strong></span> <span class='ocrx_word' id='word_1_429' title='bbox 1404 4133 1462 4172; x_wconf 88' lang='lat' dir='ltr'><strong>se</strong></span> <span class='ocrx_word' id='word_1_430' title='bbox 1499 4118 1678 4172; x_wconf 90' lang='lat' dir='ltr'><strong>dicere</strong></span> <span class='ocrx_word' id='word_1_431' title='bbox 1697 4135 1964 4189; x_wconf 87' lang='lat' dir='ltr'><strong>cognove-</strong></span> 
     </span>
    </p>
   </div>
   <div class='ocr_carea' id='block_1_59' title="bbox 388 4201 1146 4268">
    <p class='ocr_par' dir='ltr' id='par_1_59' title="bbox 388 4201 1146 4268">
     <span class='ocr_line' id='line_1_59' title="bbox 388 4201 1146 4268; baseline 0.009 -13"><span class='ocrx_word' id='word_1_432' title='bbox 388 4201 519 4268; x_wconf 81' lang='lat' dir='ltr'><strong>rint,</strong></span> <span class='ocrx_word' id='word_1_433' title='bbox 549 4205 764 4261; x_wconf 70' lang='lat' dir='ltr'><strong>avidius</strong></span> <span class='ocrx_word' id='word_1_434' title='bbox 786 4205 1146 4262; x_wconf 88' lang='lat' dir='ltr'><strong>iuvalescant.</strong></span> 
     </span>
    </p>
   </div>
   <div class='ocr_carea' id='block_1_60' title="bbox 1003 4296 1368 4372">
    <p class='ocr_par' dir='ltr' id='par_1_60' title="bbox 1003 4296 1368 4372">
     <span class='ocr_line' id='line_1_60' title="bbox 1003 4296 1368 4372; baseline 0 -20"><span class='ocrx_word' id='word_1_435' title='bbox 1003 4296 1230 4352; x_wconf 85' lang='lat' dir='ltr'><strong>CAPUT</strong></span> <span class='ocrx_word' id='word_1_436' title='bbox 1269 4299 1368 4372; x_wconf 69' lang='lat' dir='ltr'><strong>v.</strong></span> 
     </span>
    </p>
   </div>
   <div class='ocr_carea' id='block_1_61' title="bbox 873 4384 1490 4459">
    <p class='ocr_par' dir='ltr' id='par_1_61' title="bbox 873 4384 1490 4459">
     <span class='ocr_line' id='line_1_61' title="bbox 873 4384 1490 4459; baseline 0.01 -21"><span class='ocrx_word' id='word_1_437' title='bbox 873 4384 1113 4459; x_wconf 73' lang='lat' dir='ltr'><strong>Hugom&#39;s</strong></span> <span class='ocrx_word' id='word_1_438' title='bbox 1155 4389 1302 4443; x_wconf 76' lang='lat' dir='ltr'><strong>ducis</strong></span> <span class='ocrx_word' id='word_1_439' title='bbox 1332 4407 1490 4444; x_wconf 79' lang='lat' dir='ltr'><strong>mors.</strong></span> 
     </span>
    </p>
   </div>
   <div class='ocr_carea' id='block_1_62' title="bbox 2065 1937 3634 2011">
    <p class='ocr_par' dir='ltr' id='par_1_62' title="bbox 2065 1937 3634 2011">
     <span class='ocr_line' id='line_1_62' title="bbox 2065 1937 3634 2011; baseline -0.006 -11"><span class='ocrx_word' id='word_1_440' title='bbox 2065 1944 2251 2000; x_wconf 89' lang='lat' dir='ltr'><strong>eodem</strong></span> <span class='ocrx_word' id='word_1_441' title='bbox 2285 1943 2490 1998; x_wconf 90' lang='lat' dir='ltr'><strong>scilicet</strong></span> <span class='ocrx_word' id='word_1_442' title='bbox 2533 1957 2675 1996; x_wconf 90' lang='lat' dir='ltr'><strong>anno</strong></span> <span class='ocrx_word' id='word_1_443' title='bbox 2715 1950 2770 1996; x_wconf 92' lang='lat' dir='ltr'><strong>et</strong></span> <span class='ocrx_word' id='word_1_444' title='bbox 2807 1942 2921 2011; x_wconf 88' lang='lat' dir='ltr'><strong>ipse</strong></span> <span class='ocrx_word' id='word_1_445' title='bbox 2956 1937 3242 1996; x_wconf 86' lang='lat' dir='ltr'><strong>defunctus</strong></span> <span class='ocrx_word' id='word_1_446' title='bbox 3271 1949 3370 1994; x_wconf 91' lang='lat' dir='ltr'><strong>est.</strong></span> <span class='ocrx_word' id='word_1_447' title='bbox 3409 1938 3499 1992; x_wconf 88' lang='lat' dir='ltr'><strong>Sic</strong></span> <span class='ocrx_word' id='word_1_448' title='bbox 3529 1940 3634 1992; x_wconf 88' lang='lat' dir='ltr'><strong>ita-</strong></span> 
     </span>
    </p>
   </div>
   <div class='ocr_carea' id='block_1_63' title="bbox 2064 2029 3637 2104">
    <p class='ocr_par' dir='ltr' id='par_1_63' title="bbox 2064 2029 3637 2104">
     <span class='ocr_line' id='line_1_63' title="bbox 2064 2029 3637 2104; baseline -0.003 -16"><span class='ocrx_word' id='word_1_449' title='bbox 2064 2050 2168 2104; x_wconf 91' lang='lat' dir='ltr'><strong>que</strong></span> <span class='ocrx_word' id='word_1_450' title='bbox 2193 2050 2346 2090; x_wconf 90' lang='lat' dir='ltr'><strong>suam</strong></span> <span class='ocrx_word' id='word_1_451' title='bbox 2378 2033 2708 2102; x_wconf 83' lang='lat' dir='ltr'><strong>improvidus</strong></span> <span class='ocrx_word' id='word_1_452' title='bbox 2735 2033 2982 2102; x_wconf 88' lang='lat' dir='ltr'><strong>pertulit,</strong></span> <span class='ocrx_word' id='word_1_453' title='bbox 3007 2033 3096 2104; x_wconf 90' lang='lat' dir='ltr'><strong>qui</strong></span> <span class='ocrx_word' id='word_1_454' title='bbox 3125 2031 3190 2086; x_wconf 89' lang='lat' dir='ltr'><strong>de</strong></span> <span class='ocrx_word' id='word_1_455' title='bbox 3219 2039 3390 2086; x_wconf 88' lang='lat' dir='ltr'><strong>morte</strong></span> <span class='ocrx_word' id='word_1_456' title='bbox 3416 2029 3637 2084; x_wconf 86' lang='lat' dir='ltr'><strong>alterius</strong></span> 
     </span>
    </p>
   </div>
   <div class='ocr_carea' id='block_1_64' title="bbox 2063 2123 3636 2197">
    <p class='ocr_par' dir='ltr' id='par_1_64' title="bbox 2063 2123 3636 2197">
     <span class='ocr_line' id='line_1_64' title="bbox 2063 2123 3636 2197; baseline -0.004 -15"><span class='ocrx_word' id='word_1_457' title='bbox 2063 2127 2311 2197; x_wconf 69' lang='lat' dir='ltr'><strong>nequiter</strong></span> <span class='ocrx_word' id='word_1_458' title='bbox 2357 2125 2684 2190; x_wconf 79' lang='lat' dir='ltr'><strong>exsultavit,</strong></span> <span class='ocrx_word' id='word_1_459' title='bbox 2736 2140 2840 2180; x_wconf 90' lang='lat' dir='ltr'><strong>non</strong></span> <span class='ocrx_word' id='word_1_460' title='bbox 2887 2127 3172 2178; x_wconf 87' lang='lat' dir='ltr'><strong>attendens</strong></span> <span class='ocrx_word' id='word_1_461' title='bbox 3221 2123 3272 2176; x_wconf 92' lang='lat' dir='ltr'><strong>id</strong></span> <span class='ocrx_word' id='word_1_462' title='bbox 3360 2123 3502 2192; x_wconf 90' lang='lat' dir='ltr'><strong>quod</strong></span> <span class='ocrx_word' id='word_1_463' title='bbox 3554 2123 3636 2176; x_wconf 88' lang='lat' dir='ltr'><strong>vir</strong></span> 
     </span>
    </p>
   </div>
   <div class='ocr_carea' id='block_1_65' title="bbox 2063 2215 3638 2288">
    <p class='ocr_par' dir='ltr' id='par_1_65' title="bbox 2063 2215 3638 2288">
     <span class='ocr_line' id='line_1_65' title="bbox 2063 2215 3638 2288; baseline -0.008 -12"><span class='ocrx_word' id='word_1_464' title='bbox 2063 2221 2280 2288; x_wconf 86' lang='lat' dir='ltr'><strong>sapiens</strong></span> <span class='ocrx_word' id='word_1_465' title='bbox 2330 2219 2444 2272; x_wconf 88' lang='lat' dir='ltr'><strong>ait:</strong></span> <span class='ocrx_word' id='word_1_466' title='bbox 2496 2237 2513 2270; x_wconf 84' lang='grc' dir='ltr'><strong>ι</strong></span> <span class='ocrx_word' id='word_1_467' title='bbox 2543 2217 2660 2272; x_wconf 84' lang='lat' dir='ltr'><strong>Noli</strong></span> <span class='ocrx_word' id='word_1_468' title='bbox 2712 2219 2777 2272; x_wconf 91' lang='lat' dir='ltr'><strong>de</strong></span> <span class='ocrx_word' id='word_1_469' title='bbox 2835 2225 3050 2272; x_wconf 89' lang='lat' dir='ltr'><strong>mortuo</strong></span> <span class='ocrx_word' id='word_1_470' title='bbox 3102 2215 3318 2269; x_wconf 83' lang='lat' dir='ltr'><strong>inimico</strong></span> <span class='ocrx_word' id='word_1_471' title='bbox 3365 2215 3638 2284; x_wconf 84' lang='lat' dir='ltr'><strong>gaudere,</strong></span> 
     </span>
    </p>
   </div>
   <div class='ocr_carea' id='block_1_66' title="bbox 2063 2304 3402 2379">
    <p class='ocr_par' dir='ltr' id='par_1_66' title="bbox 2063 2304 3402 2379">
     <span class='ocr_line' id='line_1_66' title="bbox 2063 2304 3402 2379; baseline -0.008 -14"><span class='ocrx_word' id='word_1_472' title='bbox 2063 2312 2240 2366; x_wconf 86' lang='lat' dir='ltr'><strong>sciens</strong></span> <span class='ocrx_word' id='word_1_473' title='bbox 2271 2311 2414 2379; x_wconf 89' lang='lat' dir='ltr'><strong>quod</strong></span> <span class='ocrx_word' id='word_1_474' title='bbox 2443 2325 2632 2364; x_wconf 89' lang='lat' dir='ltr'><strong>omnes</strong></span> <span class='ocrx_word' id='word_1_475' title='bbox 2663 2309 2922 2362; x_wconf 88' lang='lat' dir='ltr'><strong>morimur</strong></span> <span class='ocrx_word' id='word_1_476' title='bbox 2952 2307 2970 2376; x_wconf 90' lang='lat'>(</span> <span class='ocrx_word' id='word_1_477' title='bbox 2995 2305 3162 2360; x_wconf 83' lang='lat' dir='ltr'><strong>Eccli.</strong></span> <span class='ocrx_word' id='word_1_478' title='bbox 3194 2321 3288 2358; x_wconf 80' lang='lat' dir='ltr'><strong>vui</strong></span> <span class='ocrx_word' id='word_1_479' title='bbox 3311 2304 3344 2374; x_wconf 89' lang='lat'><strong>).</strong></span> <span class='ocrx_word' id='word_1_480' title='bbox 3383 2324 3402 2354; x_wconf 71' lang='grc' dir='ltr'><strong>ι</strong></span> 
     </span>
    </p>
   </div>
   <div class='ocr_carea' id='block_1_67' title="bbox 2051 2395 3644 2464">
    <p class='ocr_par' dir='ltr' id='par_1_67' title="bbox 2051 2395 3644 2464">
     <span class='ocr_line' id='line_1_67' title="bbox 2051 2395 3644 2464; baseline -0.001 -14"><span class='ocrx_word' id='word_1_481' title='bbox 2051 2438 2067 2450; x_wconf 93' lang='grc'><strong>.</strong></span> <span class='ocrx_word' id='word_1_482' title='bbox 2136 2399 2242 2454; x_wconf 87' lang='lat' dir='ltr'><strong>Sed</strong></span> <span class='ocrx_word' id='word_1_483' title='bbox 2292 2409 2348 2452; x_wconf 92' lang='lat' dir='ltr'><strong>et</strong></span> <span class='ocrx_word' id='word_1_484' title='bbox 2395 2399 2539 2452; x_wconf 90' lang='lat' dir='ltr'><strong>aliud</strong></span> <span class='ocrx_word' id='word_1_485' title='bbox 2587 2397 2876 2452; x_wconf 88' lang='lat' dir='ltr'><strong>adnectere</strong></span> <span class='ocrx_word' id='word_1_486' title='bbox 2921 2411 3030 2449; x_wconf 91' lang='lat' dir='ltr'><strong>non</strong></span> <span class='ocrx_word' id='word_1_487' title='bbox 3073 2397 3306 2448; x_wconf 90' lang='lat' dir='ltr'><strong>otiosum</strong></span> <span class='ocrx_word' id='word_1_488' title='bbox 3337 2395 3644 2464; x_wconf 85' lang='lat' dir='ltr'><strong>credimus,</strong></span> 
     </span>
    </p>
   </div>
   <div class='ocr_carea' id='block_1_68' title="bbox 2063 2485 3643 2560">
    <p class='ocr_par' dir='ltr' id='par_1_68' title="bbox 2063 2485 3643 2560">
     <span class='ocr_line' id='line_1_68' title="bbox 2063 2485 3643 2560; baseline -0.003 -16"><span class='ocrx_word' id='word_1_489' title='bbox 2063 2493 2206 2560; x_wconf 90' lang='lat' dir='ltr'><strong>quod</strong></span> <span class='ocrx_word' id='word_1_490' title='bbox 2255 2490 2397 2544; x_wconf 90' lang='lat' dir='ltr'><strong>inter</strong></span> <span class='ocrx_word' id='word_1_491' title='bbox 2435 2497 2650 2543; x_wconf 89' lang='lat' dir='ltr'><strong>sanctos</strong></span> <span class='ocrx_word' id='word_1_492' title='bbox 2692 2487 2934 2557; x_wconf 90' lang='lat' dir='ltr'><strong>ejusdem</strong></span> <span class='ocrx_word' id='word_1_493' title='bbox 2965 2486 3196 2540; x_wconf 87' lang='lat' dir='ltr'><strong>coenohii</strong></span> <span class='ocrx_word' id='word_1_494' title='bbox 3231 2485 3522 2540; x_wconf 87' lang='lat' dir='ltr'><strong>monachos</strong></span> <span class='ocrx_word' id='word_1_495' title='bbox 3552 2498 3643 2539; x_wconf 83' lang='lat' dir='ltr'><strong>ce-</strong></span> 
     </span>
    </p>
   </div>
   <div class='ocr_carea' id='block_1_69' title="bbox 2065 2574 3642 2646">
    <p class='ocr_par' dir='ltr' id='par_1_69' title="bbox 2065 2574 3642 2646">
     <span class='ocr_line' id='line_1_69' title="bbox 2065 2574 3642 2646; baseline -0.005 -10"><span class='ocrx_word' id='word_1_496' title='bbox 2065 2583 2204 2638; x_wconf 86' lang='lat' dir='ltr'><strong>lebri</strong></span> <span class='ocrx_word' id='word_1_497' title='bbox 2231 2581 2476 2636; x_wconf 88' lang='lat' dir='ltr'><strong>redolere</strong></span> <span class='ocrx_word' id='word_1_498' title='bbox 2504 2579 2762 2632; x_wconf 86' lang='lat' dir='ltr'><strong>memoria</strong></span> <span class='ocrx_word' id='word_1_499' title='bbox 2789 2577 3102 2646; x_wconf 87' lang='lat' dir='ltr'><strong>frequenter</strong></span> <span class='ocrx_word' id='word_1_500' title='bbox 3125 2577 3444 2630; x_wconf 87' lang='lat' dir='ltr'><strong>audivimus.</strong></span> <span class='ocrx_word' id='word_1_501' title='bbox 3477 2574 3642 2628; x_wconf 87' lang='lat' dir='ltr'><strong>Aiunt</strong></span> 
     </span>
    </p>
   </div>
   <div class='ocr_carea' id='block_1_70' title="bbox 2065 2661 3638 2741">
    <p class='ocr_par' dir='ltr' id='par_1_70' title="bbox 2065 2661 3638 2741">
     <span class='ocr_line' id='line_1_70' title="bbox 2065 2661 3638 2741; baseline -0.006 -13"><span class='ocrx_word' id='word_1_502' title='bbox 2065 2675 2244 2738; x_wconf 89' lang='lat' dir='ltr'><strong>enim,</strong></span> <span class='ocrx_word' id='word_1_503' title='bbox 2293 2673 2421 2741; x_wconf 87' lang='lat' dir='ltr'><strong>quia</strong></span> <span class='ocrx_word' id='word_1_504' title='bbox 2470 2670 2728 2740; x_wconf 71' lang='lat' dir='ltr'><strong>prmfatus</strong></span> <span class='ocrx_word' id='word_1_505' title='bbox 2779 2667 3022 2724; x_wconf 88' lang='lat' dir='ltr'><strong>marchio</strong></span> <span class='ocrx_word' id='word_1_506' title='bbox 3063 2667 3270 2720; x_wconf 83' lang='lat' dir='ltr'><strong>Marino</strong></span> <span class='ocrx_word' id='word_1_507' title='bbox 3301 2661 3514 2728; x_wconf 84' lang='lat' dir='ltr'><strong>abbati,</strong></span> <span class='ocrx_word' id='word_1_508' title='bbox 3546 2665 3638 2734; x_wconf 89' lang='lat' dir='ltr'><strong>qui</strong></span> 
     </span>
    </p>
   </div>
   <div class='ocr_carea' id='block_1_71' title="bbox 2067 2758 3642 2829">
    <p class='ocr_par' dir='ltr' id='par_1_71' title="bbox 2067 2758 3642 2829">
     <span class='ocr_line' id='line_1_71' title="bbox 2067 2758 3642 2829; baseline -0.005 -11"><span class='ocrx_word' id='word_1_509' title='bbox 2067 2765 2454 2820; x_wconf 84' lang='lat' dir='ltr'><strong>inenasterium</strong></span> <span class='ocrx_word' id='word_1_510' title='bbox 2487 2763 2536 2815; x_wconf 92' lang='lat' dir='ltr'><strong>id</strong></span> <span class='ocrx_word' id='word_1_511' title='bbox 2571 2771 2694 2816; x_wconf 89' lang='lat' dir='ltr'><strong>tunc</strong></span> <span class='ocrx_word' id='word_1_512' title='bbox 2733 2761 2951 2829; x_wconf 82' lang='lat' dir='ltr'><strong>regebat</strong></span> <span class='ocrx_word' id='word_1_513' title='bbox 2971 2799 2988 2825; x_wconf 97' lang='lat'><strong>,</strong></span> <span class='ocrx_word' id='word_1_514' title='bbox 3020 2775 3118 2828; x_wconf 91' lang='lat' dir='ltr'><strong>per</strong></span> <span class='ocrx_word' id='word_1_515' title='bbox 3155 2758 3391 2828; x_wconf 88' lang='lat' dir='ltr'><strong>speciem</strong></span> <span class='ocrx_word' id='word_1_516' title='bbox 3424 2766 3642 2810; x_wconf 87' lang='lat' dir='ltr'><strong>noctur-</strong></span> 
     </span>
    </p>
   </div>
   <div class='ocr_carea' id='block_1_72' title="bbox 2067 2848 3640 2920">
    <p class='ocr_par' dir='ltr' id='par_1_72' title="bbox 2067 2848 3640 2920">
     <span class='ocr_line' id='line_1_72' title="bbox 2067 2848 3640 2920; baseline -0.005 -11"><span class='ocrx_word' id='word_1_517' title='bbox 2067 2871 2152 2909; x_wconf 79' lang='lat' dir='ltr'><strong>nae</strong></span> <span class='ocrx_word' id='word_1_518' title='bbox 2197 2853 2420 2908; x_wconf 80' lang='lat' dir='ltr'><strong>visionis</strong></span> <span class='ocrx_word' id='word_1_519' title='bbox 2463 2850 2750 2920; x_wconf 88' lang='lat' dir='ltr'><strong>apparuit;</strong></span> <span class='ocrx_word' id='word_1_520' title='bbox 2801 2859 2994 2918; x_wconf 86' lang='lat' dir='ltr'><strong>atque,</strong></span> <span class='ocrx_word' id='word_1_521' title='bbox 3043 2858 3101 2902; x_wconf 90' lang='lat' dir='ltr'><strong>ut</strong></span> <span class='ocrx_word' id='word_1_522' title='bbox 3145 2864 3342 2918; x_wconf 92' lang='lat' dir='ltr'><strong>corpus</strong></span> <span class='ocrx_word' id='word_1_523' title='bbox 3385 2863 3536 2900; x_wconf 78' lang='lat' dir='ltr'><strong>suurn</strong></span> <span class='ocrx_word' id='word_1_524' title='bbox 3588 2848 3640 2901; x_wconf 91' lang='lat' dir='ltr'><strong>in</strong></span> 
     </span>
    </p>
   </div>
   <div class='ocr_carea' id='block_1_73' title="bbox 2065 2939 3630 3018">
    <p class='ocr_par' dir='ltr' id='par_1_73' title="bbox 2065 2939 3630 3018">
     <span class='ocr_line' id='line_1_73' title="bbox 2065 2939 3630 3018; baseline -0.006 -16"><span class='ocrx_word' id='word_1_525' title='bbox 2065 2947 2316 3018; x_wconf 87' lang='lat' dir='ltr'><strong>supinum</strong></span> <span class='ocrx_word' id='word_1_526' title='bbox 2343 2944 2497 3012; x_wconf 79' lang='lat' dir='ltr'><strong>juxta</strong></span> <span class='ocrx_word' id='word_1_527' title='bbox 2528 2942 2972 2998; x_wconf 90' lang='lat' dir='ltr'><strong>consuetudinem</strong></span> <span class='ocrx_word' id='word_1_528' title='bbox 3001 2941 3271 3006; x_wconf 89' lang='lat' dir='ltr'><strong>volveret,</strong></span> <span class='ocrx_word' id='word_1_529' title='bbox 3305 2939 3444 3008; x_wconf 90' lang='lat' dir='ltr'><strong>quod</strong></span> <span class='ocrx_word' id='word_1_530' title='bbox 3489 2939 3541 2992; x_wconf 91' lang='lat' dir='ltr'><strong>in</strong></span> <span class='ocrx_word' id='word_1_531' title='bbox 3569 2954 3630 2992; x_wconf 84' lang='lat' dir='ltr'><strong>os</strong></span> 
     </span>
    </p>
   </div>
   <div class='ocr_carea' id='block_1_74' title="bbox 2069 3028 3622 3105">
    <p class='ocr_par' dir='ltr' id='par_1_74' title="bbox 2069 3028 3622 3105">
     <span class='ocr_line' id='line_1_74' title="bbox 2069 3028 3622 3105; baseline -0.007 -13"><span class='ocrx_word' id='word_1_532' title='bbox 2069 3040 2384 3094; x_wconf 90' lang='lat' dir='ltr'><strong>reclinatum</strong></span> <span class='ocrx_word' id='word_1_533' title='bbox 2409 3035 2624 3105; x_wconf 88' lang='lat' dir='ltr'><strong>jaccbat</strong></span> <span class='ocrx_word' id='word_1_534' title='bbox 2645 3075 2658 3099; x_wconf 93' lang='lat'><strong>,</strong></span> <span class='ocrx_word' id='word_1_535' title='bbox 2692 3034 2990 3087; x_wconf 88' lang='lat' dir='ltr'><strong>admonuit.</strong></span> <span class='ocrx_word' id='word_1_536' title='bbox 3026 3033 3229 3098; x_wconf 89' lang='lat' dir='ltr'><strong>Quibus</strong></span> <span class='ocrx_word' id='word_1_537' title='bbox 3271 3028 3512 3100; x_wconf 79' lang='lat' dir='ltr'><strong>profecto</strong></span> <span class='ocrx_word' id='word_1_538' title='bbox 3541 3030 3622 3082; x_wconf 91' lang='lat' dir='ltr'><strong>vi-</strong></span> 
     </span>
    </p>
   </div>
   <div class='ocr_carea' id='block_1_75' title="bbox 2068 3119 3634 3192">
    <p class='ocr_par' dir='ltr' id='par_1_75' title="bbox 2068 3119 3634 3192">
     <span class='ocr_line' id='line_1_75' title="bbox 2068 3119 3634 3192; baseline -0.008 -9"><span class='ocrx_word' id='word_1_539' title='bbox 2068 3129 2308 3184; x_wconf 87' lang='lat' dir='ltr'><strong>sionibus</strong></span> <span class='ocrx_word' id='word_1_540' title='bbox 2334 3128 2502 3181; x_wconf 88' lang='lat' dir='ltr'><strong>abbas</strong></span> <span class='ocrx_word' id='word_1_541' title='bbox 2531 3124 2690 3178; x_wconf 84' lang='lat' dir='ltr'><strong>ﬁdem</strong></span> <span class='ocrx_word' id='word_1_542' title='bbox 2719 3122 2964 3192; x_wconf 69' lang='lat' dir='ltr'><strong>praabens</strong></span> <span class='ocrx_word' id='word_1_543' title='bbox 2989 3161 3004 3184; x_wconf 90' lang='lat'><strong>,</strong></span> <span class='ocrx_word' id='word_1_544' title='bbox 3034 3121 3264 3190; x_wconf 86' lang='lat' dir='ltr'><strong>probare</strong></span> <span class='ocrx_word' id='word_1_545' title='bbox 3297 3137 3408 3174; x_wconf 91' lang='lat' dir='ltr'><strong>rem</strong></span> <span class='ocrx_word' id='word_1_546' title='bbox 3435 3119 3600 3172; x_wconf 88' lang='lat' dir='ltr'><strong>voluit</strong></span> <span class='ocrx_word' id='word_1_547' title='bbox 3621 3157 3634 3180; x_wconf 86' lang='lat'><strong>,</strong></span> 
     </span>
    </p>
   </div>
   <div class='ocr_carea' id='block_1_76' title="bbox 2067 3209 3637 3284">
    <p class='ocr_par' dir='ltr' id='par_1_76' title="bbox 2067 3209 3637 3284">
     <span class='ocr_line' id='line_1_76' title="bbox 2067 3209 3637 3284; baseline -0.01 -9"><span class='ocrx_word' id='word_1_548' title='bbox 2067 3229 2120 3276; x_wconf 90' lang='lat' dir='ltr'><strong>et</strong></span> <span class='ocrx_word' id='word_1_549' title='bbox 2153 3219 2362 3274; x_wconf 88' lang='lat' dir='ltr'><strong>honesti</strong></span> <span class='ocrx_word' id='word_1_550' title='bbox 2387 3217 2486 3270; x_wconf 89' lang='lat' dir='ltr'><strong>viri</strong></span> <span class='ocrx_word' id='word_1_551' title='bbox 2515 3229 2712 3284; x_wconf 87' lang='lat' dir='ltr'><strong>corpus</strong></span> <span class='ocrx_word' id='word_1_552' title='bbox 2739 3228 2998 3284; x_wconf 91' lang='lat' dir='ltr'><strong>pronum,</strong></span> <span class='ocrx_word' id='word_1_553' title='bbox 3031 3221 3088 3265; x_wconf 91' lang='lat' dir='ltr'><strong>et</strong></span> <span class='ocrx_word' id='word_1_554' title='bbox 3115 3211 3166 3264; x_wconf 89' lang='lat' dir='ltr'><strong>in</strong></span> <span class='ocrx_word' id='word_1_555' title='bbox 3199 3209 3386 3264; x_wconf 81' lang='lat' dir='ltr'><strong>faciem</strong></span> <span class='ocrx_word' id='word_1_556' title='bbox 3413 3211 3637 3279; x_wconf 91' lang='lat' dir='ltr'><strong>jacens,</strong></span> 
     </span>
    </p>
   </div>
   <div class='ocr_carea' id='block_1_77' title="bbox 2065 3303 3656 3367">
    <p class='ocr_par' dir='ltr' id='par_1_77' title="bbox 2065 3303 3656 3367">
     <span class='ocr_line' id='line_1_77' title="bbox 2065 3303 3656 3367; baseline -0.011 0"><span class='ocrx_word' id='word_1_557' title='bbox 2065 3311 2204 3367; x_wconf 91' lang='lat' dir='ltr'><strong>sicut</strong></span> <span class='ocrx_word' id='word_1_558' title='bbox 2235 3309 2333 3363; x_wconf 91' lang='lat' dir='ltr'><strong>sibi</strong></span> <span class='ocrx_word' id='word_1_559' title='bbox 2365 3307 2658 3361; x_wconf 84' lang='lat' dir='ltr'><strong>revelatum</strong></span> <span class='ocrx_word' id='word_1_560' title='bbox 2688 3313 2836 3366; x_wconf 88' lang='lat' dir='ltr'><strong>erat,</strong></span> <span class='ocrx_word' id='word_1_561' title='bbox 2861 3303 3155 3362; x_wconf 89' lang='lat' dir='ltr'><strong>inveniens,</strong></span> <span class='ocrx_word' id='word_1_562' title='bbox 3207 3309 3536 3362; x_wconf 87' lang='lat' dir='ltr'><strong>reverenter,</strong></span> <span class='ocrx_word' id='word_1_563' title='bbox 3580 3307 3656 3350; x_wconf 83' lang='lat' dir='ltr'><strong>ut-</strong></span> 
     </span>
    </p>
   </div>
   <div class='ocr_carea' id='block_1_78' title="bbox 2065 3387 3638 3462">
    <p class='ocr_par' dir='ltr' id='par_1_78' title="bbox 2065 3387 3638 3462">
     <span class='ocr_line' id='line_1_78' title="bbox 2065 3387 3638 3462; baseline -0.011 -7"><span class='ocrx_word' id='word_1_564' title='bbox 2065 3401 2326 3462; x_wconf 91' lang='lat' dir='ltr'><strong>decebat,</strong></span> <span class='ocrx_word' id='word_1_565' title='bbox 2375 3399 2428 3450; x_wconf 89' lang='lat' dir='ltr'><strong>in</strong></span> <span class='ocrx_word' id='word_1_566' title='bbox 2477 3396 2620 3448; x_wconf 88' lang='lat' dir='ltr'><strong>latus</strong></span> <span class='ocrx_word' id='word_1_567' title='bbox 2667 3393 2893 3447; x_wconf 88' lang='lat' dir='ltr'><strong>alterum</strong></span> <span class='ocrx_word' id='word_1_568' title='bbox 2949 3391 3237 3462; x_wconf 83' lang='lat' dir='ltr'><strong>supinavit.</strong></span> <span class='ocrx_word' id='word_1_569' title='bbox 3289 3387 3396 3442; x_wconf 73' lang='lat' dir='ltr'><strong>Nec</strong></span> <span class='ocrx_word' id='word_1_570' title='bbox 3441 3387 3638 3442; x_wconf 86' lang='lat' dir='ltr'><strong>mirum</strong></span> 
     </span>
    </p>
   </div>
   <div class='ocr_carea' id='block_1_79' title="bbox 2061 3477 3636 3560">
    <p class='ocr_par' dir='ltr' id='par_1_79' title="bbox 2061 3477 3636 3560">
     <span class='ocr_line' id='line_1_79' title="bbox 2061 3477 3636 3560; baseline -0.011 -15"><span class='ocrx_word' id='word_1_571' title='bbox 2061 3491 2249 3560; x_wconf 85' lang='lat' dir='ltr'><strong>plane,</strong></span> <span class='ocrx_word' id='word_1_572' title='bbox 2281 3489 2326 3541; x_wconf 90' lang='lat' dir='ltr'><strong>si</strong></span> <span class='ocrx_word' id='word_1_573' title='bbox 2360 3488 2441 3540; x_wconf 89' lang='lat' dir='ltr'><strong>vir</strong></span> <span class='ocrx_word' id='word_1_574' title='bbox 2482 3487 2583 3539; x_wconf 84' lang='lat' dir='ltr'><strong>iste</strong></span> <span class='ocrx_word' id='word_1_575' title='bbox 2625 3483 2910 3552; x_wconf 72' lang='lat' dir='ltr'><strong>sepultura:</strong></span> <span class='ocrx_word' id='word_1_576' title='bbox 2953 3479 3398 3536; x_wconf 84' lang='lat' dir='ltr'><strong>consuetudinem</strong></span> <span class='ocrx_word' id='word_1_577' title='bbox 3445 3477 3636 3544; x_wconf 90' lang='lat' dir='ltr'><strong>petiit,</strong></span> 
     </span>
    </p>
   </div>
   <div class='ocr_carea' id='block_1_80' title="bbox 2064 3567 3633 3648">
    <p class='ocr_par' dir='ltr' id='par_1_80' title="bbox 2064 3567 3633 3648">
     <span class='ocr_line' id='line_1_80' title="bbox 2064 3567 3633 3648; baseline -0.007 -17"><span class='ocrx_word' id='word_1_578' title='bbox 2064 3569 2314 3648; x_wconf 85' lang='lat' dir='ltr'><strong>quamet</strong></span> <span class='ocrx_word' id='word_1_579' title='bbox 2349 3576 2464 3645; x_wconf 89' lang='lat' dir='ltr'><strong>ipse</strong></span> <span class='ocrx_word' id='word_1_580' title='bbox 2491 3574 2633 3627; x_wconf 90' lang='lat' dir='ltr'><strong>circa</strong></span> <span class='ocrx_word' id='word_1_581' title='bbox 2663 3588 2720 3626; x_wconf 91' lang='lat' dir='ltr'><strong>se</strong></span> <span class='ocrx_word' id='word_1_582' title='bbox 2751 3579 2910 3640; x_wconf 88' lang='lat' dir='ltr'><strong>caput</strong></span> <span class='ocrx_word' id='word_1_583' title='bbox 2940 3567 3508 3646; x_wconf 25' lang='lat' dir='ltr'><strong>electorum‘onuiium</strong></span> <span class='ocrx_word' id='word_1_584' title='bbox 3539 3581 3633 3621; x_wconf 91' lang='lat' dir='ltr'><strong>vo-</strong></span> 
     </span>
    </p>
   </div>
   <div class='ocr_carea' id='block_1_81' title="bbox 2063 3653 3636 3728">
    <p class='ocr_par' dir='ltr' id='par_1_81' title="bbox 2063 3653 3636 3728">
     <span class='ocr_line' id='line_1_81' title="bbox 2063 3653 3636 3728; baseline -0.01 -7"><span class='ocrx_word' id='word_1_585' title='bbox 2063 3668 2164 3722; x_wconf 91' lang='lat' dir='ltr'><strong>luit</strong></span> <span class='ocrx_word' id='word_1_586' title='bbox 2187 3665 2454 3721; x_wconf 82' lang='lat' dir='ltr'><strong>exhiberi.</strong></span> <span class='ocrx_word' id='word_1_587' title='bbox 2487 3662 2624 3716; x_wconf 87' lang='lat' dir='ltr'><strong>Dicit</strong></span> <span class='ocrx_word' id='word_1_588' title='bbox 2650 3661 2792 3716; x_wconf 89' lang='lat' dir='ltr'><strong>cnim</strong></span> <span class='ocrx_word' id='word_1_589' title='bbox 2823 3659 3144 3728; x_wconf 79' lang='lat' dir='ltr'><strong>evangelista</strong></span> <span class='ocrx_word' id='word_1_590' title='bbox 3173 3654 3412 3709; x_wconf 82' lang='lat' dir='ltr'><strong>Joannes</strong></span> <span class='ocrx_word' id='word_1_591' title='bbox 3440 3671 3450 3704; x_wconf 93' lang='lat'><strong>:</strong></span> <span class='ocrx_word' id='word_1_592' title='bbox 3477 3653 3636 3720; x_wconf 83' lang='lat' dir='ltr'><strong>Quia,</strong></span> 
     </span>
    </p>
   </div>
   <div class='ocr_carea' id='block_1_82' title="bbox 2081 3744 3638 3825">
    <p class='ocr_par' dir='ltr' id='par_1_82' title="bbox 2081 3744 3638 3825">
     <span class='ocr_line' id='line_1_82' title="bbox 2081 3744 3638 3825; baseline -0.008 -15"><span class='ocrx_word' id='word_1_593' title='bbox 2081 3779 2098 3810; x_wconf 84' lang='grc'><em>‹</em></span> <span class='ocrx_word' id='word_1_594' title='bbox 2129 3758 2328 3825; x_wconf 77' lang='lat' dir='ltr'><strong>Joseph</strong></span> <span class='ocrx_word' id='word_1_595' title='bbox 2374 3765 2428 3810; x_wconf 92' lang='lat' dir='ltr'><strong>et</strong></span> <span class='ocrx_word' id='word_1_596' title='bbox 2475 3754 2799 3808; x_wconf 81' lang='lat' dir='ltr'><strong>Nicodeuius</strong></span> <span class='ocrx_word' id='word_1_597' title='bbox 2827 3757 3152 3820; x_wconf 85' lang='lat' dir='ltr'><strong>acceperunt</strong></span> <span class='ocrx_word' id='word_1_598' title='bbox 3178 3762 3372 3816; x_wconf 87' lang='lat' dir='ltr'><strong>corpus</strong></span> <span class='ocrx_word' id='word_1_599' title='bbox 3400 3744 3556 3809; x_wconf 84' lang='lat' dir='ltr'><strong>Jcsu,</strong></span> <span class='ocrx_word' id='word_1_600' title='bbox 3584 3752 3638 3797; x_wconf 88' lang='lat' dir='ltr'><strong>et</strong></span> 
     </span>
    </p>
   </div>
   <div class='ocr_carea' id='block_1_83' title="bbox 2063 3841 3637 3922">
    <p class='ocr_par' dir='ltr' id='par_1_83' title="bbox 2063 3841 3637 3922">
     <span class='ocr_line' id='line_1_83' title="bbox 2063 3841 3637 3922; baseline -0.01 -17"><span class='ocrx_word' id='word_1_601' title='bbox 2063 3853 2362 3922; x_wconf 84' lang='lat' dir='ltr'><strong>ligaverunt</strong></span> <span class='ocrx_word' id='word_1_602' title='bbox 2399 3849 2523 3902; x_wconf 88' lang='lat' dir='ltr'><strong>illud</strong></span> <span class='ocrx_word' id='word_1_603' title='bbox 2552 3848 2733 3901; x_wconf 84' lang='lat' dir='ltr'><strong>linteis</strong></span> <span class='ocrx_word' id='word_1_604' title='bbox 2762 3861 2884 3900; x_wconf 88' lang='lat' dir='ltr'><strong>cum</strong></span> <span class='ocrx_word' id='word_1_605' title='bbox 2932 3843 3298 3904; x_wconf 90' lang='lat' dir='ltr'><strong>aromatihus,</strong></span> <span class='ocrx_word' id='word_1_606' title='bbox 3342 3841 3481 3894; x_wconf 89' lang='lat' dir='ltr'><strong>sicut</strong></span> <span class='ocrx_word' id='word_1_607' title='bbox 3521 3853 3637 3891; x_wconf 89' lang='lat' dir='ltr'><strong>mos</strong></span> 
     </span>
    </p>
   </div>
   <div class='ocr_carea' id='block_1_84' title="bbox 2062 3929 3635 4008">
    <p class='ocr_par' dir='ltr' id='par_1_84' title="bbox 2062 3929 3635 4008">
     <span class='ocr_line' id='line_1_84' title="bbox 2062 3929 3635 4008; baseline -0.011 -11"><span class='ocrx_word' id='word_1_608' title='bbox 2062 3943 2261 3998; x_wconf 72' lang='lat' dir='ltr'><strong>Judmis</strong></span> <span class='ocrx_word' id='word_1_609' title='bbox 2288 3949 2372 3995; x_wconf 91' lang='lat' dir='ltr'><strong>est</strong></span> <span class='ocrx_word' id='word_1_610' title='bbox 2399 3939 2628 4008; x_wconf 88' lang='lat' dir='ltr'><strong>sepelire</strong></span> <span class='ocrx_word' id='word_1_611' title='bbox 2657 3936 2854 4006; x_wconf 83' lang='lat' dir='ltr'><strong>(Joau.</strong></span> <span class='ocrx_word' id='word_1_612' title='bbox 2889 3951 2982 3988; x_wconf 63' lang='grc' dir='ltr'><strong>χιχ</strong></span> <span class='ocrx_word' id='word_1_613' title='bbox 3005 3933 3044 3998; x_wconf 91' lang='grc'><strong>).</strong></span> <span class='ocrx_word' id='word_1_614' title='bbox 3077 3953 3094 3983; x_wconf 81' lang='grc' dir='ltr'><strong>ι</strong></span> <span class='ocrx_word' id='word_1_615' title='bbox 3129 3931 3280 3984; x_wconf 90' lang='lat' dir='ltr'><strong>llunc</strong></span> <span class='ocrx_word' id='word_1_616' title='bbox 3307 3931 3400 3983; x_wconf 89' lang='lat' dir='ltr'><strong>tibi</strong></span> <span class='ocrx_word' id='word_1_617' title='bbox 3429 3929 3635 3997; x_wconf 83' lang='lat' dir='ltr'><strong>praede-</strong></span> 
     </span>
    </p>
   </div>
   <div class='ocr_carea' id='block_1_85' title="bbox 2064 4017 3629 4092">
    <p class='ocr_par' dir='ltr' id='par_1_85' title="bbox 2064 4017 3629 4092">
     <span class='ocr_line' id='line_1_85' title="bbox 2064 4017 3629 4092; baseline -0.013 -4"><span class='ocrx_word' id='word_1_618' title='bbox 2064 4047 2331 4088; x_wconf 89' lang='lat' dir='ltr'><strong>cessorem</strong></span> <span class='ocrx_word' id='word_1_619' title='bbox 2363 4039 2545 4092; x_wconf 90' lang='lat' dir='ltr'><strong>tuum,</strong></span> <span class='ocrx_word' id='word_1_620' title='bbox 2575 4029 2658 4082; x_wconf 89' lang='lat' dir='ltr'><strong>vir</strong></span> <span class='ocrx_word' id='word_1_621' title='bbox 2686 4024 3140 4084; x_wconf 87' lang='lat' dir='ltr'><strong>eminentissime,</strong></span> <span class='ocrx_word' id='word_1_622' title='bbox 3169 4020 3320 4089; x_wconf 85' lang='lat' dir='ltr'><strong>quasi</strong></span> <span class='ocrx_word' id='word_1_623' title='bbox 3355 4017 3629 4085; x_wconf 81' lang='lat' dir='ltr'><strong>speculum</strong></span> 
     </span>
    </p>
   </div>
   <div class='ocr_carea' id='block_1_86' title="bbox 2063 4107 3636 4184">
    <p class='ocr_par' dir='ltr' id='par_1_86' title="bbox 2063 4107 3636 4184">
     <span class='ocr_line' id='line_1_86' title="bbox 2063 4107 3636 4184; baseline -0.013 -9"><span class='ocrx_word' id='word_1_624' title='bbox 2063 4130 2272 4184; x_wconf 89' lang='lat' dir='ltr'><strong>statue,</strong></span> <span class='ocrx_word' id='word_1_625' title='bbox 2299 4119 2636 4184; x_wconf 90' lang='lat' dir='ltr'><strong>aliorumque</strong></span> <span class='ocrx_word' id='word_1_626' title='bbox 2661 4113 2760 4168; x_wconf 73' lang='lat' dir='ltr'><strong>tibi</strong></span> <span class='ocrx_word' id='word_1_627' title='bbox 2789 4112 2878 4182; x_wconf 89' lang='lat' dir='ltr'><strong>qui</strong></span> <span class='ocrx_word' id='word_1_628' title='bbox 2909 4110 3203 4182; x_wconf 86' lang='lat' dir='ltr'><strong>pravitates</strong></span> <span class='ocrx_word' id='word_1_629' title='bbox 3235 4107 3510 4159; x_wconf 88' lang='lat' dir='ltr'><strong>hominum</strong></span> <span class='ocrx_word' id='word_1_630' title='bbox 3540 4119 3636 4171; x_wconf 82' lang='lat' dir='ltr'><strong>per</strong></span> 
     </span>
    </p>
   </div>
   <div class='ocr_carea' id='block_1_87' title="bbox 2064 4193 3632 4280">
    <p class='ocr_par' dir='ltr' id='par_1_87' title="bbox 2064 4193 3632 4280">
     <span class='ocr_line' id='line_1_87' title="bbox 2064 4193 3632 4280; baseline -0.015 -15"><span class='ocrx_word' id='word_1_631' title='bbox 2064 4212 2297 4280; x_wconf 82' lang='lat' dir='ltr'><strong>rigorem</strong></span> <span class='ocrx_word' id='word_1_632' title='bbox 2345 4205 2572 4274; x_wconf 73' lang='lat' dir='ltr'><strong>justitia:</strong></span> <span class='ocrx_word' id='word_1_633' title='bbox 2623 4207 3028 4271; x_wconf 85' lang='lat' dir='ltr'><strong>represserunt,</strong></span> <span class='ocrx_word' id='word_1_634' title='bbox 3080 4193 3322 4264; x_wconf 79' lang='lat' dir='ltr'><strong>exempla</strong></span> <span class='ocrx_word' id='word_1_635' title='bbox 3377 4207 3632 4261; x_wconf 82' lang='lat' dir='ltr'><strong>propone.</strong></span> 
     </span>
    </p>
   </div>
   <div class='ocr_carea' id='block_1_88' title="bbox 2063 4289 3634 4371">
    <p class='ocr_par' dir='ltr' id='par_1_88' title="bbox 2063 4289 3634 4371">
     <span class='ocr_line' id='line_1_88' title="bbox 2063 4289 3634 4371; baseline -0.016 -15"><span class='ocrx_word' id='word_1_636' title='bbox 2063 4301 2223 4371; x_wconf 84' lang='lat' dir='ltr'><strong>Eripe</strong></span> <span class='ocrx_word' id='word_1_637' title='bbox 2265 4300 2331 4354; x_wconf 88' lang='lat' dir='ltr'><strong>de</strong></span> <span class='ocrx_word' id='word_1_638' title='bbox 2369 4297 2726 4350; x_wconf 90' lang='lat' dir='ltr'><strong>violentorum</strong></span> <span class='ocrx_word' id='word_1_639' title='bbox 2766 4294 3015 4344; x_wconf 86' lang='lat' dir='ltr'><strong>manibus</strong></span> <span class='ocrx_word' id='word_1_640' title='bbox 3062 4289 3376 4340; x_wconf 84' lang='lat' dir='ltr'><strong>innocentes</strong></span> <span class='ocrx_word' id='word_1_641' title='bbox 3401 4299 3415 4346; x_wconf 89' lang='lat'><strong>;</strong></span> <span class='ocrx_word' id='word_1_642' title='bbox 3445 4295 3634 4349; x_wconf 87' lang='lat' dir='ltr'><strong>super-</strong></span> 
     </span>
    </p>
   </div>
   <div class='ocr_carea' id='block_1_89' title="bbox 2063 4371 3620 4454">
    <p class='ocr_par' dir='ltr' id='par_1_89' title="bbox 2063 4371 3620 4454">
     <span class='ocr_line' id='line_1_89' title="bbox 2063 4371 3620 4454; baseline -0.016 -7"><span class='ocrx_word' id='word_1_643' title='bbox 2063 4394 2255 4447; x_wconf 90' lang='lat' dir='ltr'><strong>borum</strong></span> <span class='ocrx_word' id='word_1_644' title='bbox 2283 4429 2297 4454; x_wconf 93' lang='lat'><strong>,</strong></span> <span class='ocrx_word' id='word_1_645' title='bbox 2323 4397 2377 4442; x_wconf 91' lang='lat' dir='ltr'><strong>ct</strong></span> <span class='ocrx_word' id='word_1_646' title='bbox 2399 4395 2587 4442; x_wconf 89' lang='lat' dir='ltr'><strong>contra</strong></span> <span class='ocrx_word' id='word_1_647' title='bbox 2616 4390 2814 4437; x_wconf 89' lang='lat' dir='ltr'><strong>statuta</strong></span> <span class='ocrx_word' id='word_1_648' title='bbox 2845 4378 3133 4432; x_wconf 86' lang='lat' dir='ltr'><strong>viventium</strong></span> <span class='ocrx_word' id='word_1_649' title='bbox 3153 4416 3166 4440; x_wconf 93' lang='lat'><strong>,</strong></span> <span class='ocrx_word' id='word_1_650' title='bbox 3199 4381 3410 4429; x_wconf 87' lang='lat' dir='ltr'><strong>erectas</strong></span> <span class='ocrx_word' id='word_1_651' title='bbox 3435 4371 3620 4440; x_wconf 85' lang='lat' dir='ltr'><strong>frange</strong></span> 
     </span>
    </p>
   </div>
   <div class='ocr_carea' id='block_1_90' title="bbox 462 4465 3635 4562">
    <p class='ocr_par' dir='ltr' id='par_1_90' title="bbox 462 4465 3635 4562">
     <span class='ocr_line' id='line_1_90' title="bbox 462 4465 3635 4562; baseline 0.003 -36"><span class='ocrx_word' id='word_1_652' title='bbox 462 4470 532 4526; x_wconf 91' lang='lat' dir='ltr'><strong>Ut</strong></span> <span class='ocrx_word' id='word_1_653' title='bbox 564 4483 746 4528; x_wconf 90' lang='lat' dir='ltr'><strong>autem</strong></span> <span class='ocrx_word' id='word_1_654' title='bbox 787 4476 994 4545; x_wconf 82' lang='lat' dir='ltr'><strong>praefati</strong></span> <span class='ocrx_word' id='word_1_655' title='bbox 1026 4480 1358 4534; x_wconf 82' lang='lat' dir='ltr'><strong>marchiouis</strong></span> <span class='ocrx_word' id='word_1_656' title='bbox 1401 4481 1564 4535; x_wconf 90' lang='lat' dir='ltr'><strong>etiam</strong></span> <span class='ocrx_word' id='word_1_657' title='bbox 1596 4481 1757 4535; x_wconf 87' lang='lat' dir='ltr'><strong>linem</strong></span> <span class='ocrx_word' id='word_1_658' title='bbox 1787 4481 1962 4536; x_wconf 77' lang='lat' dir='ltr'><strong>brevi-</strong></span> <span class='ocrx_word' id='word_1_659' title='bbox 1989 4503 2040 4562; x_wconf 73' lang='grc' dir='ltr'>ι)</span> <span class='ocrx_word' id='word_1_660' title='bbox 2067 4481 2328 4538; x_wconf 90' lang='lat' dir='ltr'><strong>cervices.</strong></span> <span class='ocrx_word' id='word_1_661' title='bbox 2381 4475 2745 4546; x_wconf 77' lang='lat' dir='ltr'><strong>Experiamur</strong></span> <span class='ocrx_word' id='word_1_662' title='bbox 2799 4482 2849 4524; x_wconf 88' lang='lat' dir='ltr'><strong>te</strong></span> <span class='ocrx_word' id='word_1_663' title='bbox 2898 4467 3110 4537; x_wconf 79' lang='lat' dir='ltr'><strong>reprobi</strong></span> <span class='ocrx_word' id='word_1_664' title='bbox 3132 4465 3453 4562; x_wconf 65' lang='lat' dir='ltr'><strong>_pri_nCiPe&#39;&quot;</strong></span> <span class='ocrx_word' id='word_1_665' title='bbox 3475 4503 3489 4525; x_wconf 63' lang='grc' dir='ltr'>θ</span> <span class='ocrx_word' id='word_1_666' title='bbox 3510 4476 3635 4562; x_wconf 51' lang='lat'><strong>&quot;&quot;0&quot;</strong></span> 
     </span>
    </p>
   </div>
   <div class='ocr_carea' id='block_1_91' title="bbox 389 4565 1960 4634">
    <p class='ocr_par' dir='ltr' id='par_1_91' title="bbox 389 4565 1960 4634">
     <span class='ocr_line' id='line_1_91' title="bbox 389 4565 1960 4634; baseline 0.008 -21"><span class='ocrx_word' id='word_1_667' title='bbox 389 4569 471 4614; x_wconf 91' lang='lat' dir='ltr'><strong>ter</strong></span> <span class='ocrx_word' id='word_1_668' title='bbox 523 4565 990 4634; x_wconf 78' lang='lat' dir='ltr'><strong>perstringamus;</strong></span> <span class='ocrx_word' id='word_1_669' title='bbox 1041 4584 1162 4623; x_wconf 91' lang='lat' dir='ltr'><strong>cum</strong></span> <span class='ocrx_word' id='word_1_670' title='bbox 1226 4572 1278 4624; x_wconf 92' lang='lat' dir='ltr'><strong>in</strong></span> <span class='ocrx_word' id='word_1_671' title='bbox 1320 4579 1578 4625; x_wconf 78' lang='lat' dir='ltr'><strong>extrema:</strong></span> <span class='ocrx_word' id='word_1_672' title='bbox 1633 4572 1960 4626; x_wconf 89' lang='lat' dir='ltr'><strong>valetudinis</strong></span> 
     </span>
    </p>
   </div>
   <div class='ocr_carea' id='block_1_92' title="bbox 384 4649 1959 4729">
    <p class='ocr_par' dir='ltr' id='par_1_92' title="bbox 384 4649 1959 4729">
     <span class='ocr_line' id='line_1_92' title="bbox 384 4649 1959 4729; baseline 0.006 -26"><span class='ocrx_word' id='word_1_673' title='bbox 384 4649 644 4720; x_wconf 85' lang='lat' dir='ltr'><strong>languore</strong></span> <span class='ocrx_word' id='word_1_674' title='bbox 679 4655 1048 4722; x_wconf 87' lang='lat' dir='ltr'><strong>decumberet,</strong></span> <span class='ocrx_word' id='word_1_675' title='bbox 1078 4667 1131 4712; x_wconf 91' lang='lat' dir='ltr'><strong>et</strong></span> <span class='ocrx_word' id='word_1_676' title='bbox 1158 4659 1319 4712; x_wconf 89' lang='lat' dir='ltr'><strong>totius</strong></span> <span class='ocrx_word' id='word_1_677' title='bbox 1370 4660 1518 4729; x_wconf 84' lang='lat' dir='ltr'><strong>regni</strong></span> <span class='ocrx_word' id='word_1_678' title='bbox 1548 4657 1728 4714; x_wconf 90' lang='lat' dir='ltr'><strong>lumen</strong></span> <span class='ocrx_word' id='word_1_679' title='bbox 1754 4660 1959 4713; x_wconf 77' lang='lat' dir='ltr'><strong>exstin-</strong></span> 
     </span>
    </p>
   </div>
   <div class='ocr_carea' id='block_1_93' title="bbox 384 4740 1960 4810">
    <p class='ocr_par' dir='ltr' id='par_1_93' title="bbox 384 4740 1960 4810">
     <span class='ocr_line' id='line_1_93' title="bbox 384 4740 1960 4810; baseline 0.004 -18"><span class='ocrx_word' id='word_1_680' title='bbox 384 4740 497 4808; x_wconf 89' lang='lat' dir='ltr'><strong>gui,</strong></span> <span class='ocrx_word' id='word_1_681' title='bbox 525 4755 630 4793; x_wconf 90' lang='lat' dir='ltr'><strong>non</strong></span> <span class='ocrx_word' id='word_1_682' title='bbox 679 4755 845 4810; x_wconf 88' lang='lat' dir='ltr'><strong>parva</strong></span> <span class='ocrx_word' id='word_1_683' title='bbox 876 4742 1207 4798; x_wconf 88' lang='lat' dir='ltr'><strong>diversorum</strong></span> <span class='ocrx_word' id='word_1_684' title='bbox 1259 4745 1510 4799; x_wconf 89' lang='lat' dir='ltr'><strong>ordinum</strong></span> <span class='ocrx_word' id='word_1_685' title='bbox 1549 4743 1836 4797; x_wconf 89' lang='lat' dir='ltr'><strong>multitudo</strong></span> <span class='ocrx_word' id='word_1_686' title='bbox 1867 4746 1960 4799; x_wconf 92' lang='lat' dir='ltr'><strong>de-</strong></span> 
     </span>
    </p>
   </div>
   <div class='ocr_carea' id='block_1_94' title="bbox 383 4829 1955 4907">
    <p class='ocr_par' dir='ltr' id='par_1_94' title="bbox 383 4829 1955 4907">
     <span class='ocr_line' id='line_1_94' title="bbox 383 4829 1955 4907; baseline 0.003 -22"><span class='ocrx_word' id='word_1_687' title='bbox 383 4829 570 4896; x_wconf 74' lang='lat' dir='ltr'><strong>ﬁeret;</strong></span> <span class='ocrx_word' id='word_1_688' title='bbox 605 4831 928 4886; x_wconf 90' lang='lat' dir='ltr'><strong>venerabilis</strong></span> <span class='ocrx_word' id='word_1_689' title='bbox 975 4834 1190 4902; x_wconf 83' lang='lat' dir='ltr'><strong>quidam</strong></span> <span class='ocrx_word' id='word_1_690' title='bbox 1245 4837 1412 4907; x_wconf 76' lang='lat'><strong>876</strong></span> <span class='ocrx_word' id='word_1_691' title='bbox 1463 4837 1769 4904; x_wconf 87' lang='lat' dir='ltr'><strong>episcopus,</strong></span> <span class='ocrx_word' id='word_1_692' title='bbox 1803 4835 1955 4903; x_wconf 88' lang='lat' dir='ltr'><strong>cujus</strong></span> 
     </span>
    </p>
   </div>
   <div class='ocr_carea' id='block_1_95' title="bbox 385 4922 1953 4996">
    <p class='ocr_par' dir='ltr' id='par_1_95' title="bbox 385 4922 1953 4996">
     <span class='ocr_line' id='line_1_95' title="bbox 385 4922 1953 4996; baseline 0.006 -23"><span class='ocrx_word' id='word_1_693' title='bbox 385 4935 472 4974; x_wconf 89' lang='lat' dir='ltr'><strong>me</strong></span> <span class='ocrx_word' id='word_1_694' title='bbox 499 4922 566 4974; x_wconf 90' lang='lat' dir='ltr'><strong>ad</strong></span> <span class='ocrx_word' id='word_1_695' title='bbox 595 4938 828 4992; x_wconf 59' lang='lat' dir='ltr'><strong>praesens</strong></span> <span class='ocrx_word' id='word_1_696' title='bbox 855 4925 1176 4978; x_wconf 80' lang='lat' dir='ltr'><strong>vocabulum</strong></span> <span class='ocrx_word' id='word_1_697' title='bbox 1211 4927 1368 4996; x_wconf 85' lang='lat' dir='ltr'><strong>fugit,</strong></span> <span class='ocrx_word' id='word_1_698' title='bbox 1401 4930 1502 4981; x_wconf 89' lang='lat' dir='ltr'><strong>hoc</strong></span> <span class='ocrx_word' id='word_1_699' title='bbox 1531 4927 1584 4980; x_wconf 88' lang='lat' dir='ltr'><strong>in</strong></span> <span class='ocrx_word' id='word_1_700' title='bbox 1615 4928 1775 4996; x_wconf 83' lang='lat' dir='ltr'><strong>ligno,</strong></span> <span class='ocrx_word' id='word_1_701' title='bbox 1810 4928 1953 4995; x_wconf 88' lang='lat' dir='ltr'><strong>quod</strong></span> 
     </span>
    </p>
   </div>
   <div class='ocr_carea' id='block_1_96' title="bbox 387 5011 1959 5090">
    <p class='ocr_par' dir='ltr' id='par_1_96' title="bbox 387 5011 1959 5090">
     <span class='ocr_line' id='line_1_96' title="bbox 387 5011 1959 5090; baseline 0.005 -24"><span class='ocrx_word' id='word_1_702' title='bbox 387 5011 441 5066; x_wconf 88' lang='lat' dir='ltr'><strong>in</strong></span> <span class='ocrx_word' id='word_1_703' title='bbox 471 5014 590 5084; x_wconf 82' lang='lat' dir='ltr'><strong>igne</strong></span> <span class='ocrx_word' id='word_1_704' title='bbox 616 5025 741 5069; x_wconf 86' lang='lat' dir='ltr'><strong>tunc</strong></span> <span class='ocrx_word' id='word_1_705' title='bbox 779 5015 1021 5082; x_wconf 90' lang='lat' dir='ltr'><strong>ardebat,</strong></span> <span class='ocrx_word' id='word_1_706' title='bbox 1069 5033 1383 5087; x_wconf 79' lang='lat' dir='ltr'><strong>expressum</strong></span> <span class='ocrx_word' id='word_1_707' title='bbox 1410 5033 1505 5088; x_wconf 92' lang='lat' dir='ltr'><strong>per</strong></span> <span class='ocrx_word' id='word_1_708' title='bbox 1537 5021 1783 5090; x_wconf 67' lang='lat' dir='ltr'><strong>quaadam</strong></span> <span class='ocrx_word' id='word_1_709' title='bbox 1815 5020 1959 5074; x_wconf 90' lang='lat' dir='ltr'><strong>litte-</strong></span> 
     </span>
    </p>
   </div>
   <div class='ocr_carea' id='block_1_97' title="bbox 389 5108 1960 5181">
    <p class='ocr_par' dir='ltr' id='par_1_97' title="bbox 389 5108 1960 5181">
     <span class='ocr_line' id='line_1_97' title="bbox 389 5108 1960 5181; baseline 0.004 -23"><span class='ocrx_word' id='word_1_710' title='bbox 389 5119 568 5158; x_wconf 85' lang='lat' dir='ltr'><strong>rarum</strong></span> <span class='ocrx_word' id='word_1_711' title='bbox 609 5108 838 5178; x_wconf 84' lang='lat' dir='ltr'><strong>vestigia</strong></span> <span class='ocrx_word' id='word_1_712' title='bbox 883 5109 1255 5180; x_wconf 85' lang='lat' dir='ltr'><strong>deprehendit.</strong></span> <span class='ocrx_word' id='word_1_713' title='bbox 1305 5111 1456 5181; x_wconf 85' lang='lat' dir='ltr'><strong>Hugo</strong></span> <span class='ocrx_word' id='word_1_714' title='bbox 1503 5112 1744 5166; x_wconf 87' lang='lat' dir='ltr'><strong>Inarcliio</strong></span> <span class='ocrx_word' id='word_1_715' title='bbox 1801 5113 1960 5181; x_wconf 90' lang='lat' dir='ltr'><strong>quin-</strong></span> 
     </span>
    </p>
   </div>
   <div class='ocr_carea' id='block_1_98' title="bbox 388 5199 1954 5276">
    <p class='ocr_par' dir='ltr' id='par_1_98' title="bbox 388 5199 1954 5276">
     <span class='ocr_line' id='line_1_98' title="bbox 388 5199 1954 5276; baseline 0.006 -29"><span class='ocrx_word' id='word_1_716' title='bbox 388 5199 642 5276; x_wconf 83' lang='lat' dir='ltr'><strong>quaginta</strong></span> <span class='ocrx_word' id='word_1_717' title='bbox 679 5202 835 5257; x_wconf 90' lang='lat' dir='ltr'><strong>annis</strong></span> <span class='ocrx_word' id='word_1_718' title='bbox 861 5203 1010 5256; x_wconf 75' lang='lat' dir='ltr'><strong>vixit.</strong></span> <span class='ocrx_word' id='word_1_719' title='bbox 1065 5202 1305 5273; x_wconf 75' lang='lat' dir='ltr'><strong>Curaque</strong></span> <span class='ocrx_word' id='word_1_720' title='bbox 1360 5203 1460 5259; x_wconf 85' lang='lat' dir='ltr'><strong>hoc</strong></span> <span class='ocrx_word' id='word_1_721' title='bbox 1505 5204 1657 5273; x_wconf 87' lang='lat' dir='ltr'><strong>quasi</strong></span> <span class='ocrx_word' id='word_1_722' title='bbox 1716 5202 1954 5258; x_wconf 84' lang='lat' dir='ltr'><strong>faustum</strong></span> 
     </span>
    </p>
   </div>
   <div class='ocr_carea' id='block_1_99' title="bbox 2067 4551 3638 4624">
    <p class='ocr_par' dir='ltr' id='par_1_99' title="bbox 2067 4551 3638 4624">
     <span class='ocr_line' id='line_1_99' title="bbox 2067 4551 3638 4624; baseline -0.014 1"><span class='ocrx_word' id='word_1_723' title='bbox 2067 4571 2329 4624; x_wconf 88' lang='lat' dir='ltr'><strong>irrideant</strong></span> <span class='ocrx_word' id='word_1_724' title='bbox 2356 4565 2714 4621; x_wconf 87' lang='lat' dir='ltr'><strong>sacerdotem.</strong></span> <span class='ocrx_word' id='word_1_725' title='bbox 2765 4559 3082 4613; x_wconf 83' lang='lat' dir='ltr'><strong>Noceutium</strong></span> <span class='ocrx_word' id='word_1_726' title='bbox 3129 4555 3383 4608; x_wconf 77' lang='lat' dir='ltr'><strong>fruticem</strong></span> <span class='ocrx_word' id='word_1_727' title='bbox 3427 4551 3638 4604; x_wconf 86' lang='lat' dir='ltr'><strong>radices</strong></span> 
     </span>
    </p>
   </div>
   <div class='ocr_carea' id='block_1_100' title="bbox 2063 4641 3633 4720">
    <p class='ocr_par' dir='ltr' id='par_1_100' title="bbox 2063 4641 3633 4720">
     <span class='ocr_line' id='line_1_100' title="bbox 2063 4641 3633 4720; baseline -0.014 -5"><span class='ocrx_word' id='word_1_728' title='bbox 2063 4661 2228 4716; x_wconf 86' lang='lat' dir='ltr'><strong>evelle</strong></span> <span class='ocrx_word' id='word_1_729' title='bbox 2247 4699 2260 4720; x_wconf 95' lang='lat'><strong>,</strong></span> <span class='ocrx_word' id='word_1_730' title='bbox 2289 4665 2347 4709; x_wconf 90' lang='lat' dir='ltr'><strong>ut</strong></span> <span class='ocrx_word' id='word_1_731' title='bbox 2378 4656 2644 4709; x_wconf 84' lang='lat' dir='ltr'><strong>fructuosa</strong></span> <span class='ocrx_word' id='word_1_732' title='bbox 2673 4651 2931 4720; x_wconf 85' lang='lat' dir='ltr'><strong>plantaria</strong></span> <span class='ocrx_word' id='word_1_733' title='bbox 2964 4647 3168 4716; x_wconf 84' lang='lat' dir='ltr'><strong>possint</strong></span> <span class='ocrx_word' id='word_1_734' title='bbox 3194 4659 3376 4699; x_wconf 90' lang='lat' dir='ltr'><strong>comas</strong></span> <span class='ocrx_word' id='word_1_735' title='bbox 3403 4641 3633 4710; x_wconf 87' lang='lat' dir='ltr'><strong>erigere.</strong></span> 
     </span>
    </p>
   </div>
   <div class='ocr_carea' id='block_1_101' title="bbox 2063 4733 3630 4818">
    <p class='ocr_par' dir='ltr' id='par_1_101' title="bbox 2063 4733 3630 4818">
     <span class='ocr_line' id='line_1_101' title="bbox 2063 4733 3630 4818; baseline -0.016 -13"><span class='ocrx_word' id='word_1_736' title='bbox 2063 4753 2153 4805; x_wconf 90' lang='lat' dir='ltr'><strong>Sic</strong></span> <span class='ocrx_word' id='word_1_737' title='bbox 2182 4749 2347 4818; x_wconf 80' lang='lat' dir='ltr'><strong>igitur</strong></span> <span class='ocrx_word' id='word_1_738' title='bbox 2375 4747 2428 4798; x_wconf 92' lang='lat' dir='ltr'><strong>in</strong></span> <span class='ocrx_word' id='word_1_739' title='bbox 2459 4759 2590 4815; x_wconf 86' lang='lat' dir='ltr'><strong>agro</strong></span> <span class='ocrx_word' id='word_1_740' title='bbox 2619 4741 2866 4802; x_wconf 89' lang='lat' dir='ltr'><strong>Domini,</strong></span> <span class='ocrx_word' id='word_1_741' title='bbox 2895 4739 2982 4806; x_wconf 91' lang='lat' dir='ltr'><strong>qui</strong></span> <span class='ocrx_word' id='word_1_742' title='bbox 3030 4737 3122 4790; x_wconf 91' lang='lat' dir='ltr'><strong>tibi</strong></span> <span class='ocrx_word' id='word_1_743' title='bbox 3167 4736 3232 4787; x_wconf 90' lang='lat' dir='ltr'><strong>ad</strong></span> <span class='ocrx_word' id='word_1_744' title='bbox 3275 4733 3630 4788; x_wconf 84' lang='lat' dir='ltr'><strong>excolendum</strong></span> 
     </span>
    </p>
   </div>
   <div class='ocr_carea' id='block_1_102' title="bbox 2060 4825 3632 4898">
    <p class='ocr_par' dir='ltr' id='par_1_102' title="bbox 2060 4825 3632 4898">
     <span class='ocr_line' id='line_1_102' title="bbox 2060 4825 3632 4898; baseline -0.016 -1"><span class='ocrx_word' id='word_1_745' title='bbox 2060 4842 2382 4898; x_wconf 90' lang='lat' dir='ltr'><strong>commissus</strong></span> <span class='ocrx_word' id='word_1_746' title='bbox 2421 4827 2535 4898; x_wconf 87' lang='lat' dir='ltr'><strong>est,</strong></span> <span class='ocrx_word' id='word_1_747' title='bbox 2579 4833 2852 4888; x_wconf 87' lang='lat' dir='ltr'><strong>sarculum</strong></span> <span class='ocrx_word' id='word_1_748' title='bbox 2901 4826 3124 4897; x_wconf 78' lang='lat' dir='ltr'><strong>legitimi</strong></span> <span class='ocrx_word' id='word_1_749' title='bbox 3165 4825 3364 4894; x_wconf 87' lang='lat' dir='ltr'><strong>vigoris</strong></span> <span class='ocrx_word' id='word_1_750' title='bbox 3405 4837 3632 4882; x_wconf 81' lang='lat' dir='ltr'><strong>exerce,</strong></span> 
     </span>
    </p>
   </div>
   <div class='ocr_carea' id='block_1_103' title="bbox 2065 4911 3633 4996">
    <p class='ocr_par' dir='ltr' id='par_1_103' title="bbox 2065 4911 3633 4996">
     <span class='ocr_line' id='line_1_103' title="bbox 2065 4911 3633 4996; baseline -0.015 -10"><span class='ocrx_word' id='word_1_751' title='bbox 2065 4935 2123 4986; x_wconf 85' lang='lat' dir='ltr'><strong>u&#39;t</strong></span> <span class='ocrx_word' id='word_1_752' title='bbox 2153 4941 2206 4984; x_wconf 89' lang='lat' dir='ltr'><strong>et</strong></span> <span class='ocrx_word' id='word_1_753' title='bbox 2239 4927 2491 4996; x_wconf 90' lang='lat' dir='ltr'><strong>supernis</strong></span> <span class='ocrx_word' id='word_1_754' title='bbox 2521 4923 2734 4977; x_wconf 87' lang='lat' dir='ltr'><strong>horreis</strong></span> <span class='ocrx_word' id='word_1_755' title='bbox 2766 4927 3086 4989; x_wconf 85' lang='lat' dir='ltr'><strong>proventum</strong></span> <span class='ocrx_word' id='word_1_756' title='bbox 3116 4913 3394 4970; x_wconf 87' lang='lat' dir='ltr'><strong>ceutesimi</strong></span> <span class='ocrx_word' id='word_1_757' title='bbox 3425 4911 3633 4965; x_wconf 84' lang='lat' dir='ltr'><strong>fructus</strong></span> 
     </span>
    </p>
   </div>
   <div class='ocr_carea' id='block_1_104' title="bbox 2065 5005 3629 5086">
    <p class='ocr_par' dir='ltr' id='par_1_104' title="bbox 2065 5005 3629 5086">
     <span class='ocr_line' id='line_1_104' title="bbox 2065 5005 3629 5086; baseline -0.011 -10"><span class='ocrx_word' id='word_1_758' title='bbox 2065 5021 2297 5080; x_wconf 88' lang='lat' dir='ltr'><strong>inferre,</strong></span> <span class='ocrx_word' id='word_1_759' title='bbox 2332 5027 2385 5072; x_wconf 90' lang='lat' dir='ltr'><strong>et</strong></span> <span class='ocrx_word' id='word_1_760' title='bbox 2414 5017 2584 5086; x_wconf 79' lang='lat' dir='ltr'><strong>digna:</strong></span> <span class='ocrx_word' id='word_1_761' title='bbox 2617 5009 3069 5066; x_wconf 87' lang='lat' dir='ltr'><strong>remunerationis</strong></span> <span class='ocrx_word' id='word_1_762' title='bbox 3131 5023 3406 5062; x_wconf 89' lang='lat' dir='ltr'><strong>nummum</strong></span> <span class='ocrx_word' id='word_1_763' title='bbox 3450 5005 3518 5060; x_wconf 84' lang='lat' dir='ltr'><strong>ab</strong></span> <span class='ocrx_word' id='word_1_764' title='bbox 3562 5015 3629 5059; x_wconf 90' lang='lat' dir='ltr'><strong>eo</strong></span> 
     </span>
    </p>
   </div>
   <div class='ocr_carea' id='block_1_105' title="bbox 2063 5103 3100 5182">
    <p class='ocr_par' dir='ltr' id='par_1_105' title="bbox 2063 5103 3100 5182">
     <span class='ocr_line' id='line_1_105' title="bbox 2063 5103 3100 5182; baseline -0.01 -16"><span class='ocrx_word' id='word_1_765' title='bbox 2063 5112 2152 5182; x_wconf 89' lang='lat' dir='ltr'><strong>qui</strong></span> <span class='ocrx_word' id='word_1_766' title='bbox 2183 5123 2234 5165; x_wconf 91' lang='lat' dir='ltr'><strong>te</strong></span> <span class='ocrx_word' id='word_1_767' title='bbox 2261 5105 2516 5164; x_wconf 77' lang='lat' dir='ltr'><strong>conduxit</strong></span> <span class='ocrx_word' id='word_1_768' title='bbox 2553 5103 2810 5157; x_wconf 82' lang='lat' dir='ltr'><strong>merearis</strong></span> <span class='ocrx_word' id='word_1_769' title='bbox 2839 5103 3100 5169; x_wconf 85' lang='lat' dir='ltr'><strong>accipere.</strong></span> 
     </span>
    </p>
   </div>
   <div class='ocr_carea' id='block_1_106' title="bbox 2394 5191 3313 5254">
    <p class='ocr_par' dir='ltr' id='par_1_106' title="bbox 2394 5191 3313 5254">
     <span class='ocr_line' id='line_1_106' title="bbox 2394 5191 3313 5254; baseline -0.013 0"><span class='ocrx_word' id='word_1_770' title='bbox 2394 5197 2477 5254; x_wconf 79' lang='lat' dir='ltr'><strong>Sit</strong></span> <span class='ocrx_word' id='word_1_771' title='bbox 2507 5213 2692 5251; x_wconf 81' lang='lat' dir='ltr'><strong>nomen</strong></span> <span class='ocrx_word' id='word_1_772' title='bbox 2725 5193 2933 5249; x_wconf 84' lang='lat' dir='ltr'><strong>Domini</strong></span> <span class='ocrx_word' id='word_1_773' title='bbox 2973 5191 3313 5246; x_wconf 79' lang='lat' dir='ltr'><strong>benedictum.</strong></span> 
     </span>
    </p>
   </div>
  </div>
