4054 6184
420 283 519 340 831

869 277 926 332 S.
965 276 1168 331 PETRI
1209 277 1487 332 DAMIANI
1526 277 1676 334 OPP.
1716 278 1950 334 TOMUS
1988 279 2116 334 SEU
2157 279 2334 334 PARS
2371 279 2452 333 ΙΙΙ.
2483 310 2541 317 ——
2585 275 2946 332 OPUSCULA
2989 275 3217 330 V'AliiA.

3561 277 3672 334 832

413 537 776 613 ⁸⁷⁷⁸⁷⁸
831 563 1604 669 OPUSCULUM
1693 561 2883 690 QUINQUAGESIMUM
2990 558 3664 705 OCTAVUM.

1287 789 1391 852 DE
1435 788 1645 847 VEllA
1695 785 2170 848 FELICITATE
2215 785 2315 872 AC
2361 783 2808 884 SAPlEN'fIA.

415 1108 1082 1182 Attenuatum—Quam
1106 1114 1414 1185 longissime
1449 1113 1591 1168 inter
1618 1129 1675 1168 se
1701 1115 1901 1170 distent
1946 1131 2072 1170 vera
2102 1125 2156 1169 et
2187 1115 2367 1170 fucata
2409 1115 2640 1169 felicitas
2677 1115 2907 1171 ostendit
2949 1134 2960 1169 :
2994 1115 3232 1184 itemque
3277 1127 3536 1184 quantum
3571 1118 3644 1170 hu

487 1205 768 1245 manarum
796 1187 1141 1241 scientiarum
1171 1185 1436 1237 vanitates
1475 1185 1807 1239 abhorreant
1860 1186 1893 1238 ii
1927 1188 2018 1254 qui
2057 1185 2252 1239 divinze
2289 1186 2580 1254 Sapientia:
2619 1187 2902 1239 dulcedine
2937 1188 3241 1254 capiuntur.
3288 1186 3516 1241 Proinde
3554 1190 3672 1240 bor-

490 1271 634 1316 tatur
663 1259 811 1312 illum
839 1258 904 1310 ad
930 1270 1086 1324 quem
1115 1254 1335 1318 scribit,
1382 1262 1439 1306 ut
1470 1255 1512 1306 si
1541 1256 1759 1308 omnino
1814 1255 2055 1324 profanis
2095 1255 2291 1309 litteris
2330 1255 2639 1323 divitiisque
2693 1265 2747 1308 et
2801 1257 3032 1318 cteleris,
3065 1273 3184 1323 qua:
3230 1255 3364 1309 falso
3410 1277 3435 1309 ιι
3469 1268 3672 1310 morta-

489 1332 631 1390 libus
670 1330 804 1381 bona
849 1326 1204 1396 appellantur,
1238 1325 1484 1396 nuntium
1528 1325 1804 1396 remittere
1854 1339 1960 1378 non
1987 1335 2196 1396 potest;
2249 1326 2440 1379 saltem
2482 1325 2607 1389 illis,
2651 1336 2906 1395 tanquam
2947 1327 3160 1380 ancillis
3209 1337 3264 1380 et
3314 1328 3676 1396 pedissequis,

491 1409 676 1459 utatur
709 1399 773 1451 ad
815 1391 997 1451 veram
1039 1394 1361 1463 sapientiam
1396 1391 1821 1464 felicitatemque
1857 1391 2275 1463 assequendam.

489 1535 918 1604 Prudentissimo
968 1533 1087 1586 viro
1136 1533 1456 1595 BONIFACIO,
1497 1530 1712 1586 Pramus
1748 1537 2001 1599 peccator
2029 1536 2073 1593 Α
2104 1529 2184 1584 las
2215 1544 2381 1594 meas,
2410 1544 2569 1599 pasce
2596 1529 2862 1584 dracones
2885 1531 3076 1584 meos?
3111 1529 3225 1584 Hoc
3261 1540 3440 1585 autem
3473 1531 3683 1588 idcirco

417 1631 717 1687 monachus
743 1622 1111 1680 indissolubile
1135 1621 1409 1687 cingulum
1453 1620 1755 1675 charitatis.

493 1720 606 1774 Non
641 1719 851 1788 ignoro,
891 1712 1079 1776 frater,
1106 1713 1229 1780 quia
1254 1725 1377 1765 cum
1410 1724 1527 1762 mea
1569 1709 1794 1778 epistola
1837 1724 2000 1763 sascu-

417 1807 612 1868 larium
649 1803 897 1858 manibus
929 1800 1181 1865 traditur,
1215 1815 1336 1856 mox
1365 1798 1684 1868 eloquentia:
1729 1799 1874 1852 nitor
1902 1813 1999 1851 cu-

420 1899 562 1954 riose
608 1893 974 1966 perquiritur;
1026 1907 1188 1960 quam
1243 1905 1584 1960 consequens
1639 1890 1707 1944 sit
1763 1889 1998 1959 disposi-

420 1993 581 2048 tionis
611 1990 763 2053 ordo,
801 1994 1064 2042 tractatur
1111 2003 1124 2039 ε
1169 1994 1347 2040 utrum
1400 1986 1687 2040 rhetorica:
1725 1983 1999 2038 facultatis

418 2084 573 2139 color
621 2081 852 2144 eluceat,
884 2093 950 2131 an
1006 2076 1306 2130 sententias
1348 2085 1665 2145 argumenta
1705 2074 1999 2128 dialectica:

422 2170 743 2229 subtilitatis
797 2167 1115 2231 involvam;
1160 2166 1419 2234 qumrilur
1472 2167 1636 2219 etiam
1688 2176 1865 2219 utrum
1911 2179 2001 2219 ca-

430 2256 634 2328 egorici
653 2300 670 2325 ,
726 2274 793 2314 an
819 2258 997 2328 potius
1025 2256 1376 2327 hypothetici,
1406 2271 1527 2326 qua:
1553 2257 1826 2326 proposita
1851 2264 1996 2323 sunt,

420 2367 520 2424 per
558 2351 907 2422 allegationes
951 2347 1293 2402 inevitabiles
1332 2357 1581 2404 astruant
1611 2348 1926 2420 syllogismi.

933 2437 1160 2498 CAPUT
1209 2438 1494 2496 PRIMUM.

422 2531 675 2590 Humana
719 2530 1016 2602 eloquentia
1053 2545 1212 2600 quam
1251 2531 1398 2598 par-vi
1437 2530 1497 2598 ﬁt
1541 2547 1572 2582 a
1613 2530 1737 2584 viris
1778 2529 1996 2583 sanctis.

493 2610 800 2679 Sedhtec'et
815 2620 1122 2692 huiusmodi
1154 2619 1432 2689 phalerata
1458 2619 1689 2677 ludibria
1715 2621 1748 2674 ii
1773 2621 1863 2689 qui
1893 2619 2000 2688 spi-

421 2714 530 2771 ritu
547 2714 638 2768 Dei
656 2713 863 2777 vivunt,
878 2721 937 2766 ttt
953 2724 1141 2766 revera
1165 2709 1360 2764 frivola
1389 2719 1443 2765 et
1457 2726 1592 2765 vana
1612 2719 2000 2776 contemnunt;

425 2806 660 2872 et,sicut
688 2803 978 2874 Apostolus
1009 2801 1462 2866 ait,arbitrantur
1493 2811 1550 2856 ut
1581 2811 1816 2856 stercora
1850 2800 2001 2873 (Phi-

2098 1621 2348 1684 dixerim,
2370 1621 2739 1687 dilectissime,
2769 1630 2827 1675 ut
2856 1630 2909 1676 et
2949 1630 3002 1675 tu
3032 1638 3226 1677 caveas
3257 1623 3532 1678 horridam
3561 1639 3674 1679 scr-

2097 1711 2278 1779 pentis
2328 1710 2605 1773 astutiam,
2638 1717 2691 1763 et
2727 1720 2912 1763 sancta
2947 1709 3232 1780 prudentia
3267 1719 3360 1764 tua
3409 1711 3550 1764 inter
3599 1712 3679 1765 fa-

2099 1796 2348 1852 tuitatem
2389 1806 2444 1850 et
2482 1796 2831 1852 calliditatem
2865 1797 2935 1851 sit
2964 1799 3139 1852 medie
3171 1806 3490 1868 temperata.
3527 1799 3681 1854 Unde

2098 1898 2153 1944 et
2179 1887 2410 1946 Jacobus
2439 1908 2562 1945 cum
2599 1893 2968 1961 scrpentinam
3000 1892 3314 1947 excluderet
3336 1895 3676 1962 sapientiam,

2097 1979 2323 2036 dicens:
2359 1999 2378 2032 ι
2413 1980 2530 2035 Non
2561 1990 2642 2036 cst
2693 1982 2794 2036 ista
2830 1983 3093 2052 sapientia
3127 1984 3414 2036 desursum
3457 1983 3678 2038 descen-

2097 2073 2254 2139 dens,
2294 2075 2388 2128 sed
2426 2083 2673 2139 terrena,
2709 2076 2992 2143 animalis,
3025 2077 3295 2146 diabolica
3327 2077 3467 2148 (Jac.
3503 2078 3616 2146 ut);
3654 2097 3678 2130 ι

2098 2167 2258 2235 paulo
2313 2174 2435 2238 post
2489 2181 2649 2234 quam
2709 2169 3031 2236 sapientiam
3091 2168 3293 2223 habere
3343 2169 3678 2232 debeamus,

2099 2256 2372 2327 subjungit
2400 2274 2412 2311 ;
2461 2277 2479 2308 ‹
2519 2256 2649 2324 Quae
2678 2270 2879 2323 autem,
2912 2259 3116 2329 inquit,
3164 2249 3446 2314 desursum
3482 2269 3564 2314 cst
3594 2275 3680 2314 sa-

2099 2345 2324 2416 pientia,
2344 2347 2580 2417 primum
2610 2347 2824 2415 quidem
2854 2348 3045 2417 pudica
3070 2356 3174 2414 est,
3198 2349 3391 2402 deinde
3416 2348 3640 2417 pacifica
3661 2390 3678 2415 ,

2101 2443 2342 2497 modesta
2362 2483 2376 2507 ,
2409 2442 2710 2509 suadibilis,
2742 2444 2899 2498 bonis
2925 2445 3304 2506 consentiens,
3335 2444 3492 2514 plena
3522 2445 3679 2500 mise-

2101 2533 2328 2588 ricordia
2355 2543 2408 2588 et
2431 2533 2697 2588 fructibus
2720 2534 2890 2594 bouis,
2914 2535 3164 2604 judicans
3203 2536 3319 2588 sine
3341 2517 3681 2590 siinulatioue

2101 2621 2314 2692 (lbid.).
2353 2642 2372 2674 ι
2421 2623 2557 2679 Hinc
2595 2632 2649 2678 et
2690 2622 2885 2677 Paulus
2923 2625 3046 2680 ait:
3091 2643 3108 2674 t
3149 2624 3262 2678 Non
3314 2625 3430 2695 plus
3473 2640 3678 2693 sapere.

2100 2724 2262 2779 quam
2285 2716 2717 2778 Oportetsapere,
2735 2710 2828 2763 sed
2842 2724 3033 2778 sapere
3055 2710 3120 2764 ad
3143 2710 3488 2765 sobrietatem
3507 2709 3681 2781 (Rom.

2100 2803 2226 2868 xu).
2260 2817 2279 2850 ι
2354 2798 2429 2853 De
2457 2799 2810 2854 immoderata
2843 2801 3038 2870 quippe
3065 2801 3328 2870 sapientia
3365 2816 3461 2870 per
3488 2800 3678 2857 lsaiam

425 2895 516 2965 lip.
546 2893 651 2964 ιιι).
683 2892 783 2960 Qui
806 2893 971 2947 etiam
1010 2891 1248 2946 locutum
1281 2906 1339 2945 se
1368 2906 1488 2946 esse
1524 2893 1800 2964 discipulis
1829 2894 2007 2963 perhi-
2035 2890 2080 2950 Β
2109 2890 2346 2944 dicitur:
2385 2907 2404 2940 ι
2447 2888 2653 2948 Peribit
2691 2891 2956 2960 sapientia
2995 2907 3023 2944 a
3057 2893 3392 2962 sapientibus
3427 2895 3542 2963 ejus
3566 2935 3580 2959 ,
3628 2904 3682 2948 et

425 2985 537 3051 bet,
563 3000 668 3038 non
691 2984 940 3038 humana:
959 2983 1238 3052 sapientiaa
1271 2982 1468 3048 verbis,
1495 2995 1552 3037 ut
1579 2999 1685 3040 non
1713 2994 2006 3040 evacuetur

429 3090 561 3130 crux
602 3074 804 3129 Christi
861 3073 914 3146 (I
945 3073 1068 3128 Cor.
1124 3075 1186 3145 ι).
1219 3073 1286 3128 Et
1339 3090 1499 3145 quam
1542 3076 1790 3145 pulchra,
1842 3091 2003 3146 quam

427 3167 596 3233 utilis,
618 3181 780 3236 quam
832 3167 1059 3221 honesta
1110 3165 1349 3232 locutio,
1397 3182 1518 3238 qua:
1559 3168 1685 3226 dum
1728 3178 2004 3226 auctorem

429 3276 584 3324 suum
639 3268 800 3314 vento
843 3272 996 3314 vana:
1043 3259 1230 3330 gloriae
1261 3274 1357 3329 per
1407 3261 1776 3330 arrogantiam
1817 3259 2005 3329 inﬂat,

429 3365 644 3409 crucem
671 3350 900 3414 Christi,
940 3365 1061 3419 qua:
1091 3360 1176 3405 est
1213 3350 1397 3404 mundi
1431 3351 1597 3417 salus,
1629 3361 1860 3407 evacuat
1887 3356 1901 3411 ι
1927 3353 2006 3408 Tu

430 3441 632 3511 itaque,
664 3441 1033 3503 dilectissime,
1063 3441 1116 3495 in
1159 3442 1356 3496 nostris
1387 3441 1583 3498 litteris
1626 3443 1735 3498 noli
1766 3445 2010 3514 prurien-

433 3539 539 3589 tem
571 3531 836 3584 mordacis
861 3530 1058 3599 eloquii
1093 3546 1314 3598 sperare
1337 3531 1687 3601 salsuginem,
1715 3534 1822 3587 noli
1847 3549 2007 3588 accu—

433 3632 566 3681 ratae
617 3619 942 3677 urbanitatis
1003 3634 1245 3691 qurercre
1294 3631 1665 3686 venustatem;
1704 3624 1862 3677 ovina
1912 3623 2006 3677 tibi

432 3713 752 3781 simplicitas
786 3713 1036 3782 placeat,
1090 3729 1211 3782 qua:
1246 3715 1310 3768 ad
1354 3716 1518 3768 Deum
1569 3725 1856 3784 provocat;
1901 3729 2006 3768 non

433 3803 740 3872 serpentina
779 3803 1068 3867 calliditas,
1119 3819 1240 3873 qua:
1288 3803 1484 3858 lethale
1563 3806 1712 3858 virus
1757 3804 2003 3860 instillat.

339 3895 352 3900 ’
439 3914 457 3947 ι
499 3894 647 3958 Erat,
681 3894 878 3964 inquit,
907 3895 1210 3965 Scriptura,
1243 3910 1466 3965 serpens
1508 3897 1754 3952 callidior
1797 3899 2008 3954 cunctis

435 3982 797 4040 animantibus
845 3992 1004 4042 terrae
1061 3982 1213 4055 (Gen.
1264 3984 1370 4057 ιιι).
1411 4005 1428 4038 ι
1465 3984 1596 4039 Nam
1640 3996 1695 4041 et
1727 3986 2002 4052 Dominus,

411 4074 524 4143 'qui
557 4074 699 4129 inter
727 4090 909 4130 semen
962 4075 1208 4134 mulieris
1239 4085 1403 4146 atque
1450 4078 1749 4147 serpentis,
1781 4077 2007 4132 infmde—

434 4163 631 4227 rabiles
682 4165 995 4219 inimicitias
1041 4166 1259 4235 posuit,
1322 4183 1428 4222 non
1485 4169 1856 4237 serpentium,
1911 4168 2003 4222 sed

2107 2981 2412 3037 intellectus
2461 2973 2805 3050 prudentium
2851 2980 2972 3050 ejus
3002 2982 3388 3037 abscoudclur.
3438 2985 3527 3039 Vae
3589 2986 3684 3053 qui

2106 3069 2354 3140 profundi
2394 3070 2524 3124 estis
2548 3071 2732 3135 corde,
2763 3079 2818 3124 ut
2861 3085 2888 3122 a
2916 3070 3145 3125 Domino
3173 3071 3521 3126 abscondatis
3552 3087 3678 3126 con-

2108 3161 2308 3225 silium,
2332 3175 2561 3230 quorum
2590 3170 2716 3215 sunt
2745 3160 2799 3215 in
2850 3161 3091 3216 tenebris
3137 3177 3300 3231 opera
3320 3204 3333 3226 ,
3361 3174 3416 3218 et
3458 3165 3680 3218 dicunt:

2109 3253 2239 3321 Quis
2267 3252 2410 3311 videt
2459 3253 2685 3313 nos?tct
2722 3255 2843 3326 quis
2889 3253 3038 3308 novit
3080 3255 3214 3309 nos?
3252 3274 3269 3305 ι
3319 3254 3451 3325 (Isa.
3505 3256 3683 3326 xxix.)

2108 3343 2212 3398 Per
2238 3343 2482 3397 eumdem
2514 3357 2728 3412 quoque
2763 3344 3077 3413 prophetam
3125 3343 3248 3398 talis
3276 3345 3539 3414 sapientia
3584 3345 3681 3400 de-

2110 3434 2316 3489 ridetur
2363 3451 2376 3486 :
2414 3451 2431 3484 t
2487 3433 2587 3490 Ubi
2630 3443 2744 3499 est,
2793 3433 3007 3503 inquit,
3060 3433 3368 3489 litteratus?
3411 3435 3500 3489 ubi
3551 3435 3685 3505 legis

2107 3527 2271 3580 verba
2315 3525 2653 3596 ponderaus?
2711 3525 2806 3583 Ubi
2856 3527 3045 3581 doctor
3095 3528 3474 3597 parvulorum?
3517 3543 3682 3598 pepu-

2107 3616 2218 3670 lum
2258 3617 2646 3686 imprudentem
2687 3632 2792 3675 non
2837 3617 3064 3682 videbis,
3089 3617 3256 3692 879
3306 3618 3556 3686 pepulum
3588 3617 3684 3674 alti

2110 3707 2407 3771 sermonis;
2454 3706 2524 3760 ita
2572 3714 2630 3760 ut
2673 3722 2777 3760 non
2810 3709 2985 3776 possis
3029 3708 3326 3778 intelligere
3355 3709 3682 3762 disertitudi-

2109 3813 2232 3853 nem
2270 3797 2460 3867 lingua:
2489 3797 2639 3867 ejus,
2693 3797 2745 3852 in
2791 3813 2898 3870 quo
2935 3798 3076 3856 nulla
3104 3806 3189 3853 est
3226 3799 3487 3868 sapientia
3528 3796 3676 3868 (ιω.

2108 3889 2321 3960 xum).
2355 3907 2378 3940 ι

2716 3979 2941 4037 CAPUT
2997 3981 3065 4038 ll.

2109 4085 2404 4140 Discrimen
2433 4087 2570 4140 inter
2606 4086 2914 4154 sapientiam
2953 4082 3279 4154 spiritualcm
3318 4091 3364 4136 et
3399 4091 3676 4135 terrenam.

2180 4174 2319 4242 Quid
2351 4186 2530 4231 autem
2571 4175 2736 4229 distet
2787 4175 2931 4228 inter
2978 4171 3311 4242 spiritualem
3361 4170 3679 4239 sapientiam

435 4262 705 4331 pastorem
746 4269 804 4307 se
852 4269 972 4309 esse
1023 4255 1204 4311 ovium
1265 4256 1599 4322 nominavit,
1645 4264 1700 4309 et
1748 4272 1852 4309 non
1885 4257 2003 4310 ait:

2114 4275 2487 4335 terrenamque
2521 4265 2879 4334 prudentiam,
2911 4264 3036 4318 alibi
3069 4263 3328 4318 discernit
3356 4277 3478 4316 cum
3511 4261 3640 4315 dicit
3662 4277 3685 4313 :-

437 4344 725 4414 Serpentes
777 4345 922 4410 mei;
977 4345 1070 4400 sed
1127 4363 1146 4398 ι
1183 4360 1312 4400 oves
1340 4386 1354 4411 ,
1411 4347 1604 4416 inquit,
1641 4363 1774 4402 mea:
1820 4363 2006 4403 vocem

437 4449 610 4489 meam
638 4433 892 4500 audiunt;
923 4443 977 4489 et
1005 4451 1103 4506 ego
1149 4450 1384 4504 agnosco
1414 4453 1531 4502 eas,
1562 4448 1617 4493 et
1641 4439 1809 4492 vitam
1849 4449 2008 4495 atter-

437 4537 563 4584 nam
604 4523 673 4577 do
711 4522 790 4577 eis
838 4522 1015 4595 (Jaan.
1070 4540 1102 4578 Χ
1163 4523 1204 4596 ).
1239 4543 1259 4577 ι
1295 4524 1465 4580 Porro
1502 4528 1772 4598 sapientes
1825 4531 2004 4585 saeculi

437 4611 815 4682 despicabilem
859 4614 1096 4669 indicant
1140 4615 1531 4685 simplicitatem
1566 4633 1845 4673 servorum
1889 4620 2006 4678 Dei.

438 4702 574 4768 liinc
605 4712 706 4771 est,
746 4706 890 4776 quod
915 4706 1126 4779 Moyses
1157 4707 1325 4761 dicit:
1366 4724 1384 4757 ι
1413 4706 1668 4764 illicitum
1713 4718 1797 4765 est
1841 4709 2007 4782 Αἰπ-

436 4797 563 4872 ptiis
606 4799 887 4854 comedere
918 4815 1039 4854 cum
1081 4799 1344 4864 Hebraeis,
1382 4811 1438 4854 et
1482 4801 1765 4872 profanum
1818 4813 2007 4874 putant

438 4889 740 4959 hujusmodi
771 4893 1077 4947 convivium
1110 4890 1263 4963 (Gen.
1303 4895 1617 4961 XLIII).)CUI‘
1642 4905 1822 4951 autem
1867 4896 2008 4950 hoc?

437 4980 685 5045 Declarat
735 4983 905 5046 alibi,
953 4998 1076 5036 cum
1112 4983 1189 5037 ait
1236 5001 1248 5036 :
1301 5000 1320 5034 ι
1362 4983 1743 5050 Detestantur,
1795 4985 2008 5053 inquit,

437 5071 678 5144 Egyptii
709 5089 900 5128 omnes
928 5083 1172 5142 pastores
1202 5073 1379 5126 ovium
1421 5071 1570 5144 (Gen.
1603 5075 1772 5145 xui).
1809 5093 1826 5125 ι
1857 5075 2008 5129 Sicut

439 5163 582 5216 enim
607 5159 820 5216 Veritas
847 5162 1001 5215 dicit:
1032 5178 1050 5211 ι
1087 5160 1208 5214 Filii
1242 5160 1399 5230 hujus
1422 5161 1602 5216 sreculi
1633 5163 2007 5230 prudentiores

440 5251 566 5306 ﬁliis
610 5250 745 5306 lucis
785 5252 839 5305 in
873 5251 1222 5322 generatione
1251 5265 1346 5304 sua
1378 5260 1504 5304 sunt
1550 5250 1699 5319 (Luc.
1728 5251 1862 5317 xw).
1895 5270 1914 5302 ι
1942 5250 2006 5304 Et

441 5344 561 5398 ideo
586 5345 897 5414 scrpentina
925 5344 1029 5398 illis
1053 5342 1318 5398 calliditas
1347 5343 1542 5413 placet,
1560 5343 1845 5412 puritatem
1879 5358 2006 5396 vero

441 5435 612 5489 ovinte
663 5435 1023 5506 simplicitatis
1075 5435 1390 5489 abhorrent.
1451 5434 1558 5489 Sed
1613 5434 1690 5487 ait
1748 5433 2005 5488 Dominus

441 5523 630 5580 Petro:
652 5545 670 5577 ι
701 5525 757 5580 Si
784 5526 958 5595 diligis
984 5541 1088 5591 me,
1114 5541 1276 5594 pasce
1299 5531 1436 5580 oves'
1456 5541 1623 5592 meas,
1651 5542 1809 5595 pasce
1839 5541 2004 5597 agnos

2116 4373 2134 4406 ι
2171 4355 2303 4427 Quia
2331 4369 2438 4409 non
2468 4355 2716 4426 cognovit
2756 4354 2986 4409 mundus
3016 4369 3112 4423 per
3140 4352 3459 4421 sapientiam
3489 4351 3678 4413 Deum,

2107 4444 2306 4515 placuit
2335 4444 2445 4498 Deo
2467 4459 2561 4513 per
2583 4442 2861 4497 stultitiam
2889 4442 3286 4514 praedicationis
3306 4442 3481 4497 Salvos
3503 4440 3679 4495 facere

2108 4536 2384 4600 credentes
2413 4534 2462 4607 (1
2494 4531 2616 4590 Cor.
2645 4535 2714 4604 t);
2747 4553 2766 4585 ι
2801 4543 2856 4588 et
2885 4533 3120 4587 iterum:
3157 4551 3174 4584 ι
3207 4529 3491 4586 Prudentia
3524 4530 3679 4597 hujus

2107 4623 2293 4678 mundi
2323 4623 2540 4677 inimica
2567 4632 2648 4677 est
2679 4623 2788 4677 Deo
2823 4640 2836 4674 :
2883 4621 2985 4692 legi
3021 4622 3165 4675 enim
3195 4619 3290 4674 Dei
3323 4635 3428 4674 non
3461 4619 3680 4687 subjici-

2108 4722 2224 4778 tur;
2253 4729 2351 4767 nec
2378 4715 2521 4767 enim
2549 4722 2722 4782 potest
2753 4711 2926 4781 (Rom.
2959 4711 3096 4782 vni).
3134 4732 3152 4764 ι
3189 4710 3326 4764 liinc
3373 4719 3456 4764 est
3498 4709 3677 4776 quod,

2108 4803 2248 4856 sicut
2276 4802 2327 4856 in
2359 4802 2497 4856 libro
2535 4803 2762 4857 Genesis
2808 4802 3024 4865 dicitur,
3077 4801 3316 4870 quinque
3365 4813 3537 4867 reges,
3586 4797 3679 4864 qui

2107 4894 2329 4948 subesse
2365 4894 2652 4948 noluerunt
2691 4893 3170 4958 Chodorlahomor,
3214 4909 3244 4946 a
3275 4900 3508 4962 quatuor
3541 4892 3678 4960 regi—

2107 4985 2208 5038 bus
2254 4985 2494 5053 superati
2524 4994 2647 5040 suut
2700 4982 2851 5056 (Gen.
2903 4987 3037 5056 xiv).
3073 4985 3135 5038 Et
3168 4986 3296 5039 ubi?
3324 4987 3375 5039 itt
3407 4985 3545 5038 valle
3574 4985 3672 5038 Sil-

2109 5075 2296 5139 vestri,
2345 5091 2465 5144 qum
2507 5091 2648 5129 nunc
2697 5085 2778 5129 est
2830 5092 2979 5129 mare
3017 5075 3178 5130 Salis.
3213 5076 3314 5142 Qui
3363 5085 3488 5128 sunt
3532 5075 3675 5127 enim

2108 5174 2338 5232 quatuor
2385 5179 2560 5233 reges,
2586 5164 2689 5217 uisi
2716 5173 2947 5232 quatuor
2977 5164 3216 5218 virtutes
3239 5180 3373 5232 quas
3401 5163 3681 5231 Scriptura

2107 5270 2262 5310 sacra
2306 5256 2548 5308 nominat
2578 5253 2938 5324 principales?
2969 5255 3104 5322 Quid
3147 5269 3278 5307 vero
3307 5269 3402 5324 per
3441 5254 3680 5322 quinque

2107 5359 2281 5414 rcges,
2317 5345 2420 5398 nisi
2478 5347 2697 5400 totidem
2764 5361 2956 5399 sensus
3011 5345 3278 5414 corporis,
3329 5359 3393 5398 ac
3439 5359 3536 5413 per
3584 5359 3683 5397 eos

2107 5437 2344 5488 exterior
2367 5434 2588 5488 scientia
2618 5432 2968 5501 designatur?
3007 5431 3158 5486 Sicut
3181 5441 3356 5486 autem
3401 5431 3504 5484 ἱΙΙιι³
3546 5446 3679 5502 qua-

2113 5533 2231 5578 tuor
2252 5526 2478 5578 virtutcs
2503 5526 2644 5579 velut
2682 5543 2746 5580 ex
2777 5524 3024 5594 originali
3058 5525 3248 5578 matris
3289 5540 3417 5588 sum,
3451 5523 3681 5576 rationis

444 5627 594 5668 meos
637 5612 816 5678 (Imm.
861 5616 996 5687 nt).
1033 5633 1051 5667 ›
1087 5614 1334 5687 Nunquid
1369 5617 1496 5672 dicit
1527 5633 1538 5670 :
1571 5617 1735 5672 Pasce
1761 5617 2006 5686 vulpecu-
2036 5597 2082 5656 υ
2107 5616 2310 5670 scilicet
2339 5617 2502 5673 fonte.
2535 5619 2860 5686 procedant;
2890 5619 2967 5672 sic
2997 5617 3083 5672 isti
3114 5617 3165 5670 in
3203 5626 3428 5672 terrente
3457 5614 3673 5684 sapiett~
