4054 6184
333 332 439 393 833

983 334 1221 399 OPUSC.
1263 336 1439 399 LVIII.
1476 377 1543 386 -—
1570 347 1655 401 DIC
1700 342 1881 401 γεω
1924 342 2324 406 FELICITATE
2364 347 2448 407 ΕΤ
2494 342 2874 406 SAPIENTIA.

3487 322 3591 417 sit

337 449 424 502 tia:
454 448 712 511 vanitate,
747 447 886 502 velut
919 450 969 504 in
994 454 1238 508 convalle
1278 455 1588 526 salsuginis,
1621 457 1914 513 immoran—
1943 465 1988 522 Α
2016 463 2110 515 sed
2137 461 2415 516 devoravit
2437 463 2584 534 virga
2607 464 2790 520 Aaron
2819 465 2997 534 virgas
3012 481 3196 522 eorum
3221 469 3542 546 (Exddd'lt).
3569 489 3590 529 ι

336 550 444 603 tur,
473 540 653 608 ibique
683 556 710 592 a
742 540 854 594 suis
891 543 1135 597 hostibus
1163 554 1287 598 sunt
1327 548 1618 613 prostrati;
1667 548 1794 616 quin
1827 549 1911 602 di-

333 645 498 697 gnum
541 637 644 693 est,
685 639 742 682 ut
790 629 842 683 in
878 632 1056 684 anima
1086 634 1264 686 omnis
1313 635 1611 703 spiritualis
1651 638 1913 706 sapientia

333 720 532 783 vincat,
569 729 622 774 et
652 720 887 775 carnalis
911 722 1210 790 prudentia:
1237 724 1506 779 calliditas
1537 735 1740 794 pereat.
1774 727 1913 782 Hinc

331 822 387 867 et
439 813 506 866 de
539 812 706 866 David
733 811 929 880 legitur
957 829 969 866 :
1000 811 1136 878 Quia
1169 832 1188 865 ι
1226 814 1353 869 fecit
1394 817 1496 871 sibi
1545 833 1740 872 nomen
1789 835 1909 873 cum

331 914 694 960 reverteretur
733 913 888 973 capta
917 903 1096 973 Syria,
1131 906 1183 959 in
1231 907 1368 961 valle
1399 909 1716 973 salinarum,
1756 911 1911 965 caasis

330 996 612 1052 duodecim
644 995 878 1049 millibus
906 993 989 1062 (II
1023 994 1147 1064 Reg.
1181 997 1323 1065 vm).
1355 1016 1373 1046 ›
1409 995 1584 1053 Verus
1614 1000 1759 1052 enim
1804 1000 1911 1054 Da-

327 1088 418 1142 vid
449 1086 716 1150 Christus,
751 1086 907 1140 fortis
934 1085 1138 1141 scilicet
1167 1088 1371 1142 viribus
1403 1097 1457 1143 et
1483 1088 1706 1158 pulcher
1749 1106 1908 1162 asped

329 1190 443 1241 ctu,
489 1180 540 1233 in
577 1178 718 1232 valle
757 1178 1052 1232 salinarum
1101 1179 1381 1234 duodecim
1423 1180 1586 1233 millia
1629 1181 1906 1236 hominum

326 1270 544 1332 stravit,
571 1269 694 1338 quia
726 1283 823 1336 per
865 1267 1138 1336 apostolos
1163 1283 1294 1323 suos
1325 1268 1390 1323 de
1434 1267 1597 1333 salsa,
1629 1271 1738 1325 imo
1769 1271 1905 1326 falsa

327 1358 490 1428 hujus
517 1357 696 1411 mundi
727 1357 987 1427 sapientia
1033 1357 1406 1426 triumphavit.
1455 1359 1555 1426 Qui
1599 1361 1741 1414 enim
1773 1362 1908 1415 dum

328 1448 501 1501 decim
533 1447 830 1516 spiritualis
857 1448 1026 1516 praelii
1061 1448 1354 1503 bellatores
1393 1449 1601 1512 habuit,
1633 1451 1787 1519 quasi
1821 1460 1905 1506 t0-

331 1537 492 1590 tidem
544 1552 638 1606 per
693 1552 788 1590 eos
840 1537 1118 1591 hominum
1171 1538 1335 1591 millia
1392 1541 1718 1606 trucidavit,
1775 1541 1902 1596 dum

327 1627 492 1680 stulte
519 1627 791 1696 sapientes
812 1643 839 1679 a
873 1628 1078 1682 frivola:
1102 1622 1380 1697 sapientia:
1404 1631 1640 1684 vanitate
1678 1647 1904 1686 conver-

331 1717 410 1770 tit.
443 1715 681 1783 Quorum
714 1717 962 1772 videlicet
987 1718 1306 1772 bellatorum
1339 1735 1478 1774 unus
1500 1721 1566 1774 ad
1590 1721 1902 1778 Corinthios

2017 555 2180 624 Virga
2209 556 2409 626 quippe
2439 558 2620 611 Aaron
2666 558 3032 613 maleﬁcorum
3061 562 3242 632 virgas
3271 564 3585 632 absorbuit;

2012 645 2139 714 quia
2186 647 2446 714 sapientia
2495 647 2716 714 Christi,
2769 644 2930 718 quam
2977 651 3066 705 illa
3120 654 3404 724 signabat,
3469 674 3588 713 om-

2012 748 2107 789 nes
2151 735 2311 805 hujus
2343 738 2528 791 muudi
2579 740 2876 809 sapientias
2927 742 3253 810 annullavit,
3300 747 3592 816 mundique

2011 825 2281 893 sapientes
2307 827 2389 880 sui
2417 829 2685 898 corporis,
2714 830 2856 899 quod
2883 841 2965 885 est
2993 831 3255 898 Ecclesia,
3289 836 3590 894 visceribus

2010 917 2268 970 counivit.
2295 917 2599 973 Absurdum
2643 930 2903 989 praeterea
2955 933 3041 977 est
3083 933 3137 978 et
3189 926 3322 980 satis
3370 928 3597 986 inhone-

2009 1013 2174 1068 stum,
2206 1014 2266 1061 ut
2292 1008 2479 1062 eadem
2503 1010 2786 1078 prudentia
2810 1013 3108 1083 eademque
3140 1016 3408 1070 subtilitas
3429 1019 3593 1076 rebus

2009 1095 2329 1150 adhibeatur
2391 1099 2640 1154 humanis
2699 1117 2820 1171 quae
2860 1104 3229 1172 Spiritualibus
3261 1108 3594 1178 impenditur

2007 1192 2062 1238 et
2107 1185 2320 1240 divinis.
2376 1187 2515 1242 Hinc
2562 1199 2682 1256 est,
2740 1194 2884 1261 quod
2934 1193 3099 1264 Moysi
3149 1196 3406 1253 Dominus
3455 1200 3588 1255 ait:

2014 1291 2032 1324 ι
2071 1274 2234 1329 Sume
2263 1276 2357 1330 tibi
2381 1290 2645 1344 aromata,
2703 1289 2911 1335 stacten
2944 1291 2998 1338 et
3027 1285 3267 1355 onycha,
3301 1287 3591 1357 galbanum

2005 1366 2131 1420 boni
2163 1368 2364 1433 odoris,
2401 1378 2457 1423 et
2512 1371 2635 1434 tluts
2684 1371 3098 1439 Iucidissimum,
3153 1375 3427 1448 faciesque
3472 1381 3594 1453 thy-

2007 1456 2205 1510 miama
2271 1461 2632 1528 compositum
2699 1479 2864 1532 opere
2926 1470 3313 1536 unguentarii,
3373 1473 3593 1528 mistum

2004 1544 2290 1614 diligenter
2333 1557 2388 1600 et
2457 1565 2650 1618 purum
2719 1551 2936 1622 (Exod.
2985 1559 3154 1627 xxx).
3209 1579 3227 1611 ι
3274 1558 3593 1632 Thymiama

2005 1635 2203 1704 quippe
2231 1652 2295 1690 ex
2325 1641 2660 1695 aromatibus
2691 1645 3050 1713 compositum
3087 1647 3348 1717 facimus,
3385 1668 3506 1708 cum
3534 1653 3589 1709 in

2005 1724 2157 1778 altari
2190 1726 2312 1780 boui
2342 1731 2522 1797 Operis
2553 1731 2808 1787 virtutum
2838 1736 3236 1806 multiplicitate
3266 1742 3593 1799 redolemus.

327 1807 458 1861 dicit
483 1825 495 1860 :
533 1827 551 1859 ι
595 1808 649 1862 In
699 1823 861 1862 carne
884 1810 1027 1863 enim
1069 1809 1432 1875 ambulantes,
1462 1827 1566 1866 non
1606 1815 1901 1868 secundum
1934 1803 1978 1861 Β
2007 1813 2160 1882 Quod
2188 1818 2406 1872 mistum
2434 1829 2490 1874 et
2517 1837 2710 1890 purum
2738 1824 2823 1890 tit;
2871 1803 3012 1896 quia.
3042 1839 3246 1897 quanto
3277 1834 3451 1888 virtus
3480 1835 3594 1889 vir-

325 1914 545 1953 carnem
586 1899 882 1953 militamus
915 1917 926 1953 :
961 1916 1086 1954 nam
1138 1916 1288 1953 arma
1321 1901 1524 1956 militia:
1561 1913 1759 1957 nostra:
1793 1921 1900 1958 non

324 1992 560 2046 carnalia
591 2001 734 2056 sunt,
765 1991 860 2046 scd
909 1993 1152 2062 potentia
1182 1993 1315 2058 Deo,
1357 1994 1423 2047 ad
1471 1994 1899 2049 destructionem

323 2082 700 2144 munitionum,
735 2082 957 2136 consilia
993 2083 1238 2151 corporis
1286 2084 1652 2150 (lestrneutes,
1685 2095 1740 2139 et
1780 2101 1900 2139 om-

319 2184 446 2226 nem
477 2173 814 2227 altitudinem
851 2174 1198 2228 extollentem
1227 2189 1286 2228 se
1316 2175 1575 2229 adversus
1616 2176 1898 2230 scientiam

320 2264 436 2328 Dei,
454 2275 508 2319 et
529 2265 579 2318 in
603 2265 973 2333 captivitatem
994 2265 1300 2334 redigentcs
1323 2279 1538 2318 omnem
1570 2265 1899 2320 intellectum

320 2354 372 2409 Iu
402 2356 724 2424 obsequium
753 2355 955 2411 Christi
985 2355 1068 2426 (11
1094 2355 1218 2410 Cor.
1262 2355 1337 2425 χ).
1378 2377 1397 2408 ι

909 2447 1140 2504 CAPUT
1206 2447 1291 2502 III.

320 2535 608 2606 Sapientia!
663 2536 915 2601 caelestis,
972 2547 1020 2592 et
1066 2548 1284 2592 terrente
1322 2536 1616 2606 prudentia:
1660 2538 1894 2605 effectus.

410 2628 578 2684 Porro
624 2637 803 2683 autem
843 2629 984 2684 sicut
1033 2629 1276 2683 cmlestis
1327 2627 1593 2697 sapientia
1645 2628 1899 2683 caelestes

319 2717 452 2772 facit
476 2725 532 2770 et
551 2717 820 2788 legitimos
845 2716 1097 2772 Ecclesiae
1121 2716 1291 2782 ﬁlios;
1321 2717 1394 2770 ita
1423 2725 1636 2770 terrena
1665 2716 1900 2793 pruden-

321 2805 394 2859 tia
424 2814 668 2859 terrenos
695 2805 868 2859 reddit
889 2813 944 2859 et
965 2804 1197 2874 spurios.
1225 2805 1299 2857 De
1329 2803 1525 2872 quibus
1556 2817 1652 2871 per
1673 2801 1887 2855 Baruch

318 2898 553 2953 dicitur:
590 2916 607 2950 ι
645 2896 764 2951 Filii
793 2912 1006 2966 quoque
1029 2895 1192 2966 Agar,
1228 2895 1321 2964 qui
1363 2894 1741 2963 exquisierunt
1764 2909 1895 2962 pru-

319 2991 559 3045 dentiam
611 2998 732 3060 qua:
757 2990 823 3044 de
854 2998 994 3043 terra
1025 2996 1131 3052 est,
1165 2987 1552 3056 negotiatores
1596 2994 1792 3049 term,
1841 2992 1897 3039 ct

319 3079 584 3147 Theman,
612 3089 668 3134 et
701 3079 1048 3144 Iabulalores,
1082 3086 1138 3132 et
1181 3077 1544 3146 exquisitores
1575 3075 1894 3144 prudentiae,

317 3172 463 3225 viam
493 3170 768 3239 sapientite
800 3169 1134 3230 nescierunt,
1181 3181 1356 3236 neque
1399 3165 1765 3219 meminerunt
1807 3179 1895 3219 se-

318 3261 571 3314 mitarum
599 3259 715 3329 ejus
747 3257 1000 3328 (Baruch.
1051 3255 1158 3324 tu).
1199 3275 1217 3307 ι
1251 3253 1574 3309 Saecularem
1607 3268 1748 3322 ergo.
1773 3269 1898 3321 pru-

319 3352 554 3406 dentiam
587 3350 804 3420 assequi
861 3349 1142 3416 cupientes
1201 3355 1256 3399 ct
1305 3344 1642 3415 spiritualem
1687 3345 1898 3413 sapien-

245 3509 260 3516 _
321 3445 450 3497 tiam
496 3449 931 3504 contemnentes,
965 3439 1057 3492 lilii
1091 3447 1216 3493 sunt
1271 3438 1433 3507 Agar,
1477 3451 1583 3490 non
1613 3435 1800 3500 Sane;
1842 3444 1897 3489 et

320 3550 600 3589 manzeres
619 3535 788 3604 880
815 3533 941 3587 facti
984 3529 1269 3586 IsmaeIita:
1294 3530 1416 3599 jure
1462 3527 1718 3582 censendi
1771 3535 1915 3587 sunt.

317 3644 425 3684 non
454 3628 726 3682 Israelitaa.
761 3627 827 3681 Et
852 3625 1106 3695 quoniam
1138 3624 1304 3694 Agar,
1333 3622 1539 3676 advena
1568 3620 1894 3689 interpreta-

320 3728 430 3786 tur,
453 3719 487 3772 ii
523 3733 626 3772 non
651 3726 778 3772 sunt
811 3716 1090 3786 sapientia:
1128 3714 1242 3778 ﬁlii,
1278 3712 1373 3768 sed
1395 3712 1635 3777 advenae,
1666 3719 1718 3765 et
1741 3725 1899 3780 pere-

317 3811 476 3882 grini.
503 3809 612 3864 Nec
639 3824 707 3863 ex
755 3808 862 3862 illis
913 3814 1058 3870 sunt,
1089 3804 1286 3876 quibus
1326 3804 1508 3858 aiebat
1555 3799 1846 3872 Apostolus
1878 3818 1891 3854 :

321 3919 340 3952 ι
377 3899 493 3954 Jam
523 3915 628 3953 non
657 3899 789 3953 estis
826 3897 1069 3966 hospites
1112 3905 1166 3951 et
1190 3897 1434 3961 advenae,
1467 3892 1562 3948 sed
1582 3893 1716 3948 estis
1749 3892 1896 3947 cives

316 3998 646 4050 sanctorum,
678 3997 733 4042 et
753 3985 1035 4042 domestici
1059 3983 1150 4039 Dei
1175 3983 1390 4054 (Ephes.
1417 3982 1504 4051 ιι).
1535 3999 1554 4032 ι
1586 3979 1668 4035 Tu
1692 3989 1894 4045 autem,

317 4079 689 4140 dilectissime,
725 4085 783 4130 ut
815 4075 1057 4146 ejusdem
1107 4083 1160 4128 te
1217 4072 1496 4141 pr0phette
1553 4069 1897 4126 sermonibus

317 4172 580 4241 alloquar,
602 4171 748 4225 disce
786 4169 878 4224 ubi
906 4168 980 4223 sit
1021 4165 1327 4236 prudentia.
1362 4163 1490 4219 Haec
1516 4162 1663 4218 enim
1699 4161 1754 4216 in
1783 4160 1895 4216 Deo

316 4276 443 4321 sunt
471 4265 836 4321 essentialiter
864 4263 1180 4326 constituta,
1207 4271 1370 4331 atque
1396 4260 1465 4316 ab
1489 4273 1554 4316 eo
1599 4267 1728 4314 sunt
1763 4273 1896 4330 pro-

314 4358 402 4412 cul
433 4357 592 4412 dubio
639 4355 982 4426 requirenda.
1021 4353 1127 4410 Sed
1175 4353 1303 4423 quia
1353 4359 1408 4406 tu
1440 4351 1495 4407 in
1541 4349 1739 4406 saaculo
1777 4364 1889 4404 non

315 4449 483 4502 imutn
511 4448 724 4504 obtines
750 4447 945 4511 locum,
976 4463 1075 4503 nec
1104 4456 1260 4519 potes
1288 4459 1513 4516 prorsus
1543 4443 1802 4516 effugere,
1836 4453 1896 4499 ut

2006 1911 2104 1963 tuti
2128 1909 2393 1980 jungitur,
2425 1923 2576 1970 tanto
2622 1917 2901 1974 incensum
2938 1923 3066 1977 boni
3106 1927 3290 1995 operis
3321 1915 3594 1986 sincerius

2002 2003 2308 2056 exhibetur.
2343 2003 2444 2059 Ubi
2475 2014 2528 2059 et
2573 2006 2714 2061 bene
2765 2010 3110 2085 subiungitur
3140 2032 3154 2070 :
3187 2036 3204 2069 ι
3240 2017 3486 2089 Cumque
3535 2021 3592 2076 in

2004 2095 2374 2150 tenuissimum
2405 2097 2679 2166 pulverem
2701 2101 2954 2156 universa
2984 2106 3499 2175 contuderis,pones
3526 2126 3596 2163 ex

2001 2199 2065 2238 eo
2117 2200 2296 2238 coram
2340 2189 2650 2245 testimonio
2701 2192 3034 2248 tabernaculi
3067 2193 3304 2267 (Ibid.).
3349 2217 3369 2250 ι
3407 2198 3463 2252 In
3514 2208 3594 2254 te—

2001 2275 2326 2328 nuissimum
2352 2277 2628 2345 pulverem
2653 2291 2897 2337 aromata
2939 2285 3188 2340 universa
3223 2289 3591 2357 conterimus;

2000 2379 2124 2418 cum
2149 2366 2289 2418 bona
2314 2377 2496 2420 nostra
2534 2371 2688 2439 quasi
2715 2371 2768 2423 in
2798 2371 2903 2440 pila
2927 2373 3108 2428 cordis
3131 2377 3345 2430 occulta
3380 2378 3591 2433 discusa

2000 2453 2153 2508 sicne
2185 2455 2479 2520 tundimus,
2505 2468 2561 2512 et
2599 2459 2644 2513 si
2680 2461 2951 2516 veraciter
2975 2461 3116 2517 bona
3149 2464 3282 2530 sint,
3317 2466 3594 2521 subtiliter

2000 2551 2380 2598 retractamus.
2423 2545 2683 2601 Aromata
2732 2549 2948 2617 ergoiu
2999 2550 3277 2620 pulverem
3324 2554 3592 2625 redigere,

1998 2643 2085 2686 est
2116 2634 2342 2688 virtutes
2374 2638 2724 2707 recogitando
2750 2646 2948 2706 terere,
2979 2650 3034 2696 et
3069 2658 3242 2713 usque
3273 2644 3342 2700 ad
3368 2646 3588 2702 subtili-

1999 2731 2160 2779 tate'n
2190 2726 2389 2781 occulti
2424 2730 2695 2784 examinis
2730 2746 3008 2788 revocare.

2600 2819 2826 2876 CAPUT
2882 2823 2972 2878 IV.

2143 2903 2341 2977 Nostra
2368 2909 2544 2961 studia
2583 2909 2690 2964 sint
2723 2921 2778 2963 ut
2821 2911 2922 2965 soli
2970 2912 3082 2968 Deo
3113 2913 3437 2984 placeamus.

2068 2995 2135 3050 Et
2183 2998 2479 3051 notandum
2531 2999 2678 3068 quod
2726 3001 2792 3056 de
2834 3003 3025 3059 eodem
3072 3006 3294 3075 pulvere
3345 3008 3591 3066 dicitur:

2007 3108 2025 3138 ι
2051 3087 2229 3142 Pones
2259 3105 2329 3144 ex
2361 3105 2427 3143 eo
2451 3105 2638 3144 coram
2671 3093 2984 3149 testimonio
3005 3096 3340 3154 tabernaculi
3369 3115 3384 3154 :
3417 3119 3436 3152 ι
3467 3100 3595 3171 quia

2004 3186 2132 3231 tunc
2159 3177 2416 3231 nimirum
2465 3179 2604 3232 bona
2660 3191 2848 3235 nostra
2888 3184 3162 3239 veraciter
3197 3186 3253 3241 iu
3298 3201 3595 3260 conspectu

2001 3269 2219 3337 superni
2257 3268 2460 3337 judicis
2491 3268 2864 3336 placent,cum
2895 3273 3012 3326 haec
3040 3289 3193 3329 mens
3223 3275 3479 3333 subtilius
3508 3294 3596 3338 re-

1999 3359 2305 3430 cogitando.
2325 3359 2579 3424 conterit,
2608 3372 2662 3414 et
2691 3362 2938 3429 quaside
2959 3365 3293 3421 aromatibus
3319 3366 3595 3435 pulverem

2001 3447 2198 3501 reddit.
2218 3446 2327 3502 Nec
2355 3461 2605 3515 gressum
2633 3448 2941 3518 durumque
2966 3452 3036 3504 sit
3061 3453 3444 3524 bonum,quod
3472 3457 3594 3528 agi-

2002 3547 2109 3602 tur,
2129 3551 2196 3591 ne
2213 3537 2257 3590 si
2278 3539 2378 3591 hoc
2402 3545 2553 3591 arcta
2580 3540 2991 3595 retractationis
3014 3556 3205 3598 manus
3231 3560 3335 3599 non
3363 3548 3596 3603 commi-

1999 3632 2130 3678 nuat
2157 3625 2318 3694 881
2345 3625 2564 3680 odorem
2587 3627 2653 3681 de
2685 3641 2743 3682 se
2765 3629 3018 3684 subtilius
3039 3645 3147 3685 non
3176 3643 3446 3704 aspergat.
3480 3635 3595 3691 Hoc

1997 3715 2156 3786 plane
2185 3716 2443 3778 studium,
2463 3725 2716 3787 tantaque
2738 3719 3052 3775 subtilitatis
3084 3721 3339 3777 instantia
3374 3739 3479 3779 non
3505 3741 3594 3780 re-

1998 3807 2197 3872 buslest
2218 3807 2520 3863 adhibenda
2547 3811 2798 3877 terrenis,
2813 3812 2905 3865 sed
2923 3812 2988 3865 ad
3005 3813 3108 3868 hoc
3127 3821 3330 3869 tantum
3349 3816 3596 3872 habenda

1999 3904 2104 3964 est,
2137 3905 2198 3950 ut
2234 3897 2451 3966 placere
2500 3898 2779 3954 valeamus
2823 3901 3104 3957 obtutibus
3144 3903 3421 3960 Creatoris
3452 3924 3466 3959 :
3495 3922 3596 3962 nec

1999 3994 2060 4040 ut
2094 3987 2150 4041 in
2176 3985 2376 4042 saeculo
2416 3987 2698 4042 videamur
2730 3989 2990 4060 insignes,
3038 3991 3133 4046 sed
3173 4003 3232 4047 ut
3271 4009 3454 4048 coram
3482 3994 3596 4052 Deo

1999 4080 2054 4135 in
2082 4087 2270 4134 nostra
2295 4079 2466 4133 simus
2500 4080 2902 4136 examinatione
2931 4083 3242 4152 prudentes.
3297 4084 3450 4140 Unde
3483 4086 3595 4141 illic

1998 4173 2217 4228 additur
2259 4186 2274 4225 :
2326 4189 2344 4223 ι
2383 4170 2568 4227 Talem
2617 4173 3065 4242 compositionem
3114 4191 3222 4231 non
3274 4175 3489 4233 facietis
3537 4179 3593 4232 in

1997 4279 2128 4320 usus
2179 4272 2413 4329 vestros,
2441 4264 2566 4334 quia
2597 4273 2848 4320 sanctum
2889 4275 2976 4322 est
3013 4266 3272 4334 Domino;
3306 4288 3326 4322 ι
3359 4285 3600 4340 moxque

1997 4353 2381 4426 subiungitur:
2419 4371 2438 4405 ι
2471 4353 2645 4410 Homo
2685 4355 2996 4426 quicunque
3042 4356 3233 4412 fecerit
3285 4359 3484 4425 simile,
3536 4370 3596 4415 ut

1998 4445 2163 4500 odore
2184 4445 2326 4500 illius
2346 4443 2680 4514 perfruatur,
2701 4447 2899 4516 peribit
2921 4447 2988 4502 de
3021 4449 3371 4528 populisguis
3391 4451 3590 4523 (Exod.

316 4547 408 4594 aut
439 4539 713 4594 saecularis
742 4539 939 4608 eloquii
973 4554 1096 4593 cum
1141 4537 1570 4607 colloquentibus
1595 4537 1762 4592 verba
1787 4551 1894 4591 non
1923 4533 1970 4549 "
1992 4533 2144 4602 xxx).
2165 4554 2185 4588 ι
2206 4534 2462 4605 Quisquis
2505 4551 2634 4606 ergo
2658 4575 2674 4601 ,
2722 4537 2838 4592 sive
2887 4537 3194 4594 litterarum
3244 4541 3588 4598 saecularium

315 4631 584 4697 conferas,
631 4642 746 4688 aut,
775 4631 1063 4700 aliquando
1104 4630 1169 4683 de
1213 4629 1550 4684 litteratoria:
1598 4628 1897 4698 disciplinae

316 4723 508 4778 studiis
557 4721 758 4790 aliquid
802 4736 908 4775 non
965 4719 1218 4788 attingas,
1274 4720 1378 4774 hac
1423 4719 1522 4775 tibi
1565 4718 1896 4774 discretione

315 4814 574 4866 utendum
629 4819 742 4875 est;
793 4816 853 4862 ut
895 4808 952 4862 in
1003 4807 1355 4863 sascularibus
1399 4808 1618 4878 quidem
1671 4815 1723 4861 te
1751 4806 1899 4860 velut

315 4902 562 4955 hebetem
591 4898 809 4962 reddas,
838 4897 891 4951 in
917 4896 1287 4968 spiritualibus
1321 4911 1452 4952 vero
1483 4896 1676 4952 studiis
1709 4909 1897 4950 omnes

316 4998 422 5044 tua:
450 4991 646 5045 mentis
673 5003 868 5044 nervos
896 5000 1154 5042 exerceas
1185 5004 1198 5039 :
1231 4987 1283 5041 in
1312 4985 1418 5041 illis
1448 4994 1501 5041 te
1530 4985 1773 5055 praebeas
1798 4999 1895 5039 ne-

316 5083 628 5155 gligentem,
651 5084 705 5138 in
749 5083 836 5138 his
863 5089 1042 5136 autem
1070 5080 1292 5135 omnino
1312 5081 1575 5135 vivacem.
1603 5077 1739 5146 Quia
1767 5093 1896 5149 ergo

317 5193 348 5230 a
387 5176 669 5245 temetipso
699 5176 802 5230 hoc
844 5173 1090 5229 obtinere
1118 5187 1224 5226 non
1251 5180 1425 5242 potes,
1457 5178 1517 5225 ut
1544 5170 1598 5225 in
1625 5169 1895 5225 mundalis

318 5268 668 5325 exsecutione
692 5267 893 5339 negotii
920 5265 1142 5320 omnino
1167 5279 1354 5321 careas
1367 5265 1633 5335 serpentis
1658 5264 1889 5330 astutia;

316 5364 399 5418 vel
429 5365 533 5418 hoc
571 5371 786 5431 satage,
824 5369 883 5416 ut
929 5369 1200 5416 terrenam
1229 5357 1566 5429 prudentiam
1616 5365 1765 5411 tuam
1806 5371 1897 5412 sa-

315 5455 520 5525 pientia
574 5453 868 5523 spiritualis
897 5451 1208 5516 absorbent,
1245 5464 1474 5518 eamque
1515 5447 1663 5502 velut
1715 5447 1768 5501 in
1812 5445 1897 5501 sui

318 5545 561 5615 corporis
607 5559 805 5599 arcana
854 5549 1157 5598 convertat.
1191 5540 1344 5596 Sicut
1373 5541 1440 5595 de
1469 5539 1730 5595 maleﬁcis
1751 5537 1896 5593 Pha-

317 5637 503 5692 raonis
529 5636 807 5706 Scriptura
831 5635 1171 5706 proloquitur
1201 5652 1215 5688 :
1257 5652 1276 5685 ι
1309 5631 1680 5702 Projecerunt,
1703 5631 1894 5701 inquit,

318 5730 514 5799 singuli
550 5731 731 5802 virgas
776 5744 930 5796 suas,
968 5743 1088 5798 qua:
1129 5742 1301 5784 versae
1349 5733 1476 5783 sunt
1518 5725 1571 5780 in
1611 5724 1895 5792 dracones,

1949 4671 1953 4675 .
1999 4623 2302 4693 disciplinis
2326 4662 2341 4688 ,
2391 4623 2506 4678 sive
2531 4625 2696 4679 rebus
2739 4625 3046 4695 quibusque
3077 4629 3308 4684 terrenis
3338 4631 3442 4686 hoc
3471 4641 3588 4687 stu-

1998 4713 2150 4768 dium
2185 4715 2428 4778 exhibet,
2460 4715 2602 4783 quod
2627 4715 2694 4769 ad
2717 4715 3036 4784 placendum
3059 4714 3172 4771 Deo
3207 4721 3589 4777 examinationi

2000 4804 2261 4859 duntaxat
2289 4804 2496 4859 intimae
2524 4805 2897 4874 principaliter
2923 4806 3171 4874 debetur,
3196 4809 3392 4866 merito
3418 4815 3585 4882 perit,

1998 4897 2124 4967 quia
2154 4897 2466 4969 thymiama,
2497 4896 2642 4966 quod
2673 4894 2772 4950 soli
2802 4896 2915 4953 Deo
2942 4898 3162 4964 debuit,
3190 4900 3352 4956 rebus
3383 4911 3591 4974 tempo-

2002 4988 2210 5044 ralibus
2271 4995 2326 5042 et
2393 4987 2613 5043 caducis
2663 4988 2944 5058 impendit.
2996 4991 3286 5048 Enimvero
3334 4996 3475 5064 quod
3524 4997 3592 5051 de

2003 5081 2226 5136 scientia
2255 5079 2557 5150 loquimur,
2590 5079 2695 5136 hoc
2725 5080 2900 5151 ipsum
2943 5098 3012 5139 ex
3053 5084 3409 5141 delectatione
3431 5085 3593 5155 hujus

2000 5175 2125 5229 vitae
2148 5187 2368 5228 necesse
2397 5181 2481 5228 est
2499 5171 2786 5229 fateamur.
2821 5175 3049 5248 Dignum
3080 5178 3280 5248 quippe
3305 5160 3501 5246 fuerat,
3529 5186 3592 5236 ut

2003 5274 2217 5321 terrena
2247 5264 2529 5335 prudentia
2572 5265 2624 5319 in
2650 5267 2806 5321 nobis
2829 5282 3053 5337 prorsus
3076 5276 3371 5334 aresceret,
3400 5278 3457 5324 et
3479 5270 3592 5340 spi-

2002 5357 2212 5412 ritualis
2259 5356 2598 5413 solummodo
2646 5357 2911 5426 sapientia
2959 5357 3014 5411 in
3062 5358 3218 5412 nobis
3266 5357 3584 5427 reﬂoreret,

2001 5446 2142 5501 sicut
2183 5445 2471 5516 Apostolus
2496 5444 2770 5511 admonet,
2805 5444 2990 5501 dicens
3034 5463 3048 5500 :
3100 5463 3119 5497 ι
3163 5445 3220 5500 Si
3246 5450 3589 5504 consurrexi.

2001 5535 2102 5590 stis
2145 5550 2269 5590 cum
2317 5531 2555 5600 Christo,
2600 5549 2720 5604 quae
2761 5551 2979 5590 sursum
3025 5543 3154 5591 sunt
3187 5536 3436 5606 quaerite,
3493 5538 3585 5594 ubi

1999 5623 2248 5682 Christus
2270 5633 2354 5680 est
2373 5624 2428 5680 in
2451 5623 2673 5680 dextera
2699 5624 2796 5680 Dei
2816 5625 3042 5692 sulcus;
3074 5641 3192 5697 qua
3212 5643 3427 5684 sursum
3458 5637 3586 5686 sunt

2000 5717 2197 5790 sapite,
2228 5731 2334 5774 non
2361 5732 2482 5788 quae
2501 5731 2665 5789 super
2691 5725 2891 5774 terram
2915 5717 3141 5792 (Colon.
3169 5721 3275 5793 tu).
3307 5739 3325 5776 ›
3351 5720 3581 5794 Dignum
