4054 6184
501 303 606 367 8‘55

953 324 1010 381 S.
1051 322 1250 382 PETRI
1288 321 1570 381 DAMIANI
1606 323 1757 380 OPP.
1800 314 2034 379 TOMUS
2074 319 2204 376 SEU
2241 317 2416 377 PARS
2449 321 2534 377 lil.
2557 322 3005 380 —0PUSCULA
3046 325 3274 381 VAlllA.

3632 331 3746 388 836

498 439 846 494 .nhilominus
876 437 1050 492 fuerat
1089 446 1147 492 ut
1197 439 1310 492 haec
1338 440 1446 492 vita
1483 440 1536 492 in
1568 448 1751 493 nostro
1778 437 1940 494 corde
1965 448 2069 488 non
2099 436 2146 493 Α
2169 433 2384 498 ‘siones,
2421 443 2612 500 sectae,
2643 436 2885 502 invidiae,
2927 437 3245 505 homicidia,
3287 436 3606 510 ebrietates,
3644 461 3745 500 eo-

501 532 724 592 vivet‘et,
751 533 842 584 sed
871 529 1022 583 nobis
1049 544 1268 597 prorsus
1289 538 1531 582 emortua
1563 545 1900 599 nequaquam
1923 544 2066 582 mor-

505 639 620 675 'utOS
643 622 948 682 delectaret,
988 621 1127 673 sicut
1156 620 1293 672 idem
1342 619 1471 674 dicit
1501 619 1784 688 Apostolus
1813 633 1828 672 :
1873 638 1890 670 ι
1922 617 2060 672 Con-

502 709 694 777 sepulti
757 708 897 762 enim
952 724 1136 761 sumus
1182 724 1301 762 cum
1358 709 1445 762 illo
1494 725 1588 777 per
1647 709 1968 786 baptismum
2013 708 2066 761 in

509 809 698 863 morte,
751 810 806 852 ut
837 802 1103 869 quomodo
1145 803 1379 854 surrexit
1422 801 1667 854 Christus
1706 816 1799 869 per
1841 800 2064 868 gloriam

498 894 712 959 Patris,
747 894 817 946 ita
849 903 902 948 et
931 909 1026 948 nos
1049 895 1100 946 in
1136 895 1372 946 novitate
1394 893 1516 946 vita:
1535 892 1866 945 ambulemus
1887 891 2064 961 (Rom.

497 985 595 1054 Vt).
637 1003 653 1034 ι
697 983 800 1038 Sed
828 984 949 1052 quia
981 985 1094 1038 haec
1137 984 1406 1037 nonnullis
1449 982 1748 1051 praesertim
1798 980 2070 1034 saaculari-

499 1075 598 1129 bus
628 1075 973 1144 impossibilia
1001 1086 1146 1138 sunt,
1194 1084 1248 1128 et
1292 1073 1640 1142 perfectionis
1671 1072 1950 1140 utriusque
1991 1070 2065 1125 fa-

497 1165 713 1233 stigium
744 1163 954 1231 assequi
981 1163 1267 1231 plenc‘non
1298 1171 1542 1231 possunt,
1569 1160 1887 1214 admonendi
1920 1168 2065 1225 sunt,

499 1263 556 1308 ut
583 1270 702 1324 qua:
729 1270 832 1307 non
854 1264 1076 1322 possunt
1100 1263 1288 1307 exacte
1314 1262 1677 1316 contemnere,
1704 1251 1939 1306 secundo
1961 1250 2070 1305 sal-

499 1352 604 1397 tem
636 1343 754 1398 loco
775 1359 835 1398 ea
873 1353 1136 1397 conentur
1172 1345 1392 1397 habere.

1117 1432 1342 1487 CAPUT
1386 1430 1447 1484 V.

500 1512 792 1574 Saeculares
840 1521 940 1573 viri
983 1522 1240 1589 quomodo
1263 1538 1316 1573 se
1353 1521 1541 1574 habere
1587 1521 1769 1573 debent
1798 1521 1854 1573 in
1889 1536 2069 1574 amore

779 1606 951 1642 rerum
980 1600 1302 1642 terrenarum
1333 1602 1378 1642 et
1407 1590 1780 1657 spiritualium.

567 1677 634 1730 Et
677 1677 928 1745 quoniam
979 1678 1091 1730 lucc
1130 1679 1236 1730 vita
1286 1679 1568 1747 plerosque
1615 1679 1898 1734 saecularcs
1949 1689 2068 1732 tan-

2167 525 2542 591 mcssatioues,
2569 536 2622 581 et
2644 528 2726 582 his
2755 528 2973 592 similia,
3005 544 3122 597 qua:
3150 531 3383 598 praedico
3407 533 3577 597 vobis,
3599 537 3746 590 sicut

2166 614 2406 680 praedixi,
2437 618 2691 682 quoniam
2726 618 2816 686 qui
2841 617 2964 670 talia
3014 628 3214 688 agunt,
3245 634 3471 690 regnum
3508 621 3601 677 Dei
3632 640 3741 678 non

2166 713 2560 772 consequentur
2593 702 2802 775 (Colat.
2831 696 2927 775 v):
2960 725 2977 756 ι
3027 706 3120 760 Vis
3155 709 3299 761 enim
3349 723 3744 779 consequenter

2166 791 2371 855 audire,
2399 809 2518 861 qua:
2547 794 2615 848 sit
2639 794 2850 848 soboles
2881 795 3116 849 odiosa)?
3143 798 3395 852 Ausculta
3434 804 3576 868 quod
3605 805 3739 858 sub-

2165 880 2328 934 didit:
2350 901 2367 932 ‹
2392 881 2620 938 Fructus
2644 893 2820 937 autem
2845 885 3065 952 spiritus
3087 896 3168 940 est
3189 888 3739 958 charitas,gaudium,

2166 974 2576 1042 pax,patientia,
2601 975 2920 1044 benignitas,
2939 976 3335 1047 longanimitas,
3363 986 3735 1050 mansuetudo,

2168 1062 2332 1128 ﬁdes,
2366 1065 2655 1128 modestia,
2690 1067 3042 1132 continentia,
3087 1071 3306 1124 castitas
3350 1071 3560 1143 (Ibid.).
3586 1094 3602 1126 ι
3643 1075 3740 1130 llic

2166 1164 2295 1218 ergo
2347 1151 2487 1206 ﬁlios
2534 1162 2786 1223 tanquam
2848 1156 3239 1226 primogenitus
3291 1160 3526 1228 duplicia
3580 1165 3739 1218 debet

2164 1236 2368 1293 habere
2416 1242 2762 1309 substantiae,
2820 1245 3102 1311 videlicet,
3157 1256 3215 1300 ttt
3262 1249 3472 1306 fructus
3517 1255 3742 1322 spiritus

2166 1339 2397 1395 corpus,
2429 1329 2590 1382 simul
2637 1340 2691 1384 et
2733 1333 2969 1386 animam
3019 1344 3210 1405 regat:
3241 1347 3404 1407 atque
3456 1343 3740 1413 utriusque

2166 1418 2498 1486 subSIantiae,
2532 1421 2808 1478 interioris
2840 1425 3050 1481 scilicet
3076 1436 3130 1482 et
3169 1432 3462 1488 exterioris
3509 1433 3740 1491 hominis

2161 1507 2285 1580 jura
2318 1513 2616 1580 possideat.

2768 1606 2996 1663 CAPUT
3035 1609 3124 1664 Vl.

2171 1692 2322 1757 Quod
2353 1695 2552 1749 virtutis
2579 1713 2730 1750 amor
2746 1699 3094 1769 principatum
3121 1710 3292 1757 tenere
3320 1705 3464 1759 debet
3487 1708 3542 1761 in
3566 1711 3739 1765 corde.

498 1783 658 1837 quam
701 1783 836 1821 uxor
864 1768 1164 1821 substracta
1193 1769 1442 1835 delectat,
1467 1769 1846 1824 elaborandum
1876 1778 1984 1832 est,
2011 1776 2062 1822 ul

2243 1783 2298 1838 Si
2327 1801 2454 1855 ergo
2479 1788 2570 1842 tibi
2597 1765 2810 1842 diﬂicile
2829 1798 2913 1844 est
2936 1799 3120 1847 ut-uua
3148 1795 3224 1849 sis
3241 1811 3410 1851 uxore
3429 1809 3742 1868 contentus,

497 1854 625 1910 licet
642 1870 761 1914 eam
786 1865 1052 1924 nequeant
1071 1872 1180 1924 prae
1197 1857 1510 1911 inﬁrmitate
1533 1859 1746 1921 mentis,
1772 1866 1829 1910 ut
1851 1857 2068 1927 dignum

499 1955 620 2011 est,
665 1948 846 2013 odire;
896 1964 1234 2018 nequaquam
1274 1959 1450 2003 tamen
1499 1950 1878 2018 aggrediantur
1924 1949 2066 2002 illam

497 2039 848 2094 immoderate
877 2041 1119 2105 diligere,
1161 2049 1218 2091 ut
1244 2037 1288 2092 si
1322 2040 1548 2093 necdum
1583 2039 1874 2107 prazvalent
1904 2040 1952 2093 ei
1985 2054 2070 2093 re-

496 2127 644 2196 pudii
670 2128 797 2182 dare
823 2127 1078 2193 libellum,
1102 2128 1298 2197 pudeat
1322 2138 1500 2183 tamen
1520 2130 1586 2182 ad
1614 2131 2069 2197 comparationem

495 2227 711 2273 mtcrna:
741 2219 861 2273 vita:
891 2221 1090 2274 amoris
1119 2220 1189 2274 illi
1218 2221 1458 2290 przcbere
1483 2221 1794 2290 primatum.
1834 2219 1988 2276 Unde
2016 2229 2070 2275 et

499 2309 549 2361 iu
580 2309 693 2378 lege
712 2311 1017 2380 praecipitur
1044 2330 1056 2364 :
1087 2329 1103 2362 (
1135 2312 1190 2366 Si
1218 2313 1485 2376 habuerit,
1521 2313 1716 2380 inquit,
1749 2312 1910 2367 homo
1937 2330 2071 2368 uxo-

493 2408 581 2451 res
611 2399 760 2462 duas,
792 2414 954 2453 unam
992 2400 1242 2455 dilectam
1294 2410 1350 2455 et
1402 2401 1625 2456 alteram
1667 2402 1939 2468 odiosam,
1973 2419 2069 2473 ge-

481 2481 780 2556 ‘nueritque
811 2502 876 2541 ex
909 2488 985 2542 eis
1013 2488 1209 2543 liberos
1233 2529 1247 2552 ,
1278 2501 1331 2543 et
1359 2489 1520 2544 fuerit
1555 2491 1691 2544 ﬁlius
1717 2492 1916 2546 odiosae
1960 2491 2071 2560 pri-

489 2577 819 2645 mogenitus,
846 2577 1183 2648 volueritque
1208 2580 1568 2634 substantiam
1599 2581 1739 2634 inter
1765 2580 1903 2634 ﬁlios
1934 2581 2069 2635 divi-

494 2666 640 2729 dere,
667 2682 769 2719 non
793 2668 989 2735 poterit
1012 2667 1173 2720 ﬁlium
1197 2668 1405 2722 dilecta:
1428 2677 1606 2724 tacere
1627 2668 2065 2740 primogenitum,

493 2765 547 2809 et
576 2757 830 2823 prcefcrre
857 2757 966 2811 ﬁlio
995 2759 1214 2822 odiosaz,
1262 2760 1356 2814 sed
1386 2759 1554 2814 ﬁlium
1588 2761 1787 2815 odiosa:
1813 2771 2069 2829 agnoscet

497 2848 934 2916 primogenitmn,
964 2850 1215 2917 dabitque
1230 2851 1276 2903 ei
1294 2851 1452 2906 dehis
1468 2868 1587 2920 qua:
1608 2853 1856 2906 habuerit
1875 2863 2066 2907 cuncta

495 2936 726 3004 duplicia
747 2954 759 2988 :
780 2937 882 2990 iste
896 2939 1036 2990 enim
1053 2939 1373 3007 principium
1407 2939 1692 2994 liberorum
1714 2941 1852 3009 ejus,
1867 2948 1921 2996 et
1941 2943 2067 2996 huic

492 3023 756 3078 debentur
785 3026 1138 3094 primogenita
1171 3028 1346 3096 (Deut.
1372 3030 1508 3098 χχι).
1541 3049 1558 3080 ›
1588 3029 1712 3084 Dua:
1743 3031 1947 3085 scilicet
1968 3033 2064 3085 ho-

486 3111 652 3166 ‘minis
681 3127 894 3176 uxores,
922 3115 1094 3168 virtus
1125 3095 1250 3168 sunt
1275 3125 1329 3170 et
1361 3095 1631 3185 voluptas;
1665 3119 1852 3173 livoris
1875 3129 1927 3173 et
1955 3120 2064 3174 odii
2092 3095 2137 3156 (ἶ

497 3205 639 3257 inter
666 3217 724 3256 se
755 3205 982 3258 invicem
1009 3204 1152 3259 velut
1179 3207 1408 3274 quadam
1434 3208 1697 3279 zelotypia
1719 3209 2058 3266 dissidentes.

491 3291 562 3347 Et
578 3291 817 3361 voluptas
840 3295 1054 3362 quidem
1081 3295 1147 3349 ad
1169 3296 1310 3351 hanc
1327 3299 1517 3362 vitam,
1532 3299 1704 3354 virtus
1721 3299 1784 3352 ad
1809 3309 2064 3356 mternam

481 3383 721 3456 pertinet
749 3387 992 3454 gloriam.
1029 3388 1120 3442 llla
1156 3390 1314 3459 plane
1353 3390 1548 3445 dilecta
1589 3402 1692 3458 est,
1733 3394 1856 3462 quia
1889 3395 2061 3448 virum

489 3490 684 3540 suum,
737 3479 901 3547 882
932 3480 1034 3532 hoc
1066 3489 1148 3534 est
1198 3479 1440 3550 fragilem
1489 3482 1746 3552 cujusque
1792 3485 2060 3552 spiritum,

491 3566 799 3619 malesuada
840 3569 1180 3634 jucunditate
1226 3571 1531 3627 demulcet:
1565 3573 1663 3627 ista
1710 3590 1838 3630 vero
1867 3575 2064 3630 dicitur

490 3657 699 3721 odiosa,
729 3658 855 3725 quia
884 3672 978 3727 per
1002 3669 1206 3715 arctam
1235 3673 1290 3716 et
1311 3673 1592 3734 angustam
1632 3667 1772 3720 viam
1815 3667 2062 3723 homines

493 3746 572 3798 ire
601 3747 917 3811 constituit,
965 3757 1020 3801 et
1053 3763 1242 3817 aspera
1270 3766 1483 3819 semper
1513 3769 1574 3807 ac
1606 3754 1740 3808 dura
1789 3758 2058 3825 proponit.

485 3831 597 3889 Sed
627 3834 766 3889 ﬁlius
798 3837 994 3890 odiosae
1025 3839 1178 3892 nobis
1222 3840 1607 3911 primogenitus
1638 3853 1749 3910 est;
1799 3848 1923 3914 quia
1956 3847 2060 3900 vir-

491 3935 658 3980 tutem
687 3926 934 3981 conditor
960 3939 1140 3982 noster
1174 3924 1327 3985 nobis
1360 3933 1690 4003 originaliter
1719 3937 1937 4000 indidit,
1969 3953 2060 3995 vo-

485 4012 668 4086 luptas
693 4025 891 4082 autem,
923 4025 975 4071 et
997 4017 1245 4086 quaelibet
1274 4021 1505 4075 carnalis
1544 4023 1790 4078 illecebra
1833 4042 1898 4080 ex
1933 4028 2059 4084 vitio

487 4117 687 4163 nostra:
735 4109 1014 4175 pravitatis
1044 4111 1280 4164 emersit.
1329 4111 1432 4166 Sed
1474 4115 1597 4182 quia
1639 4107 1742 4169 non
1789 4119 1875 4171 est
1906 4118 2060 4174 istius

487 4199 746 4268 temporis
775 4214 870 4267 per
900 4200 1106 4267 singula
1143 4203 1302 4254 verba
1348 4203 1506 4272 hujus
1547 4208 1797 4275 praecepti
1832 4208 2057 4279 ﬁguram

487 4288 838 4342 enucleanter
872 4302 1160 4354 exponere,
1192 4290 1419 4345 sufﬁciat
1447 4295 1545 4348 hoc
1586 4295 1651 4348 ad
1682 4301 2057 4365 compendium

485 4374 668 4431 dicere
717 4383 773 4427 ut
821 4375 864 4428 si
906 4391 1010 4428 non
1054 4391 1336 4444 possumus
1366 4381 1612 4436 dilectam
1640 4401 1894 4451 uxorem,
1939 4404 2058 4457 quae

486 4468 640 4520 nobis
664 4465 848 4535 procul
874 4467 1033 4520 dubio
1059 4469 1214 4520 noxia
1244 4479 1348 4533 est,
1371 4486 1399 4524 a
1435 4473 1650 4528 thalami
1686 4480 1855 4531 nostri
1887 4482 2057 4534 socie-

487 4566 596 4610 tate
623 4554 901 4623 repellere,
932 4557 1243 4612 studeamus
1271 4559 1457 4614 saltem
1489 4564 1761 4632 odiosam,
1816 4584 1932 4637 quae
1961 4587 2052 4625 so-

485 4649 600 4703 bria
628 4659 727 4713 cst,
749 4661 800 4704 et
818 4652 1062 4716 honesta,
1079 4652 1130 4705 itt
1146 4654 1482 4726 primogeniti
1499 4659 2021 4731 dignitatcprwferrc
2037 4680 2051 4719 ε

485 4737 746 4809 quatenus
762 4743 803 4796 si
829 4743 980 4797 nobis
995 4744 1207 4799 diﬁicilc
1223 4755 1307 4800 est
1319 4749 1842 4822 quantulumcunque
1865 4755 2051 4810 saltem

484 4831 641 4899 hujus
665 4837 784 4885 vita:
805 4833 1136 4889 dulcedinem
1163 4852 1264 4891 non
1289 4841 1506 4904 sentire,
1525 4855 1856 4912 prmrogetur
1878 4855 2050 4900 tamen

485 4911 705 4979 dominii
730 4929 904 4995 palma
929 4931 1132 4996 virtuti,
1156 4935 1489 5004 relinquatur
1510 4911 1740 4992 servitus
1771 4938 2047 5008 voluptati.

482 5013 630 5068 lllius
660 5015 800 5070 ﬁlius
823 5018 874 5071 in
912 5020 1249 5090 primogeniti
1280 5025 1535 5093 dignitate
1567 5027 1868 5094 praecellat;
1899 5029 2051 5084 istius

482 5116 662 5157 antem
697 5104 837 5158 ﬁlius
865 5106 915 5159 in
949 5110 1266 5176 subsequcla
1295 5113 1519 5178 ordinis,
1553 5125 1606 5169 et
1633 5119 1732 5170 sub
1757 5119 2050 5186 disciplina:

478 5205 693 5260 semper
717 5192 1073 5250 refrenatione
1097 5202 1433 5267 supersistat.

549 5282 646 5335 Vis
692 5283 938 5338 fortassis
982 5287 1258 5342 addiscere
1307 5292 1397 5360 qui
1443 5295 1624 5348 uxoris
1673 5297 1880 5352 dilectae
1924 5313 2048 5356 sunt

481 5369 826 5432 lilii‘lpaulus
860 5380 1160 5447 inquiratur
1190 5386 1460 5451 apostolus
1491 5405 1504 5442 :
1539 5407 1554 5437 ι
1596 5389 1868 5446 Manifesta
1902 5405 2049 5461 sunt,

480 5466 676 5534 inquit,
707 5485 868 5538 Opera
919 5488 1117 5536 carnis,
1149 5490 1267 5543 qum
1297 5489 1420 5532 sunt
1451 5477 1731 5537 fornicatio
1752 5523 1766 5546 ,
1821 5487 2051 5540 immun-

483 5553 636 5617 ditia,
667 5555 896 5623 luxuria,
927 5563 1185 5616 idolorum
1222 5568 1473 5630 servitus,
1506 5571 1783 5637 veneﬁcia,
1817 5577 2046 5631 inimici-

487 5641 604 5704 tiae,
631 5650 1031 5716 contentiones,-
1064 5654 1462 5726 acmtilationcs,
1491 5661 1610 5728 ira),
1642 5665 1800 5730 rixar,
1834 5669 2048 5724 dissen-

2170 1890 2273 1929 nec
2294 1877 2553 1945 praevales
2575 1879 2807 1945 dilectm,
2834 1897 2952 1950 quas
2978 1883 3100 1938 odio
3128 1885 3372 1940 habenda
3401 1898 3505 1954 est,
3536 1893 3743 1962 repudii

2171 1967 2411 2034 prtebere
2452 1968 2721 2036 libellum;
2753 1969 2838 2026 fac
2879 1972 3071 2027 saltem
3110 1983 3169 2028 ut
3211 1977 3426 2039 odiosa,
3457 1995 3576 2048 quae
3617 1983 3742 2037 totis

2170 2056 2372 2110 viribus
2399 2058 2775 2126 amplectenda
2805 2069 2908 2128 est,
2953 2062 3008 2117 in
3041 2063 3202 2119 domo
3239 2067 3416 2122 cordis
3461 2070 3536 2123 tui
3574 2071 3746 2140 digni-

2176 2148 2304 2202 tatis
2328 2148 2570 2203 obtineat
2589 2152 2970 2222 principatum.
3003 2155 3095 2208 llla
3127 2171 3272 2220 vero,
3305 2173 3424 2227 quae
3445 2177 3588 2217 nunc
3608 2165 3746 2220 male

2170 2239 2436 2308 diligitur,
2485 2241 2671 2295 tandiu
2715 2243 3068 2299 novissimum
3117 2255 3295 2301 teneat
3334 2247 3544 2316 locum,
3575 2251 3745 2310 donec

2170 2327 2426 2382 fteditatis
2455 2345 2564 2384 sua:
2596 2332 2794 2385 merito
2817 2334 3018 2387 sensim
3059 2335 3246 2390 veniat
3267 2336 3318 2389 in
3345 2338 3642 2406 fastidium,
3678 2344 3744 2397 de

2169 2417 2382 2473 fastidio
2412 2420 2649 2475 funditus
2693 2431 2937 2476 vertatur
2983 2424 3038 2477 in
3083 2426 3287 2481 oditnn.
3335 2428 3504 2484 Filius
3543 2431 3744 2487 odiosa

2171 2511 2262 2564 tibi
2309 2512 2380 2565 sit
2405 2512 2814 2584 primogenitus,
2843 2516 2999 2584 eique
3043 2517 3320 2574 deferatur
3359 2521 3676 2593 obsequium
3702 2539 3734 2578 a

2169 2611 2486 2654 creterorum
2537 2603 2878 2659 multitudine
2925 2606 3238 2664 liberorum.
3289 2610 3425 2668 lliuc
3467 2624 3550 2669 est
3594 2618 3738 2689 quod

2167 2689 2329 2744 Josue
2386 2691 2644 2747 subversa
2693 2692 2910 2750 Jericho
2969 2698 3292 2767 imprecatus
3338 2713 3463 2770 est,
3509 2706 3738 2762 dicens:

2171 2796 2193 2830 ι
2236 2779 2552 2835 Maledictus
2581 2783 2666 2835 vir
2703 2800 2886 2838 coram
2936 2786 3182 2854 Domino,
3231 2793 3319 2859 qui
3370 2794 3739 2862 suscitaverit,

2166 2878 2216 2924 et
2248 2871 2594 2926 aidiﬁcaverit
2614 2874 2885 2930 civitatem
2909 2877 3144 2945 Jericho,
3178 2882 3228 2934 in
3258 2884 3615 2954 primogenito
3642 2903 3741 2943 suo

2166 2959 2512 3016 fundamenta
2557 2963 2701 3018 illius
2732 2965 2949 3034 jaceat,
2999 2977 3055 3022 et
3101 2971 3398 3027 novissimo
3449 2974 3740 3031 liberorum

2167 3059 2330 3118 ponat
2353 3061 2537 3120 portas
2563 3053 2678 3122 ejus
2709 3054 2844 3125 (los.
2879 3055 2977 3126 vt).
3017 3077 3033 3108 ι
3068 3058 3199 3112 Nam
3229 3061 3352 3128 quia
3379 3078 3473 3131 per
3500 3062 3740 3130 Jcricho,

2170 3155 2289 3210 quae
2327 3141 2379 3194 in
2404 3141 2582 3195 lunam
2615 3146 2862 3210 vertitur,
2903 3148 3017 3202 ιιωο
3044 3148 3151 3202 vita
3200 3151 3466 3220 signatur,
3498 3153 3584 3208 ille
3612 3155 3745 3208 (ivi-

2164 3241 2332 3304 tatern
2351 3231 2567 3289 Jericho
2598 3236 2651 3289 in
2675 3237 3034 3308 primogenito
3063 3255 3163 3296 suo
3191 3243 3436 3306 suscitat,
3463 3245 3555 3313 qui
3600 3245 3742 3300 bona

2161 3323 2446 3392 prazsentis
2474 3325 2596 3378 vitae
2636 3325 3012 3396 principaliter
3059 3338 3226 3384 amat.
3275 3331 3342 3385 Et
3369 3333 3494 3402 quia
3528 3334 3742 3390 Veritas

2163 3412 2216 3465 in
2249 3413 2540 3484 Evangelio
2579 3415 2859 3484 praecipit:
2899 3435 2918 3468 ι
2953 3416 3192 3472 Primum
3239 3421 3466 3489 quaarite
3516 3439 3740 3490 regnum

2164 3505 2257 3560 Dei
2284 3544 2298 3572 ,
2329 3515 2384 3560 et
2413 3505 2580 3577 883
2612 3508 2724 3562 [nec
2763 3510 2942 3564 omnia
2971 3510 3292 3581 adjicientur
3336 3513 3488 3568 vobis
3523 3513 3738 3585 (Matth.

2160 3597 2268 3668 vr);
2311 3616 2330 3649 ι
2378 3600 2570 3653 merito
2620 3599 2994 3657 rnaledictione
3043 3604 3330 3659 damnatur
3385 3608 3629 3676 quisquis
3668 3606 3737 3660 ab

2162 3690 2262 3744 hoc
2290 3701 2555 3760 praecepto
2587 3692 2859 3748 declinare
2896 3696 3266 3764 convincitur,
3309 3700 3569 3770 pr0pheta
3595 3708 3736 3755 atte-

2161 3790 2339 3835 stante
2364 3822 2378 3843 ,
2417 3783 2508 3851 qui
2539 3784 2617 3839 ait
2657 3801 2670 3837 :
2719 3804 2737 3836 ι
2772 3785 3038 3843 Maledicti
3087 3790 3178 3860 qui
3213 3790 3484 3846 declinant
3510 3807 3539 3845 a
3587 3807 3737 3846 mau—

2161 3870 2298 3924 datis
2327 3871 2431 3926 tuis
2472 3871 2643 3943 (Psal.
2671 3875 2882 3946 cxvut).
2920 3896 2939 3928 ι
2975 3870 3046 3931 At
3088 3889 3298 3945 contra,
3329 3881 3417 3936 ille
3443 3890 3623 3950 portas
3647 3879 3738 3936 Je-

2160 3963 2314 4016 richo
2363 3963 2513 4031 ponit
2556 3964 2608 4016 in
2657 3967 2950 4022 novissimo
2985 3968 3294 4035 liberorum,
3327 3970 3527 4038 quisic
3569 3970 3736 4023 utitur

2162 4054 2542 4123 temporalibus
2567 4055 2744 4121 bouis,
2767 4066 2825 4111 ut
2840 4058 2954 4112 htec
2975 4075 3078 4113 non
3099 4075 3220 4115 cum
3243 4077 3426 4116 amore
3445 4063 3734 4131 possideat,

2158 4143 2251 4197 sed
2296 4143 2362 4196 ad
2405 4143 2641 4198 caalestis
2689 4145 2872 4214 gloria:
2908 4155 3186 4218 pracrnlum
3243 4152 3551 4208 medullitus
3593 4155 3737 4208 inar-

2159 4235 2362 4289 descat.
2396 4236 2498 4302 Qui
2530 4237 2842 4293 coelestibus
2871 4240 2922 4293 in
2968 4257 3154 4297 amore
3174 4259 3272 4298 suo
3299 4253 3509 4298 terrena
3541 4262 3737 4317 suppo—

2159 4326 2258 4391 nit,
2293 4328 2604 4408 transitoria
2637 4330 3000 4400 ﬁoceipendit.
3048 4333 3157 4389 lloc
3200 4336 3382 4406 itaque
3421 4337 3644 4402 faciens,
3673 4348 3738 4404 ,οι

2093 4429 2138 4486 ι)
2165 4418 2364 4471 odiosce
2409 4421 2593 4474 uxoris
2637 4422 2825 4488 ﬁlium,
2867 4423 3021 4492 juxta
3069 4429 3317 4482 mandata
3362 4429 3526 4499 legis,
3574 4428 3738 4485 edicit

2160 4507 2597 4576 primogenitum,
2620 4523 2672 4566 et
2695 4515 2984 4568 secundum
3007 4514 3168 4571 Iosue
3189 4520 3530 4585 sententiam,
3552 4531 3736 4590 portas

2158 4592 2372 4649 Jericho
2396 4597 2446 4649 in
2476 4600 2769 4654 novissimo
2799 4604 3020 4657 suscitat
3044 4603 3352 4660 liberorum.
3379 4608 3494 4675 Quo
3515 4619 3733 4674 contra,

2157 4682 2287 4736 Cain
2321 4684 2373 4737 itt
2419 4688 2773 4758 prixnogcnito
2806 4708 2901 4745 suo
2944 4692 3161 4749 llenoch
3193 4699 3430 4752 condidit
3458 4699 3732 4756 civitatem

2157 4773 2309 4844 (Gen.
2345 4780 2438 4847 tv),
2471 4781 2596 4846 quia
2630 4782 2860 4836 futuram
2892 4799 2996 4836 non
3028 4788 3277 4854 sperabat
3318 4788 3685 4846 hasreditatem
3712 4807 3730 4852 ;

2158 4873 2213 4919 et
2241 4867 2366 4934 quia
2401 4882 2458 4921 se
2489 4871 2642 4937 quasi
2669 4872 2720 4924 in
2751 4871 2968 4928 Jericho
2995 4877 3153 4946 hujus
3180 4877 3356 4931 szeculi
3390 4893 3735 4947 prmpmpere

2159 4955 2445 5022 dedicavit,
2479 4960 2705 5030 elogium
2752 4975 3023 5033 perpetua:
3050 4967 3438 5021 maledictionis
3479 4969 3731 5023 incurrit.

2161 5043 2309 5100 Unde
2330 5049 2587 5116 scriptum
2616 5061 2699 5105 est
2727 5069 2740 5105 :
2771 5071 2789 5103 ι
2825 5052 3140 5121 Ηεειιθάίιαε,
3167 5058 3232 5110 ad
3257 5072 3416 5125 quam
3445 5055 3735 5112 festinatur

2154 5134 2209 5187 in
2265 5138 2566 5206 principio,
2628 5143 2679 5195 iu
2735 5146 3029 5201 novissimo
3090 5148 3462 5203 benedictione
3523 5150 3736 5204 carebit

2154 5223 2335 5294 (Prov.
2363 5227 2478 5293 xx).
2500 5245 2518 5278 ι

2227 5317 2302 5369 Tu
2352 5319 2562 5387 itaque,
2596 5321 2963 5391 dilectissime,
3013 5328 3058 5382 si
3088 5330 3312 5383 necdum
3359 5330 3526 5385 solius
3569 5332 3732 5401 spiri~

2156 5404 2312 5460 tualis
2344 5409 2484 5474 vitae,
2533 5410 2676 5464 velut
2724 5416 2881 5468 unius
2928 5419 3110 5472 uxoris
3143 5419 3378 5483 thalami,
3426 5420 3573 5476 vales
3607 5437 3730 5476 esse

2153 5505 2458 5562 contentus,
2487 5501 2580 5554 sed
2609 5503 2780 5556 adhuc
2807 5504 2946 5559 maie
2985 5506 3309 5561 blandientis
3340 5517 3566 5563 terrena:
3591 5525 3728 5564 con-

2153 5588 2473 5641 versationis
2501 5589 2746 5646 illccchra
2770 5596 2967 5648 teneris
2989 5597 3266 5661 astrictus,
3293 5599 3343 5651 in
3368 5600 3526 5653 domo
3546 5601 3728 5656 cordis

2155 5678 2251 5746 tui,
2292 5688 2544 5747 tanquam
2576 5683 2982 5753 pritnogcttitus,
3015 5703 3164 5740 amor
3191 5697 3404 5742 sclerum
3431 5690 3552 5742 vitm
3581 5705 3725 5756 prse-
