4054 6184
406 243 508 294 857

1176 239 1413 296 OPUSC.
1449 239 1580 294 LIX.
1615 271 1680 280 -
1720 241 1806 294 DE
1849 239 2232 294 NO‘c’lSSlMiS
2277 237 2362 294 ET
2405 241 2862 318 AN'I‘iClllilSTO

3535 257 3640 316 838

406 355 566 408 cella:
597 369 610 406 :
641 361 696 406 et
726 361 978 421 tanquam
1009 369 1208 423 suppar
1233 367 1395 424 atque
1422 371 1666 424 repressa
1710 365 1973 424 tempora-
2004 362 2048 418 Α
2078 367 2238 425 atque
2266 358 2546 412 volaticam
2589 361 2782 416 exhibe
2829 351 3134 428 curam;'in
3166 366 3266 422 hac
3297 381 3648 436 perseveran-

405 449 532 498 tium
567 460 744 498 rerum
775 461 902 498 cura
938 445 1107 516 884
1135 447 1456 500 subserviat.
1477 447 1630 500 Sicut
1659 448 1708 500 in
1735 446 1974 500 Canticis

403 534 626 602 legitur:
657 552 674 584 ι
709 533 862 587 Lana
885 535 1001 603 ejus
1021 537 1119 588 sub
1142 537 1316 604 capite
1340 552 1481 598 meo,
1513 538 1800 590 etdextera
1833 535 1975 589 illius

398 623 800 692 enipiexabitur
828 638 912 676 me
938 621 1122 689 (Cant.
1147 639 1181 677 ιι
1202 637 1247 677 et
1274 625 1413 692 vui).
1445 643 1464 676 ι
1493 624 1646 680 Laeva
1670 626 1872 694 quippe
1898 641 1992 682 su-

400 717 558 770 besse
572 717 732 782 capiti
753 716 970 778 dicitur,
989 731 1112 769 cum
1131 731 1368 782 praesens
1383 718 1488 772 vita
1503 733 1532 771 a
1551 727 1751 780 mente,
1769 735 1890 788 quae
1903 734 1994 774 co-

397 811 724 880 gitationum
742 818 904 873 caput
925 818 1030 866 est.
1045 809 1301 876 despecta
1319 811 1578 866 calcatur.
1598 810 1844 866 Dextera:
1857 826 1990 868 vero

403 888 740 955 :nuplexihus
775 890 1075 959 stringitur,
1117 892 1206 959 qui
1239 892 1406 944 solius
1435 902 1649 946 aeterna:
1669 896 1788 947 vita:
1832 895 1972 948 desi-

403 977 566 1030 deriis
599 980 832 1046 undique
873 980 1190 1034 delectatur.
1235 981 1400 1036 Plane
1439 985 1560 1050 quia
1616 992 1668 1036 et
1714 984 1966 1038 Salomon

403 1069 512 1119 ait:
541 1084 557 1116 ι
581 1067 652 1120 Da
677 1077 880 1135 partem
905 1079 1130 1136 septem,
1156 1085 1360 1123 necnon
1379 1085 1432 1124 et
1447 1079 1572 1124 octo
1597 1070 1884 1142 (Eccle.x1)
1909 1093 1926 1124 ι
1950 1089 1964 1137 ;

403 1159 481 1210 sic
511 1165 831 1224 prmsentem
861 1159 1061 1220 vitam,
1105 1173 1224 1227 qua?
1254 1175 1348 1227 per
1377 1161 1740 1228 scptenarium
1782 1175 1970 1214 nume-

404 1259 519 1295 rum
555 1245 885 1313 designatur,
917 1259 1168 1308 excurre,
1210 1244 1399 1312 utjam
1449 1247 1500 1299 in
1545 1261 1728 1300 amore
1757 1246 1970 1312 futurae,

401 1348 520 1398 qua:
543 1349 636 1399 per
656 1335 992 1388 octonarium
1021 1337 1428 1390 resurrectionis
1451 1337 1704 1404 exprimit
1727 1337 1974 1408 gloriam,

405 1422 528 1474 totis
557 1425 772 1477 studeas
803 1425 1098 1479 visceribus
1144 1425 1406 1480 habitare.
1433 1427 1508 1480 llli
1551 1427 1971 1495 perfunctorian'n

2085 456 2190 501 tem
2231 459 2394 516 atque
2426 459 2758 517 perpetuam,
2792 452 2930 505 sicut
2959 463 3156 508 {eterna
3205 468 3319 520 est,
3366 459 3646 517 indeﬁcuat

2080 535 2382 590 dilectionis
2407 538 2505 608 ﬁge
2527 539 2866 592 sententiam.
2889 540 3058 594 Porro
3083 545 3221 610 quod
3249 546 3312 600 de
3339 549 3648 606 transitoria

2079 625 2185 677 vita
2233 626 2488 690 dicimus,
2523 628 2622 681 hoc
2657 637 2710 682 et
2754 629 2820 684 de
2862 631 3118 686 exteriori
3147 635 3429 702 prudentia
3459 653 3649 695 conse-

2077 722 2302 780 quenter
2343 716 2694 772 admonemus
2724 735 2737 770 :
2767 721 3017 776 nimirum
3069 736 3125 778 ut
3171 725 3220 776 in
3254 726 3432 781 animo
3471 738 3562 784 tuo
3589 736 3648 784 et

2080 801 2385 871 temporalis
2413 805 2536 868 vita,
2563 815 2614 860 et
2644 807 3186 872 scientiasa‘cularis,
3212 819 3464 882 tanquam
3499 830 3648 870 n'eno

2079 889 2149 942 tis
2178 890 2326 943 calce
2373 891 2646 958 depressa,
2687 895 2947 949 subsidat.
2996 897 3162 952 Amor
3206 909 3386 954 autem
3431 913 3646 958 sternte

2075 975 2218 1039 vitae,
2241 987 2295 1030 et
2317 979 2613 1045 spiritualis
2634 983 2867 1036 studium
2888 986 3340 1054 sapientia},velttt
3362 991 3413 1043 'm
3435 1007 3642 1048 summa

2075 1069 2254 1122 cordis
2285 1070 2356 1122 tui
2386 1073 2714 1128 constitutus
2737 1089 2862 1129 arce
2889 1077 3190 1145 prmccllat;
3228 1089 3494 1148 quatenus
3522 1083 3644 1136 dum

2075 1154 2314 1225 fragilem
2343 1159 2480 1213 hanc
2507 1161 2669 1215 vitam
2701 1179 2822 1218 cum
2850 1180 2944 1219 sua
2971 1167 3236 1236 sapientia
3277 1170 3528 1239 despicis,
3553 1187 3645 1224 re-

2073 1248 2203 1315 pleri
2229 1250 2408 1304 divino
2433 1251 2657 1319 Spiritu,
2682 1255 2770 1322 qui
2801 1257 2864 1309 ad
2891 1265 3146 1312 aeternam
3173 1269 3224 1314 te
3249 1271 3504 1331 provocet
3533 1261 3650 1332 glo-

2075 1341 2235 1406 riam,
2269 1341 2408 1397 felici
2437 1344 2809 1400 vicissitudine
2836 1349 3122 1403 merearis.

2409 1431 2489 1486 Sit
2517 1451 2698 1488 nomen
2721 1435 2932 1489 Domini
2958 1438 3297 1494 benedictum.

427 1629 3621 1664 .._____._______________._______.__H____________,

485 1784 844 1854 εδδ-εδδ
903 1801 1677 1906 OPUSCULUM
1753 1797 2944 1922 QUINQUAGESIMUM
3018 1807 3520 1913 NONUM.

1345 2011 1452 2072 DE
1493 2006 1942 2068 NOVISSlMlb
1983 2005 2084 2064 ET
2124 2003 2683 2066 ANTICHRISTO.

399 2259 804 2313 Ancuusurutu.
829 2284 895 2294 —-
925 2253 1172 2308 Ostendit
1195 2252 1370 2321 primo
1393 2252 1600 2306 didicile
1625 2267 1743 2307 esse
1771 2233 1936 2322 loqui"
1949 2253 2013 2306 de
2037 2250 2202 2322 rebus?
2223 2248 2563 2322 novissimis;
2596 2247 2787 2304 deinde
2819 2251 2998 2306 utilem
3028 2267 3148 2308 esse
3195 2266 3380 2309 earnm
3411 2256 3640 2311 medita-

477 2330 676 2380 tionem
707 2327 770 2395 ad
805 2338 890 2376 res
914 2325 1172 2376 humanas
1197 2319 1604 2395 despiciendas;
1633 2323 1801 2395 tertio
1827 2319 2066 2395 disputat
2087 2322 2152 2372 de
2181 2319 2498 2395 Antichristi
2529 2333 2696 2387 regno
2719 2327 2775 2372 et
2813 2328 3020 2386 morte;
3057 2321 3289 2392 denique
3319 2325 3384 2380 de
3414 2325 3642 2395 quinde-

469 2397 576 2448 cim
609 2394 796 2462 signis,
829 2409 948 2462 qua:
971 2407 1034 2446 ex
1063 2400 1248 2445 sancto
1279 2392 1596 2460 llicrouymo
1627 2393 1763 2445 diem
1785 2391 1967 2458 judicii
1995 2390 2318 2458 prmeedeut.

471 2526 672 2580 Dilecto
725 2521 876 2575 fratri
937 2521 1068 2574 Ana:
1118 2520 1330 2574 Psrnus
1372 2527 1619 2589 peccator
1667 2519 1960 2600 monachus
1991 2515 2200 2584 Bjora,
2255 2515 2358 2569 ista
2408 2515 2516 2570 sint
2563 2514 3052 2584 incomparabiliter
3123 2519 3365 2576 minima.
3405 2521 3640 2592 Ideoque

401 2614 620 2670 humilis
647 2614 698 2666 iu
731 2611 956 2664 Domino
981 2609 1228 2662 salutem.

920 2697 1145 2762 CAPUT
1186 2695 1474 2752 PRIMUM.

647 2793 722 2847 De
743 2791 891 2846 rebus
923 2789 1212 2842 novissimis
1240 2789 1379 2858 loqui
1411 2786 1617 2857 diiﬁcile
1652 2797 1745 2840 est.

468 2886 618 2953 Quod
649 2899 754 2948 me,
783 2883 944 2936 frater
967 2881 1300 2944 charissime,
1325 2880 1452 2949 quid
1471 2888 1593 2933 ante
1608 2879 1788 2935 mundi
1821 2893 1970 2934 crea-

401 2981 598 3032 tionem
627 2975 806 3038 fuerit,
845 2973 970 3041 quid
987 2971 1384 3041 postjudicium
1411 2971 1476 3024 de
1507 2971 1702 3026 mundo
1729 2971 1968 3024 futurum

399 3068 488 3130 sit,
522 3065 764 3128 discutis,
788 3063 980 3130 deipso
1002 3075 1214 3130 quoque
1233 3059 1438 3128 judicio
1466 3059 1692 3114 solerter
1717 3061 1966 3128 inquiris,

401 3155 682 3226 tuquidem
720 3153 981 3220 religiose,
1008 3162 1062 3206 et
1089 3149 1380 3219 prudenter
1409 3149 1554 3216 agis;
1579 3163 1764 3202 verum
1797 3164 1882 3203 me
1905 3150 1971 3204 ad

401 3247 669 3315 incognita
696 3243 959 3313 pertrahis
982 3251 1036 3294 et
1081 3257 1198 3310 qum
1245 3241 1468 3294 needmn
1517 3239 1724 3303 didici,
1779 3241 1972 3294 docere

403 3337 700 3406 compellis.
757 3335 964 3402 Quaeris
985 3333 1138 3402 plane
1183 3331 1322 3400 quod
1361 3330 1582 3390 nescio;
1635 3330 1804 3400 exigis
1829 3329 1972 3398 quod

403 3431 611 3498 ignoro.
669 3427 797 3480 Nam
826 3436 879 3478 et
905 3425 1072 3479 Isaias
1101 3424 1212 3477 ait:
1242 3409 1432 3476 Priora
1473 3422 1790 3476 annuntiate
1816 3421 1968 3486 mihi,

399 3531 452 3572 et
481 3518 770 3572 novissima
797 3531 914 3584 quae
959 3513 1134 3566 futura
1191 3522 1317 3566 sunt
1345 3550 1360 3574 ,
1409 3521 1466 3564 et
1519 3511 1693 3564 dicam
1745 3511 1868 3578 quia
1899 3509 1969 3564 dii

398 3608 530 3662 estis
602 3605 734 3676 (Isa.
777 3605 924 3672 su);
955 3611 1142 3670 aperte
1170 3601 1352 3656 volens
1372 3601 1674 3671 exprimere
1702 3599 1973 3656 neminem

401 3712 554 3768 posse
581 3697 710 3766 quid
735 3703 861 3749 ante
889 3693 1146 3748 mundum
1176 3691 1358 3756 fuerit,
1385 3691 1466 3746 vel
1491 3699 1613 3760 post
1659 3706 1780 3745 eum
1830 3689 1970 3744 futu-

399 3803 518 3842 rum
573 3787 664 3850 sit,
715 3799 989 3840 enarrare.
1049 3782 1402 3836 Fructuosum
1433 3790 1515 3835 est
1543 3789 1726 3836 tamen
1751 3779 1972 3849 inquiri,

2069 2605 2278 2659 facilius
2307 2606 2608 2680 comparari
2632 2615 2854 2674 possunt
2909 2607 3060 2662 ﬁnita
3113 2608 3298 2676 ﬁnitis,
3352 2626 3512 2680 quam
3571 2629 3637 2668 ca

2070 2707 2188 2761 qua:
2236 2693 2398 2748 ﬁnem
2430 2673 2647 2748 habent
2677 2695 2742 2749 iis
2765 2711 2882 2764 quae
2911 2696 3055 2751 nullo
3081 2673 3305 2766 possunt
3357 2673 3464 2754 ﬁne
3507 2716 3638 2757 con-

2069 2783 2235 2837 cludi.
2269 2783 2404 2837 Nam
2436 2785 2570 2855 quia
2587 2786 2728 2840 Deus
2750 2795 2831 2840 est
2877 2786 3036 2856 alpha
3086 2796 3140 2841 et
3174 2802 3386 2859 omega,
3436 2789 3638 2859 princi-

2069 2873 2214 2941 pium
2233 2873 2432 2927 etﬁnis
2465 2874 2646 2943 (Apoc.
2675 2875 2830 2946 xm),
2872 2877 3013 2931 sicut
3054 2877 3172 2932 sine
3219 2878 3378 2934 initio
3426 2896 3640 2952 semper

2069 2963 2294 3028 exstitit,
2329 2966 2404 3018 ita
2435 2965 2594 3020 ﬁnem
2621 2967 2819 3022 habere
2841 2983 2945 3022 non
2959 2970 3180 3038 poterit.
3209 2969 3438 3026 Mundus
3461 2982 3640 3029 autem

2071 3056 2171 3112 iste
2200 3057 2266 3110 ab
2296 3057 2412 3125 ipso
2441 3071 2554 3111 suae
2572 3049 2860 3112 creatiOnis
2882 3061 3121 3126 exordio,
3162 3075 3262 3116 nec
3283 3063 3408 3118 dum
3437 3073 3642 3133 septem

2071 3147 2232 3201 millia
2257 3163 2522 3201 annorum
2554 3147 2804 3216 implesse
2829 3152 3202 3219 cognoscitur.
3231 3151 3298 3206 Et
3339 3153 3458 3222 quis
3501 3155 3642 3209 sciat

2070 3257 2236 3311 quam
2259 3241 2424 3296 breve
2453 3239 2694 3295 futurum
2746 3241 2817 3296 sit
2860 3243 3119 3311 temporis
3165 3246 3416 3314 spatium,
3472 3261 3642 3317 usque

2070 3344 2176 3399 quo
2211 3329 2352 3384 Deus
2373 3330 2713 3400 iudicaturus
2735 3337 2818 3385 est
2847 3333 3140 3388 mundum?
3187 3334 3462 3401 Quomodo
3511 3351 3640 3408 ergo

2068 3419 2367 3487 comparari
2391 3427 2612 3488 possunt
2632 3429 2835 3488 septem
2865 3421 3056 3487 millia,
3107 3423 3191 3477 vel
3239 3425 3402 3480 etiam
3446 3427 3638 3481 decem

2069 3508 2231 3562 millia
2282 3523 2565 3576 annorum,
2597 3510 2978 3567 interminabili
3025 3511 3322 3570 divinitatis
3369 3515 3637 3581 essentne,

2070 3612 2188 3667 qua:
2223 3612 2322 3652 nec
2343 3597 2602 3668 originem
2631 3599 2806 3669 potuit
2833 3600 3054 3669 habere,
3084 3617 3184 3658 nec
3205 3604 3402 3658 ﬁnem?

2695 3691 2924 3747 CAPUT
2959 3692 3021 3746 ll.

2359 3780 2411 3834 Ν
2415 3781 2656 3836 ouisaima
2685 3782 2930 3836 meditari
2945 3801 3104 3853 quam
3118 3784 3246 3838 utile
3270 3785 3356 3839 sit.

401 3880 528 3934 licet
553 3894 638 3932 res
669 3877 910 3931 absolute
933 3883 1166 3944 nequeat
1191 3873 1471 3942 explicari.
1499 3871 1744 3926 Humana
1772 3871 1969 3940 quippe
1995 3876 2040 3938 C
2140 3870 2275 3926 Cum
2309 3873 2421 3927 haec
2453 3873 2616 3943 igitur
2657 3881 2712 3927 et
2766 3873 3071 3943 hujusmodi
3124 3875 3366 3945 pervigili
3415 3877 3639 3930 medita-

405 3987 558 4026 mens
583 3968 884 4038 hujusmodi
910 3975 1114 4020 natura:
1135 3973 1236 4029 est,
1259 3973 1318 4017 ut
1339 3961 1754 4032 cogitationibus
1779 3975 1973 4014 vacare

401 4077 505 4114 non
529 4059 729 4128 possit;
775 4067 866 4111 aut
885 4057 1026 4111 enim
1051 4070 1108 4110 se
1134 4063 1352 4109 exercet
1393 4053 1448 4107 in
1485 4053 1662 4126 ser-iis,
1688 4060 1782 4106 aut
1831 4051 1976 4106 dele-

400 4159 576 4204 ctatur
611 4150 664 4202 in
695 4149 884 4204 vanis:
924 4156 978 4200 et
1014 4146 1184 4200 donec
1229 4145 1380 4198 utilia
1421 4143 1732 4206 meditatur,
1775 4142 1842 4196 ab
1890 4141 1973 4195 in—

400 4253 704 4312 gruentium
782 4248 1138 4292 tentauonum
1165 4236 1462 4305 irruptione
1490 4232 1810 4288 defenditur.
1863 4231 1974 4288 Nec

400 4334 638 4402 pravitas
663 4332 826 4386 habet
847 4329 1160 4384 susurrandi
1200 4328 1396 4392 locum,
1444 4325 1534 4380 ubi
1580 4340 1729 4379 mens
1757 4323 1972 4378 utilibus

402 4423 564 4476 rebus
587 4423 788 4476 intenta
812 4421 1056 4474 strictum
1087 4427 1233 4472 tenet
1281 4432 1400 4473 cum
1438 4415 1616 4470 sobria
1648 4415 1974 4485 cogitatione

401 4512 704 4566 consilium.
737 4510 904 4579 Igitur
949 4523 1126 4578 opera:
1163 4507 1394 4575 pretium
1428 4514 1510 4559 est
1556 4513 1610 4558 et
1665 4505 1795 4557 satis
1845 4501 1974 4558 utile

401 4603 830 4672 cogitat-equam
863 4600 1025 4652 breve
1055 4597 1124 4650 sit
1162 4597 1393 4664 spatium
1443 4593 1738 4646 transitorii
1771 4601 1973 4661 tempo-

401 4692 478 4744 ris
522 4689 590 4743 ad
635 4696 1092 4754 comparationem
1153 4683 1270 4751 ejus
1330 4681 1532 4752 jugiter
1585 4681 1970 4751 permanentis.

403 4779 536 4834 Nam
566 4778 610 4832 si
648 4773 894 4829 conferre
921 4757 1050 4826 illud
1075 4772 1319 4825 volumus
1351 4771 1625 4826 immensa:
1651 4769 1974 4838 magnitudi-

405 4874 486 4926 nis
513 4871 742 4940 spatium
766 4881 872 4936 quo
909 4865 1048 4918 Deus
1065 4863 1271 4917 exstitit
1291 4870 1414 4915 ante
1443 4861 1626 4915 mundi
1676 4861 1836 4929 hujus
1865 4861 1976 4914 ori-

403 4964 600 5032 ginem,
634 4957 762 5012 illud
778 4969 1011 5024 quoque,
1036 4954 1178 5022 quod
1208 4959 1330 5021 post
1367 4950 1606 5016 ejusdem
1639 4949 1820 5004 mundi
1845 4963 1968 5017 per-

407 5064 722 5106 mansurum
756 5053 842 5102 cst
895 5045 1078 5108 ﬁnem,
1134 5056 1256 5095 cum
1317 5041 1417 5093 hoc
1461 5037 1668 5093 tantillo
1711 5047 1973 5107 tempore,

407 5147 550 5216 quod
574 5153 656 5199 est
677 5144 744 5198 ab
771 5142 929 5196 initio
971 5138 1154 5192 mundi
1202 5149 1374 5204 usque
1430 5135 1500 5189 ad
1559 5133 1718 5188 ﬁnem
1767 5134 1972 5198 mundi,

2075 3965 2217 4021 tione
2244 3967 2582 4030 discutimus,
2604 3967 2730 4020 dum
2758 3967 2873 4021 haec
2887 3966 3210 4036 simpliciter
3230 3968 3284 4023 in
3314 3967 3639 4034 cogitatione

2070 4073 2370 4121 versamus,
2397 4073 2502 4111 non
2521 4071 2722 4124 parvus
2755 4065 2953 4110 nostra:
2977 4054 3173 4110 mentis
3227 4053 3500 4126 profectus
3544 4071 3637 4110 ac-

2072 4147 2334 4216 quiritur;
2359 4147 2486 4216 quia
2503 4147 2628 4199 dum
2661 4145 2953 4200 meditatur
2997 4153 3196 4200 teterna
3226 4185 3242 4210 ,
3282 4145 3484 4216 liquido
3513 4161 3641 4202 con-

2072 4238 2230 4308 spicit
2268 4252 2428 4305 quam
2461 4235 2802 4304 despicienda
2845 4235 2955 4288 sint
2999 4235 3334 4306 temporalia.
3366 4236 3504 4292 Dum
3536 4238 3637 4310 igi-

2073 4338 2160 4384 tur
2187 4344 2339 4409 mens
2374 4328 2655 4383 rationalis
2681 4328 2796 4383 haec
2824 4329 3044 4398 cogitat,
3098 4330 3314 4384 additur
3338 4331 3526 4398 .etiam
3580 4339 3642 4386 ut

2071 4423 2417 4490 semetipsam
2445 4437 2550 4476 non
2579 4436 2702 4476 cum
2731 4429 2969 4490 tempore
3005 4423 3375 4490 transituram,
3405 4425 3502 4480 sed
3524 4425 3640 4481 sine

2073 4511 2180 4565 ﬁne
2211 4512 2474 4566 victuram
2511 4525 2629 4566 esse
2656 4513 2964 4582 perpendat.
2993 4511 3309 4568 Considerat.
3347 4515 3530 4584 itaque
3583 4530 3642 4571 se

2073 4601 2378 4671 hujusmodi
2424 4616 2544 4655 esse
2571 4609 2800 4666 naturae,
2837 4609 2897 4654 ut
2917 4603 3221 4656 necessario
3262 4611 3353 4656 aut
3372 4606 3644 4674 perpetuis

2071 4691 2308 4763 potiatur
2341 4690 2596 4760 praemiis,
2625 4699 2718 4743 aut
2744 4689 3018 4759 suppliciis
3067 4692 3345 4746 crucietur
3390 4696 3630 4749 aeternis.

2073 4781 2198 4837 Haec
2239 4781 2418 4848 itaque
2460 4777 2640 4833 sedula
2696 4779 3043 4832 meditatione
3089 4778 3392 4844 discutere,
3447 4784 3540 4835 sed
3587 4793 3642 4836 et

2075 4872 2212 4925 diem
2249 4867 2438 4940 judicii
2485 4866 2712 4921 sollicite
2752 4880 3062 4935 prateavere
3091 4906 3107 4932 ,
3169 4881 3277 4922 non
3317 4881 3514 4938 parvus
3560 4879 3644 4925 est

2075 4959 2282 5016 fructus
2311 4975 2322 5010 :
2361 4957 2414 5010 in
2438 4970 2545 5026 quo
2567 4953 2814 5009 videlicet
2834 4953 2920 5009 die
2940 4953 3026 5009 cui
3077 4953 3244 5010 semel
3268 4955 3404 5011 bene
3430 4971 3643 5011 succes-

2075 5047 2231 5112 serit,
2257 5045 2396 5099 ultra
2423 5059 2530 5098 non
2553 5049 2798 5106 corruet;
2829 5049 2884 5096 et
2912 5043 2997 5096 cui
3029 5057 3088 5098 se
3126 5057 3214 5097 res
3263 5043 3318 5098 in
3367 5039 3642 5099 sinistram

2077 5135 2319 5202 verterit,
2351 5135 2418 5189 de
2437 5142 2630 5188 caetero
2647 5147 2756 5189 non
2793 5141 3099 5204 consurget.
3127 5132 3278 5199 Quod
3333 5134 3522 5202 itaque
3578 5134 3646 5190 de

409 5213 582 5290 minor
609 5243 692 5289 est
719 5235 834 5288 hac
864 5227 1216 5299 comparatio,
1239 5241 1400 5296 quam
1447 5225 1492 5279 si
1525 5223 1780 5293 pugillum
1821 5238 1974 5292 aquae
2001 5213 2052 5272 D
2077 5226 2162 5280 die
2179 5223 2366 5294 judicii
2392 5223 2588 5293 quaeris
2613 5231 2668 5278 et
2703 5221 3057 5287 Antichristo,
3114 5221 3228 5292 lege
3253 5221 3448 5278 librum
3499 5222 3644 5276 beati

409 5327 464 5379 in
493 5339 642 5378 mare
665 5321 937 5391 projicias,
971 5319 1055 5374 vel
1092 5318 1138 5372 si
1165 5331 1472 5370 mensuram
1499 5313 1666 5368 cubiti
1711 5328 1832 5367 cum
1863 5321 1972 5366 toto

410 5425 673 5470 terrarum
710 5413 882 5481 spatio
907 5409 1152 5465 conferre
1173 5406 1482 5462 contendas.
1514 5401 1648 5456 Nam
1675 5411 1730 5457 et
1750 5403 1974 5456 immen-

411 5509 552 5562 sitas
571 5505 756 5570 maris,
781 5511 834 5557 et
879 5503 1110 5571 spatium
1153 5511 1310 5553 terra:
1351 5498 1500 5550 ﬁnita
1531 5503 1678 5560 sunt,
1732 5493 1870 5548 sicut
1921 5499 1974 5546 et

415 5597 642 5668 pugil-lus
673 5610 840 5664 aqum,
866 5601 918 5646 et
955 5606 1200 5645 mensura
1227 5589 1390 5644 cubiti
1420 5605 1434 5654 ;
1466 5586 1712 5652 quamvis
1740 5583 1829 5639 illa
1865 5597 1974 5636 ma-

2080 5315 2364 5386 Augustini
2399 5316 2475 5370 De
2516 5314 2731 5369 civitate
2775 5311 2894 5378 Dei,
2933 5320 2988 5367 et
3021 5311 3418 5383 Expositionem
3473 5316 3644 5370 sancti

2081 5404 2390 5474 Hieronymi
2446 5405 2500 5457 in
2557 5401 2830 5457 Danielem
2865 5401 3182 5470 prophetam
3211 5440 3226 5464 ,
3273 5399 3646 5471 Apocalypsin:

2080 5508 2290 5564 quoque
2310 5507 2432 5547 cum
2461 5491 2864 5547 commentariis
2907 5490 3018 5544 suis
3053 5507 3066 5543 :
3123 5489 3176 5542 in
3227 5488 3420 5557 quibus
3465 5491 3650 5558 utique

2081 5581 2432 5638 su'ﬁicicntem
2454 5580 2550 5636 tibi
2573 5582 2817 5637 notitiam
2845 5579 3002 5648 hujus
3043 5579 3280 5634 materiae
3319 5581 3516 5648 poteris
3565 5581 3638 5635 in-
