4054 6184
444 262 550 331 839

904 258 962 323 s.
998 260 1202 324 PETRI
1236 262 1518 324 DAMIANI
1558 256 1707 323 ora.
1737 254 1973 323 ranas

2106 254 2147 323 ti
2187 255 2367 324 rans
2396 262 2485 321 ιιι.
2508 248 2578 308 —)
2612 252 2977 323 OPUSCULA
3012 263 3245 323 νΑιιιΑ.

3589 264 3695 327 840

430 384 647 443 ,venire.
678 381 832 439 Sicut
860 382 1001 437 enim
1032 391 1085 437 et
1104 382 1413 436 authentica
1433 382 1585 450 prius
1610 381 1889 451 Scriptura
1918 380 2012 436 de-
2041 383 2095 445 Α
2120 379 2187 434 ad
2217 379 2829 462 Blancam__scripsimus
2863 379 3193 435 comitissam
3219 354 3332 449 (29)
3386 380 3697 437 testimonia

439 477 639 547 signat,
669 485 724 530 et
744 474 1081 544 postmodum
1104 475 1491 543 superveniens
1519 475 1883 545 expositorum
1915 479 2021 546 st'y-

442 561 534 620 'us'
557 566 807 629 elucidat,
836 565 1009 619 tribus
1043 566 1199 621 annis
1222 574 1276 619 et
1311 566 1475 619 semis
1517 566 1884 620 Anticltristus
1935 578 2022 622 re-

441 656 1063 726 gnabit;etinterlectis
1091 657 1158 710 ab
1185 672 1251 710 eo
1296 656 1475 710 Enoclt
1503 666 1556 710 et
1599 657 1714 710 Elia
1778 697 1793 723 ,
1848 658 2022 727 ipsum

441 746 853 811 kn‘tichristutn,
876 756 927 799 et
959 746 1245 799 maximam
1278 747 1638 801 membrorum
1661 748 1776 818 ejus
1814 757 2022 818 partem

442 835 667 889 Michael
695 836 1053 905 archangelus
1089 836 1391 891 iuterliciet.
1439 837 1537 892 Cui
1583 854 1689 893 non
1747 836 1913 909 887
1940 845 2023 894 est

438 928 771 982 contrarium
794 928 935 996 quod
970 941 1065 997 per
1090 927 1402 1003 Apostolum
1430 929 1657 983 dicitur:
1710 949 1727 980 ι
1758 930 1893 996 Quia
1918 930 2023 984 Do-

440 1019 616 1073 minus
641 1018 798 1073 Jesus
844 1017 1093 1073 Christus
1144 1021 1430 1077 interliciet
1472 1022 1621 1076 illum
1673 1025 1862 1093 spiritu
1911 1025 2025 1081 oris

440 1111 542 1171 sui,
577 1120 631 1165 et
661 1115 902 1166 destruet
933 1112 1292 1167 illustratione
1320 1114 1580 1170 adventus
1608 1117 1688 1170 sui
1714 1115 1799 1188 (II
1831 1116 2017 1172 Thess.

440 1202 522 1271 ιι).
565 1222 583 1253 ι
627 1201 759 1256 Nam
786 1204 898 1257 sive
934 1220 1031 1274 per
1060 1220 1140 1269 se,
1166 1205 1277 1260 sive
1302 1220 1398 1275 per
1446 1208 1743 1277 angelicum
1774 1210 2022 1265 Christus

437 1309 560 1346 eum
583 1293 812 1362 perimat
851 1295 1230 1361 ministerium,
1259 1298 1326 1351 ab
1374 1312 1438 1352 eo
1467 1299 1803 1367 potissimum
1858 1301 2024 1370 pestis

442 1385 625 1454 iniqua
658 1386 975 1455 destruitur,
1008 1386 1159 1456 cujus
1194 1390 1393 1445 virtute
1423 1407 1485 1447 ac
1532 1394 1769 1462 potentia
1801 1409 2022 1465 snpera-

442 1489 548 1534 tur.
594 1481 885 1538 Enimvero
907 1525 921 1549 ,
945 1485 1082 1539 sicut
1111 1503 1141 1540 a
1172 1486 1479 1543 doctoribus
1512 1491 1760 1556 traditur,
1789 1493 1839 1545 in
1869 1508 2024 1549 mon-

440 1580 492 1626 te
519 1571 729 1636 Oliveti,
762 1575 811 1627 in
862 1575 1130 1644 papilione
1178 1593 1241 1632 ac
1271 1579 1403 1633 solio
1441 1595 1537 1636 suo
1587 1598 1709 1636 eum
1765 1572 2023 1641 Dominus

442 1661 700 1729 perimet;
745 1664 795 1717 in
823 1664 913 1718 illo
940 1664 1188 1721 videlicet
1217 1668 1336 1723 luco
1359 1679 1547 1724 contra
1575 1685 1756 1739 quem,
1788 1674 2017 1728 videnti-

443 1753 540 1806 bus
563 1754 838 1822 apostolis,
874 1756 926 1809 in
955 1756 1150 1811 coelum
1174 1757 1342 1813 victor
1369 1761 1633 1815 ascendit.
1663 1760 1813 1815 Unde
1852 1761 2019 1818 Isaias

443 1845 517 1897 ait
549 1865 561 1897 :
597 1863 614 1895 ι
647 1845 1013 1916 Praecipitavit
1032 1846 1291 1905 Dominus
1311 1849 1366 1904 in
1387 1859 1578 1905 sancto
1606 1860 1788 1905 monte
1820 1851 2015 1907 faciem

439 1931 788 1988 dominatoris
820 1938 1183 2003 tenebrarum,
1212 1946 1266 1992 et
1288 1952 1409 1993 eum
1440 1939 1529 2007 qui
1557 1939 1864 1994 dominatur
1887 1956 2018 1996 eun-

441 2023 510 2076 tis
543 2018 751 2090 pupulis
803 2024 929 2091 (Ιεα.
944 2026 1089 2095 xxv).
1120 2043 1139 2076 ι
1170 2027 1245 2081 De
1271 2042 1378 2096 quo
1426 2044 1524 2099 per
1571 2029 1847 2085 Danielem
1881 2031 2016 2088 dici-

441 2118 565 2161 tur:
629 2128 647 2161 t
684 2108 1003 2166 Sermonem
1053 2122 1245 2169 contra
1296 2112 1577 2171 Excelsum
1642 2118 1920 2188 loquetur,
1963 2130 2018 2175 et

438 2208 652 2254 sanctos
682 2200 941 2257 Altissimi
986 2212 1266 2271 conteret;
1311 2215 1365 2261 et
1404 2208 1619 2276 putabit
1662 2210 1804 2279 quod
1848 2212 2018 2280 possit

438 2296 647 2343 mutare
678 2298 917 2361 tempora
947 2292 1195 2365 etleges;
1233 2304 1287 2350 et
1311 2297 1595 2352 tradentur
1624 2300 1676 2354 in
1706 2314 1866 2355 manu
1897 2301 2015 2371 ejus

434 2388 602 2443 usque
631 2377 696 2431 ad
729 2387 955 2447 tempus.
983 2391 1037 2435 et
1068 2390 1331 2452 tempora,
1357 2394 1411 2439 et
1455 2387 1734 2442 dimidium
1758 2392 2017 2460 temporis

433 2468 596 2535 (υιιη.
628 2469 747 2537 vn).
783 2488 799 2521 ι
853 2470 1005 2527 Unde
1063 2473 1335 2546 colligitur
1385 2477 1782 2535 Antichristum
1846 2483 2016 2542 tribus

431 2555 587 2609 annis
616 2566 670 2609 et
705 2557 926 2613 dimidio
974 2574 1345 2631 regnaturum.
1380 2563 1614 2637 Tempus
1661 2571 1803 2624 enim
1834 2586 2013 2630 anuus

428 2655 535 2707 est,
563 2655 800 2714 tempora
833 2649 936 2703 duo
967 2651 1093 2704 anni
1135 2661 1279 2707 sunt.
1322 2652 1523 2710 Tribus
1580 2657 1742 2725 igitur
1780 2662 1937 2716 annis
1961 2669 2016 2717 et

431 2734 653 2787 dimidio
685 2746 1027 2805 regnaturus,
1061 2740 1253 2795 deinde
1284 2743 1449 2797 divini
1477 2744 1675 2801 furoris
1722 2749 1898 2819 gladio
1926 2761 2013 2807 eet

432 2824 812 2891 perimendus;
846 2836 907 2880 ut
958 2836 1013 2881 et
1042 2836 1310 2899 tyrannus
1357 2834 1579 2890 omnino
1626 2837 1920 2909 dispereat,
1959 2849 2015 2896 et

435 2926 565 2970 vero
600 2915 710 2985 regi
740 2923 989 2973 creatura
1028 2933 1086 2973 se
1110 2920 1359 2979 universa
1396 2936 1727 2995 prosternat.
1783 2932 1932 2988 Unde
1961 2942 2016 2988 et

432 3000 574 3058 idem
626 3007 813 3062 Daniel
845 3025 858 3060 :
893 3026 911 3059 ι
937 3006 1204 3065 Iudicium
1230 3016 1427 3087 quippe
1466 3019 1694 3088 sedebit,
1727 3031 1784 3077 ut
1798 3026 2011 3082 aufera-

432 3100 519 3187 tur
542 3098 799 3187 potentia,
832 3107 887 3153 et
916 3109 1232 3158 conteratur
1258 3144 1274 3169 ,
1332 3116 1386 3162 et
1435 3108 1704 3179 dispereat
1756 3100 1924 3187 usque
1958 3120 2009 3176 in

431 3185 613 3240 linem.
646 3186 886 3257 Regnum
935 3200 1224 3257 autem,et
1274 3204 1538 3266 potestas,
1583 3212 1638 3257 et
1700 3185 2012 3277 magnitudo

430 3277 602 3345 regni,
627 3294 746 3348 qua:
771 3289 852 3333 est
893 3281 1081 3336 subter
1132 3297 1290 3341 omne
1340 3289 1555 3357 coelum,
1613 3294 1771 3351 detur
1817 3302 2013 3370 populo

425 3377 737 3421 sanctorum
764 3370 1042 3437 Altisslmi,
1061 3374 1213 3443 cujus
1226 3387 1311 3433 est
1334 3395 1557 3450 regnum
1580 3388 2006 3460 sempiternum;

426 3464 481 3510 ct
502 3472 689 3513 omnes
711 3469 900 3530 gentes
927 3464 1165 3520 servient
1196 3466 1267 3532 ei,
1302 3476 1465 3539 atque
1492 3472 1767 3532 obedient.
1807 3498 1826 3532 ι

1030 3574 1261 3632 CAPUT
1290 3579 1374 3635 Ill.

426 3657 470 3709 Λ
500 3669 663 3714 morte
688 3660 1040 3751 Antichristi,
1084 3668 1153 3751 rid
1199 3668 1397 3751 Christi
1442 3672 1657 3730 Domini
1706 3679 2004 3751 adventum,

915 3745 1041 3803 quot
1064 3736 1174 3790 dies
1201 3740 1509 3798 intererunt.

494 3819 663 3915 Porro
691 3833 811 3894 post
834 3837 1062 3883 mortem
1112 3830 1429 3891 Antichristi
1460 3839 1811 3913 quadraginta
1850 3846 2006 3915 quin-

421 3924 527 4008 que
571 3913 683 4008 dies
704 3923 864 3969 erunt
886 3919 1084 3974 residui
1116 3938 1287 3993 usque
1333 3926 1400 3980 ad
1438 3931 1724 3987 adventum
1779 3913 2001 4005 Christi,

423 4000 475 4051 in
504 4000 696 4094 quibus
717 4011 771 4057 et
792 4009 1096 4072 persecutio
1124 4013 1379 4081 cessabit,
1404 4025 1460 4071 et
1510 4035 1703 4092 magna
1758 4039 1884 4094 pax,
1940 4000 2004 4084 ac

423 4092 786 4183 tranquillitas
814 4097 940 4163 erit,
971 4110 1027 4154 ut
1054 4100 1194 4156 intra
1224 4104 1381 4173 hujus
1404 4113 1664 4181 temporis
1684 4092 1916 4183 spatium
1946 4127 2002 4173 et

412 4172 543 4245 justi
579 4183 798 4251 quique,
822 4186 865 4239 si
890 4189 1016 4257 quid
1050 4172 1439 4260 persecutionis
1460 4172 1688 4257 articulo
1713 4172 2001 4263 'titubave-

417 4274 562 4333 rant,
595 4273 964 4338 paenitentiam
990 4290 1169 4349 agant,
1192 4290 1247 4336 et
1276 4284 1511 4341 ministri
1538 4290 1735 4346 diaboli
1785 4295 1836 4348 in
1883 4305 1997 4351 tor-

416 4363 565 4430 poris
603 4373 764 4433 atque
788 4367 1004 4424 desidiae
1042 4377 1331 4431 securitate
1353 4381 1741 4443 dissolvantur:
1774 4390 1913 4445 sicut
1941 4393 1993 4447 in

419 4452 608 4506 diebus
642 4452 752 4509 Noe
774 4457 1112 4529 plantabunt,
1161 4474 1215 4520 et
1244 4469 1615 4540 :edil‘icabunt;
1648 4478 1995 4537 celebrabunt

418 4542 680 4636 ςφινξνίςι,
710 4550 1109 4607 etcontrahent
1152 4557 1527 4627 matrimonia;
1579 4552 1765 4636 eisque
1817 4570 1994 4629 studio

416 4627 623 4720 frivolae
649 4637 902 4692 vanitatis
936 4640 1157 4700 intentis
1194 4647 1374 4703 subito
1424 4627 1702 4720 perveniet
1744 4627 1995 4718 interitus

419 4719 631 4788 (Matth.
658 4740 819 4795 xxrv;
853 4723 981 4783 Luc.
1009 4734 1333 4804 xm).Quod
1361 4719 1539 4796 autem
1564 4747 1780 4814 quaeris,
1815 4758 1992 4805 utrum

416 4813 567 4881 prius
591 4815 675 4870 hic
698 4822 928 4876 mundus
950 4825 1158 4890 ardeat,
1187 4837 1241 4881 et
1262 4839 1382 4898 pOSt
1406 4813 1670 4900 judicium
1722 4838 1835 4903 ﬂat,
1873 4843 1992 4896 evi-

417 4903 559 4956 denti
615 4906 878 4975 majorum
933 4917 1201 4972 sententia
1248 4920 1527 4977 delinitum
1574 4935 1677 4991 est,
1724 4926 1985 4994 judicium

416 4994 742 5088 prtccedere,
770 5006 821 5051 et
846 4999 925 5054 sic
972 5005 1156 5058 mundi
1189 5008 1665 5081 conﬂagrationem
1706 5019 1982 5088 subsequi.

2124 454 2544 540 Scripturarum'
2563 470 2819 525 nonnulla
2842 471 3249 542 congessimus;
3277 480 3428 525 tanta
3488 487 3703 542 quoque

2121 563 2365 634 ejusdem
2428 563 2681 618 thematis
2733 561 2874 631 apud
2925 561 3262 631 expositores
3309 563 3450 617 sacri
3505 563 3702 632 eloquii

2120 663 2272 720 sunt,
2297 663 2359 709 ut
2382 656 2523 709 intra
2544 654 2836 724 epistulare
2887 653 3265 722 compendium
3296 662 3526 719 nequeat
3545 668 3700 707 coar-

2123 748 2281 813 ctari,
2312 747 2378 801 ad
2405 761 2594 801 eorum
2618 755 2670 799 te
2698 745 3051 799 exuberantia
3078 744 3275 798 ﬂuenta
3299 746 3583 813 dirigimus
3604 784 3617 806 ,
3648 754 3705 798 et

2121 840 2339 897 omissis
2364 838 2642 895 arentibus
2668 837 2879 900 rivulis,
2903 836 2970 891 de
2988 836 3225 891 fontibus
3247 836 3503 891 Israelita:
3518 836 3701 891 bibere

2124 933 2438 988 suademus.

2636 1021 2809 1091 ass
2833 1018 3061 1075 CAPUT
3088 1018 3176 1072 tv.

2124 1111 2292 1183 Signa
2313 1111 2658 1183 prmedentia
2676 1111 2869 1180 judicii
2889 1110 3025 1191 diem
3052 1127 3121 1164 ea:
3156 1110 3217 1166 S.
3249 1109 3559 1180 Hieronymi
3581 1128 3699 1165 seno

2818 1191 2999 1235 lentia.
3396 1256 3401 1261 κ

2193 1291 2325 1348 lllud
2355 1302 2535 1347 tamen
2584 1292 2727 1363 quod
2780 1293 2845 1346 de
2891 1292 3195 1363 quindecim
3256 1292 3423 1363 signis
3480 1292 3699 1346 totidem

2123 1383 2333 1440 dierum
2359 1385 2499 1439 diem
2519 1382 2707 1452 judicii
2739 1385 3158 1453 prtecedentium
3186 1385 3403 1439 beatum
3436 1380 3701 1452 Hierony-

2124 1489 2273 1529 mum
2297 1473 2501 1529 referre
2531 1473 2839 1537 didicimus,
2871 1474 2959 1527 hic
2996 1474 3200 1527 eisdem
3253 1474 3431 1527 verbis
3462 1474 3701 1527 inserere

2124 1579 2232 1618 non
2267 1561 2591 1632 superﬂuum
2645 1561 2973 1630 judicamus.
3010 1562 3215 1629 Quibus
3258 1562 3497 1630 profecto
3525 1562 3701 1615 verbis

2124 1653 2267 1707 sicut
2304 1668 2411 1707 nec
2447 1652 2790 1707 auctoritatis
2840 1654 3006 1705 robur
3051 1651 3425 1714 adscribimus,
3480 1650 3551 1703 ita
3602 1663 3703 1702 nec

2050 1728 2093 1787 Β
2123 1741 2282 1799 ﬁdem
2327 1744 2541 1811 penitus
2572 1742 2918 1811 denegamus.
2970 1740 3079 1795 Res
3128 1754 3258 1807 ergo
3303 1740 3441 1793 sicut
3492 1738 3559 1793 ad
3603 1752 3701 1792 nos

2117 1835 2386 1904 pervenit,
2417 1834 2575 1904 hujus
2603 1833 2744 1905 stylo
2772 1848 2831 1888 se
2852 1832 3170 1902 simpliciter
3192 1832 3419 1895 inserat,
3462 1838 3523 1883 ut
3552 1828 3695 1882 anti-

2118 1928 2238 1997 quis
2260 1928 2426 1981 etiam
2457 1926 2804 1982 Hebrmorum
2860 1924 3107 1995 populis,
3164 1924 3258 1992 qui
3300 1921 3466 1976 divini
3503 1919 3694 1989 judicii

2119 2025 2294 2078 terror
2321 2022 2629 2087 increverit,
2654 2034 2720 2075 ex
2748 2035 2934 2075 eorum
2988 2016 3198 2089 paginis
3245 2016 3563 2070 innotescat.
3614 2012 3701 2067 Si-

2114 2126 2302 2182 gnum,
2333 2111 2525 2180 inquit,
2552 2109 2713 2179 primi
2737 2108 2842 2163 diei
2874 2107 3076 2181 :Maria
3091 2106 3336 2159 onmiaiu
3351 2103 3692 2158 altitudinem

2115 2202 2499 2257 exaltabuntur
2545 2200 2854 2270 quindecim
2917 2198 3222 2254 cubitorum
3273 2212 3433 2266 supra
3482 2206 3695 2250 montes

2116 2294 2362 2350 excelsos
2387 2294 2535 2350 orbis
2566 2302 2742 2357 terra},
2772 2307 2878 2346 non
2923 2289 3215 2354 afﬂuentia,
3248 2289 3343 2345 sed
3370 2290 3511 2343 sicut
3555 2290 3693 2341 muri

2114 2402 2331 2455 (equore
2356 2385 2595 2440 stabunt.
2621 2383 2845 2456 Signum
2876 2382 3097 2437 secundi
3122 2381 3268 2436 diei»:
3296 2378 3483 2435 Omnia
3515 2393 3695 2449 aequo-

2117 2494 2178 2532 ra
2201 2486 2613 2548 prosternentur
2642 2477 2694 2530 in
2719 2477 2881 2529 imum
2896 2472 3171 2544 profundi,
3197 2473 3271 2526 ita
3299 2479 3357 2525 ut
3383 2471 3469 2525 vix
3492 2477 3693 2540 queant

2118 2570 2186 2624 ab
2217 2568 2472 2623 humanis
2499 2566 2776 2621 obtutibUs
2807 2563 3072 2634 conspici.
3110 2560 3333 2633 Signum
3365 2560 3509 2615 tertii
3540 2559 3685 2614 diei‘:

2115 2659 2284 2714 Maria
2309 2658 2492 2714 omnia
2524 2657 2836 2728 redigentur
2865 2656 2917 2710 in
2949 2653 3236 2724 pristinum
3273 2659 3490 2714 statum,
3520 2647 3691 2718 quali-

2118 2759 2201 2805 ter
2224 2750 2291 2805 ab
2326 2743 2548 2803 exordio
2577 2756 2760 2801 creata
2791 2746 3026 2799 fuerant.
3080 2742 3302 2813 Signum
3333 2741 3508 2811 quarti
3540 2739 3639 2793 diei
3670 2755 3684 2790 :

2114 2839 2311 2895 Bellua:
2336 2852 2547 2905 omnes,
2582 2845 2637 2892 et
2688 2836 2871 2891 omnia
2927 2849 3047 2903 qua:
3097 2841 3379 2888 moventur
3426 2831 3478 2885 in
3536 2827 3689 2897 aquis

2116 2928 2356 2992 marinis,
2392 2926 2869 2997 congregabantur
2890 2939 3053 2994 super
3073 2923 3316 2994 pelagus,
3366 2934 3516 2975 more
3556 2934 3686 2974 con-

2110 3018 2397 3084 tentionis,
2423 3017 2651 3072 invicem
2684 3016 2986 3087 mugientes
3007 3023 3061 3070 et
3084 3014 3388 3084 rugientes;
3422 3009 3690 3065 nescient-

2115 3124 2222 3178 que
2245 3108 2493 3163 homines
2524 3107 2650 3176 quid
2677 3116 2918 3171 cantent,
2968 3105 3050 3161 vel
3099 3104 3229 3176 quid
3286 3101 3545 3174 cogitent,
3592 3102 3687 3156 sed

2115 3209 2319 3254 tantum
2360 3199 2461 3254 scit
2484 3198 2647 3264 Deus,
2673 3198 2758 3252 cui
2786 3196 2966 3252 omnia
2997 3196 3205 3261 vivunt,
3238 3192 3413 3249 ollicio
3438 3191 3680 3263 gerendi.

2113 3289 2237 3344 Haec
2264 3300 2495 3359 quatuor
2522 3290 2674 3358 signa
2730 3288 2903 3358 pelagi
2952 3294 3098 3351 sunt,
3143 3295 3198 3340 et
3253 3286 3352 3340 tria
3405 3283 3684 3357 sequentia

2111 3380 2263 3451 signa
2289 3380 2450 3445 aeris,
2488 3390 2544 3434 et
2587 3379 2807 3435 :etheris
2844 3387 2987 3434 sunt.
3047 3376 3271 3449 Signum
3318 3378 3489 3447 quinti
3543 3376 3681 3430 dici:

2104 3468 2303 3524 Omnia
2367 3470 2608 3525 volatilia
2656 3471 2780 3526 caali
2828 3470 3294 3525 concionabuntur
3336 3469 3388 3523 in
3446 3468 3682 3538 campis,

2102 3565 2532 3634 unumquodque
2563 3578 2733 3635 genus
2763 3563 2816 3617 in
2845 3563 3036 3618 ordine
3060 3577 3195 3628 suo;
3224 3563 3425 3617 eadem
3438 3560 3680 3615 volucres

2100 3658 2340 3714 invicem
2372 3656 2742 3726 colloquentes
2786 3664 2842 3713 et
2877 3655 3154 3727 plorantes
3197 3662 3378 3720 erunt,
3436 3668 3540 3706 non
3593 3667 3685 3722 gu-

2108 3758 2335 3816 stantes,
2364 3764 2537 3817 neque
2558 3747 2826 3813 bibentes,
2855 3746 3159 3807 adventum,
3176 3743 3373 3816 judicis
3415 3743 3678 3797 timentes.

2096 3839 2332 3912 ‘Signum
2381 3840 2520 3896 sexti
2546 3839 2693 3895 diei:
2740 3839 2989 3893 Flumina
3017 3838 3173 3908 ignea
3230 3837 3297 3891 ab
3319 3850 3509 3891 occasu
3552 3834 3680 3889 solis

2106 3940 2347 4000 surgent,
2375 3938 2561 3985 contra
2584 3928 2778 3985 faciem
2808 3929 3157 3994 ﬁrmamenti,
3199 3941 3368 3996 usque
3386 3927 3454 3980 ad
3502 3933 3679 3980 ortum

2106 4022 2396 4077 currentia.
2428 4020 2649 4090 Signum
2689 4021 2905 4091 septimi
2927 4019 3031 4075 diei
3062 4036 3076 4073 :
3119 4018 3365 4074 Errantia
3399 4016 3596 4081 sidera,
3626 4024 3681 4070 et

2104 4112 2417 4167 stationaria
2447 4121 2703 4183 spargent
2730 4127 2797 4167 ex
2839 4126 2899 4167 se
2929 4112 3113 4181 igneas
3136 4124 3343 4174 comas,
3369 4107 3600 4178 qualiter
3624 4106 3677 4160 in

2103 4203 2327 4259 cometis
2355 4212 2600 4274 apparet,
2623 4203 2764 4268 orbi,
2794 4212 2849 4258 et
2863 4200 2980 4270 ejus
3008 4199 3422 4256 habitatoribus.
3451 4197 3675 4268 Signum

2101 4295 2277 4350 octavi
2301 4296 2404 4349 diei
2438 4313 2449 4348 :
2484 4293 2849 4350 Terrmmotus
2879 4294 2983 4349 erit
3005 4306 3255 4364 magnus,
3277 4291 3353 4345 ita
3401 4297 3460 4343 ut
3497 4287 3676 4342 nullus

2025 4424 2073 4482 υ
2103 4389 2264 4443 homo
2292 4397 2437 4442 stare
2466 4388 2656 4457 possit,
2684 4395 2777 4441 aut
2805 4386 3008 4440 nullum
3040 4383 3257 4447 animal,
3283 4383 3374 4437 sed
3402 4381 3517 4436 solo
3537 4389 3676 4433 ster-

2098 4489 2294 4534 nentur
2337 4480 2540 4532 omnia.
2578 4478 2801 4548 Signum
2848 4477 2972 4532 uoni
3025 4476 3127 4531 diei
3162 4490 3175 4528 :
3225 4474 3425 4530 Omnes
3468 4471 3673 4541 lapides

2099 4580 2205 4624 tam
2233 4571 2382 4639 parvi
2410 4585 2571 4638 quam
2596 4570 2773 4638 magni
2794 4569 3108 4622 scindentur
3131 4568 3184 4620 in
3211 4574 3442 4636 quatuor
3464 4569 3669 4634 partes,

2097 4668 2151 4715 et
2181 4675 2514 4729 unaquaque
2536 4676 2660 4729 pars
2681 4658 2896 4713 collidet
2925 4658 3148 4712 alteram
3178 4666 3408 4725 partem,
3439 4654 3669 4710 nesciet-

2096 4764 2201 4819 que
2227 4747 2536 4803 ullushomo
2559 4763 2748 4803 sonum
2774 4748 2944 4813 illum,
2961 4747 3061 4801 nisi
3090 4746 3235 4801 solus
3265 4746 3423 4800 Deus.
3443 4745 3666 4815 Signtnu

2096 4841 2285 4895 decimi
2312 4841 2414 4895 dici
2444 4857 2464 4893 ι
2495 4841 2685 4896 Omnia
2712 4840 2854 4910 ligna
2883 4840 3166 4903 silvarum,
3191 4847 3247 4893 et
3292 4838 3438 4893 olera
3468 4836 3665 4891 herba-

2087 4947 2204 4986 rum
2230 4932 2580 5000 sanguineum
2638 4930 2803 4985 liuent
2857 4946 3056 4984 rorem.
3115 4930 3340 4999 Signum
3391 4926 3663 4983 undecimi

2087 5023 2190 5077 diei
2221 5040 2234 5075 :
2263 5020 2462 5077 Omnes
2505 5031 2738 5087 montes,
2775 5030 2829 5075 et
2858 5022 3045 5085 colles,
3098 5030 3154 5075 et
3199 5021 3381 5074 omnia
3439 5018 3664 5073 aedilicia

412 5079 640 5187 ξ’θΐίιίτιο
656 5088 861 5187 quippe
878 5090 1105 5160 judicio,
1140 5109 1357 5187 repente
1381 5102 1519 5172 ignis
1551 5120 1838 5175 erumpens
1869 5118 1988 5162 tan-
2082 5112 2321 5165 humana
2353 5121 2470 5166 arte
2506 5121 2842 5175 constructa,
2905 5112 2957 5165 in
3006 5111 3280 5181 pulverem
3328 5110 3660 5179 redigentur.

414 5180 524 5228 tum
558 5178 699 5269 aeris
724 5182 955 5249 spatium
984 5178 1288 5258 occupabit,
1340 5207 1601 5262 quantum
1663 5215 1802 5269 aqua
1855 5200 1981 5254 dum

410 5265 768 5335 cataclysmus
798 5270 1077 5329 invaderet
1104 5281 1365 5334 ascendit.
1394 5281 1494 5349 Qui
1542 5265 1791 5341 videlicet
1843 5288 1982 5355 ignis

411 5356 615 5449 ardebit
648 5368 867 5427 terram,
904 5369 1387 5425 etcrassitudinem
1411 5376 1573 5440 aeris,
1605 5386 1659 5428 et
1692 5377 1769 5430 sic
1791 5394 1986 5449 purga-

408 5442 489 5497 bit
513 5449 736 5504 electos.
766 5453 870 5507 Sed
894 5471 1011 5524 qua:
1041 5460 1105 5513 de
1137 5461 1223 5515 die
1247 5462 1436 5532 judicii
1470 5465 1520 5518 in
1565 5442 1980 5539 epistola—qnam

476 5672 586 5742 (29)
616 5674 844 5743 Epistola
878 5678 1060 5732 ultima
1090 5681 1209 5736 libri
1235 5696 1331 5738 vlt.

2087 5200 2311 5271 Signum
2338 5201 2635 5256 duodecimi
2664 5201 2767 5255 diei
2801 5219 2813 5255 :
2848 5202 3039 5257 Omnia
3081 5202 3335 5257 animalia
3390 5213 3546 5256 terra:
3595 5201 3663 5255 de

2086 5291 2236 5346 silvis
2255 5301 2309 5346 et
2353 5293 2624 5347 montibus
2650 5293 2863 5346 venient
2915 5295 2981 5346 ad
3021 5308 3240 5363 campos
3296 5293 3557 5361 rngicntia
3605 5298 3663 5344 et

2089 5381 2523 5450 mugienliamon
2566 5381 2831 5449 gustantia
2861 5391 2916 5435 et
2966 5398 3071 5436 non
3139 5382 3394 5436 bibentia.
3436 5380 3682 5450 Signum‘

2090 5470 2435 5524 decimitcrtii
2454 5471 2555 5525 dici
2584 5490 2595 5524 :
2621 5469 2809 5526 Omnia
2832 5473 3030 5528 abortu
3062 5472 3192 5527 solis
3219 5472 3464 5544 sepulcra
3491 5486 3661 5541 usque
