4026 6190
297 177 393 235 Sil

1163 152 1406 251 opusc.
1450 191 1562 248 Lx.
1603 222 1672 236 —
1714 190 2079 247 sxrosmo
2120 190 2299 245 LIBRI
2341 190 2725 246 emeseos.

3468 187 3577 244 Bli

296 311 923 380 aiiOCCuStttttpalcblttll,
942 307 1298 362 cadaveribus
1318 303 1687 376 surgentibus,
1715 316 1887 370 usque
1915 311 1966 366 Λ
1994 313 2113 358 rent
2140 312 2198 357 ut
2226 312 2489 356 amentes.
2525 301 2751 371 Signum
2796 296 2989 353 decimi
3020 298 3192 367 quinti
3250 297 3358 353 diei
3391 317 3404 352 :
3458 292 3579 354 Vivl

299 409 371 462 ad
397 408 582 460 horam
606 401 816 473 judicii.
852 400 1079 469 Signum
1114 396 1490 466 decimiquarti
1521 395 1625 450 diei
1656 407 1672 447 :
1721 392 1894 449 Omne

302 501 601 555 humanum
631 509 824 566 genus,
854 492 996 562 quod
1042 492 1319 546 inventum
1355 489 1535 553 fuerit,
1558 488 1626 544 de
1676 486 1892 541 habita-

299 586 439 643 culis
461 595 515 640 ct
559 586 626 638 de
676 582 809 636 locis
861 581 914 634 iu
959 580 1155 649 quibus
1197 588 1358 634 erunt
1388 578 1650 633 velociter
1703 576 1896 631 absce-

302 678 433 733 deut
455 717 470 741 ,
500 691 605 730 non
632 673 994 743 iutelligeutes
1019 685 1194 740 neque
1220 670 1537 740 loquentes;
1566 667 1661 722 sed
1681 665 1895 721 discur-

379 787 495 861 (50)
532 787 731 856 Optnso.
763 783 923 853 hujus
950 782 1073 837 ﬁnis
1102 782 1316 838 videtur
1346 779 1716 851 imperfectus.

2002 396 2251 451 homines
2278 395 2601 457 morientur,
2633 400 2690 447 ut
2719 399 3009 463 resurgant
3026 406 3149 446 cum
3172 391 3402 448 mortuis
3421 389 3583 464 longe

2002 496 2129 542 ante
2156 487 2426 543 defunctis
2448 486 2583 557 (50).

2307 599 2383 654 su
2411 615 2594 652 nomen
2628 596 2835 651 Domini
2874 596 3223 655 benedictum.
3298 578 3299 581 ‘

322 911 3553 959 MM

787 1046 1155 1118 ⁸⁸⁸⁸⁸⁹⁰
1210 1058 1942 1170 OPUSCULUll

2095 1056 3085 1167 SEXAGESIMUM.

856 1250 1288 1312 EXPOSITIO
1332 1244 1689 1341 MYSTICA
1731 1244 2299 1314 HISTORIARUM
2342 1251 2555 1314 LIBRI
2600 1250 3033 1315 GENESEOS.

1718 1382 2039 1395 —*

823 1436 1050 1493 CAPUT
1096 1437 1385 1493 PRIMUM.

607 1530 749 1585 Dixit
780 1528 916 1582 Deus
941 1544 960 1583 :
984 1527 1119 1584 Fin
1145 1544 1248 1583 Lux
1266 1569 1281 1593 ,
1311 1528 1481 1596 prima
1506 1527 1611 1583 die.

381 1624 624 1693 Qualiter
665 1622 842 1676 valeat
886 1622 1050 1675 homo
1109 1621 1477 1676 consummari
1525 1629 1579 1675 et
1628 1620 1900 1690 quomodo

312 1718 505 1772 debeat
537 1714 746 1783 perﬁci,
791 1712 925 1767 liber
956 1712 1044 1765 hic
1070 1710 1345 1766 succincte
1367 1710 1700 1781 perstringit,
1743 1720 1904 1779 prout

312 1824 378 1863 ex
435 1804 618 1859 mundi
679 1801 970 1857 creationis
1014 1801 1203 1856 ordine
1249 1799 1477 1870 reperiri
1530 1800 1708 1854 datur.
1764 1799 1901 1865 Quia

310 1900 456 1954 enim
493 1898 661 1951 homo
708 1894 1122 1957 microcosmus,
1156 1893 1260 1948 hoc
1307 1900 1393 1947 est
1445 1892 1624 1945 minor
1670 1891 1904 1945 mundus

314 2004 434 2044 esse
470 1989 704 2050 dicitur,
757 1999 981 2039 necesse
1034 1991 1116 2036 est
1161 1990 1221 2035 ut
1273 1981 1340 2036 ad
1392 1997 1503 2035 sua:
1559 1979 1906 2050 plenitudinis

318 2080 657 2133 incrementa
692 2076 1026 2129 contendens
1065 2073 1235 2142 ipsam
1271 2071 1554 2126 mundana:
1580 2068 1907 2125 conditionis

315 2169 551 2238 speciem
589 2167 852 2227 imitetur,
884 2172 961 2227 et,
988 2162 1131 2217 sicut
1157 2161 1387 2218 visibilis
1418 2169 1581 2230 atque
1611 2149 1907 2229 corporeus

320 2260 406 2312 hic
434 2255 666 2310 mundus
700 2270 797 2323 per
824 2268 1043 2307 suarum
1082 2251 1313 2321 partium
1365 2249 1560 2304 molem
1609 2257 1663 2302 et
1695 2248 1906 2316 magni-

321 2348 559 2401 tudinem
588 2351 995 2399 consummatus
1024 2351 1127 2405 est,
1158 2340 1235 2394 sic
1264 2350 1319 2394 et
1360 2340 1522 2394 homo
1549 2348 1736 2393 noster
1772 2338 1909 2392 inte-

320 2437 428 2490 rior
482 2434 548 2487 ad
608 2432 690 2487 sui
742 2431 1131 2502 plenitudinem
1181 2428 1437 2498 paulatim
1488 2427 1765 2496 perveniat
1814 2441 1910 2495 per

324 2533 612 2593 augmenta
661 2523 943 2576 virtutum.
983 2521 1057 2575 De
1094 2536 1199 2590 qua
1248 2518 1512 2589 spirituali
1575 2515 1908 2587 plenitudine

324 2618 459 2671 dicit
512 2614 804 2684 Apostolus
856 2629 869 2666 :
917 2629 936 2662 ι
986 2611 1168 2665 Donec
1215 2624 1569 2664 occurramus
1618 2621 1808 2660 omnes
1856 2606 1908 2661 in

323 2708 501 2760 virum
546 2703 868 2774 perfectum,
902 2702 954 2756 in
988 2716 1297 2756 mensuram
1328 2700 1506 2754 aetatis
1556 2696 1912 2768 plenitudinis

325 2798 550 2853 Christi.
586 2817 604 2848 ι
636 2796 788 2850 Tunc
817 2806 997 2849 autem
1032 2794 1084 2846 in
1114 2793 1333 2847 homine
1363 2793 1561 2846 dicitur
1590 2800 1649 2844 ut
1674 2789 1768 2858 ﬁat
1797 2787 1911 2854 lux,

2620 1443 2849 1499 CAPUT
2885 1443 2969 1499 Ill.

1933 1557 1976 1615 Β
2010 1534 2085 1589 De
2110 1551 2369 1605 aquarum
2400 1535 2800 1603 congregatione
2829 1534 2881 1587 in
2917 1533 3090 1588 locum
3123 1552 3283 1588 unum
3311 1535 3407 1591 sub
3438 1535 3589 1589 uelo.

2081 1628 2244 1683 Facta
2296 1629 2461 1698 igitur
2504 1628 2767 1683 divisione
2810 1642 3103 1696 aquarum,
3157 1628 3259 1682 hec
3292 1637 3409 1692 est,
3450 1628 3595 1683 inter

2008 1730 2223 1776 terrena
2254 1731 2309 1775 et
2336 1720 2615 1783 caelestia,
2664 1734 2886 1775 necesse
2928 1727 3015 1774 est
3058 1718 3387 1774 uthumana
3437 1733 3593 1772 mens

2008 1816 2123 1869 lucc
2150 1812 2339 1868 eadem
2371 1821 2586 1866 terrena
2619 1812 2882 1867 minutius
2907 1810 3133 1875 dividat,
3154 1821 3208 1866 et
3227 1810 3305 1865 sic
3335 1810 3595 1880 reprobus

2008 1904 2292 1969 homines,
2341 1902 2499 1969 hujus
2544 1913 2775 1957 terrena:
2822 1902 3102 1972 sapientiae
3146 1902 3420 1971 salsugine
3466 1918 3597 1973 pru-

2010 1994 2231 2056 rientes,
2263 2006 2294 2045 a
2333 1990 2518 2059 justis,
2551 1989 2749 2045 fontem
2798 1991 2920 2048 ﬁdei
2971 1991 3310 2054 sitientibus,
3340 2000 3596 2061 tanquam

2010 2085 2079 2139 ab
2124 2084 2276 2138 arida
2326 2097 2498 2147 mare,
2526 2082 2822 2136 discernat.
2853 2079 3104 2134 [nﬁdeles
3131 2083 3276 2134 enim
3317 2082 3436 2132 sive
3476 2097 3595 2131 car-

2010 2175 2159 2230 nales
2213 2174 2439 2245 quilibet
2476 2190 2506 2227 a
2553 2173 2720 2229 maris
2766 2172 3126 2227 tentationum
3174 2168 3427 2225 ﬂuctibus
3460 2184 3599 2239 qua-

2012 2266 2239 2330 tiuntur,
2270 2269 2327 2320 et
2354 2275 2609 2334 tanquam
2637 2263 2999 2334 procellarum
3026 2262 3383 2331 cupiditatum
3414 2269 3470 2315 et
3506 2273 3602 2313 aro

2012 2356 2272 2426 rogautiae
2319 2354 2737 2425 tempestatibus
2797 2354 3206 2417 intumescunt;
3260 2351 3433 2406 sancti
3472 2364 3603 2404 vero

2012 2448 2213 2517 quique
2239 2463 2304 2502 ac
2323 2446 2454 2515 justi
2484 2445 2631 2501 velut
2660 2444 2812 2500 arida
2836 2445 3006 2500 Deum
3027 2444 3238 2509 sitiunt,
3261 2451 3312 2498 et
3346 2450 3601 2512 tanquam

2015 2538 2166 2592 ferax
2199 2547 2342 2591 terra
2373 2536 2610 2591 virentes
2654 2535 2918 2590 bonorum
2963 2547 3186 2604 operum
3231 2530 3443 2587 fructus
3481 2545 3605 2601 ger-

2015 2630 2226 2684 minare
2277 2627 2630 2684 contendunt.
2680 2625 2913 2693 Ideoque
2962 2639 3087 2679 cum
3137 2622 3365 2678 dixisset
3406 2619 3602 2676 Deus:

2022 2739 2040 2772 σ
2075 2720 2142 2774 Ει
2171 2729 2427 2789 appareat
2451 2717 2600 2772 arida
2622 2757 2637 2782 ,
2671 2736 2689 2769 ι
2720 2717 2910 2773 eodem
2950 2714 3041 2771 die
3081 2714 3269 2770 itidem
3314 2711 3604 2783 praecipit:

2023 2830 2042 2863 ι
2074 2810 2354 2867 Germinet
2404 2819 2548 2863 terra
2602 2808 2828 2863 herbam
2879 2808 3146 2862 virentem
3182 2804 3471 2860 facientem
3518 2817 3611 2858 se-

328 2906 451 2945 cum
483 2891 643 2944 datur
676 2888 726 2942 ei
768 2896 826 2942 ut
860 2885 1179 2940 illuminatio
1224 2884 1341 3002 sibi“
1369 2881 1709 3002 credulitatis
1745 2879 1912 2936 iulul-
1945 2939 1991 3002 Ο
2022 2919 2167 2967 me".
2198 2912 2254 2957 ει
2277 2901 2479 2972 lignum
2517 2899 2840 2970 pomiferum
2868 2898 3075 2954 faciens
3098 2897 3356 2954 ίτυοωιη,
3398 2914 3417 2948 ,
3451 2894 3614 2962 Qui...

333 2991 478 3002 μ--.-
512 2982 683 3002 __:-..-
723 2979 913 3002 ---εκ-..ι
946 2978 1138 3002 .--ηηιξη
1174 2977 1260 3002 1....
1330 2977 1441 3002 ..ειυ-
1475 2983 1551 3002 Α...
1658 2974 1759 3002 ...1η
1807 2973 1912 3002 ἕηκε
2103 2997 2112 3002 -
2332 2994 2343 3002 .
2528 2991 2539 3002 ι
2934 2992 2969 3002 ._
3164 2991 3176 3002 ο
3287 2989 3300 3001 ο
3355 2989 3370 3002 ι
3495 3001 3499 3002 ,
3552 2987 3567 3002 ι

328 2991 483 3052 geat;
512 2982 687 3051 prima
719 2979 916 3050 quippe
946 2978 1141 3032 mentis
1174 2977 1263 3030 lux
1311 2975 1444 3030 ﬁdes
1473 2983 1574 3031 est.
1610 2974 1760 3030 Unde
1801 2973 1915 3043 jam

331 3070 578 3125 ﬁdelibus
611 3069 859 3138 Ephesiis
907 3067 1043 3122 bene
1093 3066 1222 3121 dicit
1265 3065 1552 3135 Apostolus
1602 3082 1614 3117 :
1655 3084 1671 3114 ι
1719 3062 1921 3118 Fuistis

331 3162 623 3232 aliquando
651 3162 910 3221 tenebrat,
942 3174 1087 3213 nunc
1123 3168 1303 3213 autem
1356 3157 1445 3211 lux
1500 3158 1553 3211 in
1596 3156 1856 3222 Domino;
1897 3174 1915 3207 ι

332 3262 388 3308 et
433 3254 537 3311 hoc
582 3260 667 3307 est
710 3252 946 3321 primum
997 3251 1063 3304 in.
1098 3250 1215 3320 lege
1269 3257 1596 3318 prieceptum
1642 3265 1707 3301 :i
1744 3247 1919 3312 Audi,

334 3342 495 3397 Israel
526 3342 825 3396 :Dominus
858 3342 1000 3395 Deus
1031 3348 1156 3393 tuus
1193 3355 1330 3394 unus
1370 3348 1473 3392 est.
1511 3357 1528 3389 ι
1557 3337 1709 3392 Tunc
1743 3347 1924 3392 autem

274 3473 280 3479 ρ
338 3437 391 3489 in
437 3436 656 3490 homine
700 3436 907 3505 primus
953 3434 1069 3489 dies
1114 3431 1207 3497 ﬁt,
1252 3447 1377 3487 cum
1421 3447 1594 3486 novus
1640 3430 1707 3486 ad
1764 3430 1926 3485 ﬁdem

340 3527 508 3581 venit.

967 3613 1198 3670 CAPUT
1235 3613 1294 3668 ll.

603 3703 677 3757 De
713 3703 1041 3773 ﬁrmamento
1068 3714 1113 3756 et
1146 3704 1397 3756 divisione
1421 3717 1701 3772 aquarum.

414 3795 666 3851 Secunda
712 3795 800 3848 die
846 3792 970 3849 fecit
1026 3794 1167 3848 Deus
1216 3794 1642 3857 ﬁrmamentum,
1692 3799 1748 3847 et
1790 3791 1930 3846 divi-

345 3888 527 3944 siones
553 3901 850 3957 aquarmn,
879 3900 1106 3955 quarum
1153 3884 1271 3939 alim
1318 3884 1385 3939 ad
1422 3882 1679 3938 inferiora
1729 3881 1935 3937 deﬁne-

352 3988 493 4039 reut,
522 3976 640 4030 aliae
672 3977 725 4029 in
766 3974 1138 4044 superioribus
1188 3978 1554 4027 remanerent.
1586 3969 1724 4037 Quid
1751 3978 1936 4025 autem

348 4067 749 4121 ﬁrmamentum
798 4064 901 4119 nisi
952 4065 1119 4118 robur
1166 4072 1250 4117 est
1289 4060 1732 4132 Scripturarum?
1783 4058 1936 4114 Unde

350 4159 546 4230 legitur
573 4158 717 4229 quod
747 4156 945 4212 caelum
990 4157 1043 4209 in
1092 4156 1180 4209 die
1220 4153 1410 4224 iudicii
1461 4152 1751 4224 plicabitur
1800 4152 1941 4207 sicut

354 4252 508 4307 liber.
541 4250 679 4318 Quid
706 4258 887 4304 autem
919 4255 1044 4303 sunt
1073 4263 1227 4317 aquie
1255 4247 1541 4302 inferiores
1562 4286 1577 4309 ,
1611 4245 1713 4299 nisi
1763 4243 1935 4299 homi-

358 4359 484 4397 num
515 4341 907 4405 multitudines,
932 4338 1086 4407 juxta
1131 4338 1258 4392 illud
1293 4332 1683 4408 Apocalypsis';
1717 4354 1736 4387 ι
1773 4335 1939 4404 Aqua:

357 4434 572 4498 multae,
613 4431 794 4503 populi
843 4430 1032 4484 multi?
1075 4448 1093 4480 ι
1122 4428 1259 4497 Quid
1311 4443 1439 4483 vero
1479 4426 1809 4496 superiores,
1841 4424 1943 4478 nisi

354 4523 508 4579 chori
543 4532 669 4577 sunt
697 4519 1045 4590 angelorum?
1068 4519 1135 4573 de
1163 4518 1357 4587 quibus
1390 4518 1441 4570 in
1473 4516 1680 4586 psalmo
1707 4515 1940 4570 dicitur:

360 4633 381 4669 ι
412 4613 481 4669 Et
507 4628 661 4683 aquze
687 4626 897 4675 omnes,
940 4626 1061 4680 quae
1109 4624 1273 4679 super
1310 4608 1476 4664 caelos
1517 4616 1676 4671 sunt,
1724 4605 1948 4660 laudent

358 4722 553 4761 nomen
582 4704 813 4760 Domini.
856 4722 873 4754 ι
902 4701 1092 4772 Angeli
1137 4701 1281 4756 enim
1313 4698 1720 4769 Scripturarum
1748 4694 1946 4750 coelum

360 4814 524 4867 super
551 4812 611 4851 se
646 4812 752 4850 non
799 4795 1021 4853 habent.
1064 4792 1158 4848 sed
1206 4792 1306 4846 sub
1345 4806 1435 4854 se,
1472 4789 1599 4858 quia
1634 4802 1739 4841 non
1789 4792 1952 4855 egent

359 4898 429 4945 ut
464 4889 688 4942 verbum
734 4885 829 4940 Dei
877 4885 1119 4955 legentes
1165 4882 1404 4945 audiant,
1429 4879 1519 4949 qui
1569 4877 1741 4946 ipsum
1780 4876 1949 4929 Deum

363 4987 685 5049 praesentem
733 4975 880 5030 clare
933 4972 1278 5042 conspiciunt
1331 4978 1387 5024 et
1441 4969 1494 5022 in
1556 4967 1674 5037 ejus
1734 4979 1949 5034 semper

364 5085 548 5125 amore
576 5067 971 5122 ﬁammescunt.
1017 5063 1153 5119 Cum
1204 5062 1370 5132 igitur
1416 5061 1577 5113 homo
1618 5072 1717 5127 per
1765 5057 1943 5110 ﬁrma-

366 5170 631 5227 mentum,
666 5160 769 5214 hoc
792 5167 898 5223 est,
930 5172 1029 5225 per
1052 5154 1289 5209 caelestis
1317 5151 1515 5221 eloquii
1547 5150 1954 5212 documentum,

362 5250 475 5323 iam
506 5248 697 5319 incipit
724 5247 965 5303 dividere
991 5245 1279 5300 inferiores
1308 5258 1479 5315 aquas
1506 5257 1535 5295 a
1566 5238 1953 5311 superioribus,

368 5344 423 5400 id
449 5352 556 5409 est,
586 5340 827 5396 carnalia
852 5354 882 5393 a
920 5336 1315 5407 spiritualibus,
1348 5344 1559 5389 terrena
1592 5346 1621 5385 a
1649 5329 1959 5386 caelestibus

368 5448 656 5507 separare;
710 5441 836 5486 tunc
873 5432 927 5484 iu
982 5445 1050 5485 eo
1097 5428 1365 5484 secundus
1407 5424 1467 5478 ﬁt
1501 5422 1637 5487 dies,
1693 5419 1819 5492 quia
1851 5433 1958 5473 non

375 5527 533 5581 tundo
560 5524 681 5580 ﬁdei
729 5523 931 5587 lumen,
964 5521 1061 5577 sed
1094 5520 1261 5578 etiam
1305 5531 1489 5573 rerum
1538 5512 1724 5583 incipit
1760 5510 1960 5566 habere

376 5618 776 5673 discretionem.

698 5712 973 5771 Ρηιιοι..
1022 5721 1121 5772 ιῒῖ
1139 5717 1237 5775 LV

2025 2997 2147 3066 quis
2174 3010 2304 3064 ergo
2332 2994 2434 3049 hoc
2462 2991 2696 3048 solerter
2724 2992 3061 3062 exsequitur,
3086 2989 3333 3061 quisquis
3355 2989 3459 3045 hoc
3485 2987 3617 3043 sub-

2025 3088 2191 3144 tiliter
2220 3088 2533 3152 meditatur,
2563 3086 2689 3142 huic
2710 3084 2900 3157 procul
2929 3083 3093 3139 dubio
3137 3082 3331 3137 tertius
3354 3079 3467 3148 jam
3500 3079 3617 3135 dies

2025 3179 2289 3234 exoritur.
2324 3178 2710 3248 Unusquisque
2739 3192 2869 3248 ergo
2909 3191 2970 3230 se
2995 3176 3063 3229 ab
3093 3188 3279 3228 amara
3323 3171 3620 3227 carnaliter

2026 3270 2352 3342 sapientium
2379 3269 2647 3339 salsugine
2671 3268 2896 3332 dividat,
2927 3267 3128 3321 fontem
3155 3265 3279 3319 vitae
3305 3262 3618 3327 Dominum,

2027 3360 2204 3417 factus
2228 3361 2406 3423 arida,
2434 3360 2630 3415 divina:
2655 3361 2844 3429 gratia:
2878 3357 3080 3413 fontem
3109 3355 3422 3412 medullitus
3447 3352 3617 3417 sitiat,

2028 3456 2297 3511 bonorum
2348 3454 2622 3509 fructuum
2673 3452 2914 3524 germina
2963 3449 3238 3522 proferat,
3266 3456 3326 3504 ut
3365 3448 3469 3504 sibi
3506 3447 3622 3502 dies

2034 3546 2225 3601 tertius
2252 3544 2549 3601 illucescat.

2640 3640 2869 3697 CAPUT
2918 3641 3006 3695 IV.

2032 3732 2111 3787 De
2136 3733 2485 3787 luminaribus
2510 3744 2702 3802 quarta
2730 3733 2815 3786 die
2846 3732 3003 3800 factis
3030 3732 3083 3783 in
3111 3730 3446 3798 ﬁrmamento
3479 3724 3618 3780 caeli.

2110 3822 2203 3877 His
2248 3822 2321 3878 ita
2351 3822 2545 3892 positis
2573 3831 2629 3877 et
2661 3822 2953 3877 salubriter
2981 3819 3278 3885 ordinatis,
3317 3818 3496 3874 anima
3524 3818 3622 3873 ho-

2036 3918 2237 3981 minis,
2280 3916 2435 3985 quasi
2495 3915 2718 3970 dimotis
2776 3914 3032 3969 vitiorum
3084 3912 3355 3977 tenebris,
3408 3910 3625 3966 radiare

2039 4008 2225 4077 incipit
2276 4008 2451 4062 nitore
2483 4009 2761 4060 virtutum.
2789 4003 2928 4071 Quid
2978 4018 3106 4057 vero
3150 4011 3236 4058 est
3280 4001 3423 4072 quod
3475 4001 3628 4072 prius

2039 4098 2307 4169 germinat
2334 4106 2475 4151 terra
2506 4104 2560 4151 et
2604 4095 2854 4166 protinus
2882 4103 3139 4148 creantur
3174 4093 3485 4157 luminaria,
3521 4093 3625 4146 nisi

2041 4191 2190 4261 quia,
2223 4190 2525 4259 prodeunte
2567 4187 2692 4243 boni
2731 4186 2912 4257 operis
2942 4185 3208 4257 germine,
3239 4185 3329 4239 lux
3362 4184 3414 4238 in
3446 4184 3629 4239 anima

1967 4314 2018 4373 Β
2045 4286 2317 4354 copiosior
2339 4281 2502 4354 891
2536 4282 2728 4341 oritur,
2763 4288 2822 4333 ut
2850 4279 3052 4334 imitari
3078 4277 3258 4333 valeat
3290 4276 3376 4331 sui
3403 4276 3631 4347 vestigia

2049 4373 2459 4444 Redemptoris?
2501 4370 2779 4427 Acceleret
2814 4384 2943 4441 ergo
2989 4384 3144 4425 mens
3188 4368 3425 4423 humana
3473 4368 3635 4439 spiri-

2050 4466 2274 4521 tualium
2318 4474 2562 4535 segetum
2592 4463 2898 4534 germinare
2935 4472 3280 4532 proventum,
3312 4469 3374 4515 ut
3402 4459 3635 4515 rutilan-

2050 4559 2191 4612 tibus
2217 4558 2412 4611 divina:
2457 4555 2592 4609 lueis
2622 4556 2787 4609 radiis
2834 4554 3151 4616 illustratur,
3185 4562 3471 4622 quatenus,
3504 4552 3633 4606 dum

2048 4651 2226 4719 quarti
2256 4649 2362 4703 diei
2408 4648 2527 4702 luce
2577 4646 2897 4715 perfruitur,
2930 4644 3092 4699 etiam
3124 4645 3191 4697 ad
3220 4642 3637 4711 contemplanda

2050 4740 2314 4804 caelestia,
2344 4754 2494 4794 more
2519 4735 2881 4806 spiritualium
2909 4735 3209 4794 volucrum.
3242 4734 3505 4804 rapiatur.

2671 4845 2898 4903 CAPUT
2935 4847 3002 4903 ν.

2223 4943 2377 5010 Quod
2412 4942 2597 5014 quinta
2619 4941 2703 4996 die
2728 4940 2893 5011 pisces
2920 4951 2967 4996 et
2992 4956 3110 4995 aves
3131 4939 3293 4994 creati
3317 4952 3457 4994 tum.

2125 5037 2322 5104 Quinta
2351 5038 2438 5092 die
2467 5036 2634 5091 creati
2668 5044 2793 5089 sunt
2830 5034 3030 5104 pisces,
3060 5049 3158 5102 per
3187 5048 3324 5101 quos
3354 5029 3640 5101 designau—

2058 5141 2165 5195 Iur,
2198 5129 2289 5198 qui
2322 5116 2666 5199 baptismatis
2695 5137 3095 5189 sacramentum
3122 5122 3447 5193 percipiunt,
3477 5120 3641 5183 sicut,

2056 5240 2153 5295 per
2182 5224 2459 5285 volucres,
2498 5221 2573 5275 illi
2617 5221 2705 5290 qui
2752 5221 3010 5274 virtutum
3058 5216 3248 5287 pennis
3274 5200 3350 5269 ad
3398 5212 3641 5268 cmlestia

2058 5330 2117 5371 se
2168 5313 2581 5384 contemplanda
2629 5311 2983 5381 suspendunt.
3035 5308 3290 5374 Quintum
3329 5320 3460 5375 ergo
3500 5302 3643 5358 diem

2058 5421 2181 5461 cum
2230 5404 2537 5460 volucribus
2584 5402 2750 5457 habet
2786 5400 3032 5471 quisquis
3064 5397 3249 5452 mundi
3296 5409 3481 5451 amore
3510 5409 3643 5449 con-

2063 5507 2266 5567 tempto
2293 5496 2446 5568 quasi
2480 5494 2802 5564 dedignatur
2833 5504 3047 5546 omnum
3082 5487 3294 5545 calcare
3343 5494 3641 5547 terrenum,

2064 5578 2135 5648 ac
2168 5606 2262 5663 per
2291 5583 2759 5657 contemplationis
2801 5580 3029 5653 gratiam
3073 5580 3140 5635 ad
3194 5576 3430 5634 caalestis
3462 5574 3647 5647 gloriae

3167 5670 3245 5730 27
