4054 6184
378 183 495 239 8-55

864 175 922 233 S.
965 175 1168 232 PETRI
1206 172 1491 231 DAMIANI
1527 169 1678 228 OPP.
1713 166 1945 225 TOMUS
1985 166 2114 223 SEU
2157 130 2460 221 PARS-ill.
2498 194 2566 204 —
2604 160 2967 218 OPUSCULA
3001 160 3231 216 VARIA.

3553 163 3663 221 854

389 314 448 354 se
486 296 736 368 provehit
773 295 1088 372 appetitum.
1130 292 1230 347 llic
1258 292 1420 361 igitur
1460 304 1565 343 non
1590 286 1705 356 jam
1745 287 1800 340 in
1829 293 1970 340 terra
1999 294 2049 351 Α
2079 282 2317 352 Tempus
2346 281 2527 350 itaque
2565 279 2720 333 nobis
2745 287 2828 331 est
2858 277 3020 343 Deus,
3049 278 3174 331 dum
3203 279 3331 334 dicit
3378 280 3430 335 in
3477 282 3662 336 Evan-

390 390 655 460 graditur,
686 389 779 443 sed
807 402 903 457 per
926 370 1109 455 acrem
1138 383 1307 448 volat,
1337 382 1466 452 quia
1498 390 1712 436 terrena
1743 392 1969 447 quaeque
2070 374 2209 442 geiio
2233 372 2455 428 Joannis
2484 389 2501 426 :
2535 388 2555 421 ι
2587 370 2775 425 Nonne
2799 371 3079 425 duodecim
3114 381 3241 425 sunt
3275 372 3422 428 horzc
3457 374 3603 429 diei?
3633 393 3657 428 ι

370 470 693 550 despiciens
748 477 811 531 ad
867 474 1107 531 coelestia
1158 473 1462 528 sitibundus
1511 470 1765 533 anhelat,
1817 469 1969 538 juxta

394 570 521 623 illud
550 566 740 638 psalmi
773 584 787 619 :
817 584 835 615 ‹
869 564 1052 619 Sitivit
1086 562 1264 619 anima
1294 576 1414 615 mea
1442 560 1506 613 ad
1536 560 1722 621 Deum,
1766 557 1967 611 fontem

390 661 601 717 vivum:
629 678 647 710 ι
681 656 781 711 Hic
807 671 936 723 ergo
964 653 1115 724 quasi
1158 650 1429 722 perfectus
1461 649 1545 702 vir
1571 648 1638 702 ad
1667 648 1745 701 sui
1774 645 1973 701 Condi-

395 749 525 803 toris
570 745 766 801 merito
800 743 1066 798 formatur
1096 740 1410 811 imaginem,
1439 737 1529 808 qui
1559 744 1763 791 tantam
1809 734 1969 789 nimi-

392 855 511 895 rum
552 837 941 892 charismatum
974 832 1333 903 spiritualium
1364 829 1603 899 possidet
1632 826 1970 897 dignitatem,

393 941 459 985 ut
489 946 597 985 non
620 929 733 998 jam
761 927 935 997 solum
963 922 1329 996 quorumlibet
1352 933 1597 976 normam
1627 918 1973 990 praecipiatur

392 1034 577 1079 tenere
608 1029 939 1087 sanctorum,
973 1021 1066 1073 sed
1091 1025 1145 1071 et
1170 1017 1342 1091 ipsum
1368 1015 1488 1081 Dei,
1519 1014 1577 1075 in
1602 1022 1862 1083 quantum
1892 1011 1977 1067 fas

354 1136 359 1141 ί
391 1121 493 1177 est,
541 1112 744 1167 imitari
772 1118 998 1179 conetur
1039 1105 1341 1175 exemplum
1365 1146 1381 1170 ,
1419 1106 1561 1162 sicut
1588 1103 1719 1162 dicit
1745 1104 1981 1173 Aposto—

389 1205 473 1259 ius
504 1222 518 1259 :
555 1221 573 1255 ι
604 1204 788 1259 Estote
835 1200 1135 1255 imitatores
1168 1197 1271 1252 mei
1322 1197 1463 1251 sicut
1509 1195 1603 1250 filii
1643 1194 1969 1261 charissimi,

390 1306 446 1351 et
495 1293 765 1349 ambulate
818 1292 873 1346 in
918 1290 1207 1344 dilectione
1235 1328 1249 1351 ,
1300 1288 1441 1340 sicut
1486 1285 1735 1339 Christus
1786 1283 1974 1338 dilexit

391 1402 507 1441 vos.
544 1406 564 1439 ι
594 1383 903 1439 Βίσθτθηιὶα
933 1381 1129 1451 quippe
1176 1393 1370 1446 magna
1400 1386 1517 1431 erat
1556 1376 1696 1430 inter
1722 1373 1971 1439 Paulum,

392 1479 481 1547 qui
513 1477 788 1532 Christum
819 1474 1148 1534 imitabatur,
1183 1479 1236 1525 et
1262 1485 1358 1525 eos
1386 1483 1521 1538 quos
1547 1466 1873 1538 provocabat
1904 1466 1971 1520 ad

393 1566 709 1621 imitandum
736 1565 995 1634 seipsum,
1022 1562 1209 1617 dicens
1234 1578 1248 1613 :
1271 1579 1289 1611 ι
1321 1559 1621 1613 lmitatores
1646 1557 1751 1613 mei
1775 1554 1969 1622 cst'ote,

392 1660 532 1715 sicut
559 1666 615 1714 et
635 1672 735 1728 ego
764 1655 991 1712 Christi.
1025 1674 1044 1705 ι

977 1743 1237 1800 CAPUT
1301 1743 1396 1800 Vl.

862 1890 865 1893 ,
994 1834 1071 1887 De
1099 1841 1243 1887 sexto
1266 1832 1371 1885 die.

463 1923 629 1980 Sexto
673 1923 763 1979 die
789 1930 1004 1977 creatus
1045 1932 1129 1975 est
1159 1922 1318 1975 homo
1363 1919 1429 1973 ad
1454 1919 1557 1973 'sui
1607 1917 1893 1987 imaginem
1921 1928 1976 1973 et

394 2013 803 2074 similitudinem
855 2010 1151 2067 Creatoris.
1203 2005 1355 2071 Quod
1419 2005 1605 2075 utique
1650 2006 1792 2059 sicut
1845 2015 1975 2061 tunc

394 2103 595 2158 factum
626 2110 710 2153 est
756 2111 854 2166 per
884 2098 1134 2149 humanas
1174 2093 1499 2149 conditionis
1543 2094 1827 2148 exordium
1855 2135 1870 2159 ,
1900 2095 1972 2149 ita

394 2207 537 2247 nunc
559 2191 738 2262 agitur
761 2206 859 2261 per
880 2189 1293 2244 instaurationis
1319 2189 1524 2243 intima:
1547 2196 1972 2244 sacramentum.

393 2284 493 2340 llic
546 2292 811 2353 praeterea
858 2282 1003 2336 inter
1042 2282 1243 2346 omnia,
1277 2280 1483 2335 scilicet
1531 2294 1687 2349 aqua:
1728 2280 1887 2333 simul
1918 2289 1974 2335 et

396 2384 552 2432 terra)
576 2375 900 2440 animantia,
912 2374 1067 2444 quasi
1091 2372 1461 2428 monarchiam
1483 2373 1698 2444 accipit,
1722 2381 1774 2426 et
1793 2388 1972 2442 quem-

393 2466 516 2523 dam
562 2464 898 2523 sublimioris
951 2463 1289 2519 excellentia:
1339 2464 1668 2535 primatum,
1715 2465 1839 2533 quia
1889 2464 1974 2516 vir

370 2555 621 2625 quisque
644 2555 915 2626 perfectus
943 2570 1008 2617 ac
1035 2556 1327 2609 virtutibus
1366 2568 1774 2610 consummatus
1824 2556 1973 2611 novit

392 2648 460 2706 tle
492 2647 718 2718 singulis
746 2655 954 2703 rectum
978 2645 1225 2717 proferre
1241 2645 1529 2716 judicium,
1558 2647 1699 2700 sicut
1731 2647 1801 2699 ait
1833 2647 1973 2714 Ape-

392 2740 563 2798 Stelus
590 2757 605 2794 :
635 2758 656 2794 ι
686 2739 997 2809 Spiritualis
1041 2738 1202 2791 homo
1230 2735 1439 2804 iudicat
1477 2736 1688 2803 omnia;
1729 2737 1841 2804 ipse
1872 2750 1970 2789 au-

394 2840 502 2886 tem
530 2846 559 2885 a
598 2829 815 2884 nemine
838 2827 1133 2898 iudicatur.
1170 2846 1193 2879 ι
1221 2824 1377 2882 Hunc
1420 2826 1603 2895 itaque
1631 2827 1769 2880 Deus
1796 2826 1975 2880 omni-

393 2928 584 2991 potens
630 2918 927 2989 perfectum
958 2918 1160 2982 virum,
1194 2917 1396 2971 mundo
1443 2917 1649 2972 scilicet
1700 2928 1971 2972 mortuum

2073 466 2146 522 Se
2191 465 2404 520 scilicet
2438 464 2612 528 diem,
2664 462 2947 517 duodecim
2996 471 3177 517 autem
3227 463 3387 519 horas
3436 467 3663 521 totidem

2079 559 2212 614 dicit
2241 557 2533 628 apostolos.
2566 555 2745 609 Locus
2787 569 2917 609 vero
2946 553 3053 608 illic
3082 555 3449 611 indubitanter
3474 558 3661 628 expri-

2073 648 2239 702 mitur
2276 646 2366 701 ubi
2398 646 2659 715 propheta
2699 644 2885 708 David,
2914 660 3036 699 cum
3067 645 3418 714 praemisisset
3464 663 3476 698 :
3523 666 3542 699 ι
3576 646 3659 703 Tu

2074 753 2252 797 autem
2302 740 2443 797 idem
2478 740 2593 808 ipse
2643 754 2722 802 es,
2770 750 2823 793 et
2875 739 3002 795 anni
3051 738 3268 811 tninon
3313 738 3597 805 deficient,
3630 759 3656 794 ι

2072 831 2323 904 protinus
2369 832 2615 886 addidit:
2651 850 2669 881 ‹
2706 829 2827 883 Filii
2877 843 3156 882 servorum
3191 836 3402 883 tuorum
3451 831 3662 889 habita-

2072 922 2209 978 bunt
2253 922 2349 988 ibi,
2382 942 2401 977 ι
2430 922 2573 977 haud
2618 919 2838 975 dubium
2884 919 3012 986 quin
3064 918 3116 972 in
3168 926 3236 972 te.
3280 918 3431 973 Fecit
3476 919 3660 989 itaque

2074 1015 2221 1073 Deus
2244 1014 2443 1071 culum
2471 1022 2526 1067 et
2552 1021 2788 1076 terram;
2822 1018 3002 1065 tamen
3036 1010 3365 1079 requievissc
3392 1026 3500 1065 non
3529 1012 3659 1066 dici-

2077 1113 2185 1160 tur.
2216 1102 2373 1157 Fecit
2411 1100 2771 1173 germinant‘ra
2812 1109 2970 1153 terra:
3001 1110 3055 1153 et
3085 1098 3371 1153 luminaria
3415 1100 3572 1164 cmii;
3603 1110 3657 1156 et

2073 1193 2408 1264 requievisse
2434 1206 2541 1247 non
2568 1192 2783 1245 dicitur.
2816 1188 2966 1243 Fecit
2991 1188 3173 1242 omnia
3203 1203 3324 1258 qua:
3359 1200 3655 1258 pascuntur

2074 1288 2126 1342 in
2158 1287 2317 1341 terris
2345 1294 2401 1340 et
2439 1300 2557 1355 quae
2603 1292 2889 1338 moventur
2929 1282 2981 1336 in
3016 1282 3198 1351 aquis;
3230 1291 3284 1336 et
3321 1282 3375 1337 in
3406 1284 3659 1337 omnibus

2074 1391 2348 1446 nunquam
2381 1375 2575 1445 legitur
2604 1374 2956 1443 requievisse.
2988 1372 3094 1427 Sed
3135 1372 3400 1444 plasmate
3429 1373 3493 1427 ad
3525 1374 3660 1427 ima—

2074 1469 2253 1539 ginem
2301 1481 2455 1521 suam
2505 1465 2757 1529 homine,
2806 1463 3103 1523 Sublicium
3166 1464 3415 1534 protinus
3460 1464 3661 1533 quietis

2076 1560 2277 1622 illuxit,
2324 1550 2383 1612 et
2426 1558 2505 1612 sic
2552 1555 2907 1611 humanitatis
2952 1554 3211 1610 Conditor
3262 1556 3549 1624 requievit.
3592 1556 3661 1613 Et

2004 1646 2197 1705 Bcum
2249 1648 2361 1717 ipse
2410 1661 2508 1717 per
2553 1647 2870 1717 prophetam
2914 1646 3107 1701 isaiam
3154 1646 3295 1700 dicat
3350 1665 3415 1700 ει
3451 1647 3659 1703 Caelum

2078 1738 2211 1792 mihi
2237 1738 2391 1792 sedes
2417 1746 2522 1803 est,
2550 1747 2691 1792 terra
2738 1746 2917 1791 autem
2948 1735 3239 1793 scabellum
3280 1738 3476 1808 pedum
3513 1753 3663 1795 meo-

2078 1844 2237 1894 rum,
2277 1847 2293 1880 ι
2329 1828 2469 1897 quod
2522 1828 2573 1880 in
2623 1826 2833 1880 illorum
2884 1826 3162 1881 creatione
3207 1842 3311 1880 non
3356 1826 3575 1893 dicitur,
3603 1827 3660 1881 in

2075 1917 2187 1972 sola
2222 1918 2454 1972 hominis
2491 1916 2800 1972 conditione
2830 1916 3101 1984 quievisse
3143 1917 3474 1987 perhibetur.
3502 1918 3571 1973 Et
3598 1929 3662 1972 ut

2078 2011 2248 2081 magis
2283 2012 2562 2081 magisque
2595 2009 2905 2083 praeclaram
2951 2009 3111 2079 hujus
3155 2010 3259 2065 dici
3291 2011 3510 2081 septimi
3538 2020 3654 2064 stu-

2076 2118 2205 2171 peas
2254 2102 2606 2171 dignitatem,
2660 2100 2792 2155 dicit
2840 2100 3117 2169 Scriptura
3182 2101 3324 2171 quod
3385 2099 3659 2154 benedixit

2076 2194 2217 2247 Deus
2245 2194 2349 2247 diei
2375 2194 2605 2262 septimo
2635 2201 2691 2245 et
2721 2190 3079 2245 sanctificavit
3108 2190 3280 2256 illum,
3310 2191 3433 2260 quia
3460 2190 3513 2245 in
3543 2191 3659 2260 ipso

2075 2284 2307 2339 cessavit
2336 2284 2403 2336 ab
2427 2284 2679 2337 universo
2702 2296 2867 2350 opere
2893 2296 3024 2345 suo;
3057 2280 3201 2351 quod
3232 2281 3284 2335 in
3311 2281 3524 2336 exteris
3549 2281 3659 2334 die-

2075 2356 2176 2431 bus
2228 2376 2421 2432 fecisse
2472 2375 2617 2428 nullo
2649 2375 2810 2429 modo
2855 2374 3145 2443 reperitur.
3197 2373 3336 2440 Quid
3387 2374 3530 2427 enim
3575 2382 3658 2431 est

2076 2470 2186 2524 Deo
2226 2469 2519 2523 Sabbatnm
2545 2466 2908 2528 sanctificare,
2944 2466 3043 2521 nisi
3077 2466 3332 2534 templum
3360 2465 3579 2519 sibimet
3602 2463 3657 2518 in

2075 2559 2246 2615 sancti
2296 2570 2456 2626 atque
2491 2555 2712 2627 perfecti
2748 2556 2845 2610 viri
2886 2564 3065 2608 tuente
3109 2555 3353 2609 struere?
3396 2552 3547 2607 Sicut
3581 2551 3659 2606 ait

2074 2650 2364 2721 Apostolus
2414 2649 2477 2703 ad
2526 2648 2879 2702 Corinthios:
2916 2664 2934 2699 t
2967 2645 3247 2715 Templum
3294 2644 3384 2700 Dei
3412 2653 3655 2698 sanctum

2072 2751 2177 2803 est,
2212 2741 2353 2808 quod
2403 2739 2534 2794 estis
2567 2754 2693 2801 vos,
2726 2746 2781 2792 ct
2821 2736 3054 2807 Spiritus
3098 2746 3318 2791 sanctus
3366 2735 3573 2793 habitat
3600 2735 3653 2789 in

2073 2831 2244 2885 vobis.
2280 2851 2298 2881 ι
2329 2829 2497 2885 Porro
2526 2841 2731 2895 autem,
2762 2830 2905 2883 sicut
2926 2829 2991 2883 de
3035 2829 3271 2883 Sabbato
3300 2828 3552 2888 diximus,
3579 2831 3653 2880 ita

2075 2912 2289 2991 quoque
2325 2923 2465 2975 ratio
2496 2921 2663 2990 exigit
2690 2930 2747 2974 ut
2777 2921 2841 2975 de
2891 2919 3086 2989 temple
3142 2921 3387 2976 dicamus
3429 2918 3551 2989 quia
3598 2927 3654 2975 et

394 3011 606 3080 sibique
637 3011 933 3074 viventem,
960 3023 1117 3062 suum
1147 3007 1430 3062 constituit
1473 3007 1727 3061 thronum
1766 3021 1831 3061 ac
1874 3022 1971 3077 per
1997 2991 2042 3052 (ἶ
2075 3009 2216 3063 Deus
2246 3009 2501 3081 templum
2536 3010 2790 3073 hominis,
2823 3019 2871 3064 cl
2918 3011 3078 3063 homo
3120 3018 3204 3066 est
3233 3009 3488 3080 templum
3517 3008 3656 3074 Dei,

395 3115 517 3160 euut
546 3113 685 3169 sape
703 3097 927 3169 iustitiae
962 3111 1074 3153 sua:
1100 3095 1406 3168 promulgat
1428 3097 1684 3151 edictum.
1723 3095 1858 3151 Hinc
1888 3108 1972 3151 est

394 3191 556 3247 etiam
582 3189 724 3259 quod
767 3189 902 3244 ordo
931 3188 1022 3244 ille
1050 3187 1352 3259 angelicas,
1382 3203 1483 3259 per
1508 3203 1670 3258 quem
1716 3188 1971 3258 frequen-

398 3284 503 3341 tius
522 3280 726 3351 judicia
753 3295 852 3337 sua
894 3281 1139 3337 decernit
1178 3280 1519 3352 omnipotens
1546 3282 1710 3347 Deus,
1746 3282 1973 3337 thronus

394 3384 652 3441 vocatur,
698 3372 823 3443 quia
866 3371 923 3428 iu
968 3372 1050 3427 eis
1096 3386 1341 3427 summus
1381 3370 1530 3426 sedet
1573 3371 1797 3434 arbiter.
1847 3387 1971 3425 cum

386 3466 590 3541 judicia
623 3481 720 3536 per
739 3481 834 3522 eos
858 3464 1131 3536 aequitatis
1158 3473 1398 3520 exercet.
1440 3463 1743 3518 Perfectum
1790 3464 1973 3533 itaque

394 3556 570 3612 virum
600 3558 743 3611 Deus
770 3573 926 3611 suum
976 3556 1259 3610 constituit
1294 3556 1489 3609 solium
1510 3594 1529 3619 ,
1559 3564 1618 3607 ut
1660 3555 1712 3609 in
1756 3571 1821 3610 eo
1852 3570 1977 3608 sua-

394 3650 534 3703 viter
562 3648 883 3717 requiescat.
919 3645 1071 3700 Unde
1114 3655 1169 3701 et
1213 3660 1309 3715 per
1354 3645 1677 3714 Prophetam
1704 3663 1717 3698 :
1748 3665 1764 3695 ι
1800 3646 1975 3715 Super

395 3752 577 3808 quem,
612 3736 805 3806 inquit,
838 3734 1139 3809 requiescet
1179 3734 1403 3803 spiritus
1446 3748 1634 3797 meus,
1677 3732 1779 3786 nisi
1812 3747 1974 3801 super

398 3827 660 3887 humilem
703 3835 758 3882 ct
799 3834 1165 3891 mansuetum,
1200 3834 1256 3881 et
1296 3832 1615 3881 trementem
1666 3823 1970 3894 892ser-

397 3932 588 3975 moues
617 3916 799 3973 meos?
830 3935 849 3968 ι
880 3915 947 3971 Et
970 3915 1265 3970 notandum
1292 3914 1435 3984 quod
1480 3927 1576 3984 per
1616 3928 1975 3982 unumquem-

398 4028 505 4085 que
541 4011 684 4065 diem
720 4009 921 4064 dicitur
958 4026 973 4063 :
1006 4026 1027 4059 ε
1059 4007 1278 4063 Factum
1323 4016 1401 4063 est
1438 4019 1663 4076 vespere
1707 4014 1764 4059 et
1794 4019 1973 4071 mane,

397 4103 511 4157 dies
534 4120 551 4152 ι
574 4100 713 4157 talis.
740 4097 975 4169 Vespere
999 4096 1206 4154 scilicet
1227 4096 1338 4167 ipsa
1360 4096 1483 4152 boni
1511 4095 1691 4165 operis
1715 4093 1974 4165 perfectio

395 4200 513 4257 est;
550 4205 708 4245 mane
747 4204 874 4244 vero
904 4187 993 4242 lux
1027 4188 1246 4242 mentis.
1272 4185 1408 4242 Nam
1447 4200 1570 4240 cum
1604 4199 1738 4254 opus
1773 4184 1973 4239 bonum

397 4282 465 4336 ad
492 4280 871 4352 perfectionem
898 4277 1181 4349 pervenit,
1207 4285 1336 4330 tunc
1378 4276 1431 4329 in
1471 4274 1751 4345 operantis
1795 4283 1973 4329 mente

2074 3098 2211 3154 sicut
2249 3099 2303 3152 in
2354 3100 2674 3169 Apocalypsi
2719 3098 2954 3154 Juanues
3004 3100 3079 3155 ait
3122 3115 3136 3152 :
3174 3120 3193 3151 t
3228 3099 3506 3168 Templum
3546 3114 3654 3155 non

2075 3190 2180 3244 vidi
2218 3192 2268 3245 iu
2301 3206 2398 3255 ea,
2451 3191 2709 3245 Dominus
2752 3190 2895 3245 enim
2950 3192 3090 3247 Deus
3136 3191 3479 3261 omnipotens
3516 3200 3653 3249 teuto

2074 3277 2218 3350 pium
2251 3281 2392 3335 illius
2414 3290 2517 3346 est,
2545 3291 2599 3336 et
2620 3283 2826 3351 Agnus.
2857 3303 2874 3331 ι
2905 3280 3182 3351 Templum
3210 3281 3394 3350 itaque
3421 3281 3660 3338 hominis

2074 3371 2249 3438 Dens,
2301 3372 2557 3441 templum
2613 3370 2707 3425 Dei
2756 3371 2957 3426 dicitur
3009 3372 3204 3437 homo;
3258 3371 3362 3426 hoc
3419 3370 3656 3426 hominis

2075 3464 2332 3535 templum
2384 3464 2681 3534 spiritualis
2726 3474 2807 3518 est
2868 3465 3185 3534 paradisus,
3240 3480 3394 3519 mens
3448 3464 3653 3520 scilicet

2074 3565 2284 3619 sancta,
2316 3572 2467 3611 mens
2512 3557 2783 3626 perfecta,
2821 3572 2974 3612 mens
3006 3558 3234 3622 munda,
3270 3568 3430 3627 atque
3464 3558 3529 3611 ad
3568 3557 3652 3612 sui

2074 3650 2379 3706 Conditoris
2423 3649 2712 3721 imaginem
2760 3650 3036 3721 signanter
3083 3666 3359 3721 expressa.
3394 3649 3539 3715 Hice,
3571 3649 3651 3702 in-

2074 3758 2257 3811 quam,
2289 3755 2463 3807 mens,
2487 3743 2601 3797 sive
2625 3742 2902 3797 rationalis
2930 3743 3106 3797 anima
3128 3744 3252 3813 jure
3279 3743 3477 3799 dicitur
3501 3757 3652 3812 para-

2075 3834 2260 3899 disus,
2306 3849 2427 3904 qua:
2470 3844 2525 3889 et
2567 3834 2870 3890 caelestium
2915 3836 3308 3894 charismatum
3353 3847 3437 3891 est
3482 3833 3649 3907 893

2073 3920 2287 3978 liuentis
2323 3924 2525 3994 irrigua
2573 3933 2627 3980 et
2677 3933 2928 3995 tanquam
2979 3922 3235 3981 fertilium
3281 3926 3533 3981 arborum
3566 3925 3650 3980 vel

2076 4014 2365 4071 herbarum
2396 4018 2475 4073 sic
2504 4018 2805 4074 virentibus
2842 4028 3156 4076 sanctarum
3178 4019 3437 4074 virtutum
3458 4025 3650 4074 vernat

2074 4108 2408 4176 germinibus
2456 4110 2755 4177 adornata;
2801 4111 2922 4170 fons
2969 4113 3115 4169 enim
3163 4112 3251 4168 ille
3291 4098 3411 4167 sive
3458 4111 3649 4169 ﬂuvius

2075 4196 2168 4263 qui
2198 4195 2305 4251 illic
2331 4198 2529 4253 dicitur
2554 4200 2737 4271 egredi
2765 4200 2833 4257 de
2859 4201 2977 4257 loco
3009 4202 3297 4272 voluptatis
3325 4203 3392 4257 ad
3416 4204 3649 4274 irrigan-

2074 4284 2201 4338 dum
2230 4287 2565 4355 paradisum,
2597 4291 2796 4361 quique
2825 4292 3079 4349 dividitur
3107 4291 3162 4352 in
3190 4302 3420 4365 quatuor
3451 4294 3646 4361 capita,

397 4342 692 4438 lux-gratia:
718 4366 1011 4437 spiritualis
1040 4367 1299 4429 exoritur,
1330 4372 1390 4420 ut
1418 4367 1543 4421 dum
1572 4363 1806 4419 lucidum
1838 4379 1977 4434 opus
2000 4342 2049 4402 ι)
2077 4342 2440 4435 ταιίοἰηθηιίε
2482 4342 2586 4448 est,
2604 4342 2723 4436 ‘6;
2742 4342 2857 4452 41,;
2862 4342 2876 4345 '
2894 4342 3653 4454 ',:,_:,;;;“gggngg‘dglggg;

399 4459 529 4513 foris
558 4456 890 4531 exsequitur,
921 4455 1245 4508 intrinsecus
1269 4453 1383 4523 ipsa
1408 4452 1579 4524 gratia
1604 4451 1829 4522 spiritus
1854 4452 1972 4507 illu-

396 4558 621 4605 stretur.

991 4637 1217 4694 CAPUT
1262 4636 1379 4709 vn.

399 4733 554 4800 Quod
578 4731 837 4797 Sabbato,
860 4731 1232 4787 consummatis
1258 4729 1518 4796 omnibus,
1542 4731 1784 4801 requievit
1807 4730 1968 4785 Deus.

468 4806 769 4895 Sic'itaqne
808 4823 1118 4893 pervcnitur
1151 4823 1219 4879 ad
1249 4822 1576 4889 Sabbatum,
1614 4822 1671 4877 in
1699 4836 1805 4892 quo
1836 4824 1973 4880 Deus

396 4926 451 4969 et
496 4917 615 4987 ipse
641 4914 1025 4971 consummatis
1053 4914 1303 4969 omnibus
1347 4913 1672 4984 requiescit,
1699 4923 1754 4969 et
1801 4914 1974 4968 hemi-

398 5019 521 5059 nem
571 5002 909 5071 requiescere
963 5003 1208 5072 prmcipit
1250 5020 1263 5055 ε
1332 5003 1433 5057 hoc
1486 5003 1667 5072 itaque
1716 5004 1877 5059 modo.
1920 5014 1973 5058 et

397 5095 559 5150 humo
584 5094 641 5147 ﬁt
671 5092 761 5147 Dei
794 5091 1108 5156 Sabbatum,
1139 5101 1194 5146 et
1222 5090 1363 5147 Deus
1404 5092 1695 5146 Sabbatum
1743 5094 1976 5150 hominis

399 5183 480 5245 fit,
511 5182 637 5251 quia
662 5182 777 5251 ipse
806 5181 967 5235 homo
996 5181 1050 5234 in
1082 5180 1192 5234 Deo
1221 5181 1539 5251 requiescit,
1561 5190 1615 5235 et
1643 5184 1778 5235 Deus
1810 5183 1861 5236 iu
1887 5198 1969 5237 eo.

404 5292 427 5324 ι
452 5273 661 5327 Mancte
691 5273 743 5325 in
771 5284 877 5333 me.
923 5280 977 5324 et
1024 5285 1127 5341 ego
1166 5271 1219 5324 in
1250 5272 1439 5337 vobis,
1463 5272 1586 5333 dicit
1621 5271 1911 5337 Dominus;
1949 5292 1967 5324 ›

401 5362 514 5431 ipse
543 5362 737 5431 quippe
764 5361 919 5416 nobis
949 5360 1298 5429 intemperale
1330 5370 1537 5430 tempus
1568 5371 1623 5414 et
1646 5361 1868 5414 illocalis
1891 5372 1975 5417 est

400 5450 568 5504 locus.
617 5450 843 5507 Hlocalis
890 5450 1120 5515 scilicet,
1149 5450 1279 5520 quia
1325 5450 1442 5504 loco
1488 5464 1592 5503 nou
1624 5450 1969 5507 circumscri-

400 5544 577 5609 bitur;
622 5543 990 5618 intemporalis
1047 5560 1213 5610 vero,
1260 5545 1381 5615 quia
1435 5559 1705 5614 nunquam
1760 5541 1967 5603 finitur.

2080 4472 2202 4523 tuor
2231 4468 2477 4537 virtutes,
2514 4471 2727 4542 iustitia
2770 4472 3039 4539 videlicet,
3068 4472 3341 4539 fortitudo,
3367 4474 3651 4546 prudentia

2078 4556 2237 4610 simul
2278 4573 2342 4614 ac
2390 4562 2762 4631 temperantia,
2790 4564 2949 4632 quasi
2980 4563 3203 4621 totidem
3232 4564 3496 4625 salutiferi
3525 4581 3653 4638 sur.

2076 4651 2238 4721 gites,
2265 4652 2557 4724 proﬂuunt,
2587 4656 2677 4726 qui
2726 4664 2924 4711 terram
2974 4658 3144 4713 nostri
3193 4659 3373 4714 cordis
3418 4658 3649 4718 fertilem

2079 4742 2327 4797 reddunt.
2362 4743 2587 4814 Lignum
2619 4761 2745 4800 vero
2790 4746 2912 4800 vitae
2957 4748 3084 4817 ipsa.
3116 4747 3380 4803 bonorum
3410 4749 3648 4804 omnium

2078 4844 2249 4889 mater
2293 4845 2375 4890 est
2423 4839 2706 4905 sapientia,
2742 4838 2810 4893 de
2858 4854 2963 4907 qua
2988 4848 3043 4894 et
3069 4838 3326 4893 Salomon
3351 4841 3474 4895 ait:
3509 4857 3530 4892 α
3561 4839 3653 4894 Li-

2075 4941 2240 4997 gnum
2272 4927 2394 4981 vita:
2439 4936 2520 4983 est
2567 4929 2650 4982 his
2700 4930 2789 4999 qtti
2837 4931 3243 4999 appreltendent
3278 4946 3433 4998 eam;
3472 4942 3527 4986 et
3555 4932 3647 5003 qui

2078 5017 2308 5072 tenuerit
2333 5033 2476 5082 eam,
2504 5018 2712 5073 beatus.
2749 5038 2769 5072 ι
2804 5018 3027 5090 Lignum
3077 5035 3206 5074 vero
3249 5021 3490 5075 scientiae
3522 5021 3649 5076 boni

2074 5123 2128 5166 et
2177 5112 2301 5167 mali
2334 5116 2696 5182 transgressio
2734 5124 2817 5169 est
2864 5116 2998 5186 legis
3046 5116 3263 5173 indicta:
3310 5120 3650 5186 experimu-

2076 5208 2297 5271 tumque
2344 5202 2610 5268 ittiserim,
2650 5205 2744 5258 sed
2789 5204 2919 5274 quia
2960 5206 3117 5261 nobis
3163 5208 3495 5275 propositum
3542 5224 3648 5264 non

2074 5300 2156 5347 est
2203 5307 2475 5363 exponere
2522 5302 2716 5350 cuncta
2764 5311 2862 5366 per
2905 5298 3182 5362 ordinem,
3221 5296 3491 5353 suiliciant
3532 5299 3650 5357 hac

2073 5383 2370 5451 succincte,
2395 5398 2517 5454 qua
2544 5384 2673 5441 huic
2703 5386 2919 5457 negatio
2945 5397 3288 5455 competunt,
3316 5387 3650 5456 pralibasse.
