4054 6184
398 258 499 313 διξ

981 367 1206 438 CAPUT
1250 366 1378 419 vuL

629 459 850 513 Immisit
886 458 1141 511 Dominus
1177 475 1413 526 sororem
1459 458 1511 510 in
1544 458 1734 509 Adam.

465 552 546 606 Ad
574 551 674 605 hoc
703 549 797 620 Dei
827 549 997 603 virtus
1025 549 1300 602 exinanita
1328 537 1412 601 est
1453 556 1511 599 ut
1555 547 1766 600 infirma
1792 553 1973 599 nostra

395 646 669 705 firmaret;
703 642 769 695 ad
798 642 900 694 hoc
928 640 1022 696 Dei
1065 640 1368 706 sublimitas
1405 638 1657 692 inclinata
1686 645 1769 690 est
1797 644 1856 688 ut
1879 634 1972 687 de-

388 736 565 802 jcctos
591 733 861 802 erigeret;
885 725 1081 784 ad'hoc
1103 725 1210 782 vita
1240 728 1373 783 mori
1404 729 1619 798 dignata
1641 735 1726 782 est
1753 734 1812 780 ιιι
1833 740 1977 780 mor-

394 826 461 878 tis
490 822 775 892 imperium
799 820 1088 896 destruens
1108 819 1174 873 ad
1199 819 1362 871 vitam
1388 825 1632 870 mortuos
1653 821 1931 868 revocaret
1959 829 1972 864 :

390 914 537 982 quod
566 912 820 966 nimirum
842 920 899 964 et
935 910 986 962 iu
1022 908 1140 979 ipso
1166 905 1382 977 generis
1415 904 1636 958 humani
1667 901 1978 957 declaratur

389 1004 636 1057 exordio.
668 999 939 1068 Scriptum
975 1007 1060 1052 est
1090 996 1233 1051 enim
1265 1013 1279 1048 :
1317 1015 1334 1045 ι
1373 993 1509 1060 Quia
1542 991 1766 1045 iuunisit
1792 989 1975 1044 Domi-

366 1087 492 1150 ~nus
526 1108 776 1164 soporem
813 1092 864 1144 in
892 1091 1098 1152 Adam,
1137 1100 1367 1155 cumque
1403 1083 1806 1144 obdormisset,
1856 1079 1978 1133 tulit

393 1201 551 1240 unam
581 1184 646 1237 de
679 1182 846 1236 costis
893 1177 1042 1246 ejus,
1062 1186 1118 1232 et
1161 1176 1646 1247 replevit'carnem
1681 1186 1778 1240 pro
1808 1185 1894 1234 ea,
1922 1177 1978 1221 et

389 1274 676 1333 aedificavit
722 1271 984 1326 Dominus
1018 1269 1158 1324 Deus
1200 1276 1434 1329 costam,
1477 1280 1637 1334 quam
1685 1260 1883 1315 tulerat
1911 1261 1976 1314 de

391 1367 596 1429 Adam,
633 1363 685 1416 in
721 1360 1021 1416 mulierem.
1062 1378 1080 1410 ι
1117 1347 1291 1426 Super
1335 1371 1441 1424 quo
1490 1343 1611 1408 cum
1663 1352 1978 1421 loqueretur

390 1455 713 1526 Apostolus.
753 1452 938 1506 dicens
985 1469 998 1504 :
1037 1470 1053 1500 ι
1104 1449 1395 1517 Relinquet
1443 1445 1605 1526 homo
1664 1451 1873 1513 patrem
1922 1453 1976 1497 et

390 1557 618 1599 matrem
651 1559 840 1606 suam,
893 1551 943 1595 et
993 1539 1285 1594 adhmrebit
1335 1535 1489 1590 uxori
1539 1523 1683 1595 suae,
1730 1544 1786 1586 et
1815 1541 1977 1588 erunt

369 1626 494 1692 duo
527 1638 581 1691 in
609 1651 774 1692 carne
806 1650 944 1698 una,
977 1652 992 1682 ι
1030 1641 1226 1701 praesto
1257 1628 1531 1698 subiunxit
1563 1645 1574 1680 :
1609 1645 1626 1676 ι
1656 1626 1950 1678 Sari-amen

392 1743 502 1784 tum
535 1726 636 1783 hoc
665 1719 919 1794 maguum
951 1733 1067 1787 cst;
1099 1738 1197 1792 ego
1223 1730 1400 1775 autem
1430 1719 1550 1773 dico
1584 1717 1636 1770 in
1675 1714 1894 1770 Christo
1925 1724 1979 1768 et
2010 1716 2054 1776 Β

389 1823 442 1875 in
477 1819 735 1874 Ecclesia.
779 1835 794 1866 ι
831 1815 896 1870 Ει
925 1827 1050 1866 vere
1095 1826 1301 1880 tuang
1341 1807 1559 1863 virtutis
1589 1803 1850 1860 indicium
1882 1802 1981 1867 mi-

393 1912 571 1965 randae
622 1905 1010 1979 profunditatis
1062 1912 1146 1957 est
1192 1909 1614 1956 sacramentum.
1673 1894 1775 1948 Per
1809 1893 1980 1948 Adam

390 2003 655 2074 siquidem
697 2000 974 2063 Christus,
1026 2012 1121 2067 per
1152 1995 1312 2048 Evam
1356 1991 1671 2060 designatur
1713 1983 1977 2040 Ecclesia.

391 2095 526 2161 Quid
558 2085 642 2149 est
670 2103 852 2146 autem
901 2089 1041 2158 quod
1073 2087 1222 2158 prius
1269 2084 1440 2139 Adam
1492 2082 1632 2162 Deus
1677 2075 1978 2149 soporavit,

391 2185 584 2240 deinde
613 2193 821 2239 costam
868 2197 930 2234 ex
976 2178 1091 2247 ejus
1128 2177 1327 2239 latere,
1364 2173 1505 2227 unde
1537 2171 1732 2226 mulier
1777 2169 1980 2223 forma-

394 2289 564 2340 retur,
596 2277 815 2338 eduxit,
847 2273 947 2328 nisi
983 2271 1106 2341 quia
1138 2273 1289 2338 prius
1327 2267 1660 2336 Redemptor
1703 2265 1760 2318 in
1809 2270 1984 2317 morte

391 2369 676 2431 dormivit,
711 2368 896 2434 sicque
919 2366 983 2418 de
1014 2363 1182 2414 latere
1227 2358 1343 2426 eius
1391 2358 1445 2437 in
1496 2355 1983 2433 Ecclesiassacra-

384 2445 634 2514 mentum
684 2441 905 2525 Sanguis
953 2462 1006 2505 et
1049 2465 1189 2518 aqua
1241 2446 1523 2517 proﬂuxit?
1568 2442 1851 2497 Translata
1899 2448 1984 2494 est

397 2554 500 2607 Eva
533 2553 598 2606 de
641 2549 739 2603 viri
770 2548 940 2601 latere
971 2539 1319 2603 dormientis,
1365 2537 1533 2592 exivit
1562 2547 1614 2590 et
1644 2532 1885 2592 Ecclesia
1917 2531 1983 2585 de

396 2644 564 2696 latere
591 2635 794 2693 Christi
841 2635 894 2688 iu
922 2647 1084 2688 cruce
1108 2627 1411 2700 pendentis.
1438 2624 1548 2680 Sed
1570 2624 1700 2694 quid
1729 2631 1815 2676 est
1836 2618 1984 2691 quod

393 2730 736 2798 onniipotens
765 2725 1048 2788 Coaditor,
1071 2735 1194 2776 cum
1227 2716 1506 2770 mulierem
1534 2715 1600 2768 de
1631 2713 1772 2775 viro,
1793 2712 1848 2766 id
1875 2720 1980 2776 est,

393 2817 642 2893 fragilem
690 2833 879 2872 sexum
932 2815 998 2867 de
1049 2811 1258 2866 fortiori
1309 2820 1610 2878 propagare
1641 2804 1980 2872 disponeret,

401 2889 507 2969 nou
545 2911 642 2965 viri
673 2919 921 2968 carnem,
948 2901 1039 2957 sed
1083 2918 1144 2956 os
1175 2900 1356 2971 potius
1387 2896 1453 2951 ad
1486 2891 1790 2949 faciendam
1827 2890 1984 2946 fetni-
2009 2889 2032 2901 ”

399 3021 523 3059 nam
573 3002 673 3058 sibi
722 2999 891 3055 voluit
942 2996 1221 3051 materiam
1264 2989 1556 3046 exhibere?
1606 2973 1787 3042 Potuit
1834 2985 1981 3041 enim

1175 299 1185 309 .
1246 249 1492 306 OPUSC.
1539 249 1648 304 LX.
1683 277 1752 310 -_-
1779 247 2144 336 EXPOSITlO
2200 246 2375 302 [nillil
2413 246 2794 304 GENESEOS.

3553 261 3655 316 ειθ

2003 375 2059 428 Α
2080 359 2110 411 d
2134 378 2268 415 trum
2303 377 2366 415 ac
2394 361 2530 415 forte
2549 403 2562 425 ,
2596 365 2737 430 quod
2773 359 2903 416 forts
2921 370 3028 420 est.
3053 361 3306 416 defendat
3333 365 3490 418 molle
3511 367 3650 434 quod

2017 517 2020 519 Α
2081 461 2222 503 Intus
2245 459 2348 504 est.
2381 450 2708 519 Redemptor
2734 459 2942 514 noster,
2969 466 3088 505 eum
3112 453 3294 508 mundi
3323 453 3484 520 Itujus
3510 470 3654 510 erm-

2079 552 2203 605 pum
2256 548 2589 609 pugnaturus
2621 538 2938 609 ingreditur.
2991 541 3056 592 ad
3103 541 3448 596 debellandas
3497 543 3654 611 huius

2078 628 2222 682 aeris
2244 630 2510 697 nequitias
2532 627 2688 684 fortis
2711 629 2988 698 praeltator
3008 640 3278 696 armatur;
3306 633 3430 702 quia
3453 647 3653 690 novum

2079 719 2302 774 debebat
2355 720 2622 773 instruere
2671 720 2944 790 pnelium,
3010 737 3205 774 novum
3263 723 3436 778 induit
3485 738 3655 793 genus

2078 825 2382 873 armorum;
2433 809 2683 866 videlicet
2719 818 2777 864 ut
2803 826 2946 880 quoa
2991 811 3262 866 inﬁrmum
3290 822 3374 868 est
3398 827 3654 883 supcrpo-

2080 910 2265 962 neret,
2295 909 2350 954 et
2381 901 2524 970 quod
2557 902 2835 957 robustum
2861 910 2945 956 est
2978 889 3303 968 occultaret;
3334 903 3554 960 loricam
3582 905 3652 962 si-

2044 1035 2049 1039 .
2078 991 2297 1059 quidem
2349 991 2672 1046 imbecillem
2706 993 2888 1046 carnis
2933 993 3126 1057 induit,
3162 994 3652 1064 etinsnperabilent

2080 1078 2377 1134 divinitatis
2413 1082 2781 1135 fortitudinem
2810 1083 3123 1137 occultavit.
3173 1083 3266 1137 Sic
3312 1099 3406 1152 per
3434 1101 3654 1140 carnem

2059 1170 2324 1232 diabolus
2351 1188 2382 1228 a
2408 1174 2644 1227 secundo
2675 1174 2894 1229 homine
2915 1175 3180 1243 perdidit,
3203 1177 3292 1244 qui
3321 1191 3417 1244 per
3434 1193 3654 1234 carnem

2079 1262 2294 1328 dudum,
2323 1264 2558 1333 primum
2593 1264 2865 1318 hominem
2903 1266 3488 1335 superavit.eidemque
3518 1283 3656 1322 nunc

2065 1351 2252 1428 ‘ruiute
2284 1351 2426 1407 facta
2461 1361 2548 1408 est
2573 1368 2762 1418 causa,
2793 1368 2910 1422 quae
2941 1354 3177 1412 victoria:
3205 1354 3376 1411 fuerat
3399 1358 3464 1413 de
3484 1358 3661 1426 primo

2064 1456 2146 1511 _pa
2158 1454 2310 1496 rente
2334 1445 2582 1498 umteria.

2694 1537 2923 1594 CAPUT
2957 1537 3047 1592 lx.

2072 1643 2258 1709 Quod,
2285 1647 2652 1700 deambttiunte
2683 1648 2908 1700 Domino
2939 1650 3293 1718 in‘pamdiso,
3319 1650 3510 1713 Adam,
3533 1653 3659 1718 quia

2478 1720 2651 1770 mulus
2678 1728 2839 1783 esset,
2871 1733 2925 1770 se
2961 1703 3250 1779 abscondit.
3281 1703 3292 1712 ’
3498 1703 3509 1713 ’
3545 1703 3552 1762 Ῐ

2152 1805 2348 1876 Frigus
2391 1816 2708 1860 etmeretum
2770 1810 2975 1878 pectori
3029 1825 3214 1863 vocem
3268 1809 3662 1880 interrumpere

2080 1898 2393 1959 consuevit,
2440 1897 2540 1951 hoc
2588 1898 2820 1968 denique
2853 1899 3022 1969 frigus
3045 1899 3160 1968 jam
3193 1910 3321 1962 tunc
3348 1901 3436 1957 ille
3469 1917 3662 1958 conce-

2079 1993 2266 2054 perat,
2305 1985 2420 2054 qui,
2454 1987 2831 2042 deatubulante
2861 1989 3087 2043 Domino
3114 1991 3180 2043 ad
3209 2007 3392 2046 auram
3425 1992 3661 2062 paradisi

2081 2085 2202 2144 post
2229 2076 2535 2142 meridiem,
2562 2078 2741 2133 raucis
2771 2078 3167 2149 quodammodo
3188 2082 3409 2136 vocibus
3434 2097 3662 2150 respon-

2080 2167 2285 2221 debat:
2330 2187 2347 2219 ι
2387 2168 2579 2224 Audivi
2626 2184 2813 2224 vocem
2844 2177 3028 2232 tuam,
3071 2179 3125 2224 et
3180 2170 3362 2239 timui,
3407 2187 3477 2226 eo
3518 2174 3660 2240 ιιιωιι

2081 2258 2257 2335 nudus
2278 2272 2453 2313 essem
2471 2297 2486 2322 ,
2515 2267 2568 2312 et
2593 2258 2848 2314 abscondi
2877 2274 2979 2314 me.
3017 2277 3036 2311 ι
3067 2258 3236 2315 Porro
3256 2261 3381 2330 quia
3411 2262 3662 2316 meridia-

2082 2363 2186 2401 nus
2213 2347 2281 2402 ab
2322 2348 2412 2402 illo
2435 2348 2547 2418 jam
2592 2347 2773 2402 fervor
2812 2349 3049 2413 abierat,
3091 2364 3254 2416 aura,
3283 2365 3406 2418 qua:
3448 2351 3664 2421 frigoris

2082 2447 2168 2516 est
2191 2438 2410 2492 alumna
2430 2478 2445 2502 ,
2477 2438 2583 2492 huc
2610 2439 2935 2501 accedebat.
2965 2439 3091 2508 quia
3117 2451 3172 2495 et
3200 2439 3346 2494 illum
3365 2455 3472 2509 iam
3506 2443 3661 2496 inno-

2082 2529 2262 2586 centia
2312 2529 2526 2584 sublata
2587 2529 2905 2585 nudaverat.
2955 2529 3081 2586 llaec
3128 2532 3310 2586 omnia
3357 2534 3485 2602 quid
3513 2533 3657 2587 aliud

2085 2619 2345 2690 innuunt,
2373 2635 2534 2690 quam
2583 2619 2709 2691 quia
2756 2620 2901 2675 illius
2929 2623 3136 2678 viscera
3165 2623 3417 2677 exstincti
3462 2625 3666 2678 amoris

2085 2708 2237 2777 algor
2251 2708 2642 2774 obstrinxerat,
2659 2718 2822 2778 atque
2842 2709 3046 2766 ideirco
3069 2727 3173 2767 vox
3198 2711 3342 2766 illius
3365 2712 3416 2766 in
3442 2713 3666 2766 auribus

2088 2797 2297 2858 Domini
2320 2818 2542 2858 raucum
2564 2804 2829 2858 sonabat?
2853 2804 2937 2858 Ab
2961 2805 3064 2859 hoc
3083 2804 3240 2878 plane
3266 2805 3466 2876 frigore
3492 2807 3664 2864 Abra-

2085 2894 2212 2954 ham
2239 2893 2447 2949 alienus
2492 2893 2808 2960 exstiterat,
2857 2895 2925 2949 de.
2969 2910 3078 2965 quo
3122 2895 3400 2968 Scriptura
3432 2912 3666 2966 pronun-

2087 2988 2188 3042 tiat
2215 3004 2229 3041 :
2269 3007 2286 3038 ι
2319 2986 2588 3055 Quoniam
2636 2986 2890 3057 apparuit
2931 2987 2982 3041 ei
3015 2986 3276 3043 Dominus
3311 2989 3363 3042 in
3395 2989 3520 3058 ipso.
3552 2988 3664 3042 fer-

401 3096 542 3150 Deus
588 3090 788 3148 homini
821 3103 1039 3144 carnem
1087 3085 1407 3138 subtrahere
1427 3123 1440 3147 ,
1473 3080 1616 3134 unde
1645 3077 1846 3134 femina
1877 3076 1980 3130 for-
2005 3062 2053 3125 Ο
2087 3093 2216 3134 vore
2245 3078 2349 3132 diei
2373 3119 2388 3143 ,
2431 3097 2450 3132 ι
2497 3087 2554 3134 ει
2585 3077 2836 3149 δροιιειιε
2858 3077 2947 3133 ille
2975 3077 3242 3145 caelestis,
3270 3080 3412 3134 sicut
3444 3079 3501 3134 in
3527 3079 3665 3135 Cau-

401 3193 665 3248 maretur,
689 3183 868 3237 ethoc
889 3189 1040 3234 certe
1065 3175 1454 3246 congruentius
1483 3173 1783 3235 videretur;
1819 3168 1983 3224 ﬁebat

399 3281 545 3332 enim
574 3293 736 3332 sexus
766 3273 1017 3335 debilior,
1046 3271 1137 3344 qui
1168 3268 1422 3322 nimirum
1468 3261 1885 3332 consequentius
1914 3260 1982 3318 de

401 3369 582 3423 carnis
611 3366 926 3420 inﬁrmitate
952 3377 1112 3432 quam
1145 3376 1209 3414 ex
1241 3357 1382 3414 ossis
1410 3353 1728 3425 procederet
1769 3350 1985 3406 fortitu-

401 3463 551 3518 dine.
576 3459 665 3521 Et,
689 3469 748 3512 ut
761 3458 932 3528 magis
947 3465 1167 3523 stupeas
1183 3449 1348 3504 divini
1363 3447 1544 3517 operis
1555 3451 1980 3504 sacramentum.

403 3572 507 3608 non
539 3569 636 3622 pro
667 3543 795 3605 osse
819 3566 880 3602 os
911 3545 1174 3608 reddidit;
1209 3542 1301 3596 sed
1333 3555 1496 3596 carne
1524 3538 1732 3608 potius,
1757 3535 1903 3606 quod
1926 3535 1981 3590 in

403 3645 502 3697 viri
530 3656 759 3711 corpore
793 3629 1044 3701 vacabat,
1078 3632 1337 3704 implevit.
1368 3629 1518 3687 Unde
1540 3629 1821 3698 Scriptura
1857 3641 1980 3681 cum

402 3736 572 3790 dicit:
611 3751 629 3784 ι
667 3731 814 3786 Tulit
844 3744 1004 3784 unam
1052 3728 1118 3782 de
1164 3725 1331 3780 costis
1360 3720 1506 3790 ejus,
1546 3739 1566 3775 ι
1616 3735 1740 3777 mox
1786 3717 1980 3774 addit:

409 3849 428 3880 ι
468 3830 534 3883 Ει
581 3827 807 3898 replevit
854 3839 1074 3879 carnem
1121 3835 1220 3892 pro
1249 3835 1311 3874 ea
1348 3837 1362 3873 :
1400 3839 1418 3872 ι
1452 3826 1664 3888 poterat
1691 3829 1884 3886 nempe
1915 3812 1985 3868 ad

405 3920 686 3973 mulierem
719 3915 1089 3986 plasmandam
1119 3925 1342 3966 carnem
1369 3909 1486 3963 viro
1529 3907 1816 3965 detrahere
1847 3921 1863 3970 ;
1891 3919 1986 3974 po-

410 4018 547 4065 terat
574 4025 634 4063 os
664 4017 720 4062 et
743 4006 884 4060 ossis
908 4001 1247 4072 dispendium
1275 3997 1600 4054 immutilato
1618 4009 1847 4064 corpore
1873 4009 1988 4048 res-

414 4113 658 4164 taurare,
687 4098 781 4154 sed
809 4113 872 4151 os
906 4095 1058 4158 tulit,
1090 4103 1145 4148 et
1173 4105 1395 4148 carnem
1425 4087 1673 4144 reddidit.
1698 4084 1866 4158 894
1897 4084 1988 4142 Sic

409 4193 654 4263 fragilem
684 4191 749 4244 de
793 4187 996 4240 virtute
1039 4181 1323 4246 formavit;
1363 4177 1552 4235 debilis
1587 4177 1770 4246 itaque
1812 4175 1989 4230 factus

409 4289 569 4339 homo
617 4282 822 4346 Adam,
863 4286 920 4332 ut
969 4276 1125 4330 fortis
1177 4274 1334 4328 tieret
1374 4271 1504 4326 Eva.
1556 4270 1863 4325 lnfirmatus
1904 4276 1991 4322 est

408 4377 655 4429 Christus
675 4414 688 4435 ,
717 4381 777 4426 ut
809 4369 1157 4425 roboraretur
1181 4364 1454 4428 Ecclesia;
1483 4363 1628 4417 illius
1657 4363 1801 4417 enim
1826 4361 1979 4416 iniiro

411 4466 600 4528 initas,
628 4470 811 4516 nostra
840 4467 924 4514 est
958 4447 1244 4519 fortitudo,
1289 4463 1344 4508 et
1385 4453 1453 4508 ad
1483 4452 1586 4508 hoc
1627 4451 1714 4506 ille
1741 4460 1984 4506 nostram

413 4555 632 4626 pertulit
656 4550 1026 4606 infirmitatem
1045 4588 1060 4613 ,
1100 4555 1156 4599 ut
1182 4547 1246 4599 ad
1278 4560 1430 4599 suam
1458 4558 1555 4597 nos
1584 4551 1846 4598 statueret
1877 4541 1990 4598 for-

414 4646 730 4704 titudinem,
765 4657 782 4690 ι
819 4639 970 4706 Quod
1005 4636 1276 4690 infirmum
1327 4633 1453 4696 Dei,
1493 4650 1510 4683 ι
1550 4639 1606 4684 ιιι
1638 4632 1715 4684 ait
1760 4631 1989 4700 Aposto-

411 4742 528 4803 lus,
568 4756 586 4789 ι
626 4734 818 4790 fortius
857 4741 940 4786 est
978 4727 1314 4792 hominibus,
1351 4745 1368 4778 ι
1417 4735 1471 4781 ει
1495 4725 1663 4781 alibi:
1717 4743 1737 4775 ε
1774 4722 1909 4777 Nam
1940 4722 1985 4777 si

413 4829 704 4888 crucifixus
740 4832 826 4879 est
873 4822 1119 4876 Christus
1145 4835 1209 4874 ex
1244 4816 1589 4876 infirmitate,
1627 4815 1720 4870 sed
1758 4813 1892 4867 vivit
1920 4825 1987 4864 ex

415 4925 614 4978 virtute
638 4918 752 4976 Dei.
800 4935 818 4967 ι
868 4911 1003 4968 Nam
1033 4911 1131 4967 etsi
1164 4924 1261 4964 nos
1292 4907 1488 4963 intlrmi
1530 4920 1715 4960 sumus
1759 4903 1812 4958 in
1857 4902 1985 4967 illo,

417 5020 508 5072 sed
537 5016 766 5070 vivimus
791 5026 912 5068 cum
939 5024 1004 5064 eo
1030 5022 1095 5062 cx
1123 5004 1320 5057 virtute
1349 4999 1462 5053 Dei.
1494 4997 1778 5052 Enimvero
1807 4992 1987 5049 saeculi

419 5108 574 5172 huius
606 5105 876 5164 homines.
925 5099 1017 5169 qui
1046 5095 1308 5172 bellorum
1352 5088 1594 5144 ambiunt
1640 5087 1839 5139 virtute
1881 5083 2026 5162 cla-.

421 5169 664 5261 rescere,
709 5195 801 5266 qui
849 5207 946 5264 per
1030 5169 1126 5242 ora
1169 5183 1310 5255 vulgi
1361 5196 1485 5236 suas
1521 5185 1708 5248 optant
1739 5175 1992 5230 victorias

422 5287 693 5344 celebrare
713 5325 727 5347 ,
753 5298 874 5337 cum
898 5277 1191 5350 ingressuri
1214 5283 1340 5329 sunt
1369 5269 1613 5341 praelium
1634 5309 1650 5333 ,
1683 5268 1736 5322 in
1769 5281 1995 5335 corpore

423 5392 520 5432 suo
566 5373 708 5445 quod
744 5370 1015 5426 inﬁrmum
1059 5374 1143 5421 est
1191 5373 1246 5418 et
1285 5360 1444 5416 molle
1491 5357 1815 5423 subjiciunt,
1854 5354 1995 5424 quod

426 5470 616 5536 durum
650 5473 735 5519 εει
763 5471 924 5530 atque
952 5459 1016 5513 ad
1048 5453 1439 5527 penetrandum
1489 5448 1702 5504 diﬁicile
1733 5463 1995 5519 superpo-

427 5570 592 5623 nunt;
627 5556 810 5610 loricis
853 5553 1046 5622 quippe
1077 5548 1270 5605 ferreis
1315 5546 1629 5604 induuntur,
1660 5551 1715 5597 et
1741 5557 1957 5596 carnem
1978 5580 1994 5605 ,

428 5663 544 5713 qua:
574 5644 732 5700 facile
763 5641 900 5697 cedit
926 5640 1076 5694 ictui.
1097 5635 1373 5693 custodire
1402 5632 1749 5692 contendunt,
1783 5638 1841 5684 ut
1867 5628 1996 5684 illud

2086 3170 2206 3234 ticis
2235 3169 2474 3243 legitur:
2511 3189 2529 3222 ι
2566 3169 2750 3224 Pascit
2776 3178 2832 3225 et
2859 3170 3023 3224 cubat
3049 3171 3105 3224 in
3131 3169 3378 3226 meridie.
3417 3188 3437 3223 ι

2707 3278 2936 3335 CAPUT
2975 3279 3040 3334 Χ.

2083 3372 2162 3429 De
2190 3371 2323 3428 Cain
2351 3369 2649 3440 seutuplunt
2677 3369 2808 3450 uitio
2833 3369 3076 3449 dabitur,
3105 3369 3172 3422 de
3197 3367 3423 3424 Lentem
3453 3380 3666 3439 septua-

2701 3455 2812 3509 gm
2839 3452 3045 3508 «pnes.

2158 3532 2228 3589 Ut
2263 3533 2452 3586 beatus
2483 3529 2660 3604 Lucas
2701 3530 2911 3601 expiari
2947 3543 3044 3584 nos
3066 3543 3098 3582 a
3125 3527 3325 3584 nostris
3369 3529 3667 3584 sceleribus

2085 3639 2182 3694 per
2215 3623 2504 3677 adventum
2551 3620 2721 3676 nostri
2768 3620 3066 3675 Salvatoris
3111 3619 3395 3684 ostendat,
3443 3636 3548 3674 non
3597 3621 3666 3673 ab

2084 3711 2412 3784 evangelica:
2462 3710 2791 3765 narrationis
2835 3709 3087 3772 exordio,
3141 3709 3236 3764 sed
3302 3725 3333 3764 a
3399 3710 3666 3781 baptismo

2086 3806 2353 3861 duntaxat
2375 3815 2429 3860 et
2452 3802 2656 3858 Christi
2681 3801 3001 3871 cognatione
3021 3799 3264 3854 ordinem
3286 3798 3407 3870 ejus
3428 3801 3664 3866 inchoat,

2086 3909 2246 3963 quem
2269 3910 2366 3964 per
2392 3891 2734 3964 septuaginta
2758 3890 2924 3970 8&5
2946 3902 3154 3964 septem
3182 3893 3520 3963 cognationis
3541 3907 3665 3962 gra-

2087 3987 2187 4041 dus
2214 3986 2557 4040 ascendendo
2583 3983 2863 4048 describit,
2891 3983 3033 4053 quod
3063 3991 3120 4036 et
3144 3982 3198 4036 in
3227 3981 3364 4037 libro
3391 3980 3665 4036 Geueseos

2089 4079 2369 4134 evidenter
2417 4077 2744 4142 ostenditur,
2802 4077 2889 4130 ubi
2945 4073 3181 4131 Lamech
3236 4077 3494 4130 uxoribus
3551 4078 3669 4132 suis

2090 4171 2297 4226 dixisse
2317 4181 2574 4224 narratur
2599 4188 2612 4224 :
2643 4190 2661 4220 ι
2693 4168 3006 4238 Septuplum
3031 4167 3165 4221 ultio
3187 4167 3403 4222 dabitur
3421 4168 3486 4222 de
3509 4167 3664 4231 Cain,

2090 4264 2156 4318 de
2185 4262 2420 4318 Lamech
2467 4278 2596 4318 vero
2639 4261 2944 4333 septuagies
2985 4261 3204 4330 septies.
3238 4280 3259 4314 ι
3296 4258 3443 4316 Ultio
3469 4263 3667 4332 quippe

2091 4353 2158 4408 de
2187 4353 2425 4409 Lamech
2471 4353 2776 4425 septuagies
2823 4352 3021 4422 septies
3057 4351 3234 4406 danda
3281 4351 3498 4418 dicitur,
3539 4354 3665 4422 quia

2093 4444 2436 4516 septuaginta
2466 4451 2673 4513 septem
2705 4444 2953 4498 homines
2991 4443 3060 4498 de
3081 4439 3377 4498 femoribus
3403 4443 3522 4512 ejus
3545 4458 3664 4512 per-

2092 4535 2348 4590 hibentur
2372 4536 2577 4606 egressi
2605 4551 2669 4589 ac
2706 4535 3047 4605 postmodum
3091 4535 3300 4592 diluvio
3327 4546 3550 4590 rorante
3572 4549 3664 4591 re-

2091 4626 2342 4682 feruntur
2368 4628 2634 4696 absorpti.
2671 4626 2778 4680 Sed
2807 4628 2930 4694 quia
2957 4624 3190 4679 Lameeh
3235 4627 3525 4692 percutiens
3551 4625 3668 4680 sive

2090 4733 2366 4785 percussus
2415 4716 2758 4787 exprimitur,
2804 4717 2932 4782 quid
2977 4730 3074 4785 per
3115 4716 3259 4770 hunc
3311 4717 3414 4770 nisi
3461 4718 3668 4786 primus

2093 4821 2295 4876 parens
2325 4807 2546 4859 humani
2595 4806 2812 4874 generis
2842 4804 3140 4874 ﬁguntur?
3169 4804 3270 4871 Qui
3313 4806 3570 4861 nimirum
3610 4817 3670 4863 et

2093 4899 2301 4965 peccati
2333 4898 2496 4952 telum
2523 4937 2539 4961 ,
2570 4911 2679 4967 quo
2709 4897 2915 4966 primus
2961 4897 3076 4966 ipse
3102 4911 3394 4976 percussus
3426 4897 3666 4963 interiit,

2096 4989 2363 5042 universa:
2391 5001 2607 5056 quoque
2636 4999 2966 5040 successum
3011 4985 3314 5055 posteritati
3360 4985 3558 5044 vulnus
3585 4988 3671 5042 in.

2095 5075 2253 5131 dixit.
2285 5078 2361 5130 De
2403 5076 2506 5130 hoc
2531 5089 2662 5146 ergo
2692 5074 2928 5130 Lameeh
2970 5075 3278 5145 septuagies
3307 5075 3509 5146 septies
3535 5076 3672 5134 ultio

2098 5171 2222 5222 data
2252 5177 2368 5232 est,
2399 5167 2526 5237 quia
2551 5178 2830 5238 peccatum
2850 5206 2866 5231 ,
2895 5169 3038 5237 quod
3084 5169 3292 5238 primus
3333 5169 3496 5223 homo
3541 5183 3673 5223 eon-

2099 5263 2298 5322 traxit,
2329 5271 2422 5327 per
2448 5259 2789 5328 septuaginta
2817 5265 3022 5325 septem
3069 5261 3443 5328 generationes
3485 5257 3540 5311 in
3567 5257 3669 5311 hu-

2099 5365 2259 5404 mano
2287 5364 2483 5421 genere
2511 5351 2681 5420 viguit
2716 5364 2886 5418 usque
2927 5349 2996 5404 ad
3041 5349 3349 5414 Christum;
3392 5359 3669 5418 peccatum

2099 5443 2371 5513 siquidem
2417 5442 2680 5512 originale
2725 5443 3054 5513 permansit,
3089 5441 3232 5510 quod
3279 5441 3392 5509 ipse
3441 5455 3539 5508 per
3583 5439 3662 5492 ba-

2100 5533 2282 5602 ptismi
2314 5541 2652 5587 sacramenta
2679 5532 2894 5592 delevit.
2925 5531 3012 5585 ubi
3038 5531 3286 5592 videlicet
3314 5530 3383 5586 de
3414 5531 3505 5586 illo
3528 5531 3667 5583 diei-

2104 5635 2192 5680 ιιιι·
2217 5645 2228 5679 :
2253 5645 2268 5676 ι
2295 5623 2623 5696 EcceAgnus
2638 5625 2748 5685 Dei,
2774 5638 2899 5676 ecce
2911 5623 3000 5691 qui
3026 5623 3162 5678 tollit
3182 5634 3398 5692 peccata
3423 5623 3624 5676 mutuli.
3646 5638 3665 5668 ε
