4054 6184
370 238 472 294 347

984 344 1215 402 CAPUT
1266 344 1359 400 XI.

378 442 491 499 Fac
520 442 615 499 tibi
640 456 820 496 arcam
852 439 915 492 de
941 437 1096 507 lignis
1124 436 1409 506 laevigatis,
1440 443 1487 489 et
1516 434 1767 488 bitumine
1811 434 1964 488 liuies

787 508 1099 563 intrinsecus
1125 515 1172 561 et
1194 507 1538 560 extrinsecus.

448 627 644 682 Arcam
666 614 828 691 ,‘quze
853 629 979 674 octo
1004 618 1216 673 animas
1242 616 1383 671 inter
1413 614 1735 684 cataclysmi
1759 614 1960 669 lluenta

369 715 676 779 continuit,
704 711 1031 767 intrinsecus
1056 716 1111 763 et
1134 707 1478 763 extrinsecus
1524 704 1675 760 liniri
1702 702 1967 761 bitumine

368 825 473 865 vox
505 806 689 862 divina
731 801 1023 875 praecepit;
1054 807 1241 856 sancta
1290 796 1500 853 scilicet
1542 794 1816 861 Ecclesia,
1847 808 1967 864 quae

371 901 439 955 ad
474 895 893 956 resurrectionis
923 892 1154 965 gloriam
1202 889 1406 954 tendit,
1444 888 1524 942 sic
1554 887 1698 941 intus
1727 894 1782 939 et
1812 893 1967 940 extra

368 991 632 1048 bitumine
660 987 872 1052 linitur,
922 993 982 1039 ut
1023 992 1079 1038 et
1131 980 1264 1036 foris
1296 978 1610 1035 blandiatur
1640 976 1694 1031 in
1721 975 1964 1031 fraterna

367 1082 692 1145 dilectione,
742 1089 799 1135 et
844 1078 993 1133 intus
1042 1071 1397 1130 cohaereatin
1429 1068 1736 1126 dulcedinis
1764 1076 1967 1123 mutuas

369 1175 618 1229 veritate.
649 1167 909 1239 Quisquis
940 1166 1087 1221 enim
1116 1165 1261 1218 intus
1288 1171 1463 1224 amat,
1502 1160 1597 1216 sed
1624 1160 1756 1215 foris
1786 1159 1968 1213 fratri-

372 1268 472 1319 bus
505 1275 717 1317 morum
768 1259 1067 1313 inconsona
1099 1252 1397 1323 asperitate
1423 1249 1738 1315 discordat,
1771 1249 1968 1303 intrin-

365 1367 524 1408 secus
570 1349 788 1421 quidem
836 1346 1082 1401 bitumen
1128 1343 1324 1409 habet,
1359 1341 1463 1396 sed
1482 1339 1828 1395 extrinsecus
1859 1354 1964 1394 non

365 1445 558 1509 habet;
604 1438 853 1512 quisquis
875 1453 1006 1493 vero
1033 1450 1092 1491 se
1125 1433 1307 1505 specie
1335 1443 1497 1489 tenus
1526 1429 1797 1487 allabilem
1826 1445 1967 1501 pra:-

368 1539 507 1592 bens
534 1532 834 1590 amicitiam
866 1529 1116 1594 simulat,
1149 1526 1240 1583 sed
1275 1526 1328 1581 in
1374 1524 1557 1581 cordis
1582 1523 1800 1579 occulto
1825 1521 1968 1577 veri-

367 1640 534 1686 tatem
572 1625 828 1681 amicitize
858 1639 968 1678 non
998 1629 1213 1686 servat,
1239 1618 1629 1674 damnabiliter
1654 1616 1801 1671 intus
1828 1615 1961 1679 hiat,

823 232 882 289 S.
923 231 1127 287 PETRI
1171 228 1453 287 DAMIANI
1491 226 1638 285 OPP.
1674 224 1911 284 TOMUS
1954 225 2087 299 SEU
2128 222 2310 282 PARS
2348 221 2433 280 III.
2465 255 2534 266 —-
2571 223 2939 281 OPUSCULA
2983 224 3213 280 VARIA.

1995 344 2041 403 Α
2072 338 2175 394 Per
2202 338 2407 409 lignum
2436 352 2630 408 nempe
2652 354 2751 393 nos
2779 337 3026 393 servituti
3053 354 3165 392 sua:
3184 338 3437 410 princeps
3466 354 3658 410 super-

3540 220 3645 279 838

2070 430 2172 486 biae
2220 428 2497 492 subdidit’,
2528 438 2582 483 et
2611 444 2709 498 per
2741 428 2943 497 lignum
2988 443 3088 482 nos
3119 428 3439 484 humilitatis
3468 438 3664 489 auctor

2068 519 2319 575 Christus
2345 517 2606 573 Dominus
2636 517 2689 572 in
2722 516 2989 572 libertatis
3017 516 3233 571 titulum
3263 519 3555 574 revocavit.

2656 632 2885 690 CAPUT
2924 633 3062 688 XIII.

2071 725 2227 793 Quod
2250 725 2438 780 cubitis
2471 725 2769 789 quindecim
2798 724 2961 779 altior
2987 725 3089 794 fuit
3120 742 3260 797 aqua
3288 725 3477 782 diluvii
3500 744 3663 801 super

2637 812 2718 849 om
2726 812 2814 849 nes
2861 805 3084 850 ηιοηεεε.

2138 885 2537 954 Quindenarius
2582 900 2877 950 numerus,
2908 886 3034 955 quia
3072 900 3138 940 ex
3187 896 3394 958 septem
3437 898 3493 945 et
3534 899 3661 948 octo

2067 986 2313 1042 constat,
2345 976 2662 1048 mysterium
2692 977 2746 1032 in
2779 992 2839 1031 se
2875 977 3119 1033 continet
3150 978 3327 1035 beatae
3370 982 3570 1050 quietis
3605 990 3661 1037 et

2068 1067 2263 1123 futurae
2291 1067 2739 1134 resurrectionis;
2770 1067 2910 1122 Deus
2937 1069 3109 1135 enim,
3141 1070 3296 1125 initio
3319 1072 3501 1128 mundi
3529 1088 3659 1129 con-

2068 1160 2189 1227 diti,
2203 1160 2435 1231 septimo
2451 1160 2538 1216 die
2559 1160 2849 1230 requievit,
2865 1170 3126 1217 etoctavo
3136 1162 3246 1229 die,
3263 1179 3383 1218 cum
3400 1165 3660 1221 mundum

2070 1252 2392 1317 redimeret,
2436 1252 2758 1307 resurrexit.
2808 1250 3107 1323 Utriusque
3149 1255 3359 1310 numeri
3392 1255 3549 1327 hujus
3573 1272 3661 1312 sa-

2068 1351 2405 1423 cramentum
2439 1343 2755 1399 continetur
2799 1344 3111 1414 specialiter
3156 1346 3210 1401 in
3234 1345 3536 1417 baptismo,
3567 1349 3657 1404 ubi

2066 1435 2278 1491 scilicet
2322 1434 2446 1490 novi
2492 1435 2560 1490 de
2607 1443 2878 1491 vetustate
2926 1436 3359 1507 resurgimus,et
3403 1438 3660 1511 deinceps

2066 1527 2352 1598 quiescere
2382 1542 2408 1580 a
2439 1527 2699 1581 mundani
2746 1527 3009 1598 strepitus
3048 1530 3460 1598 perturbatione
3497 1529 3659 1599 jube-

2067 1634 2210 1673 mur.
2240 1616 2355 1673 Hoc
2381 1618 2616 1688 demque
2649 1618 2892 1687 septima:
2936 1619 3137 1689 quietis
3162 1628 3221 1674 et
3246 1631 3449 1675 octavae
3478 1637 3660 1677 resur-

365 1736 486 1775 cum
540 1718 844 1772 forinsecus
889 1711 1207 1784 superducti
1272 1709 1557 1765 bituminis
1613 1706 1962 1763 simulatione
1994 1709 2038 1767 Β
2068 1708 2325 1763 rectionis
2370 1708 2691 1781 mysterium
2733 1725 2840 1763 non
2890 1709 3200 1781 intelligunt
3228 1711 3331 1781 qui,
3360 1710 3445 1766 vel
3472 1712 3661 1784 glorize

367 1812 656 1865 cohaereat.
703 1807 948 1875 Quorum
995 1802 1257 1858 videlicet
1304 1816 1334 1855 a
1383 1799 1627 1855 diluviali
1676 1798 1960 1869 naufragio

369 1908 562 1955 neuter
587 1898 838 1969 eripitur,
869 1895 997 1965 quia
1030 1892 1231 1963 duplici
1256 1891 1546 1947 charitatis
1574 1889 1875 1953 bitumine,
1904 1897 1963 1943 ut

367 1992 631 2047 divinitus
654 1998 991 2060 przeceptum
1023 1996 1139 2050 est,
1184 1984 1408 2039 minime
1437 1982 1709 2048 munitur;
1738 1982 1830 2053 qui
1859 1997 1959 2036 au-

371 2097 480 2137 tem
507 2094 568 2134 se
590 2087 645 2133 et
664 2077 801 2133 foris
830 2076 1037 2146 praebet
1075 2074 1390 2138 amabilem,
1414 2081 1471 2129 et
1498 2074 1643 2129 intus
1673 2081 1963 2128 conservat

366 2182 668 2234 amantem,
720 2167 855 2222 Iuris
895 2181 1020 2221 cum
1064 2164 1234 2220 ramis
1273 2163 1425 2220 verbi
1478 2163 1690 2219 fructus
1740 2162 1963 2219 exhibet

377 2261 659 2328 beneﬁcii,
691 2261 838 2314 intus
869 2256 1035 2313 altam
1064 2256 1300 2311 radicem
1327 2255 1463 2324 ﬁgit,
1495 2255 1621 2324 quia
1650 2253 1963 2309 medullitus

373 2352 567 2423 diligit.
602 2350 700 2406 llic
728 2347 974 2420 profecto
999 2356 1055 2402 et
1084 2347 1229 2401 intus
1256 2354 1311 2401 et
1342 2353 1497 2401 extra
1527 2346 1797 2401 bitumine
1839 2344 1962 2400 lini-

370 2455 482 2509 tur,
534 2442 662 2513 quia
711 2440 911 2512 duplici
945 2439 1234 2495 charitatis
1277 2436 1489 2509 glutino
1540 2451 1663 2492 cum
1696 2436 1962 2507 proximis

369 2533 687 2590 l'tederatur.
712 2531 885 2587 Porro
902 2542 1087 2585 autem
1106 2529 1232 2598 quia
1256 2530 1323 2585 de
1344 2528 1507 2598 lignis
1522 2528 1789 2600 laevigatis
1808 2528 1961 2597 prius

370 2639 498 2678 arca
534 2623 649 2678 ﬁeri
676 2621 991 2693 praecipitur
1015 2629 1072 2675 et
1103 2620 1183 2674 sic
1212 2619 1469 2687 deinceps
1511 2626 1571 2671 ut
1599 2617 1866 2672 bitumine
1891 2617 1961 2670 li-

372 2720 571 2783 niatur,
592 2695 819 2787 ρετῆοε
844 2724 1029 2785 aperte
1051 2712 1207 2767 nobis
1229 2711 1473 2765 innuitur
1494 2719 1555 2764 ut
1580 2708 1723 2778 ligna
1751 2716 1957 2776 nostra,

374 2810 494 2864 duri
521 2807 792 2871 videlicet,
807 2804 997 2860 inculti
1027 2812 1083 2858 et
1109 2802 1288 2871 asperi
1322 2815 1527 2863 mores,
1553 2799 1704 2868 prius
1730 2799 1959 2869 expoliri

370 2903 609 2956 debeant
637 2913 734 2969 per
754 2895 1053 2969 spiritualis
1073 2892 1320 2948 exercitii
1348 2889 1707 2960 disciplinam,
1733 2898 1794 2944 ut
1812 2904 1961 2945 com-

366 3002 541 3063 pactae
585 2991 784 3046 dehinc
840 2987 1061 3043 fabricae
1108 2987 1355 3041 bitumen
1415 2982 1669 3047 accedat;
1719 2981 1956 3051 quandiu

2066 1798 2351 1853 mundana:
2374 1798 2637 1868 jactantia
2656 1838 2672 1864 ,
2703 1799 2788 1854 vel
2818 1810 3048 1854 terrenae
3074 1800 3357 1870 sapientiae
3384 1802 3649 1857 vanitati—

2064 1888 2166 1943 bus
2194 1887 2580 1942 intumescunt.
2613 1885 2768 1941 Unde
2799 1896 2924 1957 apte
2947 1887 3036 1943 hic
3072 1888 3270 1943 dicitur
3295 1890 3420 1959 quia
3448 1908 3466 1941 ι
3499 1893 3661 1960 quin-

2064 1977 2237 2033 decim
2272 1976 2470 2032 cubitis
2500 1976 2660 2032 altior
2688 1976 2791 2032 l'uit
2817 1993 2958 2047 aqua
3011 1993 3176 2048 super
3205 1994 3397 2035 omnes
3420 1980 3421 1983 “
3443 1996 3658 2037 momes

2063 2085 2199 2140 quos
2222 2077 2533 2140 operuerat.
2566 2089 2584 2123 ι
2622 2069 2830 2125 Montes
2856 2070 3084 2137 scilicet,
3135 2072 3398 2140 superbos
3441 2072 3657 2144 signiﬁ‘

2063 2169 2193 2216 cant
2225 2169 2282 2215 et
2305 2160 2496 2215 elatos.
2526 2160 2711 2215 Altum
2747 2176 2876 2233 ergo
2904 2169 3071 2231 atque
3103 2160 3428 2232 profundum
3473 2178 3657 2218 resur-

2066 2252 2594 2322 rectionisetquietis
2619 2252 2823 2306 intima:
2846 2261 3252 2308 sacramentum
3276 2268 3493 2309 omnem
3510 2263 3652 2310 tran~

2062 2344 2272 2400 scendit
2319 2343 2651 2399 intellectum
2717 2342 2824 2398 alta
2886 2344 3211 2414 sapientium
3272 2346 3652 2417 superborum.

2643 2456 2873 2513 CAPUT
2912 2456 3052 2513 XIV.

2063 2547 2217 2614 Quod
2246 2540 2502 2603 diluvium
2543 2551 2693 2619 etrapit
2726 2551 3038 2674 minuzpost
3068 2561 3276 2606 centum
3302 2562 3351 2608 et
3380 2554 3647 2627 quinqua-

2704 2633 2848 2674 amta
2911 2637 3002 2674 tes.

2702 2633 2848 2691 ginta
2872 2633 3002 2676 dies.

2137 2727 2156 2761 ‹
2181 2707 2434 2764 Reversm
2465 2719 2592 2765 sunt
2609 2725 2765 2781 aquae
2789 2712 2856 2766 de
2885 2720 3029 2768 terra
3047 2723 3239 2770 euntes
3260 2724 3315 2769 et
3340 2717 3650 2781 redeuntes,

2059 2812 2113 2856 et
2144 2810 2429 2872 cmperunt
2458 2803 2626 2857 minui
2670 2813 2793 2875 post
2817 2815 3033 2861 centum
3078 2807 3245 2878 897
3276 2818 3332 2863 et
3382 2810 3651 2881 quinqua-

2058 2891 2209 2962 ginta
2260 2890 2396 2947 dies.
2429 2910 2447 2944 ι
2503 2891 2769 2960 Quoniam
2839 2894 2893 2950 in
2967 2898 3398 2966 regenerationis
3456 2908 3654 2954 nostra!

2061 2982 2325 3053 mysterio
2354 2984 2583 3053 septima
2613 2986 2831 3054 requies
2861 3002 2982 3042 cum
3011 2997 3207 3043 octava
3258 2992 3653 3048 resurrectione

368 3086 515 3139 enim
544 3082 822 3138 hominum
853 3094 1035 3134 mores
1062 3077 1239 3147 asperi
1270 3083 1470 3131 suntet
1496 3073 1704 3139 inculti,
1730 3074 1963 3128 inaniter
1988 3065 2033 3127 C
2064 3070 2433 3141 conjungitur,
2479 3073 2615 3129 bene
2643 3074 2696 3128 in
2723 3074 2949 3132 Genesis
2990 3077 3129 3134 libro
3174 3079 3377 3135 dicitur
3403 3099 3417 3136 :
3457 3100 3477 3132 ι
3514 3081 3652 3150 Quia

371 3178 451 3233 eis
478 3173 763 3231 charitatis
787 3172 970 3243 gluten
1000 3169 1312 3241 apponitur,
1342 3167 1467 3238 quia
1490 3167 1559 3223 ab
1586 3166 1818 3221 invicem
1851 3166 1960 3222 cito

371 3265 663 3330 dissiliunt,
692 3263 819 3320 dum
848 3262 900 3316 in
925 3261 1004 3317 eis
1028 3259 1209 3332 politae
1239 3257 1565 3314 moralitatis
1590 3264 1803 3328 aequata
1833 3271 1963 3313 con-

380 3357 665 3415 foederatio
695 3370 803 3412 non
847 3361 1083 3410 tenetur.

869 3442 1038 3514 393
1073 3440 1303 3497 CAPUT
1341 3439 1458 3496 xu.

782 3532 860 3587 De
888 3547 1135 3585 mensura
1162 3545 1301 3584 arcae
1327 3529 1537 3584 diluvii.

438 3625 629 3681 Crucis
659 3624 976 3697 mysterium
1014 3637 1143 3678 arca
1174 3622 1261 3676 illa
1290 3621 1580 3686 continuit,
1610 3628 1765 3690 cujus
1787 3620 1962 3691 longi-

371 3719 609 3774 tudinem
639 3725 1007 3772 trecentorum
1024 3713 1189 3769 fuisse
1202 3714 1507 3769 cubitorum
1525 3712 1806 3783 Scriptura
1825 3712 1961 3767 deli-

369 3811 469 3865 nit.
496 3809 599 3877 Qui
628 3806 877 3862 videlicet
901 3819 1160 3861 numerus
1188 3806 1240 3859 in
1270 3805 1397 3859 thau
1419 3804 1623 3871 littera,
1641 3820 1762 3874 quae
1782 3806 1961 3859 crucis

369 3900 623 3972 exprimit
651 3898 886 3969 speciem
907 3938 921 3961 ,
950 3896 1281 3951 continetur.
1312 3895 1482 3950 Porro
1512 3894 1655 3949 sicut
1692 3893 1804 3949 Noe
1839 3910 1961 3949 cum

368 3992 483 4047 suis
525 4006 622 4060 per
640 4004 835 4058 aquam
858 3988 1170 4060 lignumque
1193 3980 1455 4050 salvatur,
1478 3985 1559 4041 sic
1578 3996 1633 4039 et
1654 3984 1854 4041 Christi
1881 3984 1959 4039 fa-

368 4085 516 4140 milia
540 4098 681 4153 aqua
710 4082 949 4139 salvatur
969 4090 1023 4136 et
1046 4080 1221 4151 ligno,
1246 4080 1373 4134 dum
1396 4088 1452 4134 et
1482 4078 1751 4148 baptismo
1775 4077 1964 4133 salutis

367 4176 620 4237 abluitur,
649 4184 705 4230 et
731 4173 960 4228 viviﬁcze
988 4174 1167 4227 crucis
1201 4171 1559 4241 impressione
1582 4170 1846 4240 signatur.

445 4268 576 4334 Quae
601 4265 852 4319 videlicet
881 4279 1036 4328 arca,
1077 4273 1136 4317 ut
1161 4263 1211 4317 in
1249 4270 1594 4316 sacramento
1632 4261 1832 4316 Christi
1862 4261 1964 4315 hu-

367 4356 515 4411 mani
545 4354 791 4423 corporis
824 4350 1073 4407 videatur
1103 4352 1448 4421 aequiparare
1478 4366 1790 4405 mensuram
1809 4391 1824 4416 ,
1855 4361 1962 4407 tre-

368 4455 554 4501 ceutos
585 4415 841 4519 habuisse
867 4442 1081 4497 cubitos
1111 4415 1552 4512 iii-longitudine,
1583 4440 1806 4511 triginta
1835 4455 1962 4495 vero
1993 4415 2041 4473 θ

372 4540 427 4591 in
454 4534 737 4589 altitudine
764 4532 1100 4604 perhibetur.
1146 4530 1402 4587 Trecenti
1432 4546 1665 4600 namque
1690 4531 1959 4600 quinqua-

367 4627 648 4699 genarium
696 4640 981 4680 numerum
1017 4625 1228 4688 sexies,
1278 4632 1333 4679 et
1386 4623 1744 4678 tricenarium
1797 4623 1850 4676 in
1901 4637 1961 4677 se

369 4718 549 4774 decies
594 4717 905 4783 includunt;
957 4725 1011 4772 et
1059 4716 1280 4771 humani
1329 4715 1575 4785 corporis
1622 4714 1899 4786 longitudo
1928 4730 1958 4769 a

368 4808 562 4877 capitis
586 4808 788 4862 vertice
818 4822 989 4877 usque
1017 4808 1083 4861 ad
1109 4807 1271 4877 pedes
1300 4807 1478 4861 sexies
1526 4813 1735 4860 tantum
1763 4805 1955 4871 habet,

369 4906 631 4966 quantum
663 4896 923 4960 latitudo,
970 4912 1091 4966 qua:
1114 4905 1202 4950 est
1234 4911 1263 4948 a
1307 4896 1531 4949 dextera
1576 4910 1745 4964 usque
1774 4895 1840 4947 ad
1883 4895 1954 4949 si-

374 4984 627 5053 nistram;
676 4995 730 5041 et
767 4985 946 5041 decies
984 4994 1189 5039 tantum
1238 4993 1501 5053 quantum
1548 4984 1805 5045 altitudo,
1836 5000 1955 5055 quae

368 5086 453 5132 cst
488 5087 615 5132 ante
638 5085 693 5131 et
721 5084 888 5131 retro.
917 5076 1010 5131 Sic
1040 5074 1295 5129 nimirum
1321 5090 1447 5128 arca
1478 5075 1529 5129 in
1560 5076 1955 5133 trecentenario

368 5168 719 5240 longitudinis
754 5182 866 5222 sua:
911 5179 1139 5220 numero
1166 5165 1400 5236 speciem
1428 5166 1639 5231 crucis,
1680 5176 1735 5220 et
1775 5167 1829 5219 in
1869 5176 1953 5220 to-

372 5262 480 5315 tius
507 5276 618 5315 sua:
658 5256 1015 5315 dimensionis
1066 5255 1350 5310 altitudine
1401 5256 1625 5324 ﬁguram
1676 5264 1821 5309 tenet
1850 5254 1954 5309 Do-

371 5351 552 5406 minici
591 5352 853 5421 corporis.
902 5349 967 5404 Et
1011 5349 1154 5403 sicut
1192 5348 1387 5402 anima:
1432 5357 1636 5417 septem
1682 5346 1953 5401 donantur

373 5439 516 5505 Noe,
563 5448 625 5493 ut
654 5456 750 5509 per
784 5442 988 5511 lignum
1021 5439 1302 5494 salventur
1342 5439 1394 5492 in
1431 5438 1586 5507 aquis
1627 5436 1841 5502 diluvii,
1875 5438 1954 5492 sic

372 5541 577 5603 septem
605 5533 855 5589 Ecclesia:
877 5532 1177 5604 septiformi
1205 5531 1411 5602 Spiritu
1436 5530 1653 5600 repletae
1676 5530 1955 5585 salvantur

374 5624 427 5677 in
452 5622 668 5679 Christo
696 5638 790 5691 per
818 5624 1021 5692 lignum
1050 5624 1231 5679 crucis
1259 5631 1312 5677 et
1358 5637 1553 5690 aquam
1585 5619 1946 5690 baptismatis.

2063 3156 2297 3218 reversa:
2318 3172 2446 3219 sunt
2465 3178 2618 3235 aquae
2643 3165 2708 3219 de
2739 3174 2914 3232 terra,
2940 3178 2993 3223 et
3023 3181 3305 3241 coeperunt
3332 3172 3501 3226 minui
3531 3181 3653 3242 post

2061 3267 2284 3314 centum
2303 3270 2357 3315 et
2379 3260 2771 3333 quinquaginta
2793 3262 2939 3330 dies;
2972 3283 2990 3316 ι
3023 3265 3367 3337 septuaginta
3392 3281 3649 3337 namque,

2063 3351 2152 3421 qui
2178 3366 2207 3405 a
2232 3361 2457 3422 septem,
2487 3363 2539 3408 et
2562 3355 2837 3425 octoginta
2859 3356 2951 3425 qui
2971 3357 3040 3412 ab
3061 3366 3185 3412 octo
3211 3358 3649 3426 dinumerantur,

2061 3441 2223 3497 simul
2236 3442 2411 3514 juncti
2441 3452 2656 3499 centum
2685 3445 3075 3516 quinquaginta
3109 3446 3265 3503 llunt.

2658 3536 2885 3592 CAPUT
2924 3536 3039 3593 XV.
3206 3604 3209 3605 ν

2316 3625 2472 3693 Quod
2501 3645 2627 3682 arca
2668 3631 2914 3701 requievit
2953 3647 3125 3685 mense
3164 3632 3402 3701 septimo.

2136 3716 2425 3787 Requievit
2461 3734 2586 3774 arca
2622 3735 2810 3775 mense
2844 3721 3097 3791 septimo,
3134 3721 3396 3793 vigesimo
3424 3721 3652 3792 septimo

2064 3808 2152 3863 die
2193 3809 2412 3877 mensis,
2436 3825 2600 3881 super
2645 3820 2855 3866 montes
2904 3811 3194 3866 Armeniaa.
3235 3810 3363 3878 Quae
3394 3811 3651 3866 nimirum

2064 3915 2103 3954 St
2126 3901 2461 3972 ptuagenarii
2502 3902 2717 3971 requies
2759 3903 2899 3957 bene
2928 3902 2978 3957 in
3008 3903 3275 3973 baptismo
3301 3902 3647 3957 commenda-

2067 4000 2187 4057 tur,
2236 3992 2378 4063 quod
2424 3991 2679 4047 videlicet
2726 4007 2823 4062 per
2873 3992 3131 4047 diluvium
3185 3992 3313 4047 illud
3362 3992 3648 4063 ﬁguratum

2064 4097 2184 4136 esse
2221 4082 2589 4153 dignoscitur;
2624 4082 2678 4137 in
2714 4098 2819 4152 quo
2865 4083 2990 4137 novi
3044 4083 3111 4138 de
3162 4082 3333 4137 Adam
3383 4090 3651 4137 vetustate

2063 4183 2409 4241 resurgentes
2442 4173 2693 4244 deinceps
2724 4174 3005 4244 quiescere
3033 4188 3065 4227 a
3102 4173 3358 4228 mundani
3386 4171 3649 4245 strepitus

2064 4260 2469 4329 perturbatione
2491 4260 2765 4331 jubemur.

2654 4352 2883 4410 CAPUT
2922 4353 3060 4409 XVI.

2289 4445 2361 4500 De
2389 4462 2541 4500 corvo
2570 4455 2620 4500 et
2650 4446 2890 4501 columba
2926 4463 2991 4501 ea:
3018 4464 3142 4501 arca
3177 4446 3427 4501 dimissis.

2136 4536 2191 4591 In
2224 4534 2383 4604 hujus
2421 4537 2619 4606 quippe
2664 4537 2850 4591 mundi
2904 4536 3018 4593 salo
3060 4537 3190 4607 justi
3240 4537 3510 4602 laborant,
3554 4537 3643 4594 ubi

2062 4644 2216 4684 suam
2262 4629 2479 4698 reprobi
2528 4628 2807 4699 possident
2850 4629 3115 4699 requiem.
3150 4628 3321 4696 Quam
3363 4628 3646 4685 diversita-

2064 4729 2170 4773 tem
2200 4720 2338 4774 bene
2370 4733 2563 4773 corvus
2592 4726 2648 4773 et
2682 4718 2928 4773 columba
2961 4734 3029 4773 ex
3073 4734 3199 4773 arca
3233 4718 3441 4774 dimissi
3474 4718 3642 4789 signi-

2063 4809 2260 4871 (luant;
2286 4823 2481 4862 corvus
2524 4808 2690 4872 enim,
2723 4808 3081 4862 cadaveribus
3110 4807 3369 4873 insidens,
3390 4807 3457 4861 ad
3504 4821 3643 4860 arcze

2063 4899 2297 4953 claustra
2329 4914 2433 4952 non
2462 4898 2653 4965 rediit-;
2695 4898 2944 4953 columba
2975 4912 3105 4953 vero
3134 4912 3349 4952 reversa
3378 4904 3485 4962 est,
3514 4896 3642 4967 quia

2063 4990 2151 5044 ubi
2180 5004 2272 5060 pes
2320 4989 2437 5059 ejus
2468 4990 2799 5059 requisceret
2828 5004 2933 5044 non
2971 4989 3192 5043 invenit.
3222 4987 3317 5042 Hic
3346 4987 3513 5051 enim,
3551 4986 3641 5041 ubi

2060 5079 2212 5150 pravi
2258 5080 2458 5151 quique
2509 5080 2820 5134 carnalibus
2871 5094 2929 5134 se
2986 5078 3355 5147 voluptatibus
3405 5076 3639 5144 satiant,

2060 5169 2233 5224 sancti
2264 5169 2366 5223 viri
2399 5170 2636 5238 reperire
2684 5177 2960 5238 nequeunt
3006 5167 3097 5223 ubi
3146 5167 3214 5223 ad
3256 5166 3643 5238 quiescendum

2065 5260 2317 5315 desiderii
2350 5261 2429 5315 sui
2456 5260 2647 5330 pedem
2677 5268 2897 5330 ponant.

2641 5349 2868 5405 CAPUT
2909 5348 3068 5403 XVII.

2169 5438 2322 5506 Quod
2353 5440 2552 5493 dimisit
2589 5442 2776 5494 iterant
2809 5439 2925 5493 Noe
2954 5420 3249 5493 columbam
3284 5452 3350 5490 ea:
3379 5450 3526 5488 arca.

2131 5532 2262 5587 Cum
2309 5534 2489 5587 mundi
2535 5534 2761 5587 crimina
2790 5533 2991 5588 diluvio
3031 5532 3263 5601 quodam
3290 5530 3646 5599 expiarentur

2060 5624 2259 5691 cll‘nso,
2308 5624 2473 5679 l‘uturi
2520 5624 2759 5680 muneris
2804 5624 3050 5680 columba
3082 5621 3485 5678 similitudinem
3516 5631 3647 5689 pro-
