4054 6184
294 367 398 425 849

300 568 585 627 nuntiavit.
613 568 707 622 Ait
741 568 885 623 enim
917 567 1202 638 Scriptura
1228 585 1241 622 :
1284 585 1305 619 ι
1334 568 1674 638 Exspectatis
1702 580 1885 622 autem

299 672 506 732 septem
537 658 727 714 diebus
767 658 921 722 aliis,
966 674 1180 713 rursum
1211 646 1416 714 dimisit
1444 659 1557 715 Noe
1582 659 1887 714 columbam

295 767 364 809 ex
403 767 530 805 arca
555 767 570 813 ;
601 758 659 805 at
687 749 776 804 illa
805 749 953 804 venit
988 750 1054 803 ad
1081 765 1205 804 eum
1240 759 1465 818 portans
1494 753 1705 804 ramum
1734 749 1889 805 oliva:

300 841 608 898 virentibus
640 840 787 895 foliis
836 856 888 894 tn
920 854 1016 894 ore
1060 855 1178 894 suo.
1214 859 1233 892 ι
1268 840 1326 894 In
1371 840 1664 895 emissione
1708 855 1773 894 ac
1805 854 1892 894 re-

299 934 548 989 versione
607 932 868 987 columbte
930 932 1275 1003 septenarius
1332 947 1593 988 numerus
1644 931 1886 1001 ponitur,

301 1026 425 1094 quia
457 1025 694 1095 Spiritus
716 1034 959 1090 sanctus,
982 1026 1074 1095 qui
1100 1026 1151 1079 in
1176 1026 1359 1081 mundi
1386 1026 1653 1096 principio
1678 1025 1890 1081 fereba-

301 1127 394 1174 tur
418 1133 583 1189 super
611 1133 781 1186 aquas
799 1156 815 1180 ,
841 1115 952 1185 iam
978 1126 1394 1188 vesperascente
1415 1118 1617 1174 ateculo
1644 1125 1888 1172 sanctam

303 1208 535 1279 replevit
568 1208 891 1263 Ecclesium.

856 1316 1085 1373 CAPUT
1134 1315 1327 1372 XVIII.

688 1423 887 1489 Venite,
921 1424 1184 1494 faciamus
1214 1425 1499 1481 civitatem.

379 1556 400 1591 ι
426 1539 561 1594 Cum
599 1536 1080 1607 proficiscerentur
1104 1537 1171 1592 de
1200 1537 1413 1592 oriente
1439 1536 1495 1592 in
1523 1536 1885 1603 occidentem,

307 1629 633 1684 invenerunt
661 1641 909 1696 campum
953 1627 1006 1680 in
1057 1635 1200 1681 terra
1235 1625 1483 1682 Sennaar
1521 1636 1577 1682 et
1609 1628 1892 1682 habitave-

305 1729 432 1774 runt
463 1719 532 1774 ibi
564 1719 617 1772 in
644 1732 729 1772 eo.
759 1736 778 1769 ι
812 1717 945 1771 Cum
982 1717 1233 1774 Christus
1263 1733 1390 1774 vero
1422 1720 1493 1774 sit
1516 1718 1734 1783 Oriens,
1764 1733 1889 1788 pro-

309 1815 472 1885 pheta
504 1820 736 1869 testante
760 1812 1044 1877 Zacharia,
1075 1813 1165 1883 qui
1194 1813 1269 1867 ait
1295 1831 1309 1867 :
1348 1831 1366 1865 ‹
1395 1813 1533 1869 Ecce
1562 1814 1666 1880 vir,
1697 1812 1892 1869 Oriens

307 1918 505 1959 nomen
554 1901 697 1972 ejus;
732 1922 749 1955 ι
788 1903 854 1956 de
900 1902 1111 1958 oriente
1165 1904 1418 1969 veniunt,
1467 1904 1560 1973 qui
1608 1919 1639 1959 a
1685 1902 1890 1959 Christi

305 1992 602 2058 consortio,
634 1991 774 2047 male
826 1992 1085 2057 vivendo,
1139 1991 1223 2046 vel
1277 1993 1555 2062 proximos
1602 1992 1892 2049 lacerando

309 2082 588 2138 recedunt.
645 2080 892 2137 Sennaar
953 2090 1134 2137 autem
1208 2081 1594 2153 interpretatur
1653 2083 1893 2137 excussio

304 2172 561 2236 dentium,
607 2171 719 2226 sive
748 2171 884 2240 fetor
909 2187 1109 2224 eorum.
1147 2167 1204 2225 In
1246 2187 1440 2241 campo
1484 2187 1614 2242 ergo
1648 2172 1895 2228 Sennaar

310 2260 577 2324 habitant,
608 2259 697 2328 qui
732 2274 837 2314 non
869 2258 1149 2314 constituti
1180 2259 1233 2313 in
1262 2274 1389 2314 arca
1415 2260 1701 2324 virtutum,
1723 2260 1895 2330 898

307 2352 403 2407 seu
452 2350 633 2421 potius
678 2349 737 2403 in
780 2347 918 2401 valle
950 2347 1235 2412 vitiorum,
1281 2348 1476 2403 dentes
1503 2348 1805 2411 excutiunt,
1838 2356 1897 2403 ut

307 2441 585 2512 proximos
636 2453 764 2494 suos
810 2437 1237 2493 detractionibus
1285 2438 1569 2493 mordeant
1619 2446 1673 2492 et
1737 2438 1895 2508 quasi

308 2535 525 2597 rodant,
579 2539 633 2585 et
682 2530 886 2584 fetores
937 2528 1210 2594 emittunt,
1249 2529 1378 2586 dum
1418 2529 1472 2585 in
1507 2545 1740 2586 caenosa;
1767 2545 1897 2586 con-

306 2622 631 2677 versationis
663 2620 1007 2691 squaloribus
1037 2629 1499 2690 computrescunt.
1549 2621 1656 2678 Sed
1703 2638 1895 2679 eorum

307 2715 496 2769 dentes
524 2713 666 2766 Deus
696 2711 928 2777 excutit,
959 2711 1088 2765 dum
1118 2725 1501 2781 perversorum
1527 2712 1897 2782 quorumlibet

306 2801 447 2859 facta
470 2800 631 2857 simul
658 2810 712 2855 et
739 2801 901 2856 verba
927 2800 1211 2856 confundit
1235 2817 1249 2854 :
1282 2801 1425 2857 unde
1445 2809 1501 2856 et
1526 2800 1637 2857 illic
1656 2802 1892 2857 dicitur:

309 2885 571 2952 (Idcirco
601 2902 851 2950 vocatum
902 2906 984 2950 εει
1031 2908 1227 2948 nomen
1274 2892 1393 2963 ejus
1439 2893 1624 2961 Babel,
1667 2895 1795 2965 quia
1822 2894 1896 2950 ibi

308 2987 589 3045 confusum
631 2996 716 3042 est
758 2986 956 3042 labium
1012 2987 1279 3043 universa:
1318 2996 1498 3052 terrae,
1548 2994 1604 3042 et
1644 2986 1900 3057 dispersit

309 3097 403 3136 eos
435 3080 695 3135 Dominus
738 3093 901 3149 super
928 3075 1123 3133 faciem
1166 3088 1485 3134 cunctarum
1531 3077 1837 3148 regionum.
1869 3097 1890 3132 ι

310 3174 476 3229 Recte
497 3187 629 3243 ergo
658 3171 877 3238 dicitur,
905 3170 1032 3240 quia
1057 3170 1134 3225 illi
1160 3171 1406 3226 homines
1440 3179 1495 3225 et
1531 3185 1683 3225 vanae
1712 3169 1894 3240 gloriae

308 3272 635 3334 captatores,
669 3262 924 3316 nimirum
971 3261 1214 3316 dicentes
1241 3261 1309 3315 ad
1337 3261 1701 3316 alterutrum:
1741 3277 1759 3311 ι
1789 3260 1893 3314 Ve-

315 3359 447 3418 nite,
474 3355 739 3409 faciamus
789 3352 948 3407 nohis
994 3352 1266 3407 civitatem
1316 3362 1371 3407 et
1416 3352 1647 3414 turrim,
1689 3369 1707 3403 ι
1760 3360 1892 3416 etc.,

312 3445 700 3501 habitaverunt
742 3443 795 3498 in
841 3456 1035 3513 campo
1082 3434 1361 3507 Sennaar,
1409 3441 1553 3510 quod
1587 3439 1730 3511 apud
1771 3455 1891 3504 nos,

310 3540 453 3593 sicut
487 3539 692 3593 dictum
738 3546 847 3603 est,
893 3542 1053 3593 sonat
1099 3534 1339 3589 cxcussio
1362 3532 1618 3598 dentiant,
1646 3530 1731 3585 vel
1762 3530 1898 3600 fetor

310 3652 528 3702 eorum;
572 3634 829 3706 quoniam
860 3631 1101 3705 perversi
1150 3629 1374 3700 quique,
1420 3629 1550 3684 dum
1590 3620 1781 3682 contra
1818 3626 1898 3682 di-

313 3726 459 3781 vinae
483 3725 614 3797 legis
641 3723 896 3779 mandata
918 3720 1261 3792 superbiant,
1289 3720 1415 3774 dum
1443 3719 1703 3773 adversus
1730 3714 1897 3770 Deum

312 3816 584 3873 cervicem
630 3815 812 3872 cordis
859 3821 1178 3886 arroganter
1222 3811 1477 3882 erigunt,
1525 3815 1577 3864 et
1632 3805 1897 3879 proximis

313 3906 695 3963 damnabiliter
741 3906 1049 3967 detrahunt,
1099 3901 1198 3972 ipsi
1248 3899 1541 3969 proclivius
1575 3898 1630 3952 in
1650 3895 1898 3952 obscena:

310 3998 439 4051 vita:
479 3995 823 4067 sterquilinio
859 3993 1195 4050 volutantur.
1234 3990 1303 4045 Et
1331 3990 1399 4045 de
1427 3988 1752 4045 excussione
1778 3984 1898 4056 qui-

315 4088 441 4142 dem
471 4087 712 4143 dentium
767 4087 819 4141 in
857 4084 1065 4156 psalmo
1114 4081 1355 4137 dicitur:
1412 4098 1431 4132 ι
1468 4080 1669 4134 Dentes
1705 4092 1900 4148 pecca-

313 4186 496 4233 torum
538 4176 866 4233 contrivisti.
901 4193 919 4226 »
970 4174 1143 4229 Item:
1198 4189 1217 4224 ι
1250 4172 1392 4227 Deus
1425 4176 1671 4226 conteret
1708 4169 1898 4223 dentes

311 4282 505 4326 eorum
550 4268 606 4323 in
662 4283 758 4322 ore
806 4266 1082 4336 ipsorum,
1138 4261 1310 4318 molas
1360 4260 1578 4316 leonum
1623 4257 1897 4329 confriget

318 4358 595 4413 Dominus.
626 4376 643 4409 ι
674 4358 750 4412 De
772 4357 943 4411 fetore
969 4367 1185 4425 quoque
1212 4367 1400 4409 eorum
1427 4350 1626 4422 legitur
1650 4368 1663 4405 :
1697 4370 1717 4405 ι
1740 4349 1898 4405 Com-

329 4459 653 4520 putruerunt
673 4449 918 4521 jumenta
948 4448 1003 4504 in
1032 4448 1421 4502 stercore’suo.
1446 4463 1464 4497 ι
1492 4445 1623 4499 Item
1651 4444 1704 4499 in
1726 4442 1899 4499 Thre-

316 4542 442 4596 nis:
478 4560 497 4592 ι
527 4540 629 4609 Qui
676 4541 1056 4595 nutriebantur
1083 4538 1138 4593 in
1168 4538 1398 4604 croceis,
1430 4535 1723 4613 amplexati
1770 4544 1898 4591 sunt

314 4643 589 4688 stercora.
615 4650 633 4683 ι
668 4630 799 4685 Item
826 4630 979 4684 Isaia:
1004 4644 1065 4683 ut
1091 4646 1103 4681 :
1134 4646 1152 4679 ι
1178 4628 1293 4681 Erit
1321 4643 1419 4696 pro
1448 4626 1599 4681 suavi
1627 4625 1795 4681 odore
1823 4624 1899 4679 fe-

317 4731 420 4775 tnr.
449 4740 468 4773 ι
516 4720 774 4788 Quisquis
820 4717 963 4772 enim
1006 4715 1119 4770 vult
1160 4715 1448 4771 aedilicium
1497 4713 1727 4769 fundare
1755 4712 1897 4782 quod

318 4811 474 4866 facile
508 4811 682 4866 ruina:
730 4824 838 4862 non
887 4807 963 4862 sit
1007 4805 1321 4871 obnoxium,
1375 4820 1600 4861 necesse
1646 4813 1730 4859 est
1772 4819 1896 4858 eum

320 4917 423 4955 non
453 4900 652 4957 lateres
677 4908 733 4955 et
770 4898 1014 4953 bitumen
1062 4896 1287 4960 habere,
1313 4911 1435 4965 quae
1480 4906 1699 4966 repente
1740 4895 1897 4951 dissi-

318 4993 487 5061 Iiant,
513 4992 608 5047 sed
650 4990 860 5061 lapides
889 4989 1070 5058 potius
1104 4994 1160 5041 et
1184 5002 1335 5054 saxa,
1363 5002 1483 5058 quae
1508 4986 1742 5058 parietes
1771 5001 1898 5041 con-

304 5066 581 5154 ‘jungant,
611 5090 666 5136 et
696 5080 861 5135 calcis
891 5094 956 5134 ac
998 5075 1169 5132 sabuli
1202 5086 1551 5141 cmmentum,
1578 5075 1721 5145 quod
1752 5074 1899 5143 ipsos

316 5174 560 5244 parietes
582 5171 839 5227 inviolata
866 5169 1102 5240 lapidum
1126 5181 1385 5238 compago
1414 5164 1625 5220 fortiter
1648 5164 1901 5219 firmiter-

313 5274 427 5335 (με
470 5261 832 5333 constringat.
863 5258 1014 5327 Quod
1045 5272 1175 5329 ergo
1200 5256 1312 5325 jam
1345 5255 1474 5311 dicti
1514 5253 1790 5326 Babylonii
1818 5252 1899 5306 la-

320 5359 467 5406 teres
494 5365 594 5421 pro
622 5349 771 5405 saxis
815 5358 869 5403 et
895 5349 1137 5403 bitumen
1169 5360 1267 5416 pro
1297 5352 1567 5401 cremento
1603 5343 1898 5408 habebant,

316 5440 557 5497 earnalis
598 5440 724 5493 vitae
771 5438 1109 5509 signiﬁcatur
1145 5435 1431 5490 aedificium
1457 5474 1472 5499 ,
1520 5433 1587 5488 ad
1615 5432 1721 5486 vim
1769 5448 1896 5486 ven-

320 5539 499 5586 torum
546 5528 629 5583 vel
676 5529 934 5599 impetum
974 5525 1252 5581 fluminum
1290 5523 1614 5596 quantocius
1665 5522 1897 5579 obruen-

318 5620 468 5676 dum.

1155 362 1397 422 OPUSC.
1441 364 1557 421 LX.
1597 394 1665 406 —
1690 364 2061 423 EXPOSITIO
2101 365 2283 422 LIBRI
2323 367 2707 426 GENESEOS.

299 479 437 538 tulit.
472 492 597 532 cum
630 492 725 547 per
751 476 904 532 olivae
947 492 1157 533 ramum
1203 493 1394 548 pacem
1427 479 1589 533 terris
1616 478 1886 534 redditam
1914 483 1967 543 Α

3455 366 3566 423 850

2579 480 2807 540 CAPUT
2847 479 2987 537 XIX.

1989 569 2068 625 De
2116 571 2343 641 quinque
2384 572 2590 641 regibus
2633 571 2877 626 Sodoma:
2920 581 2975 641 et
3015 569 3360 641 Gomorrhte,
3406 568 3496 639 qui
3538 586 3572 622 α

2323 640 2553 711 quatuor
2578 642 2783 710 regibus
2814 640 3071 710 interfecti
3097 649 3239 695 sunt.

2059 748 2357 805 Prudentia
2388 747 2543 818 hujus
2567 750 2752 804 mundi
2782 749 2999 803 inimica
3026 756 3109 804 est
3126 746 3237 803 Deo
3260 764 3275 813 ;
3297 746 3399 818 legi
3426 747 3572 802 enim

1991 844 2088 898 Dei
2116 857 2226 899 non
2253 845 2564 914 subjicitur,
2595 858 2696 899 nec
2733 843 2878 898 enim
2907 850 3107 913 potest.
3149 841 3289 896 Hinc
3318 847 3401 895 est
3429 839 3575 909 quod

1992 935 2135 990 sicut
2183 935 2238 989 in
2282 935 2422 990 libro
2452 934 2680 990 Genesis
2710 935 2953 1004 quinque
2983 948 3158 1003 reges,
3211 932 3302 1003 qui
3350 932 3576 988 subesse

1992 1025 2289 1080 noluerunt
2327 1025 2812 1090 Chodorlahomor,
2866 1040 2897 1079 a
2950 1032 3184 1096 quatuor
3221 1024 3441 1093 regibus
3485 1040 3577 1079 su-

1991 1117 2167 1186 perati
2208 1125 2359 1171 sunt.
2390 1116 2459 1171 Et
2502 1117 2631 1172 ubi?
2668 1116 2725 1170 In
2772 1115 2911 1170 valle
2956 1115 3228 1180 silvestri,
3261 1130 3385 1184 quae
3431 1130 3577 1171 nunc

1992 1209 2197 1264 dicitur
2241 1224 2395 1265 mare
2431 1207 2593 1263 Salis.
2637 1207 2740 1275 Qui
2780 1214 2907 1263 sunt
2942 1206 3088 1262 enim
3133 1215 3369 1277 quatuor
3397 1220 3577 1277 reges,

1993 1297 2096 1353 nisi
2146 1306 2381 1367 quatuor
2418 1299 2647 1354 virtutes
2688 1314 2824 1369 quas
2870 1297 3151 1369 Scriptura
3194 1311 3351 1354 sacra
3395 1298 3574 1353 nomi-

1992 1398 2089 1444 nat
2116 1389 2481 1460 principales?
2511 1388 2652 1457 Quid
2696 1404 2827 1445 vero
2854 1405 2953 1460 per
2981 1389 3224 1460 quinque
3255 1403 3411 1458 reges
3432 1428 3445 1453 ,
3471 1387 3576 1443 nisi

1993 1479 2217 1535 totidem
2245 1494 2434 1535 sensus
2464 1480 2730 1549 corporis,
2758 1495 2822 1535 ac
2856 1495 2954 1550 per
2990 1494 3087 1535 eos
3118 1479 3364 1535 exterior
3404 1478 3578 1534 scien-

1992 1570 2066 1625 tia
2099 1571 2449 1643 designatur?
2495 1571 2649 1627 Sicut
2695 1580 2876 1626 autem
2921 1571 3026 1625 illa:
3063 1579 3302 1641 quatuor
3345 1570 3576 1624 virtutes

1990 1662 2137 1717 velut
2184 1677 2251 1718 ex
2301 1662 2551 1733 originali
2600 1663 2791 1717 matris
2840 1644 2993 1728 sute',
3044 1662 3273 1718 rationis
3319 1660 3572 1726 scilicet,

1991 1755 2144 1810 fonte
2181 1754 2513 1825 procedunt,
2562 1754 2643 1809 sic
2689 1753 2778 1809 isti
2816 1754 2869 1808 in
2915 1762 3146 1808 terrente
3175 1750 3455 1823 sapientia:
3483 1766 3578 1805 va-

1923 1850 1968 1910 Β
1995 1848 2167 1903 nitate
2197 1846 2348 1902 velut
2378 1847 2432 1901 in
2470 1845 2717 1902 convalle
2752 1844 3043 1915 salsuginis
3072 1844 3451 1907 immorantur,
3475 1841 3581 1897 ibi-

1994 1953 2100 2009 que
2128 1953 2158 1992 a
2186 1938 2301 1994 suis
2325 1937 2570 1994 hostibus
2600 1945 2728 1992 sunt
2762 1935 3047 2007 prostrati,
3067 1935 3195 2006 quia
3242 1935 3460 2005 dignum
3497 1943 3584 1987 est

1995 2039 2056 2085 ut
2085 2030 2138 2085 in
2167 2029 2348 2084 anima
2387 2028 2627 2084 hominis
2666 2026 2968 2098 spiritualis
2996 2025 3264 2096 sapientia
3296 2024 3502 2089 vincat,
3526 2026 3582 2077 'et

1993 2120 2235 2176 carnalis
2281 2120 2587 2191 prudentia:
2638 2117 2909 2175 calliditas
2958 2124 3171 2187 pereat.
3222 2114 3365 2170 Ilinc
3413 2122 3469 2169 et
3514 2112 3583 2168 de

1996 2213 2165 2269 David
2196 2212 2393 2283 legitur
2421 2231 2434 2266 :
2482 2232 2500 2265 ‹
2529 2212 2667 2279 Quia
2696 2210 2826 2267 fecit
2852 2209 2954 2265 sibi
2988 2223 3210 2273 nomen,
3239 2223 3364 2263 cum
3396 2218 3583 2261 rever-

1996 2314 2206 2362 teretur
2236 2314 2391 2376 capta
2424 2306 2584 2378 Syria
2632 2307 2688 2359 in
2722 2304 2864 2360 valle
2912 2302 3426 2369 Salinarum,caesis
3452 2301 3586 2355 dno-

1995 2402 2173 2459 decim
2204 2402 2465 2458 millibus.
2492 2419 2512 2454 ι

2493 2513 2665 2585 399
2699 2491 2929 2585 CAPUT
2954 2510 3089 2585 xx,

2000 2584 2155 2651 Quod
2179 2584 2447 2639 Abraham
2478 2580 2596 2640 cum
2618 2580 2747 2637 'Deo
2791 2583 3132 2652 sacriﬁcavit,
3163 2596 3351 2651 pecora
3386 2580 3585 2645 divisit,

2659 2670 2778 2708 aves
2818 2669 2944 2707 non.

2075 2765 2092 2798 ι
2125 2745 2229 2813 Qui
2255 2744 2470 2811 tollens,
2501 2744 2679 2815 inquit
2716 2743 3024 2814 Scriptura,
3054 2742 3309 2797 universa
3339 2740 3476 2805 htec,
3503 2740 3584 2793 di-

1998 2841 2123 2898 visit
2158 2856 2223 2897 ea
2257 2855 2361 2912 per
2391 2840 2651 2901 medium.
2696 2850 2753 2896 et
2800 2848 3059 2910 utrasque
3108 2847 3293 2908 partes
3336 2837 3481 2893 circa
3528 2850 3587 2891 se

1999 2932 2324 2989 altrinsecus
2365 2932 2579 3003 posuit,
2624 2946 2754 2987 aves
2802 2939 2984 2987 autem
3015 2946 3125 2987 non
3152 2929 3357 2985 divisit.
3395 2948 3414 2981 ι
3449 2929 3586 2984 Ter-

2000 3041 2134 3081 rena
2161 3024 2378 3096 quidem
2421 3023 2677 3079 animalia
2707 3034 2896 3079 contra
2946 3038 3008 3079 se
3036 3032 3092 3079 et
3126 3021 3458 3077 altrinsecus
3489 3035 3585 3090 op-

1999 3127 2296 3188 ponuntur,
2346 3117 2472 3187 Quia
2535 3116 2738 3171 terreni
2804 3116 3008 3186 quique
3057 3123 3252 3170 contra
3305 3113 3585 3183 proximos

1920 3206 1967 3269 C
1990 3206 2186 3278 iurgiis
2212 3217 2267 3263 et
2316 3205 2755 3261 contentionibus
2782 3213 3031 3269 saeviunt,
3059 3203 3145 3259 vel
3185 3212 3333 3258 certe
3359 3202 3588 3257 occultis

1994 3296 2258 3352 adversus
2300 3310 2397 3352 eos
2457 3296 2707 3351 odiorum
2758 3294 3039 3349 fomitibus
3091 3294 3463 3347 inardescunt.
3510 3291 3581 3344 At

1993 3399 2207 3456 contra,
2250 3389 2343 3460 qui
2373 3403 2497 3444 sese
2543 3389 2598 3443 in
2640 3388 2808 3441 altum
2850 3385 3109 3441 desiderii
3140 3384 3379 3441 caelestis
3405 3382 3586 3453 pluma

1995 3481 2309 3545 sustollunt,
2336 3480 2462 3535 dum
2487 3479 2817 3536 sacrificium
2844 3478 2956 3535 Deo
2980 3478 3303 3548 semetipsos
3322 3476 3585 3541 ollerunt,

1995 3588 2026 3628 a
2052 3580 2254 3628 mutuae
2279 3571 2586 3628 dilectionis
2622 3570 2834 3643 glutino
2874 3585 2980 3625 non
3018 3569 3299 3624 recedunt.

2576 3683 2806 3740 CAPUT
2844 3681 2989 3737 XXI.

2067 3756 2335 3813 Abraham
2375 3754 2609 3810 volucres
2645 3755 3012 3808 descendentes
3054 3767 3212 3823 super
3253 3748 3519 3819 sacriﬁcia

2651 3824 2914 3894 abigebat.

2070 3937 2287 4008 Maligni
2334 3936 2561 4008 spiritus
2621 3934 2708 3990 vel
2773 3933 3053 3990 orationes
3115 3940 3341 3989 nostras
3394 3946 3583 4001 pravis

1997 4029 2438 4101 cogitationibus,
2487 4026 2579 4082 vel
2625 4039 2790 4096 opera
2836 4026 2977 4080 bona
3033 4022 3241 4095 peccati
3289 4020 3583 4092 cujuslibet

1997 4117 2460 4174 contaminatione
2479 4128 2832 4186 corrumpere
2852 4115 3118 4168 nituntur.
3145 4111 3300 4168 Unde
3320 4112 3582 4181 scripturn

1997 4216 2081 4263 est
2108 4207 2257 4279 quia,
2301 4222 2426 4263 cum
2470 4204 2748 4261 Abraham
2791 4203 2904 4259 Deo
2951 4201 3277 4258 sacrificium
3324 4202 3391 4257 de
3426 4215 3590 4271 peco-

1998 4300 2150 4357 ribus
2194 4316 2259 4356 ac
2288 4298 2601 4357 volucribus
2635 4299 2865 4355 devotus
2902 4295 3151 4361 oll‘erret,
3190 4295 3589 4351 descenderunt

1998 4394 2252 4448 volucres
2283 4406 2450 4463 super
2478 4390 2768 4454 cadavera,
2797 4398 2852 4445 et
2876 4388 3131 4461 abigebat
3161 4402 3256 4442 eas
3283 4386 3582 4442 Abraham.

1999 4484 2141 4554 Quid
2182 4484 2327 4539 enim
2373 4482 2689 4553 exprimunt
2734 4479 3004 4544 volucres,
3037 4477 3140 4533 nisi
3186 4476 3446 4547 reprobos
3475 4474 3587 4543 spi-

2002 4577 2139 4631 ritus
2179 4589 2275 4644 per
2300 4588 2426 4628 aera
2453 4571 2778 4627 volitantes?
2805 4570 3066 4624 Volucres
3089 4582 3218 4638 ergo
3258 4580 3288 4620 a
3316 4565 3586 4622 sacrificio

2002 4675 2188 4721 nostro
2237 4664 2572 4734 repellimus,
2626 4677 2750 4717 cum
2801 4660 3108 4715 orationum
3184 4672 3281 4712 seu
3355 4672 3583 4725 operum

2000 4763 2310 4811 nostrorum
2336 4753 2587 4808 victimas
2617 4766 2646 4805 a
2670 4749 2921 4820 malignis
2948 4748 3227 4817 spiritibus
3255 4761 3351 4803 eas
3376 4746 3585 4801 ftedarc

2001 4834 2335 4905 ten-tantibus
2359 4845 2582 4917 provide
2607 4843 2961 4900 custodimus.

2564 4951 2791 5008 CAPUT
2831 4951 2996 5007 XXII.

2003 5048 2135 5103 Cum
2175 5046 2256 5103 sol
2304 5046 2660 5111 occumberet,
2692 5062 2850 5117 sopor
2889 5045 3046 5099 irruit
3094 5063 3253 5115 super
3292 5046 3581 5112 Abraham,

2339 5128 2388 5172 et
2423 5117 2610 5171 horror
2637 5116 2857 5187 magnus
2887 5116 3078 5171 invasit
3104 5133 3244 5171 eum.

2072 5209 2207 5266 Cum
2233 5208 2315 5263 sol
2342 5209 2710 5273 occumberet,
2730 5223 2893 5279 sopor
2918 5208 3079 5263 irruit
3093 5224 3257 5279 super
3276 5208 3578 5273 Abraham,

2002 5309 2057 5356 et
2087 5301 2282 5355 horror
2309 5314 2539 5369 magnus
2581 5306 2635 5352 et
2673 5299 2993 5354 tenebrosus
3031 5298 3234 5352 invasit
3260 5312 3403 5352 eum.
3438 5298 3583 5354 Solis

2001 5391 2284 5445 oceubitus
2342 5388 2527 5442 mundi
2581 5387 2831 5458 designat
2886 5402 3181 5452 occasum;
3214 5387 3413 5444 horror
3448 5403 3580 5443 vero

2006 5494 2231 5549 magnus
2268 5488 2323 5533 et
2365 5480 2686 5534 tenebrosus
2727 5478 2986 5534 vitiorum
3028 5477 3226 5548 figurat
3257 5479 3578 5535 criminum-

2004 5584 2110 5640 que
2160 5567 2446 5638 caligincm
2473 5607 2488 5632 ,
2536 5582 2657 5637 quae
2703 5568 2948 5638 quotidie
2994 5568 3315 5639 pestilenter
3357 5571 3584 5641 perhor-

2008 5665 2224 5712 rescunt
2268 5671 2364 5726 per
2402 5666 2723 5712 aestuantem
2759 5660 3113 5727 reproborum
3148 5660 3426 5715 hominum
3456 5676 3584 5730 pra-

2008 5750 2249 5805 vitatem.
2288 5746 2441 5803 Unde
2490 5760 2541 5804 et
2589 5749 2692 5803 illic
2734 5750 2892 5818 paulo
2941 5759 3060 5817 post
3111 5751 3367 5807 additur:
3404 5752 3578 5805 «Cum
