  <div class='ocr_page' id='page_1' title='image "/cluster/home/n/w/nwhite01/storage/ocr_20150623/145/hvd.32044048207542/433.png"; bbox 0 0 4054 6184; ppageno 0'>
   <div class='ocr_carea' id='block_1_1' title="bbox 471 394 591 454">
    <p class='ocr_par' dir='ltr' id='par_1_1' title="bbox 471 394 591 454">
     <span class='ocr_line' id='line_1_1' title="bbox 471 394 591 454; baseline -0.017 0"><span class='ocrx_word' id='word_1_1' title='bbox 471 394 591 454; x_wconf 60' lang='grc' dir='ltr'><strong>δι·</strong></span> 
     </span>
    </p>
   </div>
   <div class='ocr_carea' id='block_1_2' title="bbox 925 394 3307 455">
    <p class='ocr_par' dir='ltr' id='par_1_2' title="bbox 925 394 3307 455">
     <span class='ocr_line' id='line_1_2' title="bbox 925 394 3307 455; baseline -0.001 -3"><span class='ocrx_word' id='word_1_2' title='bbox 925 398 982 452; x_wconf 80' lang='lat' dir='ltr'><strong>S.</strong></span> <span class='ocrx_word' id='word_1_3' title='bbox 1025 398 1225 452; x_wconf 70' lang='lat' dir='ltr'><strong>PETRI</strong></span> <span class='ocrx_word' id='word_1_4' title='bbox 1265 399 1544 454; x_wconf 78' lang='lat' dir='ltr'><strong>DAMIANI</strong></span> <span class='ocrx_word' id='word_1_5' title='bbox 1584 399 1734 455; x_wconf 72' lang='grc' dir='ltr'><strong>ΜΨ.</strong></span> <span class='ocrx_word' id='word_1_6' title='bbox 1777 399 2011 455; x_wconf 66' lang='lat' dir='ltr'><strong>TOML&#39;S</strong></span> <span class='ocrx_word' id='word_1_7' title='bbox 2051 400 2181 455; x_wconf 82' lang='lat' dir='ltr'><strong>SEU</strong></span> <span class='ocrx_word' id='word_1_8' title='bbox 2236 397 2411 454; x_wconf 72' lang='lat' dir='ltr'><strong>PARS</strong></span> <span class='ocrx_word' id='word_1_9' title='bbox 2450 398 2532 453; x_wconf 93' lang='lat' dir='ltr'>III.</span> <span class='ocrx_word' id='word_1_10' title='bbox 2570 428 2639 439; x_wconf 83' lang='lat'><strong>-—</strong></span> <span class='ocrx_word' id='word_1_11' title='bbox 2675 395 3044 453; x_wconf 20' lang='lat' dir='ltr'><strong>OI’USCULA.</strong></span> <span class='ocrx_word' id='word_1_12' title='bbox 3080 394 3307 451; x_wconf 72' lang='lat' dir='ltr'><strong>VAIiIA.</strong></span> 
     </span>
    </p>
   </div>
   <div class='ocr_carea' id='block_1_3' title="bbox 3628 394 3735 452">
    <p class='ocr_par' dir='ltr' id='par_1_3' title="bbox 3628 394 3735 452">
     <span class='ocr_line' id='line_1_3' title="bbox 3628 394 3735 452; baseline -0.037 0"><span class='ocrx_word' id='word_1_13' title='bbox 3628 394 3735 452; x_wconf 59' lang='grc'><strong>832</strong></span> 
     </span>
    </p>
   </div>
   <div class='ocr_carea' id='block_1_4' title="bbox 474 506 3735 581">
    <p class='ocr_par' dir='ltr' id='par_1_4' title="bbox 474 506 3735 581">
     <span class='ocr_line' id='line_1_4' title="bbox 474 506 3735 581; baseline 0 -16"><span class='ocrx_word' id='word_1_14' title='bbox 474 524 606 581; x_wconf 79' lang='lat' dir='ltr'><strong>ergo</strong></span> <span class='ocrx_word' id='word_1_15' title='bbox 638 508 981 564; x_wconf 83' lang='lat' dir='ltr'><strong>occubuisset</strong></span> <span class='ocrx_word' id='word_1_16' title='bbox 1008 510 1112 571; x_wconf 88' lang='lat' dir='ltr'><strong>sol,</strong></span> <span class='ocrx_word' id='word_1_17' title='bbox 1142 509 1286 564; x_wconf 76' lang='lat' dir='ltr'><strong>facta</strong></span> <span class='ocrx_word' id='word_1_18' title='bbox 1331 520 1414 565; x_wconf 87' lang='lat' dir='ltr'><strong>est</strong></span> <span class='ocrx_word' id='word_1_19' title='bbox 1439 512 1611 581; x_wconf 81' lang='lat' dir='ltr'><strong>caligo</strong></span> <span class='ocrx_word' id='word_1_20' title='bbox 1657 513 1966 575; x_wconf 88' lang='lat' dir='ltr'><strong>tenebrosa,</strong></span> <span class='ocrx_word' id='word_1_21' title='bbox 1998 521 2050 566; x_wconf 91' lang='lat' dir='ltr'><strong>ct</strong></span> <span class='ocrx_word' id='word_1_22' title='bbox 2083 520 2128 576; x_wconf 73' lang='grc' dir='ltr'>Α</span> <span class='ocrx_word' id='word_1_23' title='bbox 2156 527 2252 581; x_wconf 88' lang='lat' dir='ltr'><strong>per</strong></span> <span class='ocrx_word' id='word_1_24' title='bbox 2282 512 2613 580; x_wconf 71' lang='lat' dir='ltr'><strong>arrogantia:</strong></span> <span class='ocrx_word' id='word_1_25' title='bbox 2638 509 2721 565; x_wconf 88' lang='lat' dir='ltr'><strong>vel</strong></span> <span class='ocrx_word' id='word_1_26' title='bbox 2751 510 2983 565; x_wconf 82' lang='lat' dir='ltr'><strong>tumoris</strong></span> <span class='ocrx_word' id='word_1_27' title='bbox 3017 506 3297 564; x_wconf 74' lang='lat' dir='ltr'><strong>anfractus</strong></span> <span class='ocrx_word' id='word_1_28' title='bbox 3336 510 3401 562; x_wconf 88' lang='lat' dir='ltr'><strong>ad</strong></span> <span class='ocrx_word' id='word_1_29' title='bbox 3446 508 3615 564; x_wconf 87' lang='lat' dir='ltr'><strong>Deum</strong></span> <span class='ocrx_word' id='word_1_30' title='bbox 3640 526 3735 566; x_wconf 80' lang='lat' dir='ltr'><strong>ac-</strong></span> 
     </span>
    </p>
   </div>
   <div class='ocr_carea' id='block_1_5' title="bbox 474 600 2055 672">
    <p class='ocr_par' dir='ltr' id='par_1_5' title="bbox 474 600 2055 672">
     <span class='ocr_line' id='line_1_5' title="bbox 474 600 2055 672; baseline -0.001 -15"><span class='ocrx_word' id='word_1_31' title='bbox 474 604 722 672; x_wconf 83' lang='lat' dir='ltr'><strong>apparuit</strong></span> <span class='ocrx_word' id='word_1_32' title='bbox 758 600 1001 655; x_wconf 83' lang='lat' dir='ltr'><strong>clibanus</strong></span> <span class='ocrx_word' id='word_1_33' title='bbox 1049 600 1281 657; x_wconf 81' lang='lat' dir='ltr'><strong>fumans.</strong></span> <span class='ocrx_word' id='word_1_34' title='bbox 1315 620 1334 654; x_wconf 74' lang='grc' dir='ltr'><strong>ι</strong></span> <span class='ocrx_word' id='word_1_35' title='bbox 1387 601 1542 658; x_wconf 88' lang='lat' dir='ltr'><strong>Sicut</strong></span> <span class='ocrx_word' id='word_1_36' title='bbox 1588 604 1732 658; x_wconf 84' lang='lat' dir='ltr'><strong>enim</strong></span> <span class='ocrx_word' id='word_1_37' title='bbox 1768 602 1951 657; x_wconf 76' lang='lat' dir='ltr'><strong>fumus</strong></span> <span class='ocrx_word' id='word_1_38' title='bbox 1986 618 2055 657; x_wconf 75' lang='lat' dir='ltr'><strong>ex</strong></span> 
     </span>
    </p>
   </div>
   <div class='ocr_carea' id='block_1_6' title="bbox 475 690 2054 763">
    <p class='ocr_par' dir='ltr' id='par_1_6' title="bbox 475 690 2054 763">
     <span class='ocr_line' id='line_1_6' title="bbox 475 690 2054 763; baseline 0.001 -19"><span class='ocrx_word' id='word_1_39' title='bbox 475 692 599 762; x_wconf 77' lang='lat' dir='ltr'><strong>igne</strong></span> <span class='ocrx_word' id='word_1_40' title='bbox 659 690 855 744; x_wconf 56' lang='lat' dir='ltr'><strong>elinani</strong></span> <span class='ocrx_word' id='word_1_41' title='bbox 916 691 1230 760; x_wconf 82' lang='lat' dir='ltr'><strong>vaporantis</strong></span> <span class='ocrx_word' id='word_1_42' title='bbox 1288 692 1596 763; x_wconf 84' lang='lat' dir='ltr'><strong>egreditur,</strong></span> <span class='ocrx_word' id='word_1_43' title='bbox 1662 693 1732 745; x_wconf 90' lang='lat' dir='ltr'><strong>ita</strong></span> <span class='ocrx_word' id='word_1_44' title='bbox 1797 694 2054 746; x_wconf 89' lang='lat' dir='ltr'><strong>vitiorum</strong></span> 
     </span>
    </p>
   </div>
   <div class='ocr_carea' id='block_1_7' title="bbox 474 780 2054 852">
    <p class='ocr_par' dir='ltr' id='par_1_7' title="bbox 474 780 2054 852">
     <span class='ocr_line' id='line_1_7' title="bbox 474 780 2054 852; baseline 0.002 -17"><span class='ocrx_word' id='word_1_45' title='bbox 474 782 715 835; x_wconf 89' lang='lat' dir='ltr'><strong>omnium</strong></span> <span class='ocrx_word' id='word_1_46' title='bbox 757 780 1195 852; x_wconf 80' lang='lat' dir='ltr'><strong>ﬂagitiorumque</strong></span> <span class='ocrx_word' id='word_1_47' title='bbox 1228 782 1402 852; x_wconf 82' lang='lat' dir='ltr'><strong>caligo</strong></span> <span class='ocrx_word' id='word_1_48' title='bbox 1431 784 1498 837; x_wconf 90' lang='lat' dir='ltr'><strong>de</strong></span> <span class='ocrx_word' id='word_1_49' title='bbox 1533 784 1748 837; x_wconf 84' lang='lat' dir='ltr'><strong>camino</strong></span> <span class='ocrx_word' id='word_1_50' title='bbox 1774 783 2054 838; x_wconf 71' lang='lat' dir='ltr'><strong>aestuantis</strong></span> 
     </span>
    </p>
   </div>
   <div class='ocr_carea' id='block_1_8' title="bbox 473 873 2055 944">
    <p class='ocr_par' dir='ltr' id='par_1_8' title="bbox 473 873 2055 944">
     <span class='ocr_line' id='line_1_8' title="bbox 473 873 2055 944; baseline 0 -17"><span class='ocrx_word' id='word_1_51' title='bbox 473 874 716 928; x_wconf 76' lang='lat' dir='ltr'><strong>avaritia:</strong></span> <span class='ocrx_word' id='word_1_52' title='bbox 759 885 1069 943; x_wconf 75' lang='lat' dir='ltr'><strong>generatur,</strong></span> <span class='ocrx_word' id='word_1_53' title='bbox 1116 874 1260 929; x_wconf 84' lang='lat' dir='ltr'><strong>sicut</strong></span> <span class='ocrx_word' id='word_1_54' title='bbox 1306 875 1439 928; x_wconf 86' lang='lat' dir='ltr'><strong>dicit</strong></span> <span class='ocrx_word' id='word_1_55' title='bbox 1483 874 1815 944; x_wconf 73' lang='lat' dir='ltr'><strong>Apostolus:</strong></span> <span class='ocrx_word' id='word_1_56' title='bbox 1864 892 1882 925; x_wconf 79' lang='grc' dir='ltr'><strong>ι</strong></span> <span class='ocrx_word' id='word_1_57' title='bbox 1917 873 2055 940; x_wconf 90' lang='lat' dir='ltr'><strong>Quia</strong></span> 
     </span>
    </p>
   </div>
   <div class='ocr_carea' id='block_1_9' title="bbox 472 964 2054 1020">
    <p class='ocr_par' dir='ltr' id='par_1_9' title="bbox 472 964 2054 1020">
     <span class='ocr_line' id='line_1_9' title="bbox 472 964 2054 1020; baseline 0 -2"><span class='ocrx_word' id='word_1_58' title='bbox 472 964 625 1019; x_wconf 75' lang='lat' dir='ltr'><strong>radix</strong></span> <span class='ocrx_word' id='word_1_59' title='bbox 654 966 895 1020; x_wconf 81' lang='lat' dir='ltr'><strong>ouinium</strong></span> <span class='ocrx_word' id='word_1_60' title='bbox 929 964 1195 1019; x_wconf 86' lang='lat' dir='ltr'><strong>malorum</strong></span> <span class='ocrx_word' id='word_1_61' title='bbox 1228 965 1455 1019; x_wconf 84' lang='lat' dir='ltr'><strong>avaritia</strong></span> <span class='ocrx_word' id='word_1_62' title='bbox 1487 975 1591 1019; x_wconf 82' lang='lat' dir='ltr'><strong>est.</strong></span> <span class='ocrx_word' id='word_1_63' title='bbox 1622 985 1639 1017; x_wconf 79' lang='grc' dir='ltr'><strong>ι</strong></span> <span class='ocrx_word' id='word_1_64' title='bbox 1680 965 1878 1019; x_wconf 69' lang='lat' dir='ltr'><strong>Ethoc</strong></span> <span class='ocrx_word' id='word_1_65' title='bbox 1905 965 2054 1019; x_wconf 84' lang='lat' dir='ltr'><strong>circa</strong></span> 
     </span>
    </p>
   </div>
   <div class='ocr_carea' id='block_1_10' title="bbox 471 1054 2055 1115">
    <p class='ocr_par' dir='ltr' id='par_1_10' title="bbox 471 1054 2055 1115">
     <span class='ocr_line' id='line_1_10' title="bbox 471 1054 2055 1115; baseline 0.001 -7"><span class='ocrx_word' id='word_1_66' title='bbox 471 1054 634 1108; x_wconf 76' lang='lat' dir='ltr'><strong>linem</strong></span> <span class='ocrx_word' id='word_1_67' title='bbox 680 1054 819 1115; x_wconf 85' lang='lat' dir='ltr'><strong>diei.</strong></span> <span class='ocrx_word' id='word_1_68' title='bbox 870 1055 971 1108; x_wconf 88' lang='lat' dir='ltr'><strong>hoc</strong></span> <span class='ocrx_word' id='word_1_69' title='bbox 1017 1062 1102 1107; x_wconf 79' lang='lat' dir='ltr'><strong>est</strong></span> <span class='ocrx_word' id='word_1_70' title='bbox 1150 1055 1297 1109; x_wconf 87' lang='lat' dir='ltr'><strong>circa</strong></span> <span class='ocrx_word' id='word_1_71' title='bbox 1345 1054 1506 1110; x_wconf 84' lang='lat' dir='ltr'><strong>tinent</strong></span> <span class='ocrx_word' id='word_1_72' title='bbox 1555 1054 1766 1109; x_wconf 88' lang='lat' dir='ltr'><strong>mundi.</strong></span> <span class='ocrx_word' id='word_1_73' title='bbox 1815 1054 2055 1109; x_wconf 83' lang='lat' dir='ltr'><strong>Fumans</strong></span> 
     </span>
    </p>
   </div>
   <div class='ocr_carea' id='block_1_11' title="bbox 469 1144 2048 1216">
    <p class='ocr_par' dir='ltr' id='par_1_11' title="bbox 469 1144 2048 1216">
     <span class='ocr_line' id='line_1_11' title="bbox 469 1144 2048 1216; baseline 0.001 -17"><span class='ocrx_word' id='word_1_74' title='bbox 469 1159 602 1215; x_wconf 83' lang='lat' dir='ltr'><strong>ergo</strong></span> <span class='ocrx_word' id='word_1_75' title='bbox 639 1144 884 1201; x_wconf 74' lang='lat' dir='ltr'><strong>clibanus</strong></span> <span class='ocrx_word' id='word_1_76' title='bbox 911 1146 1256 1202; x_wconf 78' lang='lat' dir='ltr'><strong>tenebrosam</strong></span> <span class='ocrx_word' id='word_1_77' title='bbox 1299 1146 1586 1216; x_wconf 78' lang='lat' dir='ltr'><strong>caliginem</strong></span> <span class='ocrx_word' id='word_1_78' title='bbox 1633 1155 1880 1216; x_wconf 84' lang='lat' dir='ltr'><strong>generat,</strong></span> <span class='ocrx_word' id='word_1_79' title='bbox 1920 1146 2048 1215; x_wconf 83' lang='lat' dir='ltr'><strong>quia</strong></span> 
     </span>
    </p>
   </div>
   <div class='ocr_carea' id='block_1_12' title="bbox 472 1234 2054 1305">
    <p class='ocr_par' dir='ltr' id='par_1_12' title="bbox 472 1234 2054 1305">
     <span class='ocr_line' id='line_1_12' title="bbox 472 1234 2054 1305; baseline -0.001 -15"><span class='ocrx_word' id='word_1_80' title='bbox 472 1234 722 1290; x_wconf 88' lang='lat' dir='ltr'><strong>caminus</strong></span> <span class='ocrx_word' id='word_1_81' title='bbox 762 1234 1027 1299; x_wconf 75' lang='lat' dir='ltr'><strong>avaritiae,</strong></span> <span class='ocrx_word' id='word_1_82' title='bbox 1064 1236 1160 1303; x_wconf 88' lang='lat' dir='ltr'><strong>qui</strong></span> <span class='ocrx_word' id='word_1_83' title='bbox 1191 1236 1243 1288; x_wconf 91' lang='lat' dir='ltr'><strong>in</strong></span> <span class='ocrx_word' id='word_1_84' title='bbox 1275 1235 1582 1305; x_wconf 82' lang='lat' dir='ltr'><strong>pectoribus</strong></span> <span class='ocrx_word' id='word_1_85' title='bbox 1622 1237 1899 1290; x_wconf 85' lang='lat' dir='ltr'><strong>hominum</strong></span> <span class='ocrx_word' id='word_1_86' title='bbox 1928 1250 2054 1304; x_wconf 88' lang='lat' dir='ltr'><strong>pra-</strong></span> 
     </span>
    </p>
   </div>
   <div class='ocr_carea' id='block_1_13' title="bbox 476 1325 2055 1391">
    <p class='ocr_par' dir='ltr' id='par_1_13' title="bbox 476 1325 2055 1391">
     <span class='ocr_line' id='line_1_13' title="bbox 476 1325 2055 1391; baseline 0.002 -14"><span class='ocrx_word' id='word_1_87' title='bbox 476 1340 666 1379; x_wconf 85' lang='lat' dir='ltr'><strong>vorum</strong></span> <span class='ocrx_word' id='word_1_88' title='bbox 720 1334 914 1379; x_wconf 65' lang='lat' dir='ltr'><strong>aestuat</strong></span> <span class='ocrx_word' id='word_1_89' title='bbox 938 1366 954 1391; x_wconf 91' lang='lat'><strong>,</strong></span> <span class='ocrx_word' id='word_1_90' title='bbox 998 1325 1181 1379; x_wconf 87' lang='lat' dir='ltr'><strong>multis</strong></span> <span class='ocrx_word' id='word_1_91' title='bbox 1221 1325 1596 1381; x_wconf 84' lang='lat' dir='ltr'><strong>diversitatum</strong></span> <span class='ocrx_word' id='word_1_92' title='bbox 1631 1326 1866 1381; x_wconf 87' lang='lat' dir='ltr'><strong>tenebris</strong></span> <span class='ocrx_word' id='word_1_93' title='bbox 1896 1342 2055 1380; x_wconf 83' lang='lat' dir='ltr'><strong>mun-</strong></span> 
     </span>
    </p>
   </div>
   <div class='ocr_carea' id='block_1_14' title="bbox 473 1418 2055 1487">
    <p class='ocr_par' dir='ltr' id='par_1_14' title="bbox 473 1418 2055 1487">
     <span class='ocr_line' id='line_1_14' title="bbox 473 1418 2055 1487; baseline 0.001 -16"><span class='ocrx_word' id='word_1_94' title='bbox 473 1420 598 1472; x_wconf 90' lang='lat' dir='ltr'><strong>dum</strong></span> <span class='ocrx_word' id='word_1_95' title='bbox 624 1418 938 1487; x_wconf 87' lang='lat' dir='ltr'><strong>pestilenter</strong></span> <span class='ocrx_word' id='word_1_96' title='bbox 964 1419 1239 1474; x_wconf 87' lang='lat' dir='ltr'><strong>obscurat.</strong></span> <span class='ocrx_word' id='word_1_97' title='bbox 1271 1421 1351 1473; x_wconf 82' lang='lat' dir='ltr'><strong>An</strong></span> <span class='ocrx_word' id='word_1_98' title='bbox 1382 1434 1487 1472; x_wconf 92' lang='lat' dir='ltr'><strong>non</strong></span> <span class='ocrx_word' id='word_1_99' title='bbox 1520 1427 1730 1473; x_wconf 79' lang='lat' dir='ltr'><strong>mentes</strong></span> <span class='ocrx_word' id='word_1_100' title='bbox 1757 1418 2055 1473; x_wconf 79' lang='lat' dir='ltr'><strong>infelicium</strong></span> 
     </span>
    </p>
   </div>
   <div class='ocr_carea' id='block_1_15' title="bbox 472 1509 2055 1577">
    <p class='ocr_par' dir='ltr' id='par_1_15' title="bbox 472 1509 2055 1577">
     <span class='ocr_line' id='line_1_15' title="bbox 472 1509 2055 1577; baseline 0.001 -16"><span class='ocrx_word' id='word_1_101' title='bbox 472 1519 659 1571; x_wconf 62' lang='lat' dir='ltr'><strong>necat,</strong></span> <span class='ocrx_word' id='word_1_102' title='bbox 692 1525 813 1577; x_wconf 73' lang='lat' dir='ltr'><strong>qua:</strong></span> <span class='ocrx_word' id='word_1_103' title='bbox 842 1510 1050 1567; x_wconf 82' lang='lat' dir='ltr'><strong>scilicet</strong></span> <span class='ocrx_word' id='word_1_104' title='bbox 1074 1519 1127 1564; x_wconf 90' lang='lat' dir='ltr'><strong>et</strong></span> <span class='ocrx_word' id='word_1_105' title='bbox 1158 1510 1315 1565; x_wconf 88' lang='lat' dir='ltr'><strong>tidem</strong></span> <span class='ocrx_word' id='word_1_106' title='bbox 1349 1510 1520 1574; x_wconf 91' lang='lat' dir='ltr'><strong>tollit,</strong></span> <span class='ocrx_word' id='word_1_107' title='bbox 1557 1520 1612 1565; x_wconf 92' lang='lat' dir='ltr'><strong>et</strong></span> <span class='ocrx_word' id='word_1_108' title='bbox 1646 1510 1887 1564; x_wconf 89' lang='lat' dir='ltr'><strong>omnium</strong></span> <span class='ocrx_word' id='word_1_109' title='bbox 1936 1509 2055 1564; x_wconf 87' lang='lat' dir='ltr'><strong>vir-</strong></span> 
     </span>
    </p>
   </div>
   <div class='ocr_carea' id='block_1_16' title="bbox 474 1601 2056 1675">
    <p class='ocr_par' dir='ltr' id='par_1_16' title="bbox 474 1601 2056 1675">
     <span class='ocr_line' id='line_1_16' title="bbox 474 1601 2056 1675; baseline 0 -19"><span class='ocrx_word' id='word_1_110' title='bbox 474 1609 647 1656; x_wconf 88' lang='lat' dir='ltr'><strong>tutum</strong></span> <span class='ocrx_word' id='word_1_111' title='bbox 683 1602 734 1654; x_wconf 89' lang='lat' dir='ltr'><strong>in</strong></span> <span class='ocrx_word' id='word_1_112' title='bbox 766 1617 958 1655; x_wconf 89' lang='lat' dir='ltr'><strong>eorum</strong></span> <span class='ocrx_word' id='word_1_113' title='bbox 1001 1603 1257 1675; x_wconf 74' lang='lat' dir='ltr'><strong>cordibus</strong></span> <span class='ocrx_word' id='word_1_114' title='bbox 1306 1602 1487 1658; x_wconf 86' lang='lat' dir='ltr'><strong>lumen</strong></span> <span class='ocrx_word' id='word_1_115' title='bbox 1533 1602 1866 1675; x_wconf 73' lang='lat' dir='ltr'><strong>exstinguit?</strong></span> <span class='ocrx_word' id='word_1_116' title='bbox 1897 1601 2056 1659; x_wconf 86' lang='lat' dir='ltr'><strong>Unde</strong></span> 
     </span>
    </p>
   </div>
   <div class='ocr_carea' id='block_1_17' title="bbox 472 1671 2055 1763">
    <p class='ocr_par' dir='ltr' id='par_1_17' title="bbox 472 1671 2055 1763">
     <span class='ocr_line' id='line_1_17' title="bbox 472 1671 2055 1763; baseline 0.003 -20"><span class='ocrx_word' id='word_1_117' title='bbox 472 1706 600 1751; x_wconf 83' lang='lat' dir='ltr'><strong>cum</strong></span> <span class='ocrx_word' id='word_1_118' title='bbox 634 1692 762 1746; x_wconf 75' lang='lat' dir='ltr'><strong>illud</strong></span> <span class='ocrx_word' id='word_1_119' title='bbox 788 1671 1141 1762; x_wconf 66' lang='lat' dir='ltr'><strong>praemisisset</strong></span> <span class='ocrx_word' id='word_1_120' title='bbox 1171 1695 1480 1763; x_wconf 83' lang='lat' dir='ltr'><strong>Apostolus,</strong></span> <span class='ocrx_word' id='word_1_121' title='bbox 1513 1671 2055 1763; x_wconf 32' lang='lat' dir='ltr'><strong>przes&#39;ovsubintulit:</strong></span> 
     </span>
    </p>
   </div>
   <div class='ocr_carea' id='block_1_18' title="bbox 479 1782 2053 1856">
    <p class='ocr_par' dir='ltr' id='par_1_18' title="bbox 479 1782 2053 1856">
     <span class='ocr_line' id='line_1_18' title="bbox 479 1782 2053 1856; baseline 0.006 -23"><span class='ocrx_word' id='word_1_122' title='bbox 479 1800 500 1832; x_wconf 76' lang='grc' dir='ltr'><strong>ι</strong></span> <span class='ocrx_word' id='word_1_123' title='bbox 533 1782 729 1848; x_wconf 80' lang='lat' dir='ltr'><strong>Quarti,</strong></span> <span class='ocrx_word' id='word_1_124' title='bbox 757 1785 1010 1840; x_wconf 77' lang='lat' dir='ltr'><strong>videlicet</strong></span> <span class='ocrx_word' id='word_1_125' title='bbox 1038 1786 1344 1850; x_wconf 76' lang='lat' dir='ltr'><strong>avaritiam,</strong></span> <span class='ocrx_word' id='word_1_126' title='bbox 1374 1786 1590 1855; x_wconf 88' lang='lat' dir='ltr'><strong>quidam</strong></span> <span class='ocrx_word' id='word_1_127' title='bbox 1620 1797 1938 1856; x_wconf 80' lang='lat' dir='ltr'><strong>appetentes</strong></span> <span class='ocrx_word' id='word_1_128' title='bbox 1965 1802 2053 1842; x_wconf 88' lang='lat' dir='ltr'><strong>er-</strong></span> 
     </span>
    </p>
   </div>
   <div class='ocr_carea' id='block_1_19' title="bbox 2158 600 3733 673">
    <p class='ocr_par' dir='ltr' id='par_1_19' title="bbox 2158 600 3733 673">
     <span class='ocr_line' id='line_1_19' title="bbox 2158 600 3733 673; baseline 0 -16"><span class='ocrx_word' id='word_1_129' title='bbox 2158 603 2352 657; x_wconf 90' lang='lat' dir='ltr'><strong>cedere</strong></span> <span class='ocrx_word' id='word_1_130' title='bbox 2378 603 2638 672; x_wconf 89' lang='lat' dir='ltr'><strong>gestiunt,</strong></span> <span class='ocrx_word' id='word_1_131' title='bbox 2672 611 2819 671; x_wconf 88' lang='lat' dir='ltr'><strong>patet</strong></span> <span class='ocrx_word' id='word_1_132' title='bbox 2846 600 3092 671; x_wconf 73' lang='lat' dir='ltr'><strong>profecto</strong></span> <span class='ocrx_word' id='word_1_133' title='bbox 3112 602 3237 673; x_wconf 83' lang='lat' dir='ltr'><strong>quia</strong></span> <span class='ocrx_word' id='word_1_134' title='bbox 3272 601 3415 655; x_wconf 89' lang='lat' dir='ltr'><strong>unde</strong></span> <span class='ocrx_word' id='word_1_135' title='bbox 3442 600 3733 671; x_wconf 83' lang='lat' dir='ltr'><strong>ingressio-</strong></span> 
     </span>
    </p>
   </div>
   <div class='ocr_carea' id='block_1_20' title="bbox 2158 690 3732 762">
    <p class='ocr_par' dir='ltr' id='par_1_20' title="bbox 2158 690 3732 762">
     <span class='ocr_line' id='line_1_20' title="bbox 2158 690 3732 762; baseline 0.001 -17"><span class='ocrx_word' id='word_1_136' title='bbox 2158 692 2245 746; x_wconf 88' lang='lat' dir='ltr'><strong>nis</strong></span> <span class='ocrx_word' id='word_1_137' title='bbox 2279 693 2462 746; x_wconf 84' lang='lat' dir='ltr'><strong>aditus</strong></span> <span class='ocrx_word' id='word_1_138' title='bbox 2500 700 2681 761; x_wconf 84' lang='lat' dir='ltr'><strong>pateat</strong></span> <span class='ocrx_word' id='word_1_139' title='bbox 2722 706 2830 747; x_wconf 85' lang='lat' dir='ltr'><strong>non</strong></span> <span class='ocrx_word' id='word_1_140' title='bbox 2859 701 3180 762; x_wconf 86' lang='lat' dir='ltr'><strong>agnoscunt.</strong></span> <span class='ocrx_word' id='word_1_141' title='bbox 3212 690 3318 746; x_wconf 88' lang='lat' dir='ltr'><strong>Sed</strong></span> <span class='ocrx_word' id='word_1_142' title='bbox 3362 691 3489 761; x_wconf 87' lang='lat' dir='ltr'><strong>quia</strong></span> <span class='ocrx_word' id='word_1_143' title='bbox 3532 692 3732 747; x_wconf 83' lang='lat' dir='ltr'><strong>ostium</strong></span> 
     </span>
    </p>
   </div>
   <div class='ocr_carea' id='block_1_21' title="bbox 2155 783 3729 855">
    <p class='ocr_par' dir='ltr' id='par_1_21' title="bbox 2155 783 3729 855">
     <span class='ocr_line' id='line_1_21' title="bbox 2155 783 3729 855; baseline 0 -17"><span class='ocrx_word' id='word_1_144' title='bbox 2155 783 2406 839; x_wconf 83' lang='lat' dir='ltr'><strong>Christus</strong></span> <span class='ocrx_word' id='word_1_145' title='bbox 2441 793 2543 848; x_wconf 84' lang='lat' dir='ltr'><strong>est,</strong></span> <span class='ocrx_word' id='word_1_146' title='bbox 2577 784 2715 838; x_wconf 89' lang='lat' dir='ltr'><strong>sicut</strong></span> <span class='ocrx_word' id='word_1_147' title='bbox 2760 784 2875 853; x_wconf 88' lang='lat' dir='ltr'><strong>ipse</strong></span> <span class='ocrx_word' id='word_1_148' title='bbox 2903 784 3070 838; x_wconf 88' lang='lat' dir='ltr'><strong>dicit:</strong></span> <span class='ocrx_word' id='word_1_149' title='bbox 3108 802 3127 835; x_wconf 78' lang='grc' dir='ltr'><strong>ι</strong></span> <span class='ocrx_word' id='word_1_150' title='bbox 3158 783 3269 855; x_wconf 86' lang='lat' dir='ltr'><strong>Ego</strong></span> <span class='ocrx_word' id='word_1_151' title='bbox 3297 798 3417 838; x_wconf 88' lang='lat' dir='ltr'><strong>sum</strong></span> <span class='ocrx_word' id='word_1_152' title='bbox 3444 783 3674 848; x_wconf 82' lang='lat' dir='ltr'><strong>ostium,</strong></span> <span class='ocrx_word' id='word_1_153' title='bbox 3706 804 3729 838; x_wconf 72' lang='grc' dir='ltr'><strong>ι</strong></span> 
     </span>
    </p>
   </div>
   <div class='ocr_carea' id='block_1_22' title="bbox 2155 872 3731 943">
    <p class='ocr_par' dir='ltr' id='par_1_22' title="bbox 2155 872 3731 943">
     <span class='ocr_line' id='line_1_22' title="bbox 2155 872 3731 943; baseline 0.001 -16"><span class='ocrx_word' id='word_1_154' title='bbox 2155 883 2209 927; x_wconf 89' lang='lat' dir='ltr'><strong>et</strong></span> <span class='ocrx_word' id='word_1_155' title='bbox 2236 874 2330 942; x_wconf 91' lang='lat' dir='ltr'><strong>qui</strong></span> <span class='ocrx_word' id='word_1_156' title='bbox 2360 873 2637 930; x_wconf 83' lang='lat' dir='ltr'><strong>Christum</strong></span> <span class='ocrx_word' id='word_1_157' title='bbox 2666 872 3010 943; x_wconf 73' lang='lat' dir='ltr'><strong>exigentibus</strong></span> <span class='ocrx_word' id='word_1_158' title='bbox 3038 873 3286 942; x_wconf 86' lang='lat' dir='ltr'><strong>peccatis</strong></span> <span class='ocrx_word' id='word_1_159' title='bbox 3314 874 3591 938; x_wconf 82' lang='lat' dir='ltr'><strong>amittunt,</strong></span> <span class='ocrx_word' id='word_1_160' title='bbox 3622 888 3731 943; x_wconf 86' lang='lat' dir='ltr'><strong>qua</strong></span> 
     </span>
    </p>
   </div>
   <div class='ocr_carea' id='block_1_23' title="bbox 2153 961 3731 1032">
    <p class='ocr_par' dir='ltr' id='par_1_23' title="bbox 2153 961 3731 1032">
     <span class='ocr_line' id='line_1_23' title="bbox 2153 961 3731 1032; baseline -0.001 -15"><span class='ocrx_word' id='word_1_161' title='bbox 2153 962 2363 1017; x_wconf 84' lang='lat' dir='ltr'><strong>intrare</strong></span> <span class='ocrx_word' id='word_1_162' title='bbox 2424 962 2725 1018; x_wconf 65' lang='lat' dir='ltr'><strong>caelestium</strong></span> <span class='ocrx_word' id='word_1_163' title='bbox 2778 963 2978 1017; x_wconf 88' lang='lat' dir='ltr'><strong>civium</strong></span> <span class='ocrx_word' id='word_1_164' title='bbox 3035 961 3407 1017; x_wconf 84' lang='lat' dir='ltr'><strong>habitaculum</strong></span> <span class='ocrx_word' id='word_1_165' title='bbox 3479 963 3731 1032; x_wconf 79' lang='lat' dir='ltr'><strong>possint,</strong></span> 
     </span>
    </p>
   </div>
   <div class='ocr_carea' id='block_1_24' title="bbox 2153 1052 3731 1123">
    <p class='ocr_par' dir='ltr' id='par_1_24' title="bbox 2153 1052 3731 1123">
     <span class='ocr_line' id='line_1_24' title="bbox 2153 1052 3731 1123; baseline -0.001 -14"><span class='ocrx_word' id='word_1_166' title='bbox 2153 1054 2352 1109; x_wconf 87' lang='lat' dir='ltr'><strong>ostium</strong></span> <span class='ocrx_word' id='word_1_167' title='bbox 2398 1069 2505 1109; x_wconf 92' lang='lat' dir='ltr'><strong>non</strong></span> <span class='ocrx_word' id='word_1_168' title='bbox 2550 1052 2854 1108; x_wconf 87' lang='lat' dir='ltr'><strong>inveniunt.</strong></span> <span class='ocrx_word' id='word_1_169' title='bbox 2900 1052 2957 1107; x_wconf 88' lang='lat' dir='ltr'><strong>In</strong></span> <span class='ocrx_word' id='word_1_170' title='bbox 2989 1054 3276 1123; x_wconf 86' lang='lat' dir='ltr'><strong>reprobum</strong></span> <span class='ocrx_word' id='word_1_171' title='bbox 3303 1062 3484 1107; x_wconf 87' lang='lat' dir='ltr'><strong>autem</strong></span> <span class='ocrx_word' id='word_1_172' title='bbox 3510 1069 3731 1108; x_wconf 84' lang='lat' dir='ltr'><strong>sensum</strong></span> 
     </span>
    </p>
   </div>
   <div class='ocr_carea' id='block_1_25' title="bbox 2156 1143 3734 1215">
    <p class='ocr_par' dir='ltr' id='par_1_25' title="bbox 2156 1143 3734 1215">
     <span class='ocr_line' id='line_1_25' title="bbox 2156 1143 3734 1215; baseline 0.001 -17"><span class='ocrx_word' id='word_1_173' title='bbox 2156 1145 2336 1198; x_wconf 82' lang='lat' dir='ltr'><strong>traditi</strong></span> <span class='ocrx_word' id='word_1_174' title='bbox 2361 1151 2522 1208; x_wconf 85' lang='lat' dir='ltr'><strong>sunt,</strong></span> <span class='ocrx_word' id='word_1_175' title='bbox 2551 1143 2674 1211; x_wconf 84' lang='lat' dir='ltr'><strong>quia</strong></span> <span class='ocrx_word' id='word_1_176' title='bbox 2692 1182 2709 1208; x_wconf 94' lang='lat'><strong>,</strong></span> <span class='ocrx_word' id='word_1_177' title='bbox 2734 1144 2861 1198; x_wconf 93' lang='lat' dir='ltr'><strong>dum</strong></span> <span class='ocrx_word' id='word_1_178' title='bbox 2884 1153 3066 1198; x_wconf 88' lang='lat' dir='ltr'><strong>reatus</strong></span> <span class='ocrx_word' id='word_1_179' title='bbox 3087 1144 3169 1199; x_wconf 92' lang='lat' dir='ltr'><strong>sui</strong></span> <span class='ocrx_word' id='word_1_180' title='bbox 3195 1144 3403 1213; x_wconf 89' lang='lat' dir='ltr'><strong>pondus</strong></span> <span class='ocrx_word' id='word_1_181' title='bbox 3427 1145 3481 1198; x_wconf 92' lang='lat' dir='ltr'><strong>in</strong></span> <span class='ocrx_word' id='word_1_182' title='bbox 3504 1147 3734 1215; x_wconf 77' lang='lat' dir='ltr'><strong>propria:</strong></span> 
     </span>
    </p>
   </div>
   <div class='ocr_carea' id='block_1_26' title="bbox 2156 1233 3732 1300">
    <p class='ocr_par' dir='ltr' id='par_1_26' title="bbox 2156 1233 3732 1300">
     <span class='ocr_line' id='line_1_26' title="bbox 2156 1233 3732 1300; baseline 0.001 -13"><span class='ocrx_word' id='word_1_183' title='bbox 2156 1234 2355 1287; x_wconf 90' lang='lat' dir='ltr'><strong>mentis</strong></span> <span class='ocrx_word' id='word_1_184' title='bbox 2384 1242 2585 1288; x_wconf 87' lang='lat' dir='ltr'><strong>statera</strong></span> <span class='ocrx_word' id='word_1_185' title='bbox 2614 1233 2798 1288; x_wconf 87' lang='lat' dir='ltr'><strong>subtili</strong></span> <span class='ocrx_word' id='word_1_186' title='bbox 2834 1234 3269 1289; x_wconf 86' lang='lat' dir='ltr'><strong>consideratione</strong></span> <span class='ocrx_word' id='word_1_187' title='bbox 3298 1250 3406 1289; x_wconf 90' lang='lat' dir='ltr'><strong>non</strong></span> <span class='ocrx_word' id='word_1_188' title='bbox 3444 1236 3732 1300; x_wconf 89' lang='lat' dir='ltr'><strong>trutinant,</strong></span> 
     </span>
    </p>
   </div>
   <div class='ocr_carea' id='block_1_27' title="bbox 2156 1325 3732 1396">
    <p class='ocr_par' dir='ltr' id='par_1_27' title="bbox 2156 1325 3732 1396">
     <span class='ocr_line' id='line_1_27' title="bbox 2156 1325 3732 1396; baseline 0.004 -19"><span class='ocrx_word' id='word_1_189' title='bbox 2156 1325 2537 1394; x_wconf 82' lang='lat' dir='ltr'><strong>gravissimam</strong></span> <span class='ocrx_word' id='word_1_190' title='bbox 2554 1325 2759 1393; x_wconf 89' lang='lat' dir='ltr'><strong>plumbi</strong></span> <span class='ocrx_word' id='word_1_191' title='bbox 2777 1341 3007 1380; x_wconf 83' lang='lat' dir='ltr'><strong>massam</strong></span> <span class='ocrx_word' id='word_1_192' title='bbox 3023 1341 3323 1396; x_wconf 86' lang='lat' dir='ltr'><strong>pennarum</strong></span> <span class='ocrx_word' id='word_1_193' title='bbox 3348 1326 3587 1381; x_wconf 87' lang='lat' dir='ltr'><strong>inanium</strong></span> <span class='ocrx_word' id='word_1_194' title='bbox 3602 1328 3732 1383; x_wconf 81' lang='lat' dir='ltr'><strong>levi-</strong></span> 
     </span>
    </p>
   </div>
   <div class='ocr_carea' id='block_1_28' title="bbox 2165 1414 3732 1487">
    <p class='ocr_par' dir='ltr' id='par_1_28' title="bbox 2165 1414 3732 1487">
     <span class='ocr_line' id='line_1_28' title="bbox 2165 1414 3732 1487; baseline 0.003 -18"><span class='ocrx_word' id='word_1_195' title='bbox 2165 1424 2328 1470; x_wconf 81' lang='lat' dir='ltr'><strong>tatem</strong></span> <span class='ocrx_word' id='word_1_196' title='bbox 2376 1423 2601 1484; x_wconf 14' lang='lat' dir='ltr'><strong>putant.»</strong></span> <span class='ocrx_word' id='word_1_197' title='bbox 2640 1414 2793 1482; x_wconf 85' lang='lat' dir='ltr'><strong>Quod</strong></span> <span class='ocrx_word' id='word_1_198' title='bbox 2836 1432 2966 1487; x_wconf 85' lang='lat' dir='ltr'><strong>ergo</strong></span> <span class='ocrx_word' id='word_1_199' title='bbox 3006 1417 3118 1471; x_wconf 90' lang='lat' dir='ltr'><strong>illic</strong></span> <span class='ocrx_word' id='word_1_200' title='bbox 3158 1417 3357 1472; x_wconf 86' lang='lat' dir='ltr'><strong>dicitur</strong></span> <span class='ocrx_word' id='word_1_201' title='bbox 3392 1432 3407 1471; x_wconf 91' lang='lat'><strong>:</strong></span> <span class='ocrx_word' id='word_1_202' title='bbox 3450 1437 3468 1468; x_wconf 82' lang='grc' dir='ltr'><strong>ι</strong></span> <span class='ocrx_word' id='word_1_203' title='bbox 3510 1417 3732 1474; x_wconf 87' lang='lat' dir='ltr'><strong>Percus-</strong></span> 
     </span>
    </p>
   </div>
   <div class='ocr_carea' id='block_1_29' title="bbox 2156 1503 3734 1577">
    <p class='ocr_par' dir='ltr' id='par_1_29' title="bbox 2156 1503 3734 1577">
     <span class='ocr_line' id='line_1_29' title="bbox 2156 1503 3734 1577; baseline 0.004 -18"><span class='ocrx_word' id='word_1_204' title='bbox 2156 1514 2344 1560; x_wconf 86' lang='lat' dir='ltr'><strong>serunt</strong></span> <span class='ocrx_word' id='word_1_205' title='bbox 2382 1520 2477 1559; x_wconf 91' lang='lat' dir='ltr'><strong>eos</strong></span> <span class='ocrx_word' id='word_1_206' title='bbox 2509 1505 2598 1575; x_wconf 91' lang='lat' dir='ltr'><strong>qui</strong></span> <span class='ocrx_word' id='word_1_207' title='bbox 2634 1503 2769 1561; x_wconf 83' lang='lat' dir='ltr'><strong>foris</strong></span> <span class='ocrx_word' id='word_1_208' title='bbox 2787 1516 2939 1560; x_wconf 87' lang='lat' dir='ltr'><strong>erant</strong></span> <span class='ocrx_word' id='word_1_209' title='bbox 2973 1507 3238 1570; x_wconf 67' lang='lat' dir='ltr'><strong>caecitate,</strong></span> <span class='ocrx_word' id='word_1_210' title='bbox 3270 1526 3288 1557; x_wconf 76' lang='grc' dir='ltr'><strong>ι</strong></span> <span class='ocrx_word' id='word_1_211' title='bbox 3320 1508 3421 1562; x_wconf 81' lang='lat' dir='ltr'><strong>hoc</strong></span> <span class='ocrx_word' id='word_1_212' title='bbox 3441 1508 3734 1577; x_wconf 80' lang='lat' dir='ltr'><strong>Apostolus</strong></span> 
     </span>
    </p>
   </div>
   <div class='ocr_carea' id='block_1_30' title="bbox 2155 1592 3734 1661">
    <p class='ocr_par' dir='ltr' id='par_1_30' title="bbox 2155 1592 3734 1661">
     <span class='ocr_line' id='line_1_30' title="bbox 2155 1592 3734 1661; baseline 0.001 -10"><span class='ocrx_word' id='word_1_213' title='bbox 2155 1593 2444 1651; x_wconf 79' lang='lat' dir='ltr'><strong>manifeste</strong></span> <span class='ocrx_word' id='word_1_214' title='bbox 2478 1592 2740 1661; x_wconf 88' lang='lat' dir='ltr'><strong>declarat,</strong></span> <span class='ocrx_word' id='word_1_215' title='bbox 2786 1610 2907 1651; x_wconf 91' lang='lat' dir='ltr'><strong>cum</strong></span> <span class='ocrx_word' id='word_1_216' title='bbox 2937 1596 3106 1652; x_wconf 87' lang='lat' dir='ltr'><strong>dicit:</strong></span> <span class='ocrx_word' id='word_1_217' title='bbox 3145 1613 3163 1647; x_wconf 84' lang='grc' dir='ltr'><strong>ι</strong></span> <span class='ocrx_word' id='word_1_218' title='bbox 3194 1594 3446 1651; x_wconf 86' lang='lat' dir='ltr'><strong>Tradidit</strong></span> <span class='ocrx_word' id='word_1_219' title='bbox 3469 1611 3563 1652; x_wconf 89' lang='lat' dir='ltr'><strong>eos</strong></span> <span class='ocrx_word' id='word_1_220' title='bbox 3593 1597 3734 1652; x_wconf 85' lang='lat' dir='ltr'><strong>Deus</strong></span> 
     </span>
    </p>
   </div>
   <div class='ocr_carea' id='block_1_31' title="bbox 2155 1686 3731 1760">
    <p class='ocr_par' dir='ltr' id='par_1_31' title="bbox 2155 1686 3731 1760">
     <span class='ocr_line' id='line_1_31' title="bbox 2155 1686 3731 1760; baseline 0.001 -18"><span class='ocrx_word' id='word_1_221' title='bbox 2155 1686 2208 1742; x_wconf 89' lang='lat' dir='ltr'><strong>in</strong></span> <span class='ocrx_word' id='word_1_222' title='bbox 2237 1688 2522 1758; x_wconf 89' lang='lat' dir='ltr'><strong>reprobum</strong></span> <span class='ocrx_word' id='word_1_223' title='bbox 2562 1702 2803 1743; x_wconf 88' lang='lat' dir='ltr'><strong>sensum.</strong></span> <span class='ocrx_word' id='word_1_224' title='bbox 2835 1708 2853 1740; x_wconf 77' lang='grc' dir='ltr'><strong>ι</strong></span> <span class='ocrx_word' id='word_1_225' title='bbox 2904 1689 2966 1742; x_wconf 85' lang='lat' dir='ltr'><strong>Et</strong></span> <span class='ocrx_word' id='word_1_226' title='bbox 2997 1689 3141 1760; x_wconf 89' lang='lat' dir='ltr'><strong>quod</strong></span> <span class='ocrx_word' id='word_1_227' title='bbox 3190 1689 3303 1744; x_wconf 89' lang='lat' dir='ltr'><strong>illic</strong></span> <span class='ocrx_word' id='word_1_228' title='bbox 3346 1688 3731 1760; x_wconf 83' lang='lat' dir='ltr'><strong>subjungitur:</strong></span> 
     </span>
    </p>
   </div>
   <div class='ocr_carea' id='block_1_32' title="bbox 2162 1778 3736 1851">
    <p class='ocr_par' dir='ltr' id='par_1_32' title="bbox 2162 1778 3736 1851">
     <span class='ocr_line' id='line_1_32' title="bbox 2162 1778 3736 1851; baseline 0.003 -21"><span class='ocrx_word' id='word_1_229' title='bbox 2162 1797 2181 1830; x_wconf 81' lang='grc' dir='ltr'><strong>ι</strong></span> <span class='ocrx_word' id='word_1_230' title='bbox 2210 1778 2280 1836; x_wconf 88' lang='lat' dir='ltr'><strong>Ut</strong></span> <span class='ocrx_word' id='word_1_231' title='bbox 2317 1778 2517 1834; x_wconf 89' lang='lat' dir='ltr'><strong>ostium</strong></span> <span class='ocrx_word' id='word_1_232' title='bbox 2546 1781 2791 1835; x_wconf 88' lang='lat' dir='ltr'><strong>invenire</strong></span> <span class='ocrx_word' id='word_1_233' title='bbox 2818 1796 2923 1835; x_wconf 88' lang='lat' dir='ltr'><strong>non</strong></span> <span class='ocrx_word' id='word_1_234' title='bbox 2954 1781 3247 1850; x_wconf 64' lang='lat' dir='ltr'><strong>possiem,»</strong></span> <span class='ocrx_word' id='word_1_235' title='bbox 3285 1781 3391 1835; x_wconf 88' lang='lat' dir='ltr'><strong>hoc</strong></span> <span class='ocrx_word' id='word_1_236' title='bbox 3418 1782 3519 1837; x_wconf 85' lang='lat' dir='ltr'><strong>iste</strong></span> <span class='ocrx_word' id='word_1_237' title='bbox 3546 1792 3736 1851; x_wconf 87' lang='lat' dir='ltr'><strong>paten-</strong></span> 
     </span>
    </p>
   </div>
   <div class='ocr_carea' id='block_1_33' title="bbox 475 1869 3735 1942">
    <p class='ocr_par' dir='ltr' id='par_1_33' title="bbox 475 1869 3735 1942">
     <span class='ocr_line' id='line_1_33' title="bbox 475 1869 3735 1942; baseline 0.002 -14"><span class='ocrx_word' id='word_1_238' title='bbox 475 1876 729 1928; x_wconf 81' lang='lat' dir='ltr'><strong>ravemnt</strong></span> <span class='ocrx_word' id='word_1_239' title='bbox 767 1890 798 1926; x_wconf 90' lang='lat' dir='ltr'><strong>a</strong></span> <span class='ocrx_word' id='word_1_240' title='bbox 847 1876 973 1939; x_wconf 84' lang='lat' dir='ltr'><strong>tide,</strong></span> <span class='ocrx_word' id='word_1_241' title='bbox 1017 1888 1073 1931; x_wconf 90' lang='lat' dir='ltr'><strong>et</strong></span> <span class='ocrx_word' id='word_1_242' title='bbox 1113 1877 1459 1931; x_wconf 89' lang='lat' dir='ltr'><strong>inseruerunt</strong></span> <span class='ocrx_word' id='word_1_243' title='bbox 1499 1892 1560 1932; x_wconf 87' lang='lat' dir='ltr'><strong>se</strong></span> <span class='ocrx_word' id='word_1_244' title='bbox 1589 1877 1866 1932; x_wconf 85' lang='lat' dir='ltr'><strong>doloribus</strong></span> <span class='ocrx_word' id='word_1_245' title='bbox 1912 1878 2050 1933; x_wconf 88' lang='lat' dir='ltr'><strong>mul-</strong></span> <span class='ocrx_word' id='word_1_246' title='bbox 2084 1872 2127 1933; x_wconf 80' lang='grc' dir='ltr'><strong>Β</strong></span> <span class='ocrx_word' id='word_1_247' title='bbox 2155 1870 2514 1938; x_wconf 68' lang='grc' dir='ltr'><strong>ῑθΓθΧροηὶιν</strong></span> <span class='ocrx_word' id='word_1_248' title='bbox 2566 1886 2688 1924; x_wconf 79' lang='lat' dir='ltr'><strong>cum</strong></span> <span class='ocrx_word' id='word_1_249' title='bbox 2724 1870 2837 1925; x_wconf 66' lang='lat' dir='ltr'><strong>ait:</strong></span> <span class='ocrx_word' id='word_1_250' title='bbox 2880 1890 2898 1922; x_wconf 70' lang='grc' dir='ltr'><strong>ε</strong></span> <span class='ocrx_word' id='word_1_251' title='bbox 2923 1869 2994 1926; x_wconf 69' lang='lat' dir='ltr'><strong>Ut</strong></span> <span class='ocrx_word' id='word_1_252' title='bbox 3025 1872 3228 1925; x_wconf 71' lang='lat' dir='ltr'><strong>faeialll</strong></span> <span class='ocrx_word' id='word_1_253' title='bbox 3275 1871 3433 1942; x_wconf 78' lang='lat'><strong>90],</strong></span> <span class='ocrx_word' id='word_1_254' title='bbox 3467 1887 3588 1942; x_wconf 62' lang='lat' dir='ltr'><strong>quae</strong></span> <span class='ocrx_word' id='word_1_255' title='bbox 3627 1888 3735 1928; x_wconf 82' lang='lat' dir='ltr'><strong>non</strong></span> 
     </span>
    </p>
   </div>
   <div class='ocr_carea' id='block_1_34' title="bbox 472 1963 2054 2039">
    <p class='ocr_par' dir='ltr' id='par_1_34' title="bbox 472 1963 2054 2039">
     <span class='ocr_line' id='line_1_34' title="bbox 472 1963 2054 2039; baseline 0.003 -20"><span class='ocrx_word' id='word_1_256' title='bbox 472 1963 578 2031; x_wconf 86' lang='lat' dir='ltr'><strong>tis;</strong></span> <span class='ocrx_word' id='word_1_257' title='bbox 612 1984 631 2017; x_wconf 78' lang='grc' dir='ltr'><strong>ι</strong></span> <span class='ocrx_word' id='word_1_258' title='bbox 690 1965 873 2022; x_wconf 84' lang='lat' dir='ltr'><strong>multis</strong></span> <span class='ocrx_word' id='word_1_259' title='bbox 917 1968 1116 2039; x_wconf 89' lang='lat' dir='ltr'><strong>quippe</strong></span> <span class='ocrx_word' id='word_1_260' title='bbox 1163 1969 1442 2026; x_wconf 87' lang='lat' dir='ltr'><strong>doloribus</strong></span> <span class='ocrx_word' id='word_1_261' title='bbox 1496 1986 1557 2027; x_wconf 88' lang='lat' dir='ltr'><strong>se</strong></span> <span class='ocrx_word' id='word_1_262' title='bbox 1609 1971 1877 2035; x_wconf 88' lang='lat' dir='ltr'><strong>inserunt,</strong></span> <span class='ocrx_word' id='word_1_263' title='bbox 1926 1970 2054 2024; x_wconf 88' lang='lat' dir='ltr'><strong>dum</strong></span> 
     </span>
    </p>
   </div>
   <div class='ocr_carea' id='block_1_35' title="bbox 471 2060 2055 2127">
    <p class='ocr_par' dir='ltr' id='par_1_35' title="bbox 471 2060 2055 2127">
     <span class='ocr_line' id='line_1_35' title="bbox 471 2060 2055 2127; baseline 0.006 -19"><span class='ocrx_word' id='word_1_264' title='bbox 471 2066 693 2127; x_wconf 81' lang='lat' dir='ltr'><strong>propter</strong></span> <span class='ocrx_word' id='word_1_265' title='bbox 723 2060 1036 2127; x_wconf 79' lang='lat' dir='ltr'><strong>temporalia</strong></span> <span class='ocrx_word' id='word_1_266' title='bbox 1078 2060 1225 2115; x_wconf 83' lang='lat' dir='ltr'><strong>lucra</strong></span> <span class='ocrx_word' id='word_1_267' title='bbox 1274 2060 1636 2117; x_wconf 71' lang='lat' dir='ltr'><strong>infmderabili</strong></span> <span class='ocrx_word' id='word_1_268' title='bbox 1666 2078 1694 2114; x_wconf 91' lang='lat' dir='ltr'><strong>a</strong></span> <span class='ocrx_word' id='word_1_269' title='bbox 1733 2078 1791 2117; x_wconf 86' lang='lat' dir='ltr'><strong>se</strong></span> <span class='ocrx_word' id='word_1_270' title='bbox 1823 2062 2055 2117; x_wconf 84' lang='lat' dir='ltr'><strong>invicem</strong></span> 
     </span>
    </p>
   </div>
   <div class='ocr_carea' id='block_1_36' title="bbox 470 2144 2056 2222">
    <p class='ocr_par' dir='ltr' id='par_1_36' title="bbox 470 2144 2056 2222">
     <span class='ocr_line' id='line_1_36' title="bbox 470 2144 2056 2222; baseline 0.003 -20"><span class='ocrx_word' id='word_1_271' title='bbox 470 2144 746 2202; x_wconf 76' lang='lat' dir='ltr'><strong>simultate</strong></span> <span class='ocrx_word' id='word_1_272' title='bbox 771 2146 937 2222; x_wconf 56' lang='grc' dir='ltr'><strong>ω)</strong></span> <span class='ocrx_word' id='word_1_273' title='bbox 971 2149 1266 2214; x_wconf 86' lang='lat' dir='ltr'><strong>dissiliunt,</strong></span> <span class='ocrx_word' id='word_1_274' title='bbox 1304 2161 1362 2205; x_wconf 86' lang='lat' dir='ltr'><strong>et</strong></span> <span class='ocrx_word' id='word_1_275' title='bbox 1407 2150 1756 2221; x_wconf 80' lang='lat' dir='ltr'><strong>plerumque,</strong></span> <span class='ocrx_word' id='word_1_276' title='bbox 1788 2152 1916 2205; x_wconf 89' lang='lat' dir='ltr'><strong>dum</strong></span> <span class='ocrx_word' id='word_1_277' title='bbox 1954 2165 2056 2219; x_wconf 88' lang='lat' dir='ltr'><strong>pro</strong></span> 
     </span>
    </p>
   </div>
   <div class='ocr_carea' id='block_1_37' title="bbox 471 2238 2054 2311">
    <p class='ocr_par' dir='ltr' id='par_1_37' title="bbox 471 2238 2054 2311">
     <span class='ocr_line' id='line_1_37' title="bbox 471 2238 2054 2311; baseline 0.004 -21"><span class='ocrx_word' id='word_1_278' title='bbox 471 2238 839 2307; x_wconf 78' lang='lat' dir='ltr'><strong>corporalibus</strong></span> <span class='ocrx_word' id='word_1_279' title='bbox 889 2241 942 2294; x_wconf 90' lang='lat' dir='ltr'><strong>in</strong></span> <span class='ocrx_word' id='word_1_280' title='bbox 976 2257 1129 2297; x_wconf 85' lang='lat' dir='ltr'><strong>arma</strong></span> <span class='ocrx_word' id='word_1_281' title='bbox 1178 2250 1534 2306; x_wconf 88' lang='lat' dir='ltr'><strong>concurrunt,</strong></span> <span class='ocrx_word' id='word_1_282' title='bbox 1582 2242 1904 2311; x_wconf 77' lang='lat' dir='ltr'><strong>corporibus</strong></span> <span class='ocrx_word' id='word_1_283' title='bbox 1929 2242 2054 2296; x_wconf 85' lang='lat' dir='ltr'><strong>ani-</strong></span> 
     </span>
    </p>
   </div>
   <div class='ocr_carea' id='block_1_38' title="bbox 474 2330 2052 2400">
    <p class='ocr_par' dir='ltr' id='par_1_38' title="bbox 474 2330 2052 2400">
     <span class='ocr_line' id='line_1_38' title="bbox 474 2330 2052 2400; baseline 0.003 -17"><span class='ocrx_word' id='word_1_284' title='bbox 474 2344 598 2383; x_wconf 82' lang='lat' dir='ltr'><strong>mas</strong></span> <span class='ocrx_word' id='word_1_285' title='bbox 625 2340 852 2384; x_wconf 75' lang='lat' dir='ltr'><strong>exuunt.</strong></span> <span class='ocrx_word' id='word_1_286' title='bbox 882 2330 983 2398; x_wconf 87' lang='lat' dir='ltr'><strong>Qui</strong></span> <span class='ocrx_word' id='word_1_287' title='bbox 1020 2347 1147 2386; x_wconf 83' lang='lat' dir='ltr'><strong>vero</strong></span> <span class='ocrx_word' id='word_1_288' title='bbox 1182 2333 1312 2398; x_wconf 83' lang='lat' dir='ltr'><strong>solis</strong></span> <span class='ocrx_word' id='word_1_289' title='bbox 1336 2334 1645 2389; x_wconf 76' lang='lat' dir='ltr'><strong>cmlestibus</strong></span> <span class='ocrx_word' id='word_1_290' title='bbox 1679 2334 2052 2400; x_wconf 85' lang='lat' dir='ltr'><strong>inardescunt,</strong></span> 
     </span>
    </p>
   </div>
   <div class='ocr_carea' id='block_1_39' title="bbox 471 2420 2054 2497">
    <p class='ocr_par' dir='ltr' id='par_1_39' title="bbox 471 2420 2054 2497">
     <span class='ocr_line' id='line_1_39' title="bbox 471 2420 2054 2497; baseline 0.006 -25"><span class='ocrx_word' id='word_1_291' title='bbox 471 2435 569 2488; x_wconf 85' lang='lat' dir='ltr'><strong>pro</strong></span> <span class='ocrx_word' id='word_1_292' title='bbox 596 2420 871 2476; x_wconf 88' lang='lat' dir='ltr'><strong>doloribus</strong></span> <span class='ocrx_word' id='word_1_293' title='bbox 900 2422 1350 2480; x_wconf 83' lang='lat' dir='ltr'><strong>oblectationibus</strong></span> <span class='ocrx_word' id='word_1_294' title='bbox 1375 2425 1673 2497; x_wconf 80' lang='lat' dir='ltr'><strong>potiuntur,</strong></span> <span class='ocrx_word' id='word_1_295' title='bbox 1703 2427 1830 2496; x_wconf 83' lang='lat' dir='ltr'><strong>quia</strong></span> <span class='ocrx_word' id='word_1_296' title='bbox 1860 2426 1912 2481; x_wconf 87' lang='lat' dir='ltr'><strong>in</strong></span> <span class='ocrx_word' id='word_1_297' title='bbox 1942 2425 2054 2481; x_wconf 79' lang='lat' dir='ltr'><strong>fra-</strong></span> 
     </span>
    </p>
   </div>
   <div class='ocr_carea' id='block_1_40' title="bbox 482 2513 2053 2572">
    <p class='ocr_par' dir='ltr' id='par_1_40' title="bbox 482 2513 2053 2572">
     <span class='ocr_line' id='line_1_40' title="bbox 482 2513 2053 2572; baseline 0.002 -4"><span class='ocrx_word' id='word_1_298' title='bbox 482 2520 648 2568; x_wconf 72' lang='lat' dir='ltr'><strong>ternae</strong></span> <span class='ocrx_word' id='word_1_299' title='bbox 674 2513 957 2569; x_wconf 86' lang='lat' dir='ltr'><strong>charitatis</strong></span> <span class='ocrx_word' id='word_1_300' title='bbox 997 2515 1283 2572; x_wconf 83' lang='lat' dir='ltr'><strong>dulcedine</strong></span> <span class='ocrx_word' id='word_1_301' title='bbox 1315 2518 1647 2572; x_wconf 81' lang='lat' dir='ltr'><strong>unanimiter</strong></span> <span class='ocrx_word' id='word_1_302' title='bbox 1674 2518 1884 2572; x_wconf 89' lang='lat' dir='ltr'><strong>vivunt.</strong></span> <span class='ocrx_word' id='word_1_303' title='bbox 1917 2517 2053 2572; x_wconf 89' lang='lat' dir='ltr'><strong>llinc</strong></span> 
     </span>
    </p>
   </div>
   <div class='ocr_carea' id='block_1_41' title="bbox 470 2602 2053 2678">
    <p class='ocr_par' dir='ltr' id='par_1_41' title="bbox 470 2602 2053 2678">
     <span class='ocr_line' id='line_1_41' title="bbox 470 2602 2053 2678; baseline 0.003 -22"><span class='ocrx_word' id='word_1_304' title='bbox 470 2611 553 2673; x_wconf 83' lang='lat' dir='ltr'><strong>est</strong></span> <span class='ocrx_word' id='word_1_305' title='bbox 578 2603 720 2672; x_wconf 82' lang='lat' dir='ltr'><strong>quod</strong></span> <span class='ocrx_word' id='word_1_306' title='bbox 758 2602 848 2659; x_wconf 91' lang='lat' dir='ltr'><strong>illo</strong></span> <span class='ocrx_word' id='word_1_307' title='bbox 870 2605 1142 2661; x_wconf 86' lang='lat' dir='ltr'><strong>saerillcio</strong></span> <span class='ocrx_word' id='word_1_308' title='bbox 1172 2607 1515 2677; x_wconf 86' lang='lat' dir='ltr'><strong>vespertino,</strong></span> <span class='ocrx_word' id='word_1_309' title='bbox 1546 2607 1691 2678; x_wconf 89' lang='lat' dir='ltr'><strong>quod</strong></span> <span class='ocrx_word' id='word_1_310' title='bbox 1722 2618 1849 2662; x_wconf 82' lang='lat' dir='ltr'><strong>tunc</strong></span> <span class='ocrx_word' id='word_1_311' title='bbox 1875 2607 2053 2661; x_wconf 30' lang='lat' dir='ltr'><strong>Abrae</strong></span> 
     </span>
    </p>
   </div>
   <div class='ocr_carea' id='block_1_42' title="bbox 472 2689 2051 2765">
    <p class='ocr_par' dir='ltr' id='par_1_42' title="bbox 472 2689 2051 2765">
     <span class='ocr_line' id='line_1_42' title="bbox 472 2689 2051 2765; baseline 0.001 -15"><span class='ocrx_word' id='word_1_312' title='bbox 472 2689 597 2750; x_wconf 81' lang='lat' dir='ltr'><strong>ham</strong></span> <span class='ocrx_word' id='word_1_313' title='bbox 636 2692 850 2757; x_wconf 88' lang='lat' dir='ltr'><strong>obtulit,</strong></span> <span class='ocrx_word' id='word_1_314' title='bbox 884 2710 1077 2763; x_wconf 84' lang='lat' dir='ltr'><strong>pecora</strong></span> <span class='ocrx_word' id='word_1_315' title='bbox 1107 2696 1323 2765; x_wconf 86' lang='lat' dir='ltr'><strong>quidem</strong></span> <span class='ocrx_word' id='word_1_316' title='bbox 1357 2705 1571 2751; x_wconf 88' lang='lat' dir='ltr'><strong>terrena</strong></span> <span class='ocrx_word' id='word_1_317' title='bbox 1607 2696 1675 2751; x_wconf 89' lang='lat' dir='ltr'><strong>ab</strong></span> <span class='ocrx_word' id='word_1_318' title='bbox 1698 2697 1930 2752; x_wconf 90' lang='lat' dir='ltr'><strong>invicem</strong></span> <span class='ocrx_word' id='word_1_319' title='bbox 1964 2712 2051 2751; x_wconf 89' lang='lat' dir='ltr'><strong>se-</strong></span> 
     </span>
    </p>
   </div>
   <div class='ocr_carea' id='block_1_43' title="bbox 471 2780 2046 2854">
    <p class='ocr_par' dir='ltr' id='par_1_43' title="bbox 471 2780 2046 2854">
     <span class='ocr_line' id='line_1_43' title="bbox 471 2780 2046 2854; baseline 0.007 -21"><span class='ocrx_word' id='word_1_320' title='bbox 471 2787 746 2848; x_wconf 83' lang='lat' dir='ltr'><strong>questrata</strong></span> <span class='ocrx_word' id='word_1_321' title='bbox 794 2785 1128 2852; x_wconf 83' lang='lat' dir='ltr'><strong>composuit,</strong></span> <span class='ocrx_word' id='word_1_322' title='bbox 1179 2784 1274 2839; x_wconf 89' lang='lat' dir='ltr'><strong>sed</strong></span> <span class='ocrx_word' id='word_1_323' title='bbox 1330 2784 1566 2840; x_wconf 86' lang='lat' dir='ltr'><strong>volatilia</strong></span> <span class='ocrx_word' id='word_1_324' title='bbox 1622 2800 1727 2841; x_wconf 88' lang='lat' dir='ltr'><strong>non</strong></span> <span class='ocrx_word' id='word_1_325' title='bbox 1780 2780 2046 2854; x_wconf 75' lang='lat' dir='ltr'><strong>adiunxit.</strong></span> 
     </span>
    </p>
   </div>
   <div class='ocr_carea' id='block_1_44' title="bbox 474 2868 2050 2947">
    <p class='ocr_par' dir='ltr' id='par_1_44' title="bbox 474 2868 2050 2947">
     <span class='ocr_line' id='line_1_44' title="bbox 474 2868 2050 2947; baseline 0.006 -21"><span class='ocrx_word' id='word_1_326' title='bbox 474 2868 629 2926; x_wconf 81' lang='lat' dir='ltr'><strong>Unde</strong></span> <span class='ocrx_word' id='word_1_327' title='bbox 652 2870 963 2940; x_wconf 84' lang='lat' dir='ltr'><strong>Scriptura:</strong></span> <span class='ocrx_word' id='word_1_328' title='bbox 996 2891 1013 2924; x_wconf 84' lang='grc' dir='ltr'><strong>ι</strong></span> <span class='ocrx_word' id='word_1_329' title='bbox 1035 2873 1135 2945; x_wconf 84' lang='lat' dir='ltr'><strong>Qpi</strong></span> <span class='ocrx_word' id='word_1_330' title='bbox 1166 2875 1382 2941; x_wconf 86' lang='lat' dir='ltr'><strong>tollens,</strong></span> <span class='ocrx_word' id='word_1_331' title='bbox 1407 2877 1603 2947; x_wconf 87' lang='lat' dir='ltr'><strong>inquit,</strong></span> <span class='ocrx_word' id='word_1_332' title='bbox 1631 2876 1882 2934; x_wconf 82' lang='lat' dir='ltr'><strong>universa</strong></span> <span class='ocrx_word' id='word_1_333' title='bbox 1910 2880 2050 2944; x_wconf 72' lang='lat' dir='ltr'><strong>haec;</strong></span> 
     </span>
    </p>
   </div>
   <div class='ocr_carea' id='block_1_45' title="bbox 476 2960 2051 3038">
    <p class='ocr_par' dir='ltr' id='par_1_45' title="bbox 476 2960 2051 3038">
     <span class='ocr_line' id='line_1_45' title="bbox 476 2960 2051 3038; baseline 0.006 -25"><span class='ocrx_word' id='word_1_334' title='bbox 476 2960 656 3019; x_wconf 83' lang='lat' dir='ltr'><strong>:livisit</strong></span> <span class='ocrx_word' id='word_1_335' title='bbox 695 2978 756 3015; x_wconf 88' lang='lat' dir='ltr'><strong>ea</strong></span> <span class='ocrx_word' id='word_1_336' title='bbox 804 2980 900 3033; x_wconf 87' lang='lat' dir='ltr'><strong>per</strong></span> <span class='ocrx_word' id='word_1_337' title='bbox 948 2966 1208 3031; x_wconf 85' lang='lat' dir='ltr'><strong>medium,</strong></span> <span class='ocrx_word' id='word_1_338' title='bbox 1242 2976 1299 3020; x_wconf 91' lang='lat' dir='ltr'><strong>et</strong></span> <span class='ocrx_word' id='word_1_339' title='bbox 1349 2976 1607 3037; x_wconf 87' lang='lat' dir='ltr'><strong>utrasque</strong></span> <span class='ocrx_word' id='word_1_340' title='bbox 1640 2978 1822 3038; x_wconf 84' lang='lat' dir='ltr'><strong>partes</strong></span> <span class='ocrx_word' id='word_1_341' title='bbox 1853 2969 2051 3024; x_wconf 51' lang='lat' dir='ltr'><strong>altrins</strong></span> 
     </span>
    </p>
   </div>
   <div class='ocr_carea' id='block_1_46' title="bbox 473 3056 1970 3124">
    <p class='ocr_par' dir='ltr' id='par_1_46' title="bbox 473 3056 1970 3124">
     <span class='ocr_line' id='line_1_46' title="bbox 473 3056 1970 3124; baseline 0.001 -17"><span class='ocrx_word' id='word_1_342' title='bbox 473 3066 632 3107; x_wconf 76' lang='lat' dir='ltr'><strong>secus</strong></span> <span class='ocrx_word' id='word_1_343' title='bbox 656 3064 845 3107; x_wconf 78' lang='lat' dir='ltr'><strong>contra</strong></span> <span class='ocrx_word' id='word_1_344' title='bbox 873 3066 933 3109; x_wconf 86' lang='lat' dir='ltr'><strong>se</strong></span> <span class='ocrx_word' id='word_1_345' title='bbox 962 3056 1175 3124; x_wconf 85' lang='lat' dir='ltr'><strong>posuit,</strong></span> <span class='ocrx_word' id='word_1_346' title='bbox 1212 3072 1341 3112; x_wconf 85' lang='lat' dir='ltr'><strong>aves</strong></span> <span class='ocrx_word' id='word_1_347' title='bbox 1372 3066 1552 3112; x_wconf 88' lang='lat' dir='ltr'><strong>autem</strong></span> <span class='ocrx_word' id='word_1_348' title='bbox 1583 3074 1689 3113; x_wconf 90' lang='lat' dir='ltr'><strong>non</strong></span> <span class='ocrx_word' id='word_1_349' title='bbox 1715 3060 1916 3115; x_wconf 82' lang='lat' dir='ltr'><strong>divisit.</strong></span> <span class='ocrx_word' id='word_1_350' title='bbox 1951 3079 1970 3109; x_wconf 77' lang='grc' dir='ltr'><strong>ι</strong></span> 
     </span>
    </p>
   </div>
   <div class='ocr_carea' id='block_1_47' title="bbox 1037 3167 1489 3230">
    <p class='ocr_par' dir='ltr' id='par_1_47' title="bbox 1037 3167 1489 3230">
     <span class='ocr_line' id='line_1_47' title="bbox 1037 3167 1489 3230; baseline 0 -5"><span class='ocrx_word' id='word_1_351' title='bbox 1037 3167 1265 3226; x_wconf 80' lang='lat' dir='ltr'><strong>CAPUT</strong></span> <span class='ocrx_word' id='word_1_352' title='bbox 1303 3169 1489 3230; x_wconf 70' lang='lat' dir='ltr'>XXIII.</span> 
     </span>
    </p>
   </div>
   <div class='ocr_carea' id='block_1_48' title="bbox 2159 1958 3738 2026">
    <p class='ocr_par' dir='ltr' id='par_1_48' title="bbox 2159 1958 3738 2026">
     <span class='ocr_line' id='line_1_48' title="bbox 2159 1958 3738 2026; baseline 0.003 -14"><span class='ocrx_word' id='word_1_353' title='bbox 2159 1958 2520 2024; x_wconf 90' lang='lat' dir='ltr'><strong>conveniunt,</strong></span> <span class='ocrx_word' id='word_1_354' title='bbox 2554 1977 2574 2010; x_wconf 75' lang='grc' dir='ltr'><strong>ι</strong></span> <span class='ocrx_word' id='word_1_355' title='bbox 2602 1974 2668 2014; x_wconf 89' lang='lat' dir='ltr'><strong>ac</strong></span> <span class='ocrx_word' id='word_1_356' title='bbox 2698 1958 2742 2013; x_wconf 90' lang='lat' dir='ltr'><strong>si</strong></span> <span class='ocrx_word' id='word_1_357' title='bbox 2775 1959 3001 2026; x_wconf 86' lang='lat' dir='ltr'><strong>diceret,</strong></span> <span class='ocrx_word' id='word_1_358' title='bbox 3025 1969 3085 2013; x_wconf 91' lang='lat' dir='ltr'><strong>ut</strong></span> <span class='ocrx_word' id='word_1_359' title='bbox 3108 1960 3316 2015; x_wconf 88' lang='lat' dir='ltr'><strong>intrare</strong></span> <span class='ocrx_word' id='word_1_360' title='bbox 3343 1969 3553 2017; x_wconf 87' lang='lat' dir='ltr'><strong>tentent</strong></span> <span class='ocrx_word' id='word_1_361' title='bbox 3595 1962 3738 2019; x_wconf 82' lang='lat' dir='ltr'><strong>unde</strong></span> 
     </span>
    </p>
   </div>
   <div class='ocr_carea' id='block_1_49' title="bbox 2158 2047 2516 2106">
    <p class='ocr_par' dir='ltr' id='par_1_49' title="bbox 2158 2047 2516 2106">
     <span class='ocr_line' id='line_1_49' title="bbox 2158 2047 2516 2106; baseline 0 -1"><span class='ocrx_word' id='word_1_362' title='bbox 2158 2062 2264 2105; x_wconf 89' lang='lat' dir='ltr'><strong>non</strong></span> <span class='ocrx_word' id='word_1_363' title='bbox 2298 2047 2516 2106; x_wconf 90' lang='lat' dir='ltr'><strong>debent.</strong></span> 
     </span>
    </p>
   </div>
   <div class='ocr_carea' id='block_1_50' title="bbox 2725 2167 3162 2227">
    <p class='ocr_par' dir='ltr' id='par_1_50' title="bbox 2725 2167 3162 2227">
     <span class='ocr_line' id='line_1_50' title="bbox 2725 2167 3162 2227; baseline 0 -4"><span class='ocrx_word' id='word_1_364' title='bbox 2725 2167 2953 2224; x_wconf 83' lang='lat' dir='ltr'><strong>CAPUT</strong></span> <span class='ocrx_word' id='word_1_365' title='bbox 2999 2168 3162 2227; x_wconf 80' lang='lat' dir='ltr'><strong>XXV.</strong></span> 
     </span>
    </p>
   </div>
   <div class='ocr_carea' id='block_1_51' title="bbox 2229 2257 3734 2384">
    <p class='ocr_par' dir='ltr' id='par_1_51' title="bbox 2229 2257 3734 2384">
     <span class='ocr_line' id='line_1_51' title="bbox 2229 2257 3734 2384; baseline 0.003 -72"><span class='ocrx_word' id='word_1_366' title='bbox 2229 2257 2384 2325; x_wconf 72' lang='lat' dir='ltr'><strong>Quod</strong></span> <span class='ocrx_word' id='word_1_367' title='bbox 2419 2258 2688 2317; x_wconf 79' lang='lat' dir='ltr'><strong>Abraham</strong></span> <span class='ocrx_word' id='word_1_368' title='bbox 2729 2260 3286 2384; x_wconf 42' lang='lat' dir='ltr'><strong>urgcurrtbsiqitﬁlium</strong></span> <span class='ocrx_word' id='word_1_369' title='bbox 3327 2260 3734 2328; x_wconf 77' lang='lat' dir='ltr'><strong>sacriﬁcandum</strong></span> 
     </span>
     <span class='ocr_line' id='line_1_52' title="bbox 2827 2347 3118 2384; baseline -0.003 -1"><span class='ocrx_word' id='word_1_370' title='bbox 2827 2347 2888 2383; x_wconf 85' lang='lat' dir='ltr'><strong>eo</strong></span> <span class='ocrx_word' id='word_1_371' title='bbox 2916 2347 2945 2382; x_wconf 90' lang='lat'><strong><em>0</em></strong></span> <span class='ocrx_word' id='word_1_372' title='bbox 2982 2347 3075 2384; x_wconf 68' lang='grc' dir='ltr'>ίιιι</span> <span class='ocrx_word' id='word_1_373' title='bbox 3105 2370 3118 2382; x_wconf 92' lang='grc'><em>.</em></span> 
     </span>
    </p>
   </div>
   <div class='ocr_carea' id='block_1_52' title="bbox 2827 2347 3118 2386">
    <p class='ocr_par' dir='ltr' id='par_1_52' title="bbox 2827 2347 3118 2386">
     <span class='ocr_line' id='line_1_53' title="bbox 2827 2347 3118 2386; baseline -0.003 -3"><span class='ocrx_word' id='word_1_374' title='bbox 2827 2347 2888 2383; x_wconf 84' lang='lat' dir='ltr'><strong>eo</strong></span> <span class='ocrx_word' id='word_1_375' title='bbox 2916 2347 2992 2382; x_wconf 65' lang='lat'><strong>004‘</strong></span> <span class='ocrx_word' id='word_1_376' title='bbox 3005 2347 3118 2386; x_wconf 82' lang='lat' dir='ltr'><strong>um.</strong></span> 
     </span>
    </p>
   </div>
   <div class='ocr_carea' id='block_1_53' title="bbox 2226 2419 3732 2485">
    <p class='ocr_par' dir='ltr' id='par_1_53' title="bbox 2226 2419 3732 2485">
     <span class='ocr_line' id='line_1_54' title="bbox 2226 2419 3732 2485; baseline 0.003 -13"><span class='ocrx_word' id='word_1_377' title='bbox 2226 2419 2503 2474; x_wconf 83' lang='lat' dir='ltr'><strong>Abraham</strong></span> <span class='ocrx_word' id='word_1_378' title='bbox 2542 2420 2669 2475; x_wconf 90' lang='lat' dir='ltr'><strong>dum</strong></span> <span class='ocrx_word' id='word_1_379' title='bbox 2704 2419 2984 2474; x_wconf 83' lang='lat' dir='ltr'><strong>immolare</strong></span> <span class='ocrx_word' id='word_1_380' title='bbox 3016 2420 3124 2475; x_wconf 86' lang='lat' dir='ltr'><strong>Deo</strong></span> <span class='ocrx_word' id='word_1_381' title='bbox 3158 2419 3323 2475; x_wconf 78' lang='lat' dir='ltr'><strong>filium</strong></span> <span class='ocrx_word' id='word_1_382' title='bbox 3356 2437 3513 2475; x_wconf 90' lang='lat' dir='ltr'><strong>suum</strong></span> <span class='ocrx_word' id='word_1_383' title='bbox 3541 2422 3732 2485; x_wconf 87' lang='lat' dir='ltr'><strong>voluit,</strong></span> 
     </span>
    </p>
   </div>
   <div class='ocr_carea' id='block_1_54' title="bbox 2152 2511 3731 2583">
    <p class='ocr_par' dir='ltr' id='par_1_54' title="bbox 2152 2511 3731 2583">
     <span class='ocr_line' id='line_1_55' title="bbox 2152 2511 3731 2583; baseline -0.001 -15"><span class='ocrx_word' id='word_1_384' title='bbox 2152 2524 2349 2568; x_wconf 88' lang='lat' dir='ltr'><strong>cuncta</strong></span> <span class='ocrx_word' id='word_1_385' title='bbox 2383 2528 2519 2582; x_wconf 83' lang='lat' dir='ltr'><strong>pene</strong></span> <span class='ocrx_word' id='word_1_386' title='bbox 2566 2528 2665 2583; x_wconf 90' lang='lat' dir='ltr'><strong>per</strong></span> <span class='ocrx_word' id='word_1_387' title='bbox 2707 2511 2953 2567; x_wconf 76' lang='lat' dir='ltr'><strong>ordinem</strong></span> <span class='ocrx_word' id='word_1_388' title='bbox 2999 2513 3268 2580; x_wconf 89' lang='lat' dir='ltr'><strong>passionis</strong></span> <span class='ocrx_word' id='word_1_389' title='bbox 3306 2511 3510 2567; x_wconf 87' lang='lat' dir='ltr'><strong>Christi</strong></span> <span class='ocrx_word' id='word_1_390' title='bbox 3550 2528 3731 2567; x_wconf 81' lang='lat' dir='ltr'><strong>sacra-</strong></span> 
     </span>
    </p>
   </div>
   <div class='ocr_carea' id='block_1_55' title="bbox 2155 2601 3732 2674">
    <p class='ocr_par' dir='ltr' id='par_1_55' title="bbox 2155 2601 3732 2674">
     <span class='ocr_line' id='line_1_56' title="bbox 2155 2601 3732 2674; baseline -0.001 -16"><span class='ocrx_word' id='word_1_391' title='bbox 2155 2614 2334 2658; x_wconf 89' lang='lat' dir='ltr'><strong>menta</strong></span> <span class='ocrx_word' id='word_1_392' title='bbox 2364 2604 2617 2674; x_wconf 85' lang='lat' dir='ltr'><strong>signavit.</strong></span> <span class='ocrx_word' id='word_1_393' title='bbox 2647 2603 2799 2657; x_wconf 85' lang='lat' dir='ltr'><strong>Sicut</strong></span> <span class='ocrx_word' id='word_1_394' title='bbox 2841 2601 3148 2667; x_wconf 83' lang='lat' dir='ltr'><strong>Abraham,</strong></span> <span class='ocrx_word' id='word_1_395' title='bbox 3196 2603 3287 2673; x_wconf 90' lang='lat' dir='ltr'><strong>qui</strong></span> <span class='ocrx_word' id='word_1_396' title='bbox 3316 2614 3465 2672; x_wconf 81' lang='lat' dir='ltr'><strong>pater</strong></span> <span class='ocrx_word' id='word_1_397' title='bbox 3501 2603 3732 2657; x_wconf 59' lang='lat' dir='ltr'><strong>excisus</strong></span> 
     </span>
    </p>
   </div>
   <div class='ocr_carea' id='block_1_56' title="bbox 2152 2694 3730 2757">
    <p class='ocr_par' dir='ltr' id='par_1_56' title="bbox 2152 2694 3730 2757">
     <span class='ocr_line' id='line_1_57' title="bbox 2152 2694 3730 2757; baseline 0.001 -7"><span class='ocrx_word' id='word_1_398' title='bbox 2152 2694 2351 2751; x_wconf 86' lang='lat' dir='ltr'><strong>dicitur</strong></span> <span class='ocrx_word' id='word_1_399' title='bbox 2374 2736 2389 2757; x_wconf 89' lang='lat'><strong>,</strong></span> <span class='ocrx_word' id='word_1_400' title='bbox 2416 2694 2634 2750; x_wconf 89' lang='lat' dir='ltr'><strong>unicum</strong></span> <span class='ocrx_word' id='word_1_401' title='bbox 2668 2702 2723 2749; x_wconf 91' lang='lat' dir='ltr'><strong>et</strong></span> <span class='ocrx_word' id='word_1_402' title='bbox 2753 2694 3006 2749; x_wconf 90' lang='lat' dir='ltr'><strong>dilectum</strong></span> <span class='ocrx_word' id='word_1_403' title='bbox 3051 2695 3217 2750; x_wconf 87' lang='lat' dir='ltr'><strong>lilium</strong></span> <span class='ocrx_word' id='word_1_404' title='bbox 3258 2695 3366 2752; x_wconf 87' lang='lat' dir='ltr'><strong>Deo</strong></span> <span class='ocrx_word' id='word_1_405' title='bbox 3390 2694 3585 2750; x_wconf 77' lang='lat' dir='ltr'><strong>offerre</strong></span> <span class='ocrx_word' id='word_1_406' title='bbox 3625 2711 3730 2752; x_wconf 87' lang='lat' dir='ltr'><strong>non</strong></span> 
     </span>
    </p>
   </div>
   <div class='ocr_carea' id='block_1_57' title="bbox 2151 2786 3732 2858">
    <p class='ocr_par' dir='ltr' id='par_1_57' title="bbox 2151 2786 3732 2858">
     <span class='ocr_line' id='line_1_58' title="bbox 2151 2786 3732 2858; baseline -0.001 -15"><span class='ocrx_word' id='word_1_407' title='bbox 2151 2788 2435 2852; x_wconf 79' lang='lat' dir='ltr'><strong>dubitavit,</strong></span> <span class='ocrx_word' id='word_1_408' title='bbox 2476 2787 2551 2842; x_wconf 89' lang='lat' dir='ltr'><strong>ita</strong></span> <span class='ocrx_word' id='word_1_409' title='bbox 2601 2798 2656 2843; x_wconf 92' lang='lat' dir='ltr'><strong>et</strong></span> <span class='ocrx_word' id='word_1_410' title='bbox 2686 2804 2929 2843; x_wconf 90' lang='lat' dir='ltr'><strong>summus</strong></span> <span class='ocrx_word' id='word_1_411' title='bbox 2971 2786 3132 2843; x_wconf 88' lang='lat' dir='ltr'><strong>Pater</strong></span> <span class='ocrx_word' id='word_1_412' title='bbox 3177 2789 3508 2858; x_wconf 88' lang='lat' dir='ltr'><strong>unigenitum</strong></span> <span class='ocrx_word' id='word_1_413' title='bbox 3536 2787 3732 2845; x_wconf 83' lang='lat' dir='ltr'><strong>Filium</strong></span> 
     </span>
    </p>
   </div>
   <div class='ocr_carea' id='block_1_58' title="bbox 2152 2864 3727 2950">
    <p class='ocr_par' dir='ltr' id='par_1_58' title="bbox 2152 2864 3727 2950">
     <span class='ocr_line' id='line_1_59' title="bbox 2152 2864 3727 2950; baseline -0.003 -17"><span class='ocrx_word' id='word_1_414' title='bbox 2152 2894 2247 2950; x_wconf 90' lang='lat' dir='ltr'><strong>pro</strong></span> <span class='ocrx_word' id='word_1_415' title='bbox 2276 2877 2431 2933; x_wconf 91' lang='lat' dir='ltr'><strong>nobis</strong></span> <span class='ocrx_word' id='word_1_416' title='bbox 2463 2877 2715 2934; x_wconf 87' lang='lat' dir='ltr'><strong>omnibus</strong></span> <span class='ocrx_word' id='word_1_417' title='bbox 2740 2878 2981 2933; x_wconf 88' lang='lat' dir='ltr'><strong>tradidit.</strong></span> <span class='ocrx_word' id='word_1_418' title='bbox 3028 2878 3095 2934; x_wconf 85' lang='lat' dir='ltr'><strong>Et</strong></span> <span class='ocrx_word' id='word_1_419' title='bbox 3125 2878 3267 2934; x_wconf 88' lang='lat' dir='ltr'><strong>sicut</strong></span> <span class='ocrx_word' id='word_1_420' title='bbox 3293 2864 3442 2933; x_wconf 52' lang='lat' dir='ltr'><strong>Isaac</strong></span> <span class='ocrx_word' id='word_1_421' title='bbox 3472 2879 3586 2949; x_wconf 88' lang='lat' dir='ltr'><strong>ipse</strong></span> <span class='ocrx_word' id='word_1_422' title='bbox 3628 2880 3727 2932; x_wconf 84' lang='lat' dir='ltr'><strong>sibi</strong></span> 
     </span>
    </p>
   </div>
   <div class='ocr_carea' id='block_1_59' title="bbox 2150 2968 3731 3042">
    <p class='ocr_par' dir='ltr' id='par_1_59' title="bbox 2150 2968 3731 3042">
     <span class='ocr_line' id='line_1_60' title="bbox 2150 2968 3731 3042; baseline -0.003 -17"><span class='ocrx_word' id='word_1_423' title='bbox 2150 2968 2292 3034; x_wconf 80' lang='lat' dir='ltr'><strong>ligna</strong></span> <span class='ocrx_word' id='word_1_424' title='bbox 2325 2968 2553 3042; x_wconf 85' lang='lat' dir='ltr'><strong>portavit</strong></span> <span class='ocrx_word' id='word_1_425' title='bbox 2587 2969 2784 3042; x_wconf 87' lang='lat' dir='ltr'><strong>quibus</strong></span> <span class='ocrx_word' id='word_1_426' title='bbox 2821 2977 2939 3023; x_wconf 91' lang='lat' dir='ltr'><strong>erat</strong></span> <span class='ocrx_word' id='word_1_427' title='bbox 2978 2968 3371 3039; x_wconf 88' lang='lat' dir='ltr'><strong>imponendus.</strong></span> <span class='ocrx_word' id='word_1_428' title='bbox 3412 2968 3484 3021; x_wconf 86' lang='lat' dir='ltr'><strong>ita</strong></span> <span class='ocrx_word' id='word_1_429' title='bbox 3519 2983 3731 3037; x_wconf 70' lang='lat' dir='ltr'><strong>quoque</strong></span> 
     </span>
    </p>
   </div>
   <div class='ocr_carea' id='block_1_60' title="bbox 2150 3056 3733 3129">
    <p class='ocr_par' dir='ltr' id='par_1_60' title="bbox 2150 3056 3733 3129">
     <span class='ocr_line' id='line_1_61' title="bbox 2150 3056 3733 3129; baseline -0.004 -15"><span class='ocrx_word' id='word_1_430' title='bbox 2150 3056 2400 3114; x_wconf 87' lang='lat' dir='ltr'><strong>Christus</strong></span> <span class='ocrx_word' id='word_1_431' title='bbox 2423 3057 2600 3112; x_wconf 90' lang='lat' dir='ltr'><strong>crucis</strong></span> <span class='ocrx_word' id='word_1_432' title='bbox 2628 3073 2739 3112; x_wconf 71' lang='lat' dir='ltr'><strong>sua:</strong></span> <span class='ocrx_word' id='word_1_433' title='bbox 2766 3057 3035 3129; x_wconf 84' lang='lat' dir='ltr'><strong>passionis</strong></span> <span class='ocrx_word' id='word_1_434' title='bbox 3058 3058 3288 3129; x_wconf 80' lang='lat' dir='ltr'><strong>gestavit</strong></span> <span class='ocrx_word' id='word_1_435' title='bbox 3316 3057 3368 3111; x_wconf 84' lang='lat' dir='ltr'><strong>in</strong></span> <span class='ocrx_word' id='word_1_436' title='bbox 3401 3057 3639 3117; x_wconf 77' lang='lat' dir='ltr'><strong>humeris</strong></span> <span class='ocrx_word' id='word_1_437' title='bbox 3671 3056 3733 3109; x_wconf 77' lang='lat' dir='ltr'><strong>li-</strong></span> 
     </span>
    </p>
   </div>
   <div class='ocr_carea' id='block_1_61' title="bbox 2150 3131 3732 3218">
    <p class='ocr_par' dir='ltr' id='par_1_61' title="bbox 2150 3131 3732 3218">
     <span class='ocr_line' id='line_1_62' title="bbox 2150 3131 3732 3218; baseline -0.001 -16"><span class='ocrx_word' id='word_1_438' title='bbox 2150 3131 2314 3218; x_wconf 77' lang='lat' dir='ltr'><strong>gnum</strong></span> <span class='ocrx_word' id='word_1_439' title='bbox 2340 3188 2355 3214; x_wconf 95' lang='lat'><strong>,</strong></span> <span class='ocrx_word' id='word_1_440' title='bbox 2386 3147 2439 3203; x_wconf 91' lang='lat' dir='ltr'><strong>in</strong></span> <span class='ocrx_word' id='word_1_441' title='bbox 2465 3163 2571 3218; x_wconf 90' lang='lat' dir='ltr'><strong>quo</strong></span> <span class='ocrx_word' id='word_1_442' title='bbox 2597 3157 2716 3202; x_wconf 89' lang='lat' dir='ltr'><strong>erat</strong></span> <span class='ocrx_word' id='word_1_443' title='bbox 2742 3163 2842 3218; x_wconf 90' lang='lat' dir='ltr'><strong>pro</strong></span> <span class='ocrx_word' id='word_1_444' title='bbox 2868 3156 3052 3203; x_wconf 90' lang='lat' dir='ltr'><strong>nostra</strong></span> <span class='ocrx_word' id='word_1_445' title='bbox 3091 3148 3263 3202; x_wconf 88' lang='lat' dir='ltr'><strong>salute</strong></span> <span class='ocrx_word' id='word_1_446' title='bbox 3297 3162 3572 3218; x_wconf 83' lang='lat' dir='ltr'><strong>passurus.</strong></span> <span class='ocrx_word' id='word_1_447' title='bbox 3618 3149 3732 3201; x_wconf 76' lang='lat' dir='ltr'><strong>Duo</strong></span> 
     </span>
    </p>
   </div>
   <div class='ocr_carea' id='block_1_62' title="bbox 472 3237 3731 3333">
    <p class='ocr_par' dir='ltr' id='par_1_62' title="bbox 472 3237 3731 3333">
     <span class='ocr_line' id='line_1_63' title="bbox 472 3237 3731 3333; baseline 0.001 -44"><span class='ocrx_word' id='word_1_448' title='bbox 472 3256 816 3321; x_wconf 46' lang='lat' dir='ltr'><strong>gemendum.</strong></span> <span class='ocrx_word' id='word_1_449' title='bbox 863 3270 913 3313; x_wconf 58' lang='grc' dir='ltr'><strong>ετ</strong></span> <span class='ocrx_word' id='word_1_450' title='bbox 954 3262 1132 3331; x_wconf 49' lang='lat' dir='ltr'><strong>videbo</strong></span> <span class='ocrx_word' id='word_1_451' title='bbox 1163 3278 1230 3314; x_wconf 73' lang='grc' dir='ltr'><em>αη</em></span> <span class='ocrx_word' id='word_1_452' title='bbox 1263 3262 1543 3315; x_wconf 60' lang='lat' dir='ltr'><strong>dumorem</strong></span> <span class='ocrx_word' id='word_1_453' title='bbox 1574 3264 1662 3333; x_wconf 52' lang='lat' dir='ltr'><strong>qui</strong></span> <span class='ocrx_word' id='word_1_454' title='bbox 1696 3265 1831 3318; x_wconf 56' lang='lat' dir='ltr'><strong>veni,</strong></span> <span class='ocrx_word' id='word_1_455' title='bbox 1871 3271 1940 3318; x_wconf 69' lang='lat' dir='ltr'><strong><em>ad</em></strong></span> <span class='ocrx_word' id='word_1_456' title='bbox 1970 3282 2049 3320; x_wconf 52' lang='lat' dir='ltr'><strong><em>me</em></strong></span> <span class='ocrx_word' id='word_1_457' title='bbox 2075 3237 2120 3298; x_wconf 92' lang='lat' dir='ltr'><strong>C</strong></span> <span class='ocrx_word' id='word_1_458' title='bbox 2153 3251 2331 3333; x_wconf 86' lang='lat' dir='ltr'><strong>autem</strong></span> <span class='ocrx_word' id='word_1_459' title='bbox 2372 3240 2514 3294; x_wconf 88' lang='lat' dir='ltr'><strong>servi</strong></span> <span class='ocrx_word' id='word_1_460' title='bbox 2561 3239 2634 3293; x_wconf 89' lang='lat' dir='ltr'><strong>illi</strong></span> <span class='ocrx_word' id='word_1_461' title='bbox 2676 3240 2861 3311; x_wconf 87' lang='lat' dir='ltr'><strong>procul</strong></span> <span class='ocrx_word' id='word_1_462' title='bbox 2890 3241 3097 3296; x_wconf 88' lang='lat' dir='ltr'><strong>dimissi</strong></span> <span class='ocrx_word' id='word_1_463' title='bbox 3124 3238 3339 3333; x_wconf 63' lang='lat' dir='ltr'><strong>.Idd‘azos</strong></span> <span class='ocrx_word' id='word_1_464' title='bbox 3382 3240 3689 3311; x_wconf 67' lang='lat' dir='ltr'><strong>signiﬁcmit</strong></span> <span class='ocrx_word' id='word_1_465' title='bbox 3716 3282 3731 3305; x_wconf 84' lang='lat'><strong>,</strong></span> 
     </span>
    </p>
   </div>
   <div class='ocr_carea' id='block_1_63' title="bbox 980 3333 1545 3402">
    <p class='ocr_par' dir='ltr' id='par_1_63' title="bbox 980 3333 1545 3402">
     <span class='ocr_line' id='line_1_64' title="bbox 980 3333 1545 3402; baseline 0 -17"><span class='ocrx_word' id='word_1_466' title='bbox 980 3347 1132 3400; x_wconf 81' lang='lat' dir='ltr'><strong>opere</strong></span> <span class='ocrx_word' id='word_1_467' title='bbox 1162 3333 1545 3402; x_wconf 68' lang='lat' dir='ltr'><strong>compleverit&quot;.</strong></span> 
     </span>
    </p>
   </div>
   <div class='ocr_carea' id='block_1_64' title="bbox 542 3423 2057 3497">
    <p class='ocr_par' dir='ltr' id='par_1_64' title="bbox 542 3423 2057 3497">
     <span class='ocr_line' id='line_1_65' title="bbox 542 3423 2057 3497; baseline 0.001 -16"><span class='ocrx_word' id='word_1_468' title='bbox 542 3423 599 3482; x_wconf 85' lang='lat' dir='ltr'><strong>Si</strong></span> <span class='ocrx_word' id='word_1_469' title='bbox 632 3426 908 3481; x_wconf 81' lang='lat' dir='ltr'><strong>Creatoris</strong></span> <span class='ocrx_word' id='word_1_470' title='bbox 960 3425 1133 3480; x_wconf 85' lang='lat' dir='ltr'><strong>nostri</strong></span> <span class='ocrx_word' id='word_1_471' title='bbox 1184 3425 1325 3479; x_wconf 80' lang='lat' dir='ltr'><strong>facta</strong></span> <span class='ocrx_word' id='word_1_472' title='bbox 1373 3426 1665 3496; x_wconf 83' lang='lat' dir='ltr'><strong>vigilanter</strong></span> <span class='ocrx_word' id='word_1_473' title='bbox 1694 3429 2057 3497; x_wconf 78' lang='lat' dir='ltr'><strong>attendimus,</strong></span> 
     </span>
    </p>
   </div>
   <div class='ocr_carea' id='block_1_65' title="bbox 468 3514 2053 3583">
    <p class='ocr_par' dir='ltr' id='par_1_65' title="bbox 468 3514 2053 3583">
     <span class='ocr_line' id='line_1_66' title="bbox 468 3514 2053 3583; baseline 0.006 -17"><span class='ocrx_word' id='word_1_474' title='bbox 468 3514 535 3572; x_wconf 80' lang='lat' dir='ltr'><strong>ad</strong></span> <span class='ocrx_word' id='word_1_475' title='bbox 575 3515 843 3569; x_wconf 88' lang='lat' dir='ltr'><strong>credenda</strong></span> <span class='ocrx_word' id='word_1_476' title='bbox 890 3515 1146 3583; x_wconf 69' lang='lat' dir='ltr'><strong>qimlibet</strong></span> <span class='ocrx_word' id='word_1_477' title='bbox 1192 3516 1334 3570; x_wconf 89' lang='lat' dir='ltr'><strong>mala</strong></span> <span class='ocrx_word' id='word_1_478' title='bbox 1385 3515 1544 3571; x_wconf 84' lang='lat' dir='ltr'><strong>Iidem</strong></span> <span class='ocrx_word' id='word_1_479' title='bbox 1593 3519 1852 3575; x_wconf 88' lang='lat' dir='ltr'><strong>adhibere</strong></span> <span class='ocrx_word' id='word_1_480' title='bbox 1892 3520 2053 3576; x_wconf 75' lang='lat' dir='ltr'><strong>facile</strong></span> 
     </span>
    </p>
   </div>
   <div class='ocr_carea' id='block_1_66' title="bbox 470 3601 2046 3681">
    <p class='ocr_par' dir='ltr' id='par_1_66' title="bbox 470 3601 2046 3681">
     <span class='ocr_line' id='line_1_67' title="bbox 470 3601 2046 3681; baseline 0.004 -22"><span class='ocrx_word' id='word_1_481' title='bbox 470 3617 578 3660; x_wconf 89' lang='lat' dir='ltr'><strong>non</strong></span> <span class='ocrx_word' id='word_1_482' title='bbox 599 3601 893 3669; x_wconf 82' lang='lat' dir='ltr'><strong>debemus;</strong></span> <span class='ocrx_word' id='word_1_483' title='bbox 917 3605 1031 3674; x_wconf 89' lang='lat' dir='ltr'><strong>ipse</strong></span> <span class='ocrx_word' id='word_1_484' title='bbox 1053 3604 1222 3669; x_wconf 79' lang='lat' dir='ltr'><strong>enim,</strong></span> <span class='ocrx_word' id='word_1_485' title='bbox 1250 3604 1404 3674; x_wconf 75' lang='lat' dir='ltr'><strong>cujus</strong></span> <span class='ocrx_word' id='word_1_486' title='bbox 1423 3607 1595 3661; x_wconf 88' lang='lat' dir='ltr'><strong>oculis</strong></span> <span class='ocrx_word' id='word_1_487' title='bbox 1614 3609 1757 3664; x_wconf 89' lang='lat' dir='ltr'><strong>nuda</strong></span> <span class='ocrx_word' id='word_1_488' title='bbox 1781 3620 1836 3665; x_wconf 92' lang='lat' dir='ltr'><strong>et</strong></span> <span class='ocrx_word' id='word_1_489' title='bbox 1860 3620 2046 3681; x_wconf 87' lang='lat' dir='ltr'><strong>aperta</strong></span> 
     </span>
    </p>
   </div>
   <div class='ocr_carea' id='block_1_67' title="bbox 469 3696 2047 3770">
    <p class='ocr_par' dir='ltr' id='par_1_67' title="bbox 469 3696 2047 3770">
     <span class='ocr_line' id='line_1_68' title="bbox 469 3696 2047 3770; baseline 0.006 -23"><span class='ocrx_word' id='word_1_490' title='bbox 469 3703 597 3749; x_wconf 83' lang='lat' dir='ltr'><strong>sunt</strong></span> <span class='ocrx_word' id='word_1_491' title='bbox 623 3696 827 3761; x_wconf 88' lang='lat' dir='ltr'><strong>omnia,</strong></span> <span class='ocrx_word' id='word_1_492' title='bbox 866 3712 973 3756; x_wconf 82' lang='lat' dir='ltr'><strong>non</strong></span> <span class='ocrx_word' id='word_1_493' title='bbox 1005 3697 1327 3768; x_wconf 82' lang='lat' dir='ltr'><strong>dedignatus</strong></span> <span class='ocrx_word' id='word_1_494' title='bbox 1353 3708 1457 3765; x_wconf 84' lang='lat' dir='ltr'><strong>est,</strong></span> <span class='ocrx_word' id='word_1_495' title='bbox 1486 3715 1609 3753; x_wconf 91' lang='lat' dir='ltr'><strong>cum</strong></span> <span class='ocrx_word' id='word_1_496' title='bbox 1643 3701 1954 3770; x_wconf 78' lang='lat' dir='ltr'><strong>loqueretur</strong></span> <span class='ocrx_word' id='word_1_497' title='bbox 1981 3702 2047 3756; x_wconf 91' lang='lat' dir='ltr'><strong>ad</strong></span> 
     </span>
    </p>
   </div>
   <div class='ocr_carea' id='block_1_68' title="bbox 469 3785 2045 3859">
    <p class='ocr_par' dir='ltr' id='par_1_68' title="bbox 469 3785 2045 3859">
     <span class='ocr_line' id='line_1_69' title="bbox 469 3785 2045 3859; baseline 0.004 -20"><span class='ocrx_word' id='word_1_498' title='bbox 469 3785 745 3844; x_wconf 78' lang='lat' dir='ltr'><strong>Abraham</strong></span> <span class='ocrx_word' id='word_1_499' title='bbox 775 3800 939 3856; x_wconf 87' lang='lat' dir='ltr'><strong>super</strong></span> <span class='ocrx_word' id='word_1_500' title='bbox 982 3786 1339 3841; x_wconf 83' lang='lat' dir='ltr'><strong>Sodomorum</strong></span> <span class='ocrx_word' id='word_1_501' title='bbox 1385 3789 1626 3844; x_wconf 78' lang='lat' dir='ltr'><strong>clamore</strong></span> <span class='ocrx_word' id='word_1_502' title='bbox 1671 3791 1765 3859; x_wconf 88' lang='lat' dir='ltr'><strong>qui</strong></span> <span class='ocrx_word' id='word_1_503' title='bbox 1808 3791 1876 3843; x_wconf 88' lang='lat' dir='ltr'><strong>ad</strong></span> <span class='ocrx_word' id='word_1_504' title='bbox 1921 3798 2045 3845; x_wconf 85' lang='lat' dir='ltr'><strong>eum</strong></span> 
     </span>
    </p>
   </div>
   <div class='ocr_carea' id='block_1_69' title="bbox 468 3877 2045 3943">
    <p class='ocr_par' dir='ltr' id='par_1_69' title="bbox 468 3877 2045 3943">
     <span class='ocr_line' id='line_1_70' title="bbox 468 3877 2045 3943; baseline 0.006 -17"><span class='ocrx_word' id='word_1_505' title='bbox 468 3885 727 3940; x_wconf 82' lang='lat' dir='ltr'><strong>venerat,</strong></span> <span class='ocrx_word' id='word_1_506' title='bbox 779 3877 999 3932; x_wconf 86' lang='lat' dir='ltr'><strong>dicere:</strong></span> <span class='ocrx_word' id='word_1_507' title='bbox 1063 3896 1080 3929; x_wconf 85' lang='grc' dir='ltr'><strong>ι</strong></span> <span class='ocrx_word' id='word_1_508' title='bbox 1113 3877 1470 3943; x_wconf 87' lang='lat' dir='ltr'><strong>Descendam,</strong></span> <span class='ocrx_word' id='word_1_509' title='bbox 1520 3888 1575 3933; x_wconf 90' lang='lat' dir='ltr'><strong>et</strong></span> <span class='ocrx_word' id='word_1_510' title='bbox 1622 3880 1814 3934; x_wconf 88' lang='lat' dir='ltr'><strong>videbo</strong></span> <span class='ocrx_word' id='word_1_511' title='bbox 1866 3883 2045 3935; x_wconf 85' lang='lat' dir='ltr'><strong>utrum</strong></span> 
     </span>
    </p>
   </div>
   <div class='ocr_carea' id='block_1_70' title="bbox 468 3968 2044 4042">
    <p class='ocr_par' dir='ltr' id='par_1_70' title="bbox 468 3968 2044 4042">
     <span class='ocr_line' id='line_1_71' title="bbox 468 3968 2044 4042; baseline 0.004 -21"><span class='ocrx_word' id='word_1_512' title='bbox 468 3968 760 4022; x_wconf 86' lang='lat' dir='ltr'><strong>clamorem</strong></span> <span class='ocrx_word' id='word_1_513' title='bbox 794 3971 886 4042; x_wconf 88' lang='lat' dir='ltr'><strong>qui</strong></span> <span class='ocrx_word' id='word_1_514' title='bbox 923 3970 1068 4024; x_wconf 84' lang='lat' dir='ltr'><strong>venit</strong></span> <span class='ocrx_word' id='word_1_515' title='bbox 1102 3970 1170 4024; x_wconf 84' lang='lat' dir='ltr'><strong>ad</strong></span> <span class='ocrx_word' id='word_1_516' title='bbox 1209 3987 1293 4025; x_wconf 91' lang='lat' dir='ltr'><strong>me</strong></span> <span class='ocrx_word' id='word_1_517' title='bbox 1322 3986 1487 4040; x_wconf 87' lang='lat' dir='ltr'><strong>opere</strong></span> <span class='ocrx_word' id='word_1_518' title='bbox 1520 3972 1932 4041; x_wconf 85' lang='lat' dir='ltr'><strong>compleverint.</strong></span> <span class='ocrx_word' id='word_1_519' title='bbox 1966 3972 2044 4027; x_wconf 78' lang='lat' dir='ltr'><strong>An</strong></span> 
     </span>
    </p>
   </div>
   <div class='ocr_carea' id='block_1_71' title="bbox 467 4060 2050 4133">
    <p class='ocr_par' dir='ltr' id='par_1_71' title="bbox 467 4060 2050 4133">
     <span class='ocr_line' id='line_1_72' title="bbox 467 4060 2050 4133; baseline 0.004 -20"><span class='ocrx_word' id='word_1_520' title='bbox 467 4073 575 4113; x_wconf 87' lang='lat' dir='ltr'><strong>non</strong></span> <span class='ocrx_word' id='word_1_521' title='bbox 620 4070 704 4117; x_wconf 88' lang='lat' dir='ltr'><strong>est</strong></span> <span class='ocrx_word' id='word_1_522' title='bbox 731 4060 825 4124; x_wconf 89' lang='lat' dir='ltr'><strong>ita,</strong></span> <span class='ocrx_word' id='word_1_523' title='bbox 855 4071 913 4115; x_wconf 91' lang='lat' dir='ltr'><strong>ut</strong></span> <span class='ocrx_word' id='word_1_524' title='bbox 944 4063 1148 4118; x_wconf 79' lang='lat' dir='ltr'><strong>sciam?</strong></span> <span class='ocrx_word' id='word_1_525' title='bbox 1182 4082 1200 4115; x_wconf 75' lang='grc' dir='ltr'><strong>ι</strong></span> <span class='ocrx_word' id='word_1_526' title='bbox 1234 4062 1385 4130; x_wconf 62' lang='lat' dir='ltr'><strong>Quod</strong></span> <span class='ocrx_word' id='word_1_527' title='bbox 1412 4063 1657 4133; x_wconf 78' lang='lat' dir='ltr'><strong>profecto</strong></span> <span class='ocrx_word' id='word_1_528' title='bbox 1687 4066 1755 4119; x_wconf 84' lang='lat' dir='ltr'><strong>ad</strong></span> <span class='ocrx_word' id='word_1_529' title='bbox 1794 4064 1868 4119; x_wconf 89' lang='lat' dir='ltr'><strong>nil</strong></span> <span class='ocrx_word' id='word_1_530' title='bbox 1900 4065 2050 4120; x_wconf 78' lang='lat' dir='ltr'><strong>aliud</strong></span> 
     </span>
    </p>
   </div>
   <div class='ocr_carea' id='block_1_72' title="bbox 467 4148 2045 4225">
    <p class='ocr_par' dir='ltr' id='par_1_72' title="bbox 467 4148 2045 4225">
     <span class='ocr_line' id='line_1_73' title="bbox 467 4148 2045 4225; baseline 0.005 -24"><span class='ocrx_word' id='word_1_531' title='bbox 467 4148 671 4207; x_wconf 84' lang='lat' dir='ltr'><strong>dictum</strong></span> <span class='ocrx_word' id='word_1_532' title='bbox 702 4151 937 4214; x_wconf 83' lang='lat' dir='ltr'><strong>videtur.</strong></span> <span class='ocrx_word' id='word_1_533' title='bbox 966 4152 1070 4206; x_wconf 90' lang='lat' dir='ltr'><strong>nisi</strong></span> <span class='ocrx_word' id='word_1_534' title='bbox 1101 4162 1161 4205; x_wconf 90' lang='lat' dir='ltr'><strong>ut</strong></span> <span class='ocrx_word' id='word_1_535' title='bbox 1188 4153 1423 4209; x_wconf 89' lang='lat' dir='ltr'><strong>humana</strong></span> <span class='ocrx_word' id='word_1_536' title='bbox 1449 4154 1713 4210; x_wconf 85' lang='lat' dir='ltr'><strong>doceatur</strong></span> <span class='ocrx_word' id='word_1_537' title='bbox 1740 4154 2045 4225; x_wconf 82' lang='lat' dir='ltr'><strong>ignorantia</strong></span> 
     </span>
    </p>
   </div>
   <div class='ocr_carea' id='block_1_73' title="bbox 466 4239 2044 4316">
    <p class='ocr_par' dir='ltr' id='par_1_73' title="bbox 466 4239 2044 4316">
     <span class='ocr_line' id='line_1_74' title="bbox 466 4239 2044 4316; baseline 0.005 -24"><span class='ocrx_word' id='word_1_538' title='bbox 466 4239 585 4292; x_wconf 84' lang='lat' dir='ltr'><strong>sine</strong></span> <span class='ocrx_word' id='word_1_539' title='bbox 626 4241 1013 4308; x_wconf 81' lang='lat' dir='ltr'><strong>experimentis</strong></span> <span class='ocrx_word' id='word_1_540' title='bbox 1059 4244 1240 4297; x_wconf 88' lang='lat' dir='ltr'><strong>audita</strong></span> <span class='ocrx_word' id='word_1_541' title='bbox 1300 4259 1405 4298; x_wconf 87' lang='lat' dir='ltr'><strong>non</strong></span> <span class='ocrx_word' id='word_1_542' title='bbox 1463 4248 1721 4312; x_wconf 88' lang='lat' dir='ltr'><strong>credere,</strong></span> <span class='ocrx_word' id='word_1_543' title='bbox 1774 4247 2044 4316; x_wconf 84' lang='lat' dir='ltr'><strong>incognita</strong></span> 
     </span>
    </p>
   </div>
   <div class='ocr_carea' id='block_1_74' title="bbox 466 4329 2048 4407">
    <p class='ocr_par' dir='ltr' id='par_1_74' title="bbox 466 4329 2048 4407">
     <span class='ocr_line' id='line_1_75' title="bbox 466 4329 2048 4407; baseline 0.005 -22"><span class='ocrx_word' id='word_1_544' title='bbox 466 4344 574 4385; x_wconf 88' lang='lat' dir='ltr'><strong>non</strong></span> <span class='ocrx_word' id='word_1_545' title='bbox 604 4329 796 4385; x_wconf 87' lang='lat' dir='ltr'><strong>leviter</strong></span> <span class='ocrx_word' id='word_1_546' title='bbox 830 4330 1109 4399; x_wconf 80' lang='lat' dir='ltr'><strong>judicare,</strong></span> <span class='ocrx_word' id='word_1_547' title='bbox 1141 4348 1242 4389; x_wconf 90' lang='lat' dir='ltr'><strong>nec</strong></span> <span class='ocrx_word' id='word_1_548' title='bbox 1284 4344 1411 4389; x_wconf 86' lang='lat' dir='ltr'><strong>ante</strong></span> <span class='ocrx_word' id='word_1_549' title='bbox 1439 4337 1767 4390; x_wconf 87' lang='lat' dir='ltr'><strong>sententiam</strong></span> <span class='ocrx_word' id='word_1_550' title='bbox 1795 4352 2048 4407; x_wconf 84' lang='lat' dir='ltr'><strong>promere</strong></span> 
     </span>
    </p>
   </div>
   <div class='ocr_carea' id='block_1_75' title="bbox 465 4423 1737 4496">
    <p class='ocr_par' dir='ltr' id='par_1_75' title="bbox 465 4423 1737 4496">
     <span class='ocr_line' id='line_1_76' title="bbox 465 4423 1737 4496; baseline 0.008 -24"><span class='ocrx_word' id='word_1_551' title='bbox 465 4432 628 4490; x_wconf 85' lang='lat' dir='ltr'><strong>quam</strong></span> <span class='ocrx_word' id='word_1_552' title='bbox 669 4434 784 4475; x_wconf 88' lang='lat' dir='ltr'><strong>rem</strong></span> <span class='ocrx_word' id='word_1_553' title='bbox 814 4423 1033 4477; x_wconf 87' lang='lat' dir='ltr'><strong>dubiam</strong></span> <span class='ocrx_word' id='word_1_554' title='bbox 1066 4425 1394 4480; x_wconf 80' lang='lat' dir='ltr'><strong>testimoniis</strong></span> <span class='ocrx_word' id='word_1_555' title='bbox 1417 4428 1737 4496; x_wconf 85' lang='lat' dir='ltr'><strong>approbare.</strong></span> 
     </span>
    </p>
   </div>
   <div class='ocr_carea' id='block_1_76' title="bbox 1024 4532 1479 4590">
    <p class='ocr_par' dir='ltr' id='par_1_76' title="bbox 1024 4532 1479 4590">
     <span class='ocr_line' id='line_1_77' title="bbox 1024 4532 1479 4590; baseline 0.004 -2"><span class='ocrx_word' id='word_1_556' title='bbox 1024 4533 1251 4590; x_wconf 80' lang='lat' dir='ltr'><strong>CAPUT</strong></span> <span class='ocrx_word' id='word_1_557' title='bbox 1289 4532 1479 4590; x_wconf 80' lang='lat' dir='ltr'><strong>XXIV.</strong></span> 
     </span>
    </p>
   </div>
   <div class='ocr_carea' id='block_1_77' title="bbox 466 4619 2043 4711">
    <p class='ocr_par' dir='ltr' id='par_1_77' title="bbox 466 4619 2043 4711">
     <span class='ocr_line' id='line_1_78' title="bbox 466 4619 2043 4711; baseline 0.006 -34"><span class='ocrx_word' id='word_1_558' title='bbox 466 4619 623 4690; x_wconf 81' lang='lat' dir='ltr'><strong>Quod</strong></span> <span class='ocrx_word' id='word_1_559' title='bbox 650 4621 955 4707; x_wconf 67' lang='lat' dir='ltr'><strong>Sodomittr,</strong></span> <span class='ocrx_word' id='word_1_560' title='bbox 982 4626 1107 4680; x_wconf 82' lang='lat' dir='ltr'><strong>dum</strong></span> <span class='ocrx_word' id='word_1_561' title='bbox 1138 4637 1456 4711; x_wconf 68' lang='lat' dir='ltr'><strong>conarentur</strong></span> <span class='ocrx_word' id='word_1_562' title='bbox 1475 4628 1544 4681; x_wconf 87' lang='lat' dir='ltr'><strong>ad</strong></span> <span class='ocrx_word' id='word_1_563' title='bbox 1561 4630 1770 4709; x_wconf 67' lang='lat' dir='ltr'><strong>angelos</strong></span> <span class='ocrx_word' id='word_1_564' title='bbox 1792 4632 2043 4686; x_wconf 83' lang='lat' dir='ltr'><strong>violenter</strong></span> 
     </span>
    </p>
   </div>
   <div class='ocr_carea' id='block_1_78' title="bbox 746 4702 1742 4767">
    <p class='ocr_par' dir='ltr' id='par_1_78' title="bbox 746 4702 1742 4767">
     <span class='ocr_line' id='line_1_79' title="bbox 746 4702 1742 4767; baseline 0.005 -18"><span class='ocrx_word' id='word_1_565' title='bbox 746 4702 1062 4765; x_wconf 76' lang='lat' dir='ltr'><strong>irrumpere,</strong></span> <span class='ocrx_word' id='word_1_566' title='bbox 1090 4702 1321 4752; x_wconf 73' lang='lat' dir='ltr'><strong>cwcitate</strong></span> <span class='ocrx_word' id='word_1_567' title='bbox 1345 4702 1574 4767; x_wconf 73' lang='lat' dir='ltr'><strong>percussi</strong></span> <span class='ocrx_word' id='word_1_568' title='bbox 1599 4712 1742 4755; x_wconf 71' lang='lat' dir='ltr'><strong>sunt.</strong></span> 
     </span>
    </p>
   </div>
   <div class='ocr_carea' id='block_1_79' title="bbox 541 4786 2047 4858">
    <p class='ocr_par' dir='ltr' id='par_1_79' title="bbox 541 4786 2047 4858">
     <span class='ocr_line' id='line_1_80' title="bbox 541 4786 2047 4858; baseline 0.003 -16"><span class='ocrx_word' id='word_1_569' title='bbox 541 4805 559 4832; x_wconf 75' lang='grc' dir='ltr'><strong>ι</strong></span> <span class='ocrx_word' id='word_1_570' title='bbox 592 4786 659 4842; x_wconf 84' lang='grc' dir='ltr'>Ει</span> <span class='ocrx_word' id='word_1_571' title='bbox 711 4801 860 4852; x_wconf 85' lang='lat' dir='ltr'><strong>ecce,</strong></span> <span class='ocrx_word' id='word_1_572' title='bbox 910 4788 1084 4858; x_wconf 90' lang='lat' dir='ltr'><strong>inquit</strong></span> <span class='ocrx_word' id='word_1_573' title='bbox 1135 4788 1449 4858; x_wconf 89' lang='lat' dir='ltr'><strong>Scriptura,</strong></span> <span class='ocrx_word' id='word_1_574' title='bbox 1507 4791 1772 4845; x_wconf 87' lang='lat' dir='ltr'><strong>miserunt</strong></span> <span class='ocrx_word' id='word_1_575' title='bbox 1821 4806 2047 4847; x_wconf 86' lang='lat' dir='ltr'><strong>manum</strong></span> 
     </span>
    </p>
   </div>
   <div class='ocr_carea' id='block_1_80' title="bbox 466 4877 2047 4955">
    <p class='ocr_par' dir='ltr' id='par_1_80' title="bbox 466 4877 2047 4955">
     <span class='ocr_line' id='line_1_81' title="bbox 466 4877 2047 4955; baseline 0.006 -26"><span class='ocrx_word' id='word_1_576' title='bbox 466 4877 607 4941; x_wconf 88' lang='lat' dir='ltr'><strong>viri,</strong></span> <span class='ocrx_word' id='word_1_577' title='bbox 652 4886 704 4932; x_wconf 90' lang='lat' dir='ltr'><strong>et</strong></span> <span class='ocrx_word' id='word_1_578' title='bbox 752 4879 1168 4940; x_wconf 79' lang='lat' dir='ltr'><strong>introduxerunt</strong></span> <span class='ocrx_word' id='word_1_579' title='bbox 1197 4878 1263 4933; x_wconf 87' lang='lat' dir='ltr'><strong>ad</strong></span> <span class='ocrx_word' id='word_1_580' title='bbox 1298 4893 1356 4935; x_wconf 92' lang='lat' dir='ltr'><strong>se</strong></span> <span class='ocrx_word' id='word_1_581' title='bbox 1396 4879 1576 4947; x_wconf 86' lang='lat' dir='ltr'><strong>Lorb,</strong></span> <span class='ocrx_word' id='word_1_582' title='bbox 1622 4883 2047 4955; x_wconf 88' lang='lat' dir='ltr'><strong>cIauseruntque</strong></span> 
     </span>
    </p>
   </div>
   <div class='ocr_carea' id='block_1_81' title="bbox 465 4968 2045 5041">
    <p class='ocr_par' dir='ltr' id='par_1_81' title="bbox 465 4968 2045 5041">
     <span class='ocr_line' id='line_1_82' title="bbox 465 4968 2045 5041; baseline 0.006 -22"><span class='ocrx_word' id='word_1_583' title='bbox 465 4968 662 5021; x_wconf 87' lang='lat' dir='ltr'><strong>ostium</strong></span> <span class='ocrx_word' id='word_1_584' title='bbox 686 5008 701 5032; x_wconf 94' lang='lat'><strong>,</strong></span> <span class='ocrx_word' id='word_1_585' title='bbox 733 4977 789 5022; x_wconf 89' lang='lat' dir='ltr'><strong>et</strong></span> <span class='ocrx_word' id='word_1_586' title='bbox 818 4984 912 5023; x_wconf 91' lang='lat' dir='ltr'><strong>eos</strong></span> <span class='ocrx_word' id='word_1_587' title='bbox 952 4971 1213 5039; x_wconf 81' lang='lat' dir='ltr'><strong>quiforis</strong></span> <span class='ocrx_word' id='word_1_588' title='bbox 1264 4983 1421 5027; x_wconf 85' lang='lat' dir='ltr'><strong>erant</strong></span> <span class='ocrx_word' id='word_1_589' title='bbox 1466 4981 1853 5041; x_wconf 86' lang='lat' dir='ltr'><strong>percusserunt</strong></span> <span class='ocrx_word' id='word_1_590' title='bbox 1890 4976 2045 5029; x_wconf 57' lang='lat' dir='ltr'><strong>caeci-</strong></span> 
     </span>
    </p>
   </div>
   <div class='ocr_carea' id='block_1_82' title="bbox 469 5058 2043 5129">
    <p class='ocr_par' dir='ltr' id='par_1_82' title="bbox 469 5058 2043 5129">
     <span class='ocr_line' id='line_1_83' title="bbox 469 5058 2043 5129; baseline 0.005 -19"><span class='ocrx_word' id='word_1_591' title='bbox 469 5066 579 5112; x_wconf 89' lang='lat' dir='ltr'><strong>tate</strong></span> <span class='ocrx_word' id='word_1_592' title='bbox 622 5073 651 5112; x_wconf 88' lang='lat' dir='ltr'><strong>a</strong></span> <span class='ocrx_word' id='word_1_593' title='bbox 700 5058 924 5113; x_wconf 89' lang='lat' dir='ltr'><strong>minimo</strong></span> <span class='ocrx_word' id='word_1_594' title='bbox 965 5074 1134 5129; x_wconf 89' lang='lat' dir='ltr'><strong>usque</strong></span> <span class='ocrx_word' id='word_1_595' title='bbox 1164 5061 1231 5115; x_wconf 86' lang='lat' dir='ltr'><strong>ad</strong></span> <span class='ocrx_word' id='word_1_596' title='bbox 1290 5062 1610 5127; x_wconf 86' lang='lat' dir='ltr'><strong>maximum,</strong></span> <span class='ocrx_word' id='word_1_597' title='bbox 1639 5063 1710 5117; x_wconf 89' lang='lat' dir='ltr'><strong>ita</strong></span> <span class='ocrx_word' id='word_1_598' title='bbox 1743 5077 1801 5117; x_wconf 90' lang='lat' dir='ltr'><strong>ut</strong></span> <span class='ocrx_word' id='word_1_599' title='bbox 1842 5064 2043 5118; x_wconf 89' lang='lat' dir='ltr'><strong>ostium</strong></span> 
     </span>
    </p>
   </div>
   <div class='ocr_carea' id='block_1_83' title="bbox 464 5149 2047 5223">
    <p class='ocr_par' dir='ltr' id='par_1_83' title="bbox 464 5149 2047 5223">
     <span class='ocr_line' id='line_1_84' title="bbox 464 5149 2047 5223; baseline 0.004 -20"><span class='ocrx_word' id='word_1_600' title='bbox 464 5149 712 5204; x_wconf 86' lang='lat' dir='ltr'><strong>invenire</strong></span> <span class='ocrx_word' id='word_1_601' title='bbox 755 5165 860 5205; x_wconf 87' lang='lat' dir='ltr'><strong>non</strong></span> <span class='ocrx_word' id='word_1_602' title='bbox 890 5161 1131 5220; x_wconf 82' lang='lat' dir='ltr'><strong>possent.</strong></span> <span class='ocrx_word' id='word_1_603' title='bbox 1165 5172 1183 5203; x_wconf 75' lang='grc' dir='ltr'><strong>ι</strong></span> <span class='ocrx_word' id='word_1_604' title='bbox 1238 5152 1533 5209; x_wconf 74' lang='lat' dir='ltr'><strong>Sodomita:</strong></span> <span class='ocrx_word' id='word_1_605' title='bbox 1559 5170 1753 5223; x_wconf 90' lang='lat' dir='ltr'><strong>nempe</strong></span> <span class='ocrx_word' id='word_1_606' title='bbox 1783 5156 2047 5210; x_wconf 88' lang='lat' dir='ltr'><strong>violenter</strong></span> 
     </span>
    </p>
   </div>
   <div class='ocr_carea' id='block_1_84' title="bbox 465 5239 2045 5313">
    <p class='ocr_par' dir='ltr' id='par_1_84' title="bbox 465 5239 2045 5313">
     <span class='ocr_line' id='line_1_85' title="bbox 465 5239 2045 5313; baseline 0.004 -20"><span class='ocrx_word' id='word_1_607' title='bbox 465 5239 531 5293; x_wconf 87' lang='lat' dir='ltr'><strong>ad</strong></span> <span class='ocrx_word' id='word_1_608' title='bbox 560 5240 781 5308; x_wconf 85' lang='lat' dir='ltr'><strong>angelos</strong></span> <span class='ocrx_word' id='word_1_609' title='bbox 814 5253 1084 5297; x_wconf 77' lang='lat' dir='ltr'><strong>enitantur</strong></span> <span class='ocrx_word' id='word_1_610' title='bbox 1126 5242 1454 5313; x_wconf 84' lang='lat' dir='ltr'><strong>irrumpere,</strong></span> <span class='ocrx_word' id='word_1_611' title='bbox 1491 5260 1614 5298; x_wconf 84' lang='lat' dir='ltr'><strong>cum</strong></span> <span class='ocrx_word' id='word_1_612' title='bbox 1655 5245 1915 5298; x_wconf 85' lang='lat' dir='ltr'><strong>immundi</strong></span> <span class='ocrx_word' id='word_1_613' title='bbox 1945 5246 2045 5300; x_wconf 88' lang='lat' dir='ltr'><strong>h0-</strong></span> 
     </span>
    </p>
   </div>
   <div class='ocr_carea' id='block_1_85' title="bbox 466 5332 2044 5403">
    <p class='ocr_par' dir='ltr' id='par_1_85' title="bbox 466 5332 2044 5403">
     <span class='ocr_line' id='line_1_86' title="bbox 466 5332 2044 5403; baseline 0.004 -17"><span class='ocrx_word' id='word_1_614' title='bbox 466 5332 641 5386; x_wconf 89' lang='lat' dir='ltr'><strong>miucs</strong></span> <span class='ocrx_word' id='word_1_615' title='bbox 686 5334 754 5386; x_wconf 88' lang='lat' dir='ltr'><strong>ad</strong></span> <span class='ocrx_word' id='word_1_616' title='bbox 807 5334 973 5387; x_wconf 87' lang='lat' dir='ltr'><strong>Deum</strong></span> <span class='ocrx_word' id='word_1_617' title='bbox 1028 5344 1237 5389; x_wconf 86' lang='lat' dir='ltr'><strong>tentant</strong></span> <span class='ocrx_word' id='word_1_618' title='bbox 1283 5351 1379 5403; x_wconf 87' lang='lat' dir='ltr'><strong>per</strong></span> <span class='ocrx_word' id='word_1_619' title='bbox 1428 5339 1569 5391; x_wconf 87' lang='lat' dir='ltr'><strong>sacri</strong></span> <span class='ocrx_word' id='word_1_620' title='bbox 1617 5338 1826 5393; x_wconf 88' lang='lat' dir='ltr'><strong>ordinis</strong></span> <span class='ocrx_word' id='word_1_621' title='bbox 1874 5337 2044 5393; x_wconf 80' lang='lat' dir='ltr'><strong>cilicia</strong></span> 
     </span>
    </p>
   </div>
   <div class='ocr_carea' id='block_1_86' title="bbox 467 5423 2046 5495">
    <p class='ocr_par' dir='ltr' id='par_1_86' title="bbox 467 5423 2046 5495">
     <span class='ocr_line' id='line_1_87' title="bbox 467 5423 2046 5495; baseline 0.006 -22"><span class='ocrx_word' id='word_1_622' title='bbox 467 5423 859 5491; x_wconf 85' lang='lat' dir='ltr'><strong>propinquare.</strong></span> <span class='ocrx_word' id='word_1_623' title='bbox 903 5423 1009 5478; x_wconf 86' lang='lat' dir='ltr'><strong>Sed</strong></span> <span class='ocrx_word' id='word_1_624' title='bbox 1041 5425 1111 5479; x_wconf 89' lang='lat' dir='ltr'><strong>ibi</strong></span> <span class='ocrx_word' id='word_1_625' title='bbox 1160 5424 1405 5493; x_wconf 73' lang='lat' dir='ltr'><strong>profecto</strong></span> <span class='ocrx_word' id='word_1_626' title='bbox 1454 5426 1698 5480; x_wconf 71' lang='lat' dir='ltr'><strong>caecitate</strong></span> <span class='ocrx_word' id='word_1_627' title='bbox 1731 5429 2046 5495; x_wconf 88' lang='lat' dir='ltr'><strong>percutiun-</strong></span> 
     </span>
    </p>
   </div>
   <div class='ocr_carea' id='block_1_87' title="bbox 468 5504 2048 5584">
    <p class='ocr_par' dir='ltr' id='par_1_87' title="bbox 468 5504 2048 5584">
     <span class='ocr_line' id='line_1_88' title="bbox 468 5504 2048 5584; baseline 0.008 -22"><span class='ocrx_word' id='word_1_628' title='bbox 468 5520 575 5573; x_wconf 86' lang='lat' dir='ltr'><strong>tur,</strong></span> <span class='ocrx_word' id='word_1_629' title='bbox 609 5504 732 5581; x_wconf 83' lang='lat' dir='ltr'><strong>quia</strong></span> <span class='ocrx_word' id='word_1_630' title='bbox 774 5513 924 5580; x_wconf 89' lang='lat' dir='ltr'><strong>justo</strong></span> <span class='ocrx_word' id='word_1_631' title='bbox 967 5515 1059 5569; x_wconf 86' lang='lat' dir='ltr'><strong>Dei</strong></span> <span class='ocrx_word' id='word_1_632' title='bbox 1105 5517 1311 5584; x_wconf 80' lang='lat' dir='ltr'><strong>judicio</strong></span> <span class='ocrx_word' id='word_1_633' title='bbox 1362 5518 1414 5570; x_wconf 91' lang='lat' dir='ltr'><strong>in</strong></span> <span class='ocrx_word' id='word_1_634' title='bbox 1464 5516 1717 5572; x_wconf 83' lang='lat' dir='ltr'><strong>tenebras</strong></span> <span class='ocrx_word' id='word_1_635' title='bbox 1759 5518 2048 5575; x_wconf 87' lang='lat' dir='ltr'><strong>interiores</strong></span> 
     </span>
    </p>
   </div>
   <div class='ocr_carea' id='block_1_88' title="bbox 465 5603 2047 5682">
    <p class='ocr_par' dir='ltr' id='par_1_88' title="bbox 465 5603 2047 5682">
     <span class='ocr_line' id='line_1_89' title="bbox 465 5603 2047 5682; baseline 0.007 -26"><span class='ocrx_word' id='word_1_636' title='bbox 465 5603 698 5669; x_wconf 83' lang='lat' dir='ltr'><strong>cadunt;</strong></span> <span class='ocrx_word' id='word_1_637' title='bbox 733 5607 801 5659; x_wconf 84' lang='lat' dir='ltr'><strong>ita</strong></span> <span class='ocrx_word' id='word_1_638' title='bbox 833 5618 891 5661; x_wconf 91' lang='lat' dir='ltr'><strong>ut</strong></span> <span class='ocrx_word' id='word_1_639' title='bbox 918 5622 1015 5663; x_wconf 86' lang='lat' dir='ltr'><strong>nec</strong></span> <span class='ocrx_word' id='word_1_640' title='bbox 1039 5610 1237 5665; x_wconf 87' lang='lat' dir='ltr'><strong>ostium</strong></span> <span class='ocrx_word' id='word_1_641' title='bbox 1265 5611 1507 5666; x_wconf 87' lang='lat' dir='ltr'><strong>invenire</strong></span> <span class='ocrx_word' id='word_1_642' title='bbox 1528 5611 1874 5679; x_wconf 61' lang='lat' dir='ltr'><strong>praevaleant,</strong></span> <span class='ocrx_word' id='word_1_643' title='bbox 1900 5615 2047 5682; x_wconf 89' lang='lat' dir='ltr'><strong>quia,</strong></span> 
     </span>
    </p>
   </div>
   <div class='ocr_carea' id='block_1_89' title="bbox 465 5698 2051 5768">
    <p class='ocr_par' dir='ltr' id='par_1_89' title="bbox 465 5698 2051 5768">
     <span class='ocr_line' id='line_1_90' title="bbox 465 5698 2051 5768; baseline 0.005 -16"><span class='ocrx_word' id='word_1_644' title='bbox 465 5711 497 5752; x_wconf 67' lang='grc' dir='ltr'><strong>δ</strong></span> <span class='ocrx_word' id='word_1_645' title='bbox 544 5698 652 5751; x_wconf 82' lang='lat' dir='ltr'><strong>Deo</strong></span> <span class='ocrx_word' id='word_1_646' title='bbox 698 5701 854 5753; x_wconf 83' lang='lat' dir='ltr'><strong>divisi</strong></span> <span class='ocrx_word' id='word_1_647' title='bbox 904 5702 1209 5768; x_wconf 84' lang='lat' dir='ltr'><strong>peccando,</strong></span> <span class='ocrx_word' id='word_1_648' title='bbox 1243 5704 1384 5757; x_wconf 88' lang='lat' dir='ltr'><strong>unde</strong></span> <span class='ocrx_word' id='word_1_649' title='bbox 1424 5705 1491 5757; x_wconf 86' lang='lat' dir='ltr'><strong>ad</strong></span> <span class='ocrx_word' id='word_1_650' title='bbox 1535 5719 1657 5758; x_wconf 90' lang='lat' dir='ltr'><strong>eum</strong></span> <span class='ocrx_word' id='word_1_651' title='bbox 1708 5716 2051 5761; x_wconf 87' lang='lat' dir='ltr'><strong>revertantur</strong></span> 
     </span>
    </p>
   </div>
   <div class='ocr_carea' id='block_1_90' title="bbox 466 5790 2048 5863">
    <p class='ocr_par' dir='ltr' id='par_1_90' title="bbox 466 5790 2048 5863">
     <span class='ocr_line' id='line_1_91' title="bbox 466 5790 2048 5863; baseline 0.006 -22"><span class='ocrx_word' id='word_1_652' title='bbox 466 5800 737 5855; x_wconf 71' lang='lat' dir='ltr'><strong>ignorant.</strong></span> <span class='ocrx_word' id='word_1_653' title='bbox 781 5790 880 5854; x_wconf 83' lang='lat' dir='ltr'><strong>Qui</strong></span> <span class='ocrx_word' id='word_1_654' title='bbox 930 5791 1074 5844; x_wconf 86' lang='lat' dir='ltr'><strong>enim</strong></span> <span class='ocrx_word' id='word_1_655' title='bbox 1126 5807 1230 5851; x_wconf 88' lang='lat' dir='ltr'><strong>non</strong></span> <span class='ocrx_word' id='word_1_656' title='bbox 1279 5808 1377 5862; x_wconf 87' lang='lat' dir='ltr'><strong>per</strong></span> <span class='ocrx_word' id='word_1_657' title='bbox 1409 5794 1729 5851; x_wconf 87' lang='lat' dir='ltr'><strong>humilitatis</strong></span> <span class='ocrx_word' id='word_1_658' title='bbox 1780 5797 1902 5863; x_wconf 86' lang='lat' dir='ltr'><strong>iter,</strong></span> <span class='ocrx_word' id='word_1_659' title='bbox 1954 5798 2048 5853; x_wconf 85' lang='lat' dir='ltr'><strong>sed</strong></span> 
     </span>
    </p>
   </div>
   <div class='ocr_carea' id='block_1_91' title="bbox 2150 3331 3732 3402">
    <p class='ocr_par' dir='ltr' id='par_1_91' title="bbox 2150 3331 3732 3402">
     <span class='ocr_line' id='line_1_92' title="bbox 2150 3331 3732 3402; baseline 0 -17"><span class='ocrx_word' id='word_1_660' title='bbox 2150 3331 2240 3401; x_wconf 87' lang='lat' dir='ltr'><strong>qui</strong></span> <span class='ocrx_word' id='word_1_661' title='bbox 2271 3373 2285 3399; x_wconf 94' lang='lat'><strong>,</strong></span> <span class='ocrx_word' id='word_1_662' title='bbox 2320 3349 2443 3387; x_wconf 91' lang='lat' dir='ltr'><strong>cum</strong></span> <span class='ocrx_word' id='word_1_663' title='bbox 2484 3334 2755 3387; x_wconf 81' lang='lat' dir='ltr'><strong>serviliter</strong></span> <span class='ocrx_word' id='word_1_664' title='bbox 2786 3335 3027 3388; x_wconf 86' lang='lat' dir='ltr'><strong>viverent</strong></span> <span class='ocrx_word' id='word_1_665' title='bbox 3049 3342 3104 3387; x_wconf 91' lang='lat' dir='ltr'><strong>et</strong></span> <span class='ocrx_word' id='word_1_666' title='bbox 3141 3332 3432 3388; x_wconf 85' lang='lat' dir='ltr'><strong>carnaliter</strong></span> <span class='ocrx_word' id='word_1_667' title='bbox 3458 3344 3732 3402; x_wconf 84' lang='lat' dir='ltr'><strong>saperent,</strong></span> 
     </span>
    </p>
   </div>
   <div class='ocr_carea' id='block_1_92' title="bbox 2151 3422 3731 3487">
    <p class='ocr_par' dir='ltr' id='par_1_92' title="bbox 2151 3422 3731 3487">
     <span class='ocr_line' id='line_1_93' title="bbox 2151 3422 3731 3487; baseline 0.001 -10"><span class='ocrx_word' id='word_1_668' title='bbox 2151 3424 2257 3477; x_wconf 83' lang='lat' dir='ltr'><strong>non</strong></span> <span class='ocrx_word' id='word_1_669' title='bbox 2287 3422 2671 3478; x_wconf 81' lang='lat' dir='ltr'><strong>intellexerunt</strong></span> <span class='ocrx_word' id='word_1_670' title='bbox 2695 3423 3015 3478; x_wconf 89' lang='lat' dir='ltr'><strong>altissimam</strong></span> <span class='ocrx_word' id='word_1_671' title='bbox 3039 3425 3396 3481; x_wconf 85' lang='lat' dir='ltr'><strong>humilitatem</strong></span> <span class='ocrx_word' id='word_1_672' title='bbox 3411 3426 3632 3487; x_wconf 83' lang='lat' dir='ltr'><strong>Christi,</strong></span> <span class='ocrx_word' id='word_1_673' title='bbox 3649 3436 3731 3479; x_wconf 86' lang='lat' dir='ltr'><strong>at-</strong></span> 
     </span>
    </p>
   </div>
   <div class='ocr_carea' id='block_1_93' title="bbox 2149 3513 3732 3584">
    <p class='ocr_par' dir='ltr' id='par_1_93' title="bbox 2149 3513 3732 3584">
     <span class='ocr_line' id='line_1_94' title="bbox 2149 3513 3732 3584; baseline 0 -17"><span class='ocrx_word' id='word_1_674' title='bbox 2149 3528 2254 3584; x_wconf 82' lang='lat' dir='ltr'><strong>que</strong></span> <span class='ocrx_word' id='word_1_675' title='bbox 2285 3513 2404 3568; x_wconf 91' lang='lat' dir='ltr'><strong>ideo</strong></span> <span class='ocrx_word' id='word_1_676' title='bbox 2426 3530 2535 3569; x_wconf 88' lang='lat' dir='ltr'><strong>non</strong></span> <span class='ocrx_word' id='word_1_677' title='bbox 2553 3515 2983 3583; x_wconf 81' lang='lat' dir='ltr'><strong>ascenderuntin</strong></span> <span class='ocrx_word' id='word_1_678' title='bbox 3009 3524 3269 3581; x_wconf 86' lang='lat' dir='ltr'><strong>montem,</strong></span> <span class='ocrx_word' id='word_1_679' title='bbox 3290 3516 3462 3571; x_wconf 89' lang='lat' dir='ltr'><strong>locum</strong></span> <span class='ocrx_word' id='word_1_680' title='bbox 3485 3515 3732 3570; x_wconf 87' lang='lat' dir='ltr'><strong>videlicet</strong></span> 
     </span>
    </p>
   </div>
   <div class='ocr_carea' id='block_1_94' title="bbox 2150 3602 3736 3676">
    <p class='ocr_par' dir='ltr' id='par_1_94' title="bbox 2150 3602 3736 3676">
     <span class='ocr_line' id='line_1_95' title="bbox 2150 3602 3736 3676; baseline 0.002 -17"><span class='ocrx_word' id='word_1_681' title='bbox 2150 3602 2421 3659; x_wconf 79' lang='lat' dir='ltr'><strong>sacriﬁcii.</strong></span> <span class='ocrx_word' id='word_1_682' title='bbox 2450 3603 2559 3659; x_wconf 88' lang='lat' dir='ltr'><strong>Cur</strong></span> <span class='ocrx_word' id='word_1_683' title='bbox 2590 3614 2771 3659; x_wconf 86' lang='lat' dir='ltr'><strong>autem</strong></span> <span class='ocrx_word' id='word_1_684' title='bbox 2795 3606 2900 3658; x_wconf 90' lang='lat' dir='ltr'><strong>duo</strong></span> <span class='ocrx_word' id='word_1_685' title='bbox 2932 3602 3073 3659; x_wconf 86' lang='lat' dir='ltr'><strong>servi</strong></span> <span class='ocrx_word' id='word_1_686' title='bbox 3104 3649 3118 3670; x_wconf 92' lang='lat'><strong>,</strong></span> <span class='ocrx_word' id='word_1_687' title='bbox 3150 3605 3250 3659; x_wconf 87' lang='lat' dir='ltr'><strong>nisi</strong></span> <span class='ocrx_word' id='word_1_688' title='bbox 3284 3603 3443 3676; x_wconf 88' lang='lat' dir='ltr'><strong>quia,</strong></span> <span class='ocrx_word' id='word_1_689' title='bbox 3477 3616 3736 3676; x_wconf 78' lang='lat' dir='ltr'><strong>peccante</strong></span> 
     </span>
    </p>
   </div>
   <div class='ocr_carea' id='block_1_95' title="bbox 2151 3692 3733 3766">
    <p class='ocr_par' dir='ltr' id='par_1_95' title="bbox 2151 3692 3733 3766">
     <span class='ocr_line' id='line_1_96' title="bbox 2151 3692 3733 3766; baseline 0.001 -18"><span class='ocrx_word' id='word_1_690' title='bbox 2151 3692 2468 3760; x_wconf 88' lang='lat' dir='ltr'><strong>Salomone,</strong></span> <span class='ocrx_word' id='word_1_691' title='bbox 2514 3708 2581 3749; x_wconf 80' lang='lat' dir='ltr'><strong>ex</strong></span> <span class='ocrx_word' id='word_1_692' title='bbox 2623 3712 2724 3748; x_wconf 87' lang='lat' dir='ltr'><strong>una</strong></span> <span class='ocrx_word' id='word_1_693' title='bbox 2766 3695 3062 3752; x_wconf 86' lang='lat' dir='ltr'><strong>Israelitica</strong></span> <span class='ocrx_word' id='word_1_694' title='bbox 3104 3694 3258 3766; x_wconf 82' lang='lat' dir='ltr'><strong>plebe</strong></span> <span class='ocrx_word' id='word_1_695' title='bbox 3303 3695 3407 3750; x_wconf 90' lang='lat' dir='ltr'><strong>duo</strong></span> <span class='ocrx_word' id='word_1_696' title='bbox 3444 3694 3566 3750; x_wconf 78' lang='lat' dir='ltr'><strong>lacti</strong></span> <span class='ocrx_word' id='word_1_697' title='bbox 3611 3706 3733 3751; x_wconf 88' lang='lat' dir='ltr'><strong>sunt</strong></span> 
     </span>
    </p>
   </div>
   <div class='ocr_carea' id='block_1_96' title="bbox 2150 3788 3733 3861">
    <p class='ocr_par' dir='ltr' id='par_1_96' title="bbox 2150 3788 3733 3861">
     <span class='ocr_line' id='line_1_97' title="bbox 2150 3788 3733 3861; baseline 0.001 -18"><span class='ocrx_word' id='word_1_698' title='bbox 2150 3788 2330 3860; x_wconf 89' lang='lat' dir='ltr'><strong>populi</strong></span> <span class='ocrx_word' id='word_1_699' title='bbox 2354 3789 2378 3842; x_wconf 69' lang='grc' dir='ltr'><strong>τ’</strong></span> <span class='ocrx_word' id='word_1_700' title='bbox 2400 3789 2596 3859; x_wconf 84' lang='lat' dir='ltr'><strong>quibus</strong></span> <span class='ocrx_word' id='word_1_701' title='bbox 2624 3790 2808 3859; x_wconf 85' lang='lat' dir='ltr'><strong>utique</strong></span> <span class='ocrx_word' id='word_1_702' title='bbox 2842 3804 2983 3860; x_wconf 71' lang='lat' dir='ltr'><strong>saepe</strong></span> <span class='ocrx_word' id='word_1_703' title='bbox 3012 3805 3111 3861; x_wconf 90' lang='lat' dir='ltr'><strong>per</strong></span> <span class='ocrx_word' id='word_1_704' title='bbox 3139 3789 3456 3859; x_wconf 86' lang='lat' dir='ltr'><strong>prophetam</strong></span> <span class='ocrx_word' id='word_1_705' title='bbox 3503 3789 3692 3842; x_wconf 81' lang='lat' dir='ltr'><strong>iicitur</strong></span> <span class='ocrx_word' id='word_1_706' title='bbox 3718 3806 3733 3844; x_wconf 85' lang='lat'><strong>:</strong></span> 
     </span>
    </p>
   </div>
   <div class='ocr_carea' id='block_1_97' title="bbox 2155 3879 3737 3950">
    <p class='ocr_par' dir='ltr' id='par_1_97' title="bbox 2155 3879 3737 3950">
     <span class='ocr_line' id='line_1_98' title="bbox 2155 3879 3737 3950; baseline 0.001 -19"><span class='ocrx_word' id='word_1_707' title='bbox 2155 3898 2174 3931; x_wconf 82' lang='grc' dir='ltr'><strong>ι</strong></span> <span class='ocrx_word' id='word_1_708' title='bbox 2210 3879 2560 3935; x_wconf 79' lang='lat' dir='ltr'><strong>Adversatrix</strong></span> <span class='ocrx_word' id='word_1_709' title='bbox 2593 3880 2851 3945; x_wconf 85' lang='lat' dir='ltr'><strong>Israel,et</strong></span> <span class='ocrx_word' id='word_1_710' title='bbox 2876 3880 3278 3950; x_wconf 67' lang='lat' dir='ltr'><strong>prwvaricatrix</strong></span> <span class='ocrx_word' id='word_1_711' title='bbox 3303 3879 3459 3934; x_wconf 82' lang='lat' dir='ltr'><strong>Juda.</strong></span> <span class='ocrx_word' id='word_1_712' title='bbox 3490 3898 3507 3931; x_wconf 76' lang='grc' dir='ltr'><strong>ι</strong></span> <span class='ocrx_word' id='word_1_713' title='bbox 3536 3880 3737 3933; x_wconf 87' lang='lat' dir='ltr'><strong>Asinus</strong></span> 
     </span>
    </p>
   </div>
   <div class='ocr_carea' id='block_1_98' title="bbox 2150 3968 3735 4038">
    <p class='ocr_par' dir='ltr' id='par_1_98' title="bbox 2150 3968 3735 4038">
     <span class='ocr_line' id='line_1_99' title="bbox 2150 3968 3735 4038; baseline 0 -17"><span class='ocrx_word' id='word_1_714' title='bbox 2150 3977 2327 4023; x_wconf 85' lang='lat' dir='ltr'><strong>autem</strong></span> <span class='ocrx_word' id='word_1_715' title='bbox 2345 3968 2432 4025; x_wconf 90' lang='lat' dir='ltr'><strong>ille</strong></span> <span class='ocrx_word' id='word_1_716' title='bbox 2454 3985 2559 4038; x_wconf 92' lang='lat' dir='ltr'><strong>quo</strong></span> <span class='ocrx_word' id='word_1_717' title='bbox 2585 3972 2835 4029; x_wconf 89' lang='lat' dir='ltr'><strong>utebatur</strong></span> <span class='ocrx_word' id='word_1_718' title='bbox 2852 3968 3127 4024; x_wconf 84' lang='lat' dir='ltr'><strong>Abraham</strong></span> <span class='ocrx_word' id='word_1_719' title='bbox 3145 3980 3289 4033; x_wconf 88' lang='lat' dir='ltr'><strong>tunc,</strong></span> <span class='ocrx_word' id='word_1_720' title='bbox 3317 3969 3592 4023; x_wconf 89' lang='lat' dir='ltr'><strong>insensata</strong></span> <span class='ocrx_word' id='word_1_721' title='bbox 3618 3977 3735 4021; x_wconf 79' lang='lat' dir='ltr'><strong>erat</strong></span> 
     </span>
    </p>
   </div>
   <div class='ocr_carea' id='block_1_99' title="bbox 2148 4056 3735 4130">
    <p class='ocr_par' dir='ltr' id='par_1_99' title="bbox 2148 4056 3735 4130">
     <span class='ocr_line' id='line_1_100' title="bbox 2148 4056 3735 4130; baseline -0.004 -15"><span class='ocrx_word' id='word_1_722' title='bbox 2148 4058 2373 4115; x_wconf 86' lang='lat' dir='ltr'><strong>stultitia</strong></span> <span class='ocrx_word' id='word_1_723' title='bbox 2415 4057 2745 4115; x_wconf 71' lang='lat' dir='ltr'><strong>.Iudzcorum.</strong></span> <span class='ocrx_word' id='word_1_724' title='bbox 2788 4059 2878 4114; x_wconf 86' lang='lat' dir='ltr'><strong>Illa</strong></span> <span class='ocrx_word' id='word_1_725' title='bbox 2910 4059 3066 4130; x_wconf 87' lang='lat' dir='ltr'><strong>plane</strong></span> <span class='ocrx_word' id='word_1_726' title='bbox 3090 4060 3242 4114; x_wconf 88' lang='lat' dir='ltr'><strong>bruta</strong></span> <span class='ocrx_word' id='word_1_727' title='bbox 3276 4056 3503 4113; x_wconf 83' lang='lat' dir='ltr'><strong>stultitia</strong></span> <span class='ocrx_word' id='word_1_728' title='bbox 3547 4066 3735 4129; x_wconf 79' lang='lat' dir='ltr'><strong>porta-</strong></span> 
     </span>
    </p>
   </div>
   <div class='ocr_carea' id='block_1_100' title="bbox 2149 4145 3740 4227">
    <p class='ocr_par' dir='ltr' id='par_1_100' title="bbox 2149 4145 3740 4227">
     <span class='ocr_line' id='line_1_101' title="bbox 2149 4145 3740 4227; baseline -0.004 -22"><span class='ocrx_word' id='word_1_729' title='bbox 2149 4148 2239 4205; x_wconf 86' lang='lat' dir='ltr'><strong>bat</strong></span> <span class='ocrx_word' id='word_1_730' title='bbox 2262 4152 2445 4205; x_wconf 88' lang='lat' dir='ltr'><strong>omuia</strong></span> <span class='ocrx_word' id='word_1_731' title='bbox 2467 4160 2837 4215; x_wconf 87' lang='lat' dir='ltr'><strong>sacramenta;</strong></span> <span class='ocrx_word' id='word_1_732' title='bbox 2872 4164 2988 4227; x_wconf 63' lang='lat' dir='ltr'><strong>quae</strong></span> <span class='ocrx_word' id='word_1_733' title='bbox 3021 4160 3195 4204; x_wconf 86' lang='lat' dir='ltr'><strong>tamen</strong></span> <span class='ocrx_word' id='word_1_734' title='bbox 3222 4149 3348 4218; x_wconf 90' lang='lat' dir='ltr'><strong>quid</strong></span> <span class='ocrx_word' id='word_1_735' title='bbox 3379 4147 3566 4223; x_wconf 70' lang='lat' dir='ltr'><strong>ferret,</strong></span> <span class='ocrx_word' id='word_1_736' title='bbox 3594 4145 3740 4199; x_wconf 86' lang='lat' dir='ltr'><strong>velut</strong></span> 
     </span>
    </p>
   </div>
   <div class='ocr_carea' id='block_1_101' title="bbox 2151 4238 3737 4313">
    <p class='ocr_par' dir='ltr' id='par_1_101' title="bbox 2151 4238 3737 4313">
     <span class='ocr_line' id='line_1_102' title="bbox 2151 4238 3737 4313; baseline -0.003 -17"><span class='ocrx_word' id='word_1_737' title='bbox 2151 4241 2461 4298; x_wconf 77' lang='lat' dir='ltr'><strong>irrationale</strong></span> <span class='ocrx_word' id='word_1_738' title='bbox 2481 4242 3016 4313; x_wconf 80' lang='lat' dir='ltr'><strong>animal,ignorabat.</strong></span> <span class='ocrx_word' id='word_1_739' title='bbox 3043 4239 3162 4295; x_wconf 77' lang='lat' dir='ltr'><strong>.Iam</strong></span> <span class='ocrx_word' id='word_1_740' title='bbox 3181 4252 3305 4303; x_wconf 86' lang='lat' dir='ltr'><strong>vero</strong></span> <span class='ocrx_word' id='word_1_741' title='bbox 3332 4238 3460 4308; x_wconf 89' lang='lat' dir='ltr'><strong>quid</strong></span> <span class='ocrx_word' id='word_1_742' title='bbox 3485 4249 3568 4293; x_wconf 89' lang='lat' dir='ltr'><strong>est</strong></span> <span class='ocrx_word' id='word_1_743' title='bbox 3590 4239 3737 4307; x_wconf 88' lang='lat' dir='ltr'><strong>quod</strong></span> 
     </span>
    </p>
   </div>
   <div class='ocr_carea' id='block_1_102' title="bbox 2148 4332 3737 4402">
    <p class='ocr_par' dir='ltr' id='par_1_102' title="bbox 2148 4332 3737 4402">
     <span class='ocr_line' id='line_1_103' title="bbox 2148 4332 3737 4402; baseline -0.007 -10"><span class='ocrx_word' id='word_1_744' title='bbox 2148 4338 2347 4392; x_wconf 84' lang='lat' dir='ltr'><strong>dictum</strong></span> <span class='ocrx_word' id='word_1_745' title='bbox 2373 4346 2454 4389; x_wconf 86' lang='lat' dir='ltr'><strong>est</strong></span> <span class='ocrx_word' id='word_1_746' title='bbox 2479 4335 2590 4390; x_wconf 88' lang='lat' dir='ltr'><strong>eis:</strong></span> <span class='ocrx_word' id='word_1_747' title='bbox 2612 4355 2628 4391; x_wconf 76' lang='grc' dir='ltr'><strong>ι</strong></span> <span class='ocrx_word' id='word_1_748' title='bbox 2654 4332 2974 4402; x_wconf 78' lang='lat' dir='ltr'><strong>Exspectate</strong></span> <span class='ocrx_word' id='word_1_749' title='bbox 3000 4333 3089 4387; x_wconf 88' lang='lat' dir='ltr'><strong>hic</strong></span> <span class='ocrx_word' id='word_1_750' title='bbox 3109 4348 3229 4385; x_wconf 88' lang='lat' dir='ltr'><strong>cum</strong></span> <span class='ocrx_word' id='word_1_751' title='bbox 3253 4333 3737 4399; x_wconf 71' lang='lat' dir='ltr'><strong>asino;postqu;un</strong></span> 
     </span>
    </p>
   </div>
   <div class='ocr_carea' id='block_1_103' title="bbox 2147 4416 3741 4491">
    <p class='ocr_par' dir='ltr' id='par_1_103' title="bbox 2147 4416 3741 4491">
     <span class='ocr_line' id='line_1_104' title="bbox 2147 4416 3741 4491; baseline -0.004 -9"><span class='ocrx_word' id='word_1_752' title='bbox 2147 4440 2324 4482; x_wconf 87' lang='lat' dir='ltr'><strong>autem</strong></span> <span class='ocrx_word' id='word_1_753' title='bbox 2342 4427 2766 4491; x_wconf 89' lang='lat' dir='ltr'><strong>adoraverimus,</strong></span> <span class='ocrx_word' id='word_1_754' title='bbox 2794 4436 3125 4481; x_wconf 87' lang='lat' dir='ltr'><strong>revertemur</strong></span> <span class='ocrx_word' id='word_1_755' title='bbox 3152 4423 3217 4478; x_wconf 89' lang='lat' dir='ltr'><strong>ad</strong></span> <span class='ocrx_word' id='word_1_756' title='bbox 3245 4425 3365 4477; x_wconf 86' lang='lat' dir='ltr'><strong>vos?</strong></span> <span class='ocrx_word' id='word_1_757' title='bbox 3396 4443 3412 4474; x_wconf 72' lang='grc' dir='ltr'><strong>ι</strong></span> <span class='ocrx_word' id='word_1_758' title='bbox 3436 4416 3741 4489; x_wconf 64' lang='grc' dir='ltr'><strong>ΑιιιίἰΆρο⁴</strong></span> 
     </span>
    </p>
   </div>
   <div class='ocr_carea' id='block_1_104' title="bbox 2147 4509 3739 4586">
    <p class='ocr_par' dir='ltr' id='par_1_104' title="bbox 2147 4509 3739 4586">
     <span class='ocr_line' id='line_1_105' title="bbox 2147 4509 3739 4586; baseline -0.006 -15"><span class='ocrx_word' id='word_1_759' title='bbox 2147 4516 2372 4574; x_wconf 82' lang='lat' dir='ltr'><strong>stolam:</strong></span> <span class='ocrx_word' id='word_1_760' title='bbox 2404 4536 2419 4567; x_wconf 85' lang='grc' dir='ltr'><strong>ι</strong></span> <span class='ocrx_word' id='word_1_761' title='bbox 2447 4515 2692 4582; x_wconf 65' lang='grc' dir='ltr'>Οωρὶιιιε,</span> <span class='ocrx_word' id='word_1_762' title='bbox 2723 4516 2915 4586; x_wconf 90' lang='lat' dir='ltr'><strong>inquit,</strong></span> <span class='ocrx_word' id='word_1_763' title='bbox 2942 4528 3007 4569; x_wconf 80' lang='lat' dir='ltr'><strong>ex</strong></span> <span class='ocrx_word' id='word_1_764' title='bbox 3029 4522 3182 4584; x_wconf 87' lang='lat' dir='ltr'><strong>parte</strong></span> <span class='ocrx_word' id='word_1_765' title='bbox 3205 4514 3255 4567; x_wconf 91' lang='lat' dir='ltr'><strong>in</strong></span> <span class='ocrx_word' id='word_1_766' title='bbox 3283 4511 3445 4567; x_wconf 80' lang='lat' dir='ltr'><strong>Israel</strong></span> <span class='ocrx_word' id='word_1_767' title='bbox 3472 4509 3609 4564; x_wconf 78' lang='lat' dir='ltr'><strong>facta</strong></span> <span class='ocrx_word' id='word_1_768' title='bbox 3628 4520 3739 4574; x_wconf 69' lang='lat' dir='ltr'><strong>est,</strong></span> 
     </span>
    </p>
   </div>
   <div class='ocr_carea' id='block_1_105' title="bbox 2071 4588 3744 4678">
    <p class='ocr_par' dir='ltr' id='par_1_105' title="bbox 2071 4588 3744 4678">
     <span class='ocr_line' id='line_1_106' title="bbox 2071 4588 3744 4678; baseline -0.006 -15"><span class='ocrx_word' id='word_1_769' title='bbox 2071 4588 2118 4646; x_wconf 74' lang='grc' dir='ltr'><strong>θ</strong></span> <span class='ocrx_word' id='word_1_770' title='bbox 2146 4618 2205 4662; x_wconf 87' lang='grc' dir='ltr'><strong>ιιι</strong></span> <span class='ocrx_word' id='word_1_771' title='bbox 2227 4605 2502 4677; x_wconf 88' lang='lat' dir='ltr'><strong>plenitudo</strong></span> <span class='ocrx_word' id='word_1_772' title='bbox 2527 4608 2765 4678; x_wconf 84' lang='lat' dir='ltr'><strong>gentium</strong></span> <span class='ocrx_word' id='word_1_773' title='bbox 2794 4608 3039 4669; x_wconf 86' lang='lat' dir='ltr'><strong>intraret,</strong></span> <span class='ocrx_word' id='word_1_774' title='bbox 3069 4614 3123 4660; x_wconf 87' lang='lat' dir='ltr'><strong>et</strong></span> <span class='ocrx_word' id='word_1_775' title='bbox 3151 4607 3228 4659; x_wconf 92' lang='lat' dir='ltr'><strong>sic</strong></span> <span class='ocrx_word' id='word_1_776' title='bbox 3256 4604 3431 4659; x_wconf 90' lang='lat' dir='ltr'><strong>omnis</strong></span> <span class='ocrx_word' id='word_1_777' title='bbox 3456 4602 3744 4656; x_wconf 70' lang='lat' dir='ltr'><strong>Israelsat.</strong></span> 
     </span>
    </p>
   </div>
   <div class='ocr_carea' id='block_1_106' title="bbox 2150 4692 3740 4766">
    <p class='ocr_par' dir='ltr' id='par_1_106' title="bbox 2150 4692 3740 4766">
     <span class='ocr_line' id='line_1_107' title="bbox 2150 4692 3740 4766; baseline -0.004 -12"><span class='ocrx_word' id='word_1_778' title='bbox 2150 4716 2247 4754; x_wconf 89' lang='lat' dir='ltr'><strong>vus</strong></span> <span class='ocrx_word' id='word_1_779' title='bbox 2272 4700 2473 4753; x_wconf 62' lang='lat' dir='ltr'><strong>lieret.»</strong></span> <span class='ocrx_word' id='word_1_780' title='bbox 2506 4698 2641 4766; x_wconf 86' lang='lat' dir='ltr'><strong>Quid</strong></span> <span class='ocrx_word' id='word_1_781' title='bbox 2674 4707 2758 4753; x_wconf 74' lang='lat' dir='ltr'><strong>est</strong></span> <span class='ocrx_word' id='word_1_782' title='bbox 2782 4697 2925 4752; x_wconf 90' lang='lat' dir='ltr'><strong>enim</strong></span> <span class='ocrx_word' id='word_1_783' title='bbox 2953 4697 3095 4765; x_wconf 89' lang='lat' dir='ltr'><strong>quod</strong></span> <span class='ocrx_word' id='word_1_784' title='bbox 3110 4696 3348 4750; x_wconf 89' lang='lat' dir='ltr'><strong>dicitur:</strong></span> <span class='ocrx_word' id='word_1_785' title='bbox 3383 4715 3399 4745; x_wconf 84' lang='grc' dir='ltr'><strong>ι</strong></span> <span class='ocrx_word' id='word_1_786' title='bbox 3430 4692 3656 4749; x_wconf 67' lang='grc' dir='ltr'>Οωοίιιις</span> <span class='ocrx_word' id='word_1_787' title='bbox 3680 4694 3740 4748; x_wconf 83' lang='lat' dir='ltr'><strong>in</strong></span> 
     </span>
    </p>
   </div>
   <div class='ocr_carea' id='block_1_107' title="bbox 2149 4785 3735 4861">
    <p class='ocr_par' dir='ltr' id='par_1_107' title="bbox 2149 4785 3735 4861">
     <span class='ocr_line' id='line_1_108' title="bbox 2149 4785 3735 4861; baseline -0.006 -14"><span class='ocrx_word' id='word_1_788' title='bbox 2149 4791 2313 4847; x_wconf 84' lang='lat' dir='ltr'><strong>Israel</strong></span> <span class='ocrx_word' id='word_1_789' title='bbox 2345 4792 2485 4847; x_wconf 83' lang='lat' dir='ltr'><strong>facta</strong></span> <span class='ocrx_word' id='word_1_790' title='bbox 2520 4807 2586 4845; x_wconf 81' lang='lat' dir='ltr'><strong>ex</strong></span> <span class='ocrx_word' id='word_1_791' title='bbox 2609 4790 2805 4861; x_wconf 86' lang='lat' dir='ltr'><strong>parte?</strong></span> <span class='ocrx_word' id='word_1_792' title='bbox 2843 4811 2859 4843; x_wconf 75' lang='grc' dir='ltr'><strong>ι</strong></span> <span class='ocrx_word' id='word_1_793' title='bbox 2898 4789 3010 4844; x_wconf 83' lang='lat' dir='ltr'><strong>Hoc</strong></span> <span class='ocrx_word' id='word_1_794' title='bbox 3043 4797 3124 4845; x_wconf 91' lang='lat' dir='ltr'><strong>est</strong></span> <span class='ocrx_word' id='word_1_795' title='bbox 3161 4788 3439 4842; x_wconf 89' lang='lat' dir='ltr'><strong>videlicet:</strong></span> <span class='ocrx_word' id='word_1_796' title='bbox 3473 4806 3491 4837; x_wconf 82' lang='grc' dir='ltr'><strong>ι</strong></span> <span class='ocrx_word' id='word_1_797' title='bbox 3524 4785 3735 4853; x_wconf 68' lang='grc' dir='ltr'><strong>ΕΧειιθο</strong></span> 
     </span>
    </p>
   </div>
   <div class='ocr_carea' id='block_1_108' title="bbox 2152 4882 3733 4957">
    <p class='ocr_par' dir='ltr' id='par_1_108' title="bbox 2152 4882 3733 4957">
     <span class='ocr_line' id='line_1_109' title="bbox 2152 4882 3733 4957; baseline -0.009 -15"><span class='ocrx_word' id='word_1_798' title='bbox 2152 4896 2296 4942; x_wconf 82' lang='lat' dir='ltr'><strong>etate</strong></span> <span class='ocrx_word' id='word_1_799' title='bbox 2322 4887 2411 4940; x_wconf 87' lang='lat' dir='ltr'><strong>hic</strong></span> <span class='ocrx_word' id='word_1_800' title='bbox 2433 4901 2557 4941; x_wconf 86' lang='lat' dir='ltr'><strong>cuni</strong></span> <span class='ocrx_word' id='word_1_801' title='bbox 2580 4884 2751 4947; x_wconf 87' lang='lat' dir='ltr'><strong>asino,</strong></span> <span class='ocrx_word' id='word_1_802' title='bbox 2775 4894 2833 4937; x_wconf 90' lang='lat' dir='ltr'><strong>ut</strong></span> <span class='ocrx_word' id='word_1_803' title='bbox 2854 4883 3131 4957; x_wconf 88' lang='lat' dir='ltr'><strong>plenitudo</strong></span> <span class='ocrx_word' id='word_1_804' title='bbox 3160 4882 3400 4953; x_wconf 81' lang='lat' dir='ltr'><strong>gentium</strong></span> <span class='ocrx_word' id='word_1_805' title='bbox 3436 4883 3662 4932; x_wconf 84' lang='lat' dir='ltr'><strong>intraret</strong></span> <span class='ocrx_word' id='word_1_806' title='bbox 3713 4896 3733 4927; x_wconf 71' lang='grc' dir='ltr'><strong>ι</strong></span> 
     </span>
    </p>
   </div>
   <div class='ocr_carea' id='block_1_109' title="bbox 2154 4968 3741 5045">
    <p class='ocr_par' dir='ltr' id='par_1_109' title="bbox 2154 4968 3741 5045">
     <span class='ocr_line' id='line_1_110' title="bbox 2154 4968 3741 5045; baseline -0.009 -14"><span class='ocrx_word' id='word_1_807' title='bbox 2154 4978 2258 5031; x_wconf 90' lang='lat' dir='ltr'><strong>hoc</strong></span> <span class='ocrx_word' id='word_1_808' title='bbox 2284 4985 2386 5040; x_wconf 86' lang='lat' dir='ltr'><strong>est,</strong></span> <span class='ocrx_word' id='word_1_809' title='bbox 2410 4994 2428 5025; x_wconf 80' lang='grc' dir='ltr'><strong>ι</strong></span> <span class='ocrx_word' id='word_1_810' title='bbox 2454 4984 2736 5045; x_wconf 79' lang='lat' dir='ltr'><strong>postquam</strong></span> <span class='ocrx_word' id='word_1_811' title='bbox 2760 4972 3185 5035; x_wconf 79' lang='lat' dir='ltr'><strong>adoraverimUs;</strong></span> <span class='ocrx_word' id='word_1_812' title='bbox 3217 4990 3233 5021; x_wconf 83' lang='lat' dir='ltr'><strong>I</strong></span> <span class='ocrx_word' id='word_1_813' title='bbox 3257 4970 3345 5029; x_wconf 83' lang='lat' dir='ltr'><strong>tibi</strong></span> <span class='ocrx_word' id='word_1_814' title='bbox 3374 4968 3621 5023; x_wconf 82' lang='lat' dir='ltr'><strong>videlicet</strong></span> <span class='ocrx_word' id='word_1_815' title='bbox 3646 4981 3741 5019; x_wconf 75' lang='lat' dir='ltr'><strong>sa-</strong></span> 
     </span>
    </p>
   </div>
   <div class='ocr_carea' id='block_1_110' title="bbox 2151 5063 3740 5137">
    <p class='ocr_par' dir='ltr' id='par_1_110' title="bbox 2151 5063 3740 5137">
     <span class='ocr_line' id='line_1_111' title="bbox 2151 5063 3740 5137; baseline -0.006 -13"><span class='ocrx_word' id='word_1_816' title='bbox 2151 5068 2417 5124; x_wconf 72' lang='lat' dir='ltr'><strong>crificium</strong></span> <span class='ocrx_word' id='word_1_817' title='bbox 2462 5066 2753 5125; x_wconf 75' lang='lat' dir='ltr'><strong>Dominica:</strong></span> <span class='ocrx_word' id='word_1_818' title='bbox 2794 5065 3060 5137; x_wconf 88' lang='lat' dir='ltr'><strong>passionis</strong></span> <span class='ocrx_word' id='word_1_819' title='bbox 3098 5063 3373 5133; x_wconf 87' lang='lat' dir='ltr'><strong>impletum</strong></span> <span class='ocrx_word' id='word_1_820' title='bbox 3405 5077 3500 5131; x_wconf 87' lang='lat' dir='ltr'><strong>per</strong></span> <span class='ocrx_word' id='word_1_821' title='bbox 3540 5076 3740 5115; x_wconf 82' lang='lat' dir='ltr'><strong>armies</strong></span> 
     </span>
    </p>
   </div>
   <div class='ocr_carea' id='block_1_111' title="bbox 2147 5152 3736 5235">
    <p class='ocr_par' dir='ltr' id='par_1_111' title="bbox 2147 5152 3736 5235">
     <span class='ocr_line' id='line_1_112' title="bbox 2147 5152 3736 5235; baseline -0.004 -23"><span class='ocrx_word' id='word_1_822' title='bbox 2147 5168 2336 5235; x_wconf 77' lang='lat' dir='ltr'><strong>gentes</strong></span> <span class='ocrx_word' id='word_1_823' title='bbox 2373 5158 2534 5212; x_wconf 80' lang='lat' dir='ltr'><strong>fuerit</strong></span> <span class='ocrx_word' id='word_1_824' title='bbox 2591 5157 2961 5226; x_wconf 58' lang='lat' dir='ltr'><strong>prtedicatum.</strong></span> <span class='ocrx_word' id='word_1_825' title='bbox 3018 5153 3170 5221; x_wconf 86' lang='lat' dir='ltr'><strong>Quod</strong></span> <span class='ocrx_word' id='word_1_826' title='bbox 3217 5162 3396 5206; x_wconf 87' lang='lat' dir='ltr'><strong>autem</strong></span> <span class='ocrx_word' id='word_1_827' title='bbox 3439 5152 3736 5220; x_wconf 84' lang='lat' dir='ltr'><strong>sequitur:</strong></span> 
     </span>
    </p>
   </div>
   <div class='ocr_carea' id='block_1_112' title="bbox 2154 5245 3738 5308">
    <p class='ocr_par' dir='ltr' id='par_1_112' title="bbox 2154 5245 3738 5308">
     <span class='ocr_line' id='line_1_113' title="bbox 2154 5245 3738 5308; baseline -0.006 -7"><span class='ocrx_word' id='word_1_828' title='bbox 2154 5270 2172 5301; x_wconf 80' lang='grc' dir='ltr'><strong>ι</strong></span> <span class='ocrx_word' id='word_1_829' title='bbox 2214 5250 2278 5304; x_wconf 81' lang='lat' dir='ltr'><strong>Et</strong></span> <span class='ocrx_word' id='word_1_830' title='bbox 2302 5250 2383 5304; x_wconf 88' lang='lat' dir='ltr'><strong>sic</strong></span> <span class='ocrx_word' id='word_1_831' title='bbox 2400 5248 2577 5306; x_wconf 84' lang='lat' dir='ltr'><strong>omnis</strong></span> <span class='ocrx_word' id='word_1_832' title='bbox 2602 5248 2761 5303; x_wconf 84' lang='lat' dir='ltr'><strong>lsracl</strong></span> <span class='ocrx_word' id='word_1_833' title='bbox 2790 5246 2969 5301; x_wconf 83' lang='lat' dir='ltr'><strong>salvus</strong></span> <span class='ocrx_word' id='word_1_834' title='bbox 3004 5246 3177 5308; x_wconf 83' lang='lat' dir='ltr'><strong>lieret,</strong></span> <span class='ocrx_word' id='word_1_835' title='bbox 3229 5263 3246 5294; x_wconf 82' lang='grc' dir='ltr'><strong>ι</strong></span> <span class='ocrx_word' id='word_1_836' title='bbox 3280 5245 3381 5296; x_wconf 89' lang='lat' dir='ltr'><strong>hoc</strong></span> <span class='ocrx_word' id='word_1_837' title='bbox 3411 5251 3513 5305; x_wconf 87' lang='lat' dir='ltr'><strong>est,</strong></span> <span class='ocrx_word' id='word_1_838' title='bbox 3555 5256 3738 5293; x_wconf 81' lang='lat' dir='ltr'><strong>rever-</strong></span> 
     </span>
    </p>
   </div>
   <div class='ocr_carea' id='block_1_113' title="bbox 2154 5333 3739 5406">
    <p class='ocr_par' dir='ltr' id='par_1_113' title="bbox 2154 5333 3739 5406">
     <span class='ocr_line' id='line_1_114' title="bbox 2154 5333 3739 5406; baseline -0.008 -9"><span class='ocrx_word' id='word_1_839' title='bbox 2154 5354 2331 5399; x_wconf 84' lang='lat' dir='ltr'><strong>temur</strong></span> <span class='ocrx_word' id='word_1_840' title='bbox 2352 5344 2417 5396; x_wconf 86' lang='lat' dir='ltr'><strong>ad</strong></span> <span class='ocrx_word' id='word_1_841' title='bbox 2457 5358 2569 5395; x_wconf 87' lang='lat' dir='ltr'><strong>vos.</strong></span> <span class='ocrx_word' id='word_1_842' title='bbox 2604 5339 2741 5406; x_wconf 89' lang='lat' dir='ltr'><strong>Quid</strong></span> <span class='ocrx_word' id='word_1_843' title='bbox 2771 5350 2854 5393; x_wconf 74' lang='lat' dir='ltr'><strong>est</strong></span> <span class='ocrx_word' id='word_1_844' title='bbox 2895 5348 3072 5392; x_wconf 88' lang='lat' dir='ltr'><strong>autem</strong></span> <span class='ocrx_word' id='word_1_845' title='bbox 3118 5335 3259 5405; x_wconf 85' lang='lat' dir='ltr'><strong>quod</strong></span> <span class='ocrx_word' id='word_1_846' title='bbox 3301 5336 3445 5387; x_wconf 87' lang='lat' dir='ltr'><strong>aries</strong></span> <span class='ocrx_word' id='word_1_847' title='bbox 3480 5333 3619 5386; x_wconf 90' lang='lat' dir='ltr'><strong>inter</strong></span> <span class='ocrx_word' id='word_1_848' title='bbox 3643 5348 3739 5384; x_wconf 83' lang='lat' dir='ltr'><strong>ve-</strong></span> 
     </span>
    </p>
   </div>
   <div class='ocr_carea' id='block_1_114' title="bbox 2153 5425 3737 5503">
    <p class='ocr_par' dir='ltr' id='par_1_114' title="bbox 2153 5425 3737 5503">
     <span class='ocr_line' id='line_1_115' title="bbox 2153 5425 3737 5503; baseline -0.008 -16"><span class='ocrx_word' id='word_1_849' title='bbox 2153 5448 2278 5503; x_wconf 79' lang='lat' dir='ltr'><strong>pres</strong></span> <span class='ocrx_word' id='word_1_850' title='bbox 2298 5434 2511 5487; x_wconf 61' lang='lat' dir='ltr'><strong>haereus</strong></span> <span class='ocrx_word' id='word_1_851' title='bbox 2533 5432 2785 5484; x_wconf 86' lang='lat' dir='ltr'><strong>cornibus</strong></span> <span class='ocrx_word' id='word_1_852' title='bbox 2810 5430 3098 5493; x_wconf 88' lang='lat' dir='ltr'><strong>invenitur,</strong></span> <span class='ocrx_word' id='word_1_853' title='bbox 3126 5428 3214 5497; x_wconf 85' lang='lat' dir='ltr'><strong>qui</strong></span> <span class='ocrx_word' id='word_1_854' title='bbox 3243 5442 3342 5495; x_wconf 87' lang='lat' dir='ltr'><strong>pro</strong></span> <span class='ocrx_word' id='word_1_855' title='bbox 3366 5425 3513 5478; x_wconf 83' lang='lat' dir='ltr'><strong>Isaac</strong></span> <span class='ocrx_word' id='word_1_856' title='bbox 3535 5426 3737 5479; x_wconf 82' lang='lat' dir='ltr'><strong>immo-</strong></span> 
     </span>
    </p>
   </div>
   <div class='ocr_carea' id='block_1_115' title="bbox 2152 5515 3737 5590">
    <p class='ocr_par' dir='ltr' id='par_1_115' title="bbox 2152 5515 3737 5590">
     <span class='ocr_line' id='line_1_116' title="bbox 2152 5515 3737 5590; baseline -0.006 -13"><span class='ocrx_word' id='word_1_857' title='bbox 2152 5524 2294 5578; x_wconf 85' lang='lat' dir='ltr'><strong>latus</strong></span> <span class='ocrx_word' id='word_1_858' title='bbox 2328 5522 2593 5577; x_wconf 70' lang='lat' dir='ltr'><strong>oll‘ertur?</strong></span> <span class='ocrx_word' id='word_1_859' title='bbox 2637 5521 2781 5574; x_wconf 80' lang='lat' dir='ltr'><strong>Crux</strong></span> <span class='ocrx_word' id='word_1_860' title='bbox 2827 5536 3018 5590; x_wconf 87' lang='lat' dir='ltr'><strong>nempe</strong></span> <span class='ocrx_word' id='word_1_861' title='bbox 3058 5535 3257 5574; x_wconf 83' lang='lat' dir='ltr'><strong>cornua</strong></span> <span class='ocrx_word' id='word_1_862' title='bbox 3288 5518 3491 5581; x_wconf 85' lang='lat' dir='ltr'><strong>habet;</strong></span> <span class='ocrx_word' id='word_1_863' title='bbox 3526 5515 3629 5567; x_wconf 94' lang='lat' dir='ltr'><strong>duo</strong></span> <span class='ocrx_word' id='word_1_864' title='bbox 3658 5516 3737 5567; x_wconf 84' lang='lat' dir='ltr'><strong>si-</strong></span> 
     </span>
    </p>
   </div>
   <div class='ocr_carea' id='block_1_116' title="bbox 2152 5606 3740 5683">
    <p class='ocr_par' dir='ltr' id='par_1_116' title="bbox 2152 5606 3740 5683">
     <span class='ocr_line' id='line_1_117' title="bbox 2152 5606 3740 5683; baseline -0.004 -18"><span class='ocrx_word' id='word_1_865' title='bbox 2152 5613 2368 5681; x_wconf 89' lang='lat' dir='ltr'><strong>quidem</strong></span> <span class='ocrx_word' id='word_1_866' title='bbox 2406 5612 2547 5683; x_wconf 85' lang='lat' dir='ltr'><strong>ligna</strong></span> <span class='ocrx_word' id='word_1_867' title='bbox 2598 5613 2826 5665; x_wconf 85' lang='lat' dir='ltr'><strong>invicem</strong></span> <span class='ocrx_word' id='word_1_868' title='bbox 2875 5611 3295 5679; x_wconf 81' lang='lat' dir='ltr'><strong>compinguntur</strong></span> <span class='ocrx_word' id='word_1_869' title='bbox 3316 5650 3329 5671; x_wconf 89' lang='lat'><strong>,</strong></span> <span class='ocrx_word' id='word_1_870' title='bbox 3360 5616 3415 5660; x_wconf 88' lang='lat' dir='ltr'><strong>et</strong></span> <span class='ocrx_word' id='word_1_871' title='bbox 3445 5607 3524 5661; x_wconf 88' lang='lat' dir='ltr'><strong>sic</strong></span> <span class='ocrx_word' id='word_1_872' title='bbox 3550 5606 3740 5659; x_wconf 84' lang='lat' dir='ltr'><strong>crucis</strong></span> 
     </span>
    </p>
   </div>
   <div class='ocr_carea' id='block_1_117' title="bbox 2153 5698 3740 5773">
    <p class='ocr_par' dir='ltr' id='par_1_117' title="bbox 2153 5698 3740 5773">
     <span class='ocr_line' id='line_1_118' title="bbox 2153 5698 3740 5773; baseline -0.004 -16"><span class='ocrx_word' id='word_1_873' title='bbox 2153 5705 2388 5773; x_wconf 86' lang='lat' dir='ltr'><strong>speciem</strong></span> <span class='ocrx_word' id='word_1_874' title='bbox 2437 5706 2704 5767; x_wconf 87' lang='lat' dir='ltr'><strong>reddunt;</strong></span> <span class='ocrx_word' id='word_1_875' title='bbox 2759 5705 2883 5757; x_wconf 89' lang='lat' dir='ltr'><strong>hinc</strong></span> <span class='ocrx_word' id='word_1_876' title='bbox 2931 5712 3016 5757; x_wconf 89' lang='lat' dir='ltr'><strong>est</strong></span> <span class='ocrx_word' id='word_1_877' title='bbox 3062 5702 3207 5756; x_wconf 86' lang='lat' dir='ltr'><strong>enim</strong></span> <span class='ocrx_word' id='word_1_878' title='bbox 3253 5702 3396 5769; x_wconf 85' lang='lat' dir='ltr'><strong>quod</strong></span> <span class='ocrx_word' id='word_1_879' title='bbox 3424 5700 3490 5754; x_wconf 86' lang='lat' dir='ltr'><strong>de</strong></span> <span class='ocrx_word' id='word_1_880' title='bbox 3514 5698 3740 5753; x_wconf 80' lang='lat' dir='ltr'><strong>Christo</strong></span> 
     </span>
    </p>
   </div>
   <div class='ocr_carea' id='block_1_118' title="bbox 2154 5789 3732 5863">
    <p class='ocr_par' dir='ltr' id='par_1_118' title="bbox 2154 5789 3732 5863">
     <span class='ocr_line' id='line_1_119' title="bbox 2154 5789 3732 5863; baseline -0.003 -16"><span class='ocrx_word' id='word_1_881' title='bbox 2154 5796 2415 5863; x_wconf 80' lang='lat' dir='ltr'><strong>scriptum</strong></span> <span class='ocrx_word' id='word_1_882' title='bbox 2464 5804 2590 5848; x_wconf 81' lang='lat' dir='ltr'><strong>est;</strong></span> <span class='ocrx_word' id='word_1_883' title='bbox 2628 5815 2643 5845; x_wconf 81' lang='grc' dir='ltr'><strong>ι</strong></span> <span class='ocrx_word' id='word_1_884' title='bbox 2687 5797 2900 5849; x_wconf 74' lang='lat' dir='ltr'><strong>Cornua</strong></span> <span class='ocrx_word' id='word_1_885' title='bbox 2946 5802 3069 5849; x_wconf 81' lang='lat' dir='ltr'><strong>sunt</strong></span> <span class='ocrx_word' id='word_1_886' title='bbox 3124 5794 3177 5847; x_wconf 90' lang='lat' dir='ltr'><strong>in</strong></span> <span class='ocrx_word' id='word_1_887' title='bbox 3226 5791 3473 5847; x_wconf 79' lang='lat' dir='ltr'><strong>manibus</strong></span> <span class='ocrx_word' id='word_1_888' title='bbox 3522 5789 3661 5860; x_wconf 66' lang='lat' dir='ltr'><strong>eius.</strong></span> <span class='ocrx_word' id='word_1_889' title='bbox 3712 5809 3732 5831; x_wconf 73' lang='grc' dir='ltr'><strong>ι</strong></span> 
     </span>
    </p>
   </div>
  </div>
