4054 6184
241 382 348 442 835

1098 378 1342 436 OPUSC.
1383 380 1494 436 LX.
1527 411 1600 423 -—
1629 378 1997 436 EXPOSITIO
2037 375 2223 436 LIBRI
2261 375 2628 436 GENESEOS

3400 376 3506 434 854

241 501 464 557 “atreus
489 512 620 569 ergo
643 497 902 554 cornibus
927 498 1088 564 aries,
1118 499 1369 556 Christus
1407 507 1491 555 est
1517 499 1822 556 crucifixus
1854 497 1898 559 Α
1926 506 2041 552 rem
2065 496 2298 567 proximi
2319 495 2692 566 concupiscat.
2735 494 2940 562 Quibus
2977 493 3082 549 rite
3111 490 3361 558 servatis,
3397 509 3506 550 non

240 595 386 653 inter
412 591 690 648 aculeatas
737 599 791 646 et
836 591 1117 647 vuinilicas
1138 591 1448 648 Judaiorum
1482 590 1822 662 iniquitates.

239 685 392 744 Sicut
416 685 530 754 ipse
551 699 647 754 per
672 681 963 738 Jercmiam
989 684 1366 754 conqueritur,
1387 685 1574 739 dicens
1606 699 1638 738 εν
1655 703 1674 735 ε
1708 683 1825 753 Spi-

237 777 324 832 nis
372 784 720 847 peccatorum
781 788 1003 829 suorum
1043 774 1398 829 circumdedit
1454 789 1540 828 me
1592 769 1824 843 populus

238 867 346 921 hic.
384 884 402 918 ι
447 863 671 919 Peracto
719 863 1012 928 sacrilicio,
1043 863 1244 918 dicitur
1270 863 1507 919 Abrahze
1539 882 1552 918 :
1589 883 1608 915 r
1638 863 1694 918 in
1738 877 1824 919 se-

238 957 384 1011 mine
407 965 499 1011 tuo
525 955 910 1011 benedicentur
931 970 1122 1010 omnes
1144 964 1351 1026 gentes.
1387 975 1407 1010 ι
1442 957 1508 1011 Ει
1536 965 1822 1028 postquam

236 1047 498 1104 Dominus
527 1048 663 1103 dixit
695 1065 709 1100 :
758 1065 777 1098 ι
830 1047 1107 1102 Fuderunt
1156 1061 1351 1102 manus
1397 1063 1545 1102 meas
1577 1057 1633 1103 et
1663 1050 1824 1119 pedes

235 1154 408 1205 meos,
437 1155 456 1190 ι
489 1139 648 1210 paulo
670 1146 784 1208 post
819 1137 872 1192 in
897 1137 1088 1192 eodem
1118 1137 1325 1207 psalmo
1353 1136 1587 1206 subjecit
1616 1156 1628 1192 :
1657 1157 1677 1190 ς
1718 1137 1825 1192 lico

234 1231 614 1294 minisccntur,
655 1239 710 1283 et
739 1237 1130 1284 convertentur
1158 1229 1225 1284 ad
1265 1230 1550 1284 Dominum
1579 1230 1820 1286 universi

237 1324 373 1377 lines
410 1332 606 1385 terrae,
652 1331 706 1376 et
745 1321 1048 1375 adorabunt
1082 1320 1134 1374 in
1161 1329 1453 1390 conspectu
1489 1320 1609 1388 eius
1631 1335 1823 1377 omnes

233 1412 422 1480 patriae
465 1411 728 1482 gentittm.
778 1409 1044 1476 Quoniam
1095 1410 1309 1465 Domini
1351 1418 1437 1466 est
1477 1423 1738 1479 regnum,
1771 1419 1827 1467 et

232 1501 351 1574 ipse
372 1503 743 1556 dominabitur
769 1501 1033 1567 gentium.
1064 1519 1082 1552 ο
1112 1501 1309 1558 Oblato
1337 1501 1519 1572 itaque
1542 1501 1820 1556 Abraham

231 1591 381 1657 tilio,
409 1601 466 1647 et
491 1608 588 1664 pro
613 1594 784 1648 ariete
817 1593 1116 1656 immolato,
1153 1592 1446 1662 appellavit
1481 1606 1676 1648 nomen
1717 1591 1820 1648 loci

233 1681 400 1742 illius,
429 1699 448 1733 ι
486 1681 747 1736 Dominus
774 1682 974 1745 videt,»
1006 1682 1134 1751 quia
1161 1681 1421 1737 Dominus
1452 1689 1653 1747 noster,
1681 1692 1824 1752 post-

230 1787 396 1842 quam
432 1775 484 1829 in
521 1789 614 1828 ara
644 1774 825 1829 crucis
865 1772 1079 1828 oblatos
1124 1774 1314 1828 mortis
1343 1782 1542 1829 nostra:
1575 1775 1819 1830 debitum
1858 1755 1866 1764 ’

1925 601 2068 650 mox,
2106 595 2166 641 ut
2193 588 2466 657 sperabat,
2495 586 2562 639 ad
2584 583 3059 654 contemplationis
3110 585 3505 639 oblectamenta

1922 679 2258 750 perducitur,
2281 688 2341 733 ut
2369 680 2516 734 velut
2548 687 2878 748 exspectata:
2919 678 3008 733 diu
3041 677 3240 732 Rachel
3270 676 3509 747 pulchri-

1925 771 2110 825 tudine
2137 771 2487 840 perfruatur,
2537 771 2631 824 sed
2672 770 2765 824 Lia
2810 769 2914 825 sibi
2957 785 3054 839 per
3083 777 3295 824 noctem
3334 769 3508 839 inopi-

1924 871 2054 917 nato
2079 861 2422 933 supponitur,
2448 862 2573 932 quia
2608 862 2749 917 inter
2780 862 3029 916 humana:
3059 860 3220 928 hujus
3251 861 3511 930 ignoran-

1923 957 2013 1012 tize
2051 958 2306 1014 tenebras
2346 951 2636 1011 iolerantla
2681 951 2780 1010 sibi
2826 955 3028 1010 laboris
3069 949 3396 1024 iniungitur;
3440 967 3507 1008 ex

1924 1065 2029 1121 qua
2076 1059 2253 1104 tamen
2295 1049 2406 1118 iam
2448 1061 2792 1103 numerosam
2827 1045 3065 1101 sobolem
3101 1045 3349 1116 suscipit,
3380 1044 3509 1114 quia

1925 1143 2122 1197 uberes
2163 1140 2462 1211 spiritualis
2499 1140 2634 1194 lucri
2671 1151 2766 1210 per
2812 1139 2956 1193 hunc
2999 1136 3240 1192 laborem
3299 1136 3506 1192 fructus

1926 1231 2180 1301 acquirit.
2215 1229 2364 1286 lianc
2410 1231 2594 1301 itaque
2625 1229 2840 1293 tolerat,
2878 1239 2938 1284 ut
2964 1229 3031 1284 ad
3082 1229 3225 1283 illam
3264 1228 3510 1296 quando-

1925 1317 2031 1394 que
2072 1324 2352 1393 perveniat
2398 1331 2979 1394 quamperseverantcr
3030 1330 3197 1376 amat.
3236 1320 3512 1377 Suadelnr

1924 1431 2054 1487 ergo
2085 1424 2142 1469 ut
2165 1430 2262 1486 per
2283 1414 2416 1470 alios
2439 1426 2645 1486 septem
2677 1429 2848 1469 annos
2873 1415 3078 1468 servire
3103 1412 3350 1476 dc'sudet,
3380 1411 3507 1482 quia

1925 1507 2168 1580 profecto
2203 1517 2426 1563 necesse
2450 1517 2532 1563 est
2559 1517 2619 1562 ut
2661 1508 2838 1563 adhuc
2866 1505 2970 1562 alia
3005 1516 3208 1577 septem
3241 1515 3510 1576 praecepta

1925 1596 2193 1662 observet,
2219 1598 2312 1652 sed
2331 1596 2442 1665 iam
2469 1597 2748 1667 aliquanto
2770 1596 3010 1667 liberior,
3037 1611 3141 1649 non
3171 1594 3366 1666 legalia
3391 1601 3510 1649 tan-

1925 1702 2088 1757 quam
2116 1699 2327 1751 servus,
2359 1685 2454 1740 sed
2471 1687 2789 1758 evangelica
2814 1663 3153 1754 Sicut'gener,
3177 1685 3430 1740 videlicet
3454 1694 3512 1739 ut

1927 1778 1998 1832 sit
2021 1792 2226 1847 pauper
2246 1776 2460 1848 spiritu,
2489 1777 2561 1831 sit
2590 1777 2756 1843 tnitis,
2786 1773 2984 1847 lugeat,
3015 1777 3222 1830 esuriat
3250 1775 3511 1845 sitiatque

231 1865 437 1928 solvit,
473 1866 762 1920 videndum
789 1879 848 1919 se
871 1865 1124 1935 deinceps
1149 1865 1382 1920 fidelium
1415 1881 1634 1921 suorum
1659 1864 1818 1920 obtu—
1854 1871 1895 1929 Β
1923 1867 2190 1938 iustitiam
2216 1907 2231 1933 ,
2264 1866 2335 1923 sit
2377 1868 2690 1922 misericOrs
2713 1907 2728 1932 ,
2763 1867 3024 1922 mundum
3057 1883 3151 1922 cor
3187 1866 3410 1929 habeat,
3441 1867 3513 1920 sit

231 1956 378 2011 tibus
399 1957 648 2026 pratbuit,
671 1957 835 2028 902
868 1965 929 2012 ut
956 1957 1210 2012 nimirum
1239 1958 1501 2028 redempti
1539 1974 1730 2014 omnes
1755 1960 1820 2014 il-

229 2046 344 2102 lum
362 2047 474 2118 iam
503 2063 601 2118 per
635 2048 795 2103 fidem
826 2048 1129 2114 inveniant,
1151 2049 1244 2118 qui
1270 2059 1496 2104 eatenus
1525 2049 1648 2105 tidei
1681 2065 1815 2106 ocu-

226 2138 316 2196 los
342 2154 450 2195 non
472 2139 760 2196 habebant.

789 2231 1019 2288 CAPUT
1054 2230 1248 2286 XXVI.

514 2325 593 2378 De
635 2322 731 2378 Lia
757 2333 806 2377 et
846 2322 1037 2377 Rachel
1060 2322 1308 2377 uxoribus
1345 2322 1530 2378 Iacob.

299 2417 472 2472 Porro
499 2433 606 2471 non
648 2425 732 2470 est
760 2416 1052 2470 obscurum
1093 2414 1236 2483 quod
1286 2413 1470 2467 Laban
1515 2415 1651 2470 duas
1680 2414 1819 2473 filias

225 2506 440 2568 habuit,
465 2517 706 2576 'qnarum
731 2504 1009 2573 iuniorem
1041 2503 1210 2559 Jacob
1235 2503 1288 2557 in
1312 2503 1621 2574 coniugium
1649 2521 1816 2574 copu-

225 2585 393 2665 lavit,
431 2600 499 2654 ad
537 2597 693 2668 cuius
735 2608 912 2652 tamen
943 2596 1223 2666 amplexus
1256 2595 1542 2665 pervenire
1569 2611 1678 2650 non
1713 2612 1814 2666 po-v

227 2687 358 2752 tuit,
391 2689 564 2746 donec
600 2687 858 2757 maiorem
892 2688 1113 2759 ignarus
1145 2693 1307 2756 atque
1338 2686 1460 2741 ideo
1491 2687 1693 2744 invitus
1724 2705 1814 2746 ac-

224 2782 396 2854 cepit.
446 2782 554 2838 Sed
602 2782 728 2852 quia
782 2797 894 2837 rem
939 2780 1235 2836 scientibus
1276 2778 1470 2849 loquor
1497 2819 1512 2844 ,
1545 2781 1813 2836 nonmihi

226 2873 416 2931 multis
438 2875 824 2931 elaborandum
851 2883 937 2930 est
975 2875 1176 2929 verbis.
1208 2872 1392 2930 Labau
1429 2875 1627 2945 quippe
1673 2876 1814 2930 deal-

223 2965 372 3020 batio
408 2965 816 3036 interpretatur.
845 2965 979 3033 Quis
1021 2974 1201 3020 autem
1229 2967 1296 3022 ad
1339 2967 1505 3021 Deum
1538 2967 1814 3021 converti-

225 3068 339 3121 tur,
367 3057 468 3111 nisi
495 3067 551 3111 ut
571 3095 586 3122 ,
617 3058 862 3128 deposita
884 3067 1230 3128 peccatorum
1261 3057 1565 3130 nigredine,
1597 3073 1693 3128 per
1720 3073 1811 3114 re-

226 3148 506 3204 missionis
547 3150 774 3220 gratiam
819 3151 1142 3206 dealbctur?
1180 3153 1324 3209 sicut
1359 3153 1474 3223 ipse
1500 3149 1807 3223 pollicetur,

1921 1968 2198 2030 postremo
2228 1958 2504 2030 paciﬁcus.
2531 1959 2694 2030 903
2723 1959 3011 2013 Enimvero
3055 1959 3216 2012 vellet
3247 1959 3431 2024 homo,
3462 1957 3508 2012 si

1922 2051 2040 2107 fieri
2065 2061 2284 2122 posset,
2323 2050 2500 2107 nullas
2535 2051 2782 2106 laborum
2827 2051 3107 2106 molestias
3135 2049 3360 2120 agendo
3391 2065 3512 2119 pcr-

1921 2141 2087 2207 ferre,
2119 2139 2213 2197 sed
2235 2140 2484 2210 protinus
2507 2141 2559 2195 in
2583 2142 2756 2211 ipsius
2791 2141 2874 2196 sui
2917 2141 3153 2196 tirocinii
3187 2140 3512 2195 rudimentis

1921 2233 1986 2286 ad
2015 2231 2253 2300 pulchra:
2279 2233 2757 2303 contemplationis
2792 2232 3017 2288 delicias
3053 2232 3368 2302 pervenire;
3420 2247 3511 2286 ve-

1920 2332 2225 2378 rumtamen
2267 2324 2372 2377 hoc
2399 2339 2506 2377 nrm
2545 2325 2596 2377 in
2630 2334 2773 2378 terra
2805 2325 3148 2376 morientiu-n
3193 2324 3252 2376 lit
3281 2363 3294 2387 ,
3333 2323 3426 2377 sed
3456 2323 3507 2376 in

1919 2423 2066 2469 terra
2088 2408 2408 2469 viventium.
2436 2415 2590 2482 Quod
2620 2415 2930 2485 signiﬁcare
2958 2415 3170 2470 videtur
3205 2416 3332 2469 illud
3364 2417 3508 2484 quod

1918 2506 1984 2561 ad
2007 2503 2173 2561 Jacob
2205 2505 2401 2560 dicitur
2432 2524 2444 2560 :
2481 2526 2499 2558 ι
2541 2503 2657 2562 Non
2694 2515 2809 2571 est,
2855 2507 3030 2576 inquit
3055 2505 3236 2561 Labau
3263 2545 3278 2570 ,
3308 2506 3359 2560 in
3391 2506 3510 2560 ioco

1918 2608 2109 2653 nostro
2134 2598 2540 2653 consuetudinis
2559 2639 2574 2663 ,
2605 2607 2665 2652 ut
2697 2599 2939 2654 minores
2969 2605 3096 2654 ante
3135 2597 3414 2652 tradamus
3442 2599 3510 2653 ad

1917 2687 2156 2757 nuptias.
2200 2704 2219 2740 ι
2264 2687 2375 2742 Nec
2403 2687 2635 2743 absurde
2656 2687 2831 2756 major
2861 2688 3183 2760 appellatur,
3213 2704 3334 2758 qua:
3364 2691 3512 2758 prior

1915 2785 1998 2834 est
2021 2791 2284 2848 tempore.
2316 2777 2474 2834 Prius
2501 2789 2586 2833 est
2614 2779 2758 2835 enim
2789 2780 2842 2834 in
2868 2780 3077 2836 Domini
3101 2781 3402 2836 eruditione
3428 2781 3509 2834 la-

1915 2876 2015 2926 bor
2045 2871 2172 2927 boni
2197 2871 2379 2940 operis
2413 2885 2574 2941 quam
2622 2874 2836 2943 requies
2873 2874 3367 2944 contemplationis.
3401 2874 3508 2928 Ex.

1912 2959 2072 3031 pletis
2101 2963 2282 3032 itaque
2309 2961 2518 3016 duabus
2541 3001 2557 3028 ,
2588 2963 2760 3017 altera
2787 2962 3041 3018 videlicet
3072 2961 3206 3032 legis
3242 2960 3504 3034 antiquae,

1914 3050 2082 3107 altera
2107 3051 2434 3120 evangelicae
2477 3052 2666 3122 gratiae
2698 3093 2714 3117 ,
2765 3068 2889 3108 mox
2931 3054 2998 3109 ad
3045 3055 3134 3108 diu
3183 3054 3506 3109 desiderata:

1914 3137 2113 3198 Rachel
2138 3143 2454 3213 pervenitur
2480 3143 3174 3228 amplcxus,quiavqnisquis
3202 3146 3510 3216 pertingere

225 3239 418 3294 dicens
448 3255 462 3292 :
496 3256 516 3290 ε
551 3238 607 3294 Si
638 3239 838 3296 fuerint
873 3251 1097 3311 peccata
1146 3254 1328 3299 vestra
1377 3220 1438 3299 ut
1483 3220 1763 3299 coccinum
1793 3284 1808 3310 ,
1837 3220 1886 3286 C
1916 3235 1983 3288 ad
2011 3234 2206 3288 divina:
2239 3233 2711 3302 contemplationis
2747 3220 3146 3290 oblectamenta
3194 3236 3509 3302 desiderat,

224 3329 385 3398 quasi
421 3330 509 3384 nix
547 3331 963 3388 dealbabuutur.
1005 3354 1024 3386 ι
1067 3335 1220 3402 Quod
1263 3335 1389 3391 felix
1424 3336 1512 3390 ille
1561 3344 1816 3405 peccator

225 3421 574 3490 postulabat,
617 3439 739 3478 cum
776 3425 979 3480 diceret
1013 3444 1028 3482 :
1064 3446 1082 3478 ι
1119 3426 1436 3495 Mundabor,
1471 3427 1678 3483 lavabis
1708 3441 1813 3492 me,

225 3521 284 3568 et
313 3527 475 3580 super
499 3514 676 3569 nivem
710 3516 1023 3572 dealbabor.
1058 3534 1076 3570 ι
1108 3517 1205 3573 Lia
1231 3519 1641 3589 interpretatur,
1668 3517 1814 3572 labo-

228 3622 397 3671 rans;
420 3606 641 3673 Rachel,
665 3611 871 3664 verbum
898 3609 1012 3666 sive
1036 3612 1370 3682 principium.
1403 3607 1530 3675 Sed,
1560 3611 1603 3666 si
1635 3609 1818 3679 Scrip-

229 3706 410 3754 turam
451 3699 735 3770 diligenter
771 3703 1133 3772 attendimus,
1185 3719 1283 3760 nec
1314 3719 1420 3759 uno
1463 3705 1678 3774 quidem
1731 3703 1819 3758 die

227 3791 471 3847 servisse
505 3790 672 3849 Iacob
701 3804 927 3864 propter
968 3795 1078 3852 Lia:
1123 3796 1450 3853 desiderium
1494 3795 1817 3868 reperimus,

230 3881 330 3935 sed
352 3897 448 3950 per
471 3891 609 3938 totas
635 3883 755 3939 illas
776 3899 1040 3940 annorum
1065 3887 1429 3941 hebdomadas
1455 3903 1553 3956 pro
1574 3888 1687 3942 sola
1713 3886 1821 3941 Ra-

233 3970 356 4026 chel
381 3974 628 4028 servituti
665 3974 952 4042 subiacuit.
1000 3976 1225 4047 insuper
1266 3987 1320 4033 et
1359 3979 1530 4048 ipsam
1573 3978 1725 4032 Liam
1749 3978 1819 4033 ad

172 4125 178 4128 η
233 4062 380 4117 illius
409 4063 659 4119 intuitum
693 4066 960 4121 toleravit.
984 4067 1116 4135 Quis
1141 4069 1284 4122 enim
1317 4069 1383 4122 ad
1414 4069 1583 4123 Deum
1615 4069 1820 4124 idcirco

229 4153 570 4208 convertitur
593 4195 607 4218 ,
652 4165 712 4210 ut
740 4152 953 4213 labores
994 4166 1050 4212 et
1075 4171 1345 4232 aerumnas
1368 4175 1430 4213 ac
1461 4159 1819 4214 tentationum

227 4243 535 4297 certamina
587 4246 874 4314 patiatur?
904 4243 1091 4303 Omnis
1137 4249 1284 4302 enim
1331 4248 1496 4303 Deum
1525 4249 1821 4318 quaerentis

230 4334 467 4389 intentio
506 4335 608 4390 hoc
632 4347 838 4407 sperat,
871 4340 938 4394 ad
984 4341 1087 4395 hoc
1110 4349 1344 4412 spectat,
1395 4349 1451 4396 ut
1481 4343 1546 4397 ad
1575 4344 1816 4413 requiem

224 4427 560 4498 quandoque
588 4431 887 4498 perveniat,
917 4440 969 4485 et
1001 4433 1053 4487 in
1083 4436 1307 4488 Summa:
1345 4435 1819 4506 contemplationis

221 4516 471 4587 gaudio,
514 4517 660 4573 velut
711 4519 762 4574 in
798 4522 1034 4590 pulchra:
1079 4523 1277 4578 Rachel
1321 4526 1696 4595 amplexibus,
1735 4543 1820 4581 re-

220 4606 500 4678 quiescat,
541 4611 792 4664 videlicet
817 4621 875 4666 ut
906 4625 1001 4681 per
1031 4614 1254 4668 verbum
1279 4617 1420 4684 quod
1447 4617 1596 4671 audit
1624 4632 1817 4672 ascem

221 4697 327 4752 dat
352 4699 418 4753 ad
451 4700 739 4756 videndum
766 4703 1089 4771 principium
1118 4705 1260 4773 quod
1289 4707 1554 4775 quzesivit.
1587 4707 1694 4761 Sed
1726 4724 1818 4763 nee

218 4801 390 4843 cesso
429 4799 516 4844 est
561 4801 621 4843 tit
668 4788 810 4844 hunc
855 4792 1193 4847 diversorum
1250 4797 1605 4850 certaminum
1665 4798 1821 4853 labor

213 4880 486 4934 exerceat
533 4889 822 4950 antequam
859 4881 923 4935 ad
971 4883 1169 4951 quietis
1217 4885 1419 4939 intima:
1451 4888 1774 4942 suavitatem
1801 4927 1818 4954 ,

215 4986 398 5041 quam
424 4974 780 5042 concupiscit,
813 4975 1063 5045 attingat.
1090 4975 1248 5030 Prius
1274 4978 1536 5030 servitute
1566 4978 1819 5048 deprimi-

218 5070 327 5118 tur
349 5101 366 5130 ,
398 5072 460 5118 ut
480 5063 602 5134 iure
630 5065 972 5134 postmodum
1002 5067 1067 5119 ad
1113 5067 1367 5136 perfecta:
1397 5066 1668 5121 libertatis
1694 5067 1820 5120 titu-

213 5151 318 5210 ιω
343 5154 694 5222 provehatur.
723 5153 942 5224 Septem
976 5167 1103 5209 vero
1136 5154 1292 5209 annis
1323 5155 1424 5210 sub
1461 5155 1821 5211 dealbztionis

213 5241 410 5315 gratia
451 5243 655 5306 servit,
705 5257 829 5296 cum
872 5253 1078 5314 septem
1127 5259 1190 5298 ea
1219 5257 1340 5314 quae
1368 5244 1435 5298 ad
1475 5245 1706 5314 proximi
1741 5244 1822 5298 di-

211 5333 522 5388 lectionem
547 5333 826 5401 portinent
867 5333 1114 5402 Decalogi
1157 5334 1413 5388 inundata
1453 5333 1708 5396 custodit,
1747 5332 1825 5386 vi-

211 5423 435 5482 delicet
483 5432 543 5477 ut
598 5424 776 5493 primo
841 5425 1031 5479 timore
1089 5425 1418 5484 constrictus
1477 5434 1642 5492 atque
1699 5422 1820 5477 ideo

211 5513 518 5569 servitutis
551 5512 683 5583 iugo
710 5513 996 5582 depressus
1037 5513 1228 5567 saltem
1258 5530 1286 5568 a
1318 5521 1549 5568 vetusta:
1577 5511 1712 5582 legis
1740 5512 1820 5564 in-

207 5604 403 5674 cipiat
448 5603 744 5668 institutis,
791 5611 851 5658 ut
878 5604 1131 5658 nimirum
1178 5615 1431 5673 parentes
1460 5607 1730 5668 honoret,
1763 5613 1824 5658 ut

215 5711 344 5753 non
391 5696 695 5751 ntwchetur
718 5733 734 5762 ,
767 5710 872 5750 non
906 5695 1138 5762 occidat,
1171 5714 1274 5751 non
1302 5696 1536 5762 furetur,
1566 5712 1674 5750 non
1724 5696 1824 5748 tal-

209 5803 358 5844 sum
389 5787 754 5842 testimonium
773 5784 1040 5857 proferat,
1070 5802 1176 5842 non
1201 5802 1424 5843 uxorem
1453 5787 1702 5851 alterius,
1725 5799 1823 5842 nec

1917 3328 2067 3400 prius
2097 3337 2318 3383 necesse
2354 3335 2439 3382 est
2469 3336 2527 3382 ut
2552 3327 2838 3398 utriusque
2869 3320 3203 3382 Testamenti
3249 3311 3518 3399 peragere
3589 3368 3592 3371 .

1917 3421 2170 3474 mandata
2215 3419 2528 3474 contendat.

2469 3507 2698 3566 CAPUT
2735 3507 2952 3566 XXVII.

2375 3601 2454 3658 De
2517 3603 2652 3656 Bala
2715 3612 2764 3657 et
2821 3600 3041 3674 Zelpha.

1990 3693 2095 3751 Sed
2125 3695 2252 3765 quia
2277 3695 2480 3750 electus
2508 3696 2769 3766 quisque,
2799 3693 3154 3764 perfectionis
3189 3709 3302 3748 sure
3337 3692 3507 3747 limite

1920 3802 2026 3841 non
2053 3793 2362 3851 contentus,
2388 3785 2528 3840 filios
2559 3786 2724 3842 etiam
2760 3785 2870 3840 Deo
2895 3786 3115 3855 gignere
3162 3786 3389 3854 speciali
3430 3785 3508 3839 fe-

1919 3878 2200 3933 cunditate
2227 3877 2520 3942 desiderat,
2569 3887 2853 3947 postquam
2897 3877 3182 3949 coniugale
3212 3874 3390 3932 foedus
3416 3875 3509 3932 Ja-

1921 3967 2024 4023 cob
2062 3977 2183 4021 cum
2212 3967 2423 4021 duabus
2453 3966 2733 4021 sororibus
2783 3967 2965 4031 inivit,
3000 3968 3067 4020 ad
3093 3967 3504 4038 propagandutn

1921 4055 2189 4111 uberioris
2221 4071 2441 4128 germen
2479 4056 2682 4111 sobolis
2723 4056 2950 4111 ancillas
2991 4072 3208 4130 quoque
3250 4058 3319 4112 ad
3340 4072 3503 4129 gene-

1923 4145 2078 4202 randi
2109 4163 2264 4202 usunt
2315 4148 2589 4216 suscipere
2626 4161 2732 4201 non
2782 4146 3018 4218 refugit;
3071 4154 3232 4217 atque
3261 4188 3276 4213 ,
3307 4156 3364 4200 ut
3389 4163 3506 4202 om-

1922 4239 2012 4294 nia
2047 4237 2424 4308 Spiritualibus
2467 4237 2840 4308 intelligantur
2870 4236 3172 4291 redundare
3199 4237 3505 4308 mysteriis,

1923 4325 2036 4400 ipsa
2064 4344 2280 4400 quoque
2326 4328 2646 4383 ancillarum
2683 4329 2899 4384 nomina
2940 4331 3042 4384 sub
3092 4330 3336 4402 ntys1icis
3381 4340 3510 4386 sunt

1918 4421 2275 4495 praenuntiata
2289 4420 2497 4492 figuris.
2517 4417 2649 4474 Nam
2666 4419 2787 4474 Bala
2803 4420 3508 4492 interpretaturinveterata;

1922 4526 2054 4571 sane
2096 4514 2222 4582 quia
2269 4511 2605 4566 intellectum
2653 4510 2954 4579 spiritualis
2998 4512 3317 4565 substantia:
3351 4512 3507 4566 nudis

1926 4606 2103 4663 verbis
2122 4606 2357 4658 humana
2396 4603 2573 4674 lingua
2600 4601 2788 4672 nequit
2816 4602 3152 4672 exprimere,
3184 4605 3510 4673 quandoque

1923 4696 2168 4751 doctrina
2206 4695 2488 4764 sapientia:
2519 4710 2616 4764 per
2637 4696 2900 4764 quasdam
2940 4705 3229 4763 corporeus
3259 4695 3508 4749 similitu-

1922 4785 2080 4840 dines
2111 4786 2418 4839 audientem
2451 4786 2644 4838 nititur
2672 4784 2987 4838 informare.
3025 4785 3098 4839 De
3132 4785 3296 4838 veteri
3327 4795 3506 4840 autem

1922 4878 2032 4931 vita
2061 4881 2117 4931 et
2140 4875 2450 4931 carnalibus
2479 4875 2728 4930 sensibus
2750 4875 2928 4931 dedita
2959 4891 3232 4946 corporea:
3269 4879 3510 4948 cogitan-

1924 4973 2011 5024 tur
2043 4970 2340 5040 imagines,
2381 4985 2610 5037 quarum
2648 4969 2896 5024 videlicet
2927 4970 2993 5024 ad
3034 4971 3331 5025 docendum
3377 4985 3510 5026 usus

1923 5061 2239 5126 assumitur,
2287 5076 2409 5115 cum
2432 5061 2635 5131 aliquid
2667 5075 2736 5116 ex
2773 5059 3311 5132 incomprehensibili
3343 5071 3399 5117 et
3426 5063 3511 5116 in-

1922 5154 2291 5211 connnutabili
2312 5157 2550 5212 essentia
2576 5157 2875 5212 divinitatis
2919 5157 3154 5212 auditur.
3183 5155 3383 5210 Rachel
3408 5156 3510 5210 ita-

1924 5262 2030 5316 que
2055 5247 2244 5301 malnit
2273 5257 2546 5318 utcunque
2572 5248 2711 5304 filios
2738 5263 2804 5302 ex
2831 5247 3024 5302 ancilla
3055 5245 3330 5316 suscipere
3347 5261 3507 5314 quam

1926 5337 2148 5391 omnino
2192 5337 2391 5393 sterilis
2421 5353 2758 5407 permanere,
2777 5338 2902 5407 quia
2931 5336 3176 5390 doctrina
3204 5335 3505 5404 sapientiaz,

1925 5426 2040 5481 sive
2071 5428 2242 5497 gratia
2283 5418 2791 5497 contemplationis,
2825 5441 2922 5497 per
2959 5424 3287 5480 exteriorem
3331 5423 3511 5476 scien-

1928 5517 2080 5577 tiam,
2109 5515 2189 5569 vel
2221 5515 2509 5570 visibilium
2543 5531 2721 5569 rerutn
2753 5514 2956 5569 formas
3001 5513 3341 5567 auditoribus
3373 5513 3505 5567 inti-

1930 5618 2039 5660 tuat
2061 5607 2323 5676 quidquid
2353 5607 2418 5662 de
2443 5605 2743 5661 visibilibus
2769 5605 2908 5660 intra
2939 5619 3138 5660 arcana
3163 5604 3418 5669 occultat;
3453 5615 3509 5661 et

1929 5697 2006 5752 sic
2041 5697 2436 5766 quodammodo
2461 5712 2557 5767 per
2583 5695 2832 5751 ancillam
2861 5696 3000 5752 filios
3022 5695 3242 5766 accipit,
3264 5696 3388 5750 dum
3413 5711 3508 5766 per

1929 5803 2072 5853 eam,
2107 5803 2226 5858 qum
2250 5789 2350 5842 sub
2378 5802 2436 5842 se
2462 5796 2565 5853 est,
2596 5787 2878 5843 scientiam
2903 5787 3214 5860 spiritualcs
3245 5785 3353 5843 Deo
3375 5787 3512 5842 [ilics
