  <div class='ocr_page' id='page_1' title='image "/cluster/home/n/w/nwhite01/storage/ocr_20150623/145/hvd.32044048207542/435.png"; bbox 0 0 4054 6184; ppageno 0'>
   <div class='ocr_carea' id='block_1_1' title="bbox 527 371 629 427">
    <p class='ocr_par' dir='ltr' id='par_1_1' title="bbox 527 371 629 427">
     <span class='ocr_line' id='line_1_1' title="bbox 527 371 629 427; baseline -0.02 -2"><span class='ocrx_word' id='word_1_1' title='bbox 527 371 629 427; x_wconf 71' lang='lat'><strong>855</strong></span> 
     </span>
    </p>
   </div>
   <div class='ocr_carea' id='block_1_2' title="bbox 526 572 2106 644">
    <p class='ocr_par' dir='ltr' id='par_1_2' title="bbox 526 572 2106 644">
     <span class='ocr_line' id='line_1_2' title="bbox 526 572 2106 644; baseline 0.001 -16"><span class='ocrx_word' id='word_1_2' title='bbox 526 573 719 628; x_wconf 88' lang='lat' dir='ltr'><strong>ancilla</strong></span> <span class='ocrx_word' id='word_1_3' title='bbox 751 576 869 629; x_wconf 88' lang='lat' dir='ltr'><strong>illos</strong></span> <span class='ocrx_word' id='word_1_4' title='bbox 890 572 1348 641; x_wconf 73' lang='lat' dir='ltr'><strong>ﬁguratquorum,</strong></span> <span class='ocrx_word' id='word_1_5' title='bbox 1379 574 1434 628; x_wconf 90' lang='lat' dir='ltr'><strong>in</strong></span> <span class='ocrx_word' id='word_1_6' title='bbox 1464 574 1848 644; x_wconf 64' lang='lat' dir='ltr'><strong>praedicatione</strong></span> <span class='ocrx_word' id='word_1_7' title='bbox 1873 588 2106 643; x_wconf 82' lang='lat' dir='ltr'><strong>evange-</strong></span> 
     </span>
    </p>
   </div>
   <div class='ocr_carea' id='block_1_3' title="bbox 527 665 2107 736">
    <p class='ocr_par' dir='ltr' id='par_1_3' title="bbox 527 665 2107 736">
     <span class='ocr_line' id='line_1_3' title="bbox 527 665 2107 736; baseline 0 -18"><span class='ocrx_word' id='word_1_8' title='bbox 527 666 643 721; x_wconf 77' lang='lat' dir='ltr'><strong>licae</strong></span> <span class='ocrx_word' id='word_1_9' title='bbox 675 667 820 732; x_wconf 88' lang='lat' dir='ltr'><strong>lidei,</strong></span> <span class='ocrx_word' id='word_1_10' title='bbox 846 682 906 720; x_wconf 93' lang='lat' dir='ltr'><strong>os</strong></span> <span class='ocrx_word' id='word_1_11' title='bbox 939 666 1157 736; x_wconf 81' lang='lat' dir='ltr'><strong>quidem</strong></span> <span class='ocrx_word' id='word_1_12' title='bbox 1191 665 1323 728; x_wconf 83' lang='lat' dir='ltr'><strong>biat,</strong></span> <span class='ocrx_word' id='word_1_13' title='bbox 1350 666 1443 720; x_wconf 89' lang='lat' dir='ltr'><strong>sed</strong></span> <span class='ocrx_word' id='word_1_14' title='bbox 1468 680 1565 720; x_wconf 91' lang='lat' dir='ltr'><strong>cor</strong></span> <span class='ocrx_word' id='word_1_15' title='bbox 1585 682 1693 720; x_wconf 91' lang='lat' dir='ltr'><strong>non</strong></span> <span class='ocrx_word' id='word_1_16' title='bbox 1726 665 1860 720; x_wconf 75' lang='lat' dir='ltr'><strong>biat.</strong></span> <span class='ocrx_word' id='word_1_17' title='bbox 1890 666 1968 721; x_wconf 90' lang='lat' dir='ltr'><strong>De</strong></span> <span class='ocrx_word' id='word_1_18' title='bbox 1987 665 2107 733; x_wconf 85' lang='lat' dir='ltr'><strong>qui-</strong></span> 
     </span>
    </p>
   </div>
   <div class='ocr_carea' id='block_1_4' title="bbox 527 754 2106 828">
    <p class='ocr_par' dir='ltr' id='par_1_4' title="bbox 527 754 2106 828">
     <span class='ocr_line' id='line_1_4' title="bbox 527 754 2106 828; baseline 0.001 -18"><span class='ocrx_word' id='word_1_19' title='bbox 527 758 627 810; x_wconf 84' lang='lat' dir='ltr'><strong>bus</strong></span> <span class='ocrx_word' id='word_1_20' title='bbox 656 758 905 812; x_wconf 88' lang='lat' dir='ltr'><strong>videlicet</strong></span> <span class='ocrx_word' id='word_1_21' title='bbox 932 759 1194 825; x_wconf 89' lang='lat' dir='ltr'><strong>scriptum</strong></span> <span class='ocrx_word' id='word_1_22' title='bbox 1225 768 1306 811; x_wconf 85' lang='lat' dir='ltr'><strong>est</strong></span> <span class='ocrx_word' id='word_1_23' title='bbox 1337 775 1349 810; x_wconf 93' lang='lat'><strong>:</strong></span> <span class='ocrx_word' id='word_1_24' title='bbox 1396 775 1420 812; x_wconf 79' lang='grc' dir='ltr'><strong>σ.</strong></span> <span class='ocrx_word' id='word_1_25' title='bbox 1448 757 1685 828; x_wconf 88' lang='lat' dir='ltr'><strong>Populus</strong></span> <span class='ocrx_word' id='word_1_26' title='bbox 1712 754 1800 813; x_wconf 83' lang='lat' dir='ltr'><strong>hic</strong></span> <span class='ocrx_word' id='word_1_27' title='bbox 1831 757 1989 812; x_wconf 48' lang='lat' dir='ltr'><strong>labiis</strong></span> <span class='ocrx_word' id='word_1_28' title='bbox 2019 771 2106 811; x_wconf 84' lang='lat' dir='ltr'><strong>me</strong></span> 
     </span>
    </p>
   </div>
   <div class='ocr_carea' id='block_1_5' title="bbox 528 845 2109 915">
    <p class='ocr_par' dir='ltr' id='par_1_5' title="bbox 528 845 2109 915">
     <span class='ocr_line' id='line_1_5' title="bbox 528 845 2109 915; baseline -0.001 -14"><span class='ocrx_word' id='word_1_29' title='bbox 528 850 775 909; x_wconf 81' lang='lat' dir='ltr'><strong>honorat,</strong></span> <span class='ocrx_word' id='word_1_30' title='bbox 807 863 902 902; x_wconf 89' lang='lat' dir='ltr'><strong>cor</strong></span> <span class='ocrx_word' id='word_1_31' title='bbox 926 857 1109 901; x_wconf 89' lang='lat' dir='ltr'><strong>autem</strong></span> <span class='ocrx_word' id='word_1_32' title='bbox 1152 862 1335 900; x_wconf 88' lang='lat' dir='ltr'><strong>eorum</strong></span> <span class='ocrx_word' id='word_1_33' title='bbox 1367 845 1523 915; x_wconf 81' lang='lat' dir='ltr'><strong>longe</strong></span> <span class='ocrx_word' id='word_1_34' title='bbox 1548 854 1632 901; x_wconf 81' lang='lat' dir='ltr'><strong>est</strong></span> <span class='ocrx_word' id='word_1_35' title='bbox 1670 862 1699 900; x_wconf 90' lang='lat' dir='ltr'><strong>a</strong></span> <span class='ocrx_word' id='word_1_36' title='bbox 1730 861 1848 912; x_wconf 83' lang='lat' dir='ltr'><strong>tne;</strong></span> <span class='ocrx_word' id='word_1_37' title='bbox 1895 866 1915 897; x_wconf 74' lang='grc' dir='ltr'><strong><em>ι</em></strong></span> <span class='ocrx_word' id='word_1_38' title='bbox 1965 846 2109 900; x_wconf 83' lang='lat' dir='ltr'><strong>etde</strong></span> 
     </span>
    </p>
   </div>
   <div class='ocr_carea' id='block_1_6' title="bbox 524 935 2112 1010">
    <p class='ocr_par' dir='ltr' id='par_1_6' title="bbox 524 935 2112 1010">
     <span class='ocr_line' id='line_1_6' title="bbox 524 935 2112 1010; baseline -0.001 -20"><span class='ocrx_word' id='word_1_39' title='bbox 524 940 725 1007; x_wconf 82' lang='lat' dir='ltr'><strong>quibus</strong></span> <span class='ocrx_word' id='word_1_40' title='bbox 748 939 1036 1010; x_wconf 79' lang='lat' dir='ltr'><strong>Apestolns</strong></span> <span class='ocrx_word' id='word_1_41' title='bbox 1062 956 1075 991; x_wconf 86' lang='lat'><strong>:</strong></span> <span class='ocrx_word' id='word_1_42' title='bbox 1108 957 1124 988; x_wconf 76' lang='grc' dir='ltr'>ι</span> <span class='ocrx_word' id='word_1_43' title='bbox 1145 937 1244 1006; x_wconf 86' lang='lat' dir='ltr'><strong>Qui</strong></span> <span class='ocrx_word' id='word_1_44' title='bbox 1269 937 1549 1006; x_wconf 76' lang='lat' dir='ltr'><strong>przedieas.</strong></span> <span class='ocrx_word' id='word_1_45' title='bbox 1578 938 1769 1009; x_wconf 74' lang='lat' dir='ltr'><strong>inquiz,</strong></span> <span class='ocrx_word' id='word_1_46' title='bbox 1795 952 1898 991; x_wconf 91' lang='lat' dir='ltr'><strong>non</strong></span> <span class='ocrx_word' id='word_1_47' title='bbox 1926 935 2112 990; x_wconf 87' lang='lat' dir='ltr'><strong>furan-</strong></span> 
     </span>
    </p>
   </div>
   <div class='ocr_carea' id='block_1_7' title="bbox 530 1027 2111 1092">
    <p class='ocr_par' dir='ltr' id='par_1_7' title="bbox 530 1027 2111 1092">
     <span class='ocr_line' id='line_1_7' title="bbox 530 1027 2111 1092; baseline -0.001 -11"><span class='ocrx_word' id='word_1_48' title='bbox 530 1032 678 1092; x_wconf 85' lang='lat' dir='ltr'><strong>dum,</strong></span> <span class='ocrx_word' id='word_1_49' title='bbox 710 1029 938 1083; x_wconf 86' lang='lat' dir='ltr'><strong>I‘uraris:</strong></span> <span class='ocrx_word' id='word_1_50' title='bbox 976 1048 994 1080; x_wconf 72' lang='grc' dir='ltr'><strong><em>ι</em></strong></span> <span class='ocrx_word' id='word_1_51' title='bbox 1032 1037 1402 1083; x_wconf 77' lang='lat' dir='ltr'><strong>verumtamen</strong></span> <span class='ocrx_word' id='word_1_52' title='bbox 1426 1042 1493 1081; x_wconf 73' lang='lat' dir='ltr'><strong>ex</strong></span> <span class='ocrx_word' id='word_1_53' title='bbox 1519 1027 1619 1084; x_wconf 74' lang='lat' dir='ltr'><strong>hac</strong></span> <span class='ocrx_word' id='word_1_54' title='bbox 1645 1027 1840 1081; x_wconf 76' lang='lat' dir='ltr'><strong>ancilla</strong></span> <span class='ocrx_word' id='word_1_55' title='bbox 1870 1028 2111 1081; x_wconf 70' lang='lat' dir='ltr'><strong>cohaere-</strong></span> 
     </span>
    </p>
   </div>
   <div class='ocr_carea' id='block_1_8' title="bbox 532 1116 2110 1188">
    <p class='ocr_par' dir='ltr' id='par_1_8' title="bbox 532 1116 2110 1188">
     <span class='ocr_line' id='line_1_8' title="bbox 532 1116 2110 1188; baseline -0.001 -19"><span class='ocrx_word' id='word_1_56' title='bbox 532 1121 626 1173; x_wconf 88' lang='lat' dir='ltr'><strong>dcs</strong></span> <span class='ocrx_word' id='word_1_57' title='bbox 658 1119 867 1174; x_wconf 88' lang='lat' dir='ltr'><strong>futuros</strong></span> <span class='ocrx_word' id='word_1_58' title='bbox 892 1119 1028 1175; x_wconf 89' lang='lat' dir='ltr'><strong>alios</strong></span> <span class='ocrx_word' id='word_1_59' title='bbox 1054 1118 1149 1172; x_wconf 90' lang='lat' dir='ltr'><strong>Lia</strong></span> <span class='ocrx_word' id='word_1_60' title='bbox 1174 1116 1313 1173; x_wconf 84' lang='lat' dir='ltr'><strong>ﬁlios</strong></span> <span class='ocrx_word' id='word_1_61' title='bbox 1338 1118 1567 1188; x_wconf 86' lang='lat' dir='ltr'><strong>accepit,</strong></span> <span class='ocrx_word' id='word_1_62' title='bbox 1600 1118 1726 1186; x_wconf 85' lang='lat' dir='ltr'><strong>quia</strong></span> <span class='ocrx_word' id='word_1_63' title='bbox 1753 1132 1894 1186; x_wconf 64' lang='lat' dir='ltr'><strong>stcpe</strong></span> <span class='ocrx_word' id='word_1_64' title='bbox 1918 1131 2013 1184; x_wconf 89' lang='lat' dir='ltr'><strong>per</strong></span> <span class='ocrx_word' id='word_1_65' title='bbox 2032 1125 2110 1168; x_wconf 88' lang='lat' dir='ltr'><strong>ta-</strong></span> 
     </span>
    </p>
   </div>
   <div class='ocr_carea' id='block_1_9' title="bbox 531 1207 2111 1281">
    <p class='ocr_par' dir='ltr' id='par_1_9' title="bbox 531 1207 2111 1281">
     <span class='ocr_line' id='line_1_9' title="bbox 531 1207 2111 1281; baseline -0.003 -18"><span class='ocrx_word' id='word_1_66' title='bbox 531 1210 609 1264; x_wconf 86' lang='lat' dir='ltr'><strong>les</strong></span> <span class='ocrx_word' id='word_1_67' title='bbox 640 1211 1020 1281; x_wconf 62' lang='lat' dir='ltr'><strong>praedicatores</strong></span> <span class='ocrx_word' id='word_1_68' title='bbox 1042 1210 1216 1264; x_wconf 88' lang='lat' dir='ltr'><strong>activa</strong></span> <span class='ocrx_word' id='word_1_69' title='bbox 1248 1210 1354 1262; x_wconf 87' lang='lat' dir='ltr'><strong>vita</strong></span> <span class='ocrx_word' id='word_1_70' title='bbox 1379 1208 1575 1263; x_wconf 90' lang='lat' dir='ltr'><strong>multos</strong></span> <span class='ocrx_word' id='word_1_71' title='bbox 1608 1208 1757 1278; x_wconf 80' lang='lat' dir='ltr'><strong>regni</strong></span> <span class='ocrx_word' id='word_1_72' title='bbox 1789 1207 1927 1260; x_wconf 86' lang='lat' dir='ltr'><strong>lilios</strong></span> <span class='ocrx_word' id='word_1_73' title='bbox 1953 1207 2111 1274; x_wconf 81' lang='lat' dir='ltr'><strong>adop-</strong></span> 
     </span>
    </p>
   </div>
   <div class='ocr_carea' id='block_1_10' title="bbox 536 1296 2110 1370">
    <p class='ocr_par' dir='ltr' id='par_1_10' title="bbox 536 1296 2110 1370">
     <span class='ocr_line' id='line_1_10' title="bbox 536 1296 2110 1370; baseline -0.004 -15"><span class='ocrx_word' id='word_1_74' title='bbox 536 1303 778 1356; x_wconf 88' lang='lat' dir='ltr'><strong>tavit.Dc</strong></span> <span class='ocrx_word' id='word_1_75' title='bbox 806 1302 1002 1370; x_wconf 85' lang='lat' dir='ltr'><strong>quibus</strong></span> <span class='ocrx_word' id='word_1_76' title='bbox 1030 1299 1245 1354; x_wconf 83' lang='lat' dir='ltr'><strong>Veritas</strong></span> <span class='ocrx_word' id='word_1_77' title='bbox 1274 1298 1404 1352; x_wconf 88' lang='lat' dir='ltr'><strong>dicit</strong></span> <span class='ocrx_word' id='word_1_78' title='bbox 1428 1316 1441 1351; x_wconf 87' lang='lat'><strong>:</strong></span> <span class='ocrx_word' id='word_1_79' title='bbox 1474 1316 1491 1348; x_wconf 76' lang='grc' dir='ltr'>ι</span> <span class='ocrx_word' id='word_1_80' title='bbox 1523 1298 1653 1363; x_wconf 69' lang='lat' dir='ltr'><strong>Qua:</strong></span> <span class='ocrx_word' id='word_1_81' title='bbox 1681 1297 1891 1361; x_wconf 89' lang='lat' dir='ltr'><strong>dicunt,</strong></span> <span class='ocrx_word' id='word_1_82' title='bbox 1919 1296 2110 1359; x_wconf 86' lang='lat' dir='ltr'><strong>facite;</strong></span> 
     </span>
    </p>
   </div>
   <div class='ocr_carea' id='block_1_11' title="bbox 533 1387 2111 1465">
    <p class='ocr_par' dir='ltr' id='par_1_11' title="bbox 533 1387 2111 1465">
     <span class='ocr_line' id='line_1_11' title="bbox 533 1387 2111 1465; baseline -0.004 -17"><span class='ocrx_word' id='word_1_83' title='bbox 533 1410 653 1463; x_wconf 69' lang='lat' dir='ltr'><strong>qua:</strong></span> <span class='ocrx_word' id='word_1_84' title='bbox 691 1404 871 1449; x_wconf 89' lang='lat' dir='ltr'><strong>autem</strong></span> <span class='ocrx_word' id='word_1_85' title='bbox 904 1392 1138 1465; x_wconf 87' lang='lat' dir='ltr'><strong>faciunt,</strong></span> <span class='ocrx_word' id='word_1_86' title='bbox 1169 1391 1349 1446; x_wconf 91' lang='lat' dir='ltr'><strong>facere</strong></span> <span class='ocrx_word' id='word_1_87' title='bbox 1396 1390 1562 1445; x_wconf 90' lang='lat' dir='ltr'><strong>nolite</strong></span> <span class='ocrx_word' id='word_1_88' title='bbox 1594 1406 1609 1454; x_wconf 90' lang='lat'><strong>;</strong></span> <span class='ocrx_word' id='word_1_89' title='bbox 1642 1409 1662 1442; x_wconf 82' lang='grc'><strong>›</strong></span> <span class='ocrx_word' id='word_1_90' title='bbox 1702 1399 1758 1445; x_wconf 90' lang='lat' dir='ltr'><strong>et</strong></span> <span class='ocrx_word' id='word_1_91' title='bbox 1783 1387 2111 1459; x_wconf 82' lang='lat' dir='ltr'><strong>Apostolus:</strong></span> 
     </span>
    </p>
   </div>
   <div class='ocr_carea' id='block_1_12' title="bbox 540 1479 2115 1553">
    <p class='ocr_par' dir='ltr' id='par_1_12' title="bbox 540 1479 2115 1553">
     <span class='ocr_line' id='line_1_12' title="bbox 540 1479 2115 1553; baseline -0.003 -15"><span class='ocrx_word' id='word_1_92' title='bbox 540 1504 559 1538; x_wconf 75' lang='grc' dir='ltr'>ι</span> <span class='ocrx_word' id='word_1_93' title='bbox 596 1484 745 1548; x_wconf 91' lang='lat' dir='ltr'><strong>Sive,</strong></span> <span class='ocrx_word' id='word_1_94' title='bbox 782 1486 994 1553; x_wconf 89' lang='lat' dir='ltr'><strong>inquit,</strong></span> <span class='ocrx_word' id='word_1_95' title='bbox 1025 1498 1091 1538; x_wconf 81' lang='lat' dir='ltr'><strong>ex</strong></span> <span class='ocrx_word' id='word_1_96' title='bbox 1132 1483 1438 1548; x_wconf 80' lang='lat' dir='ltr'><strong>occasione,</strong></span> <span class='ocrx_word' id='word_1_97' title='bbox 1464 1481 1580 1537; x_wconf 86' lang='lat' dir='ltr'><strong>sive</strong></span> <span class='ocrx_word' id='word_1_98' title='bbox 1615 1497 1681 1536; x_wconf 80' lang='lat' dir='ltr'><strong>ex</strong></span> <span class='ocrx_word' id='word_1_99' title='bbox 1703 1481 1933 1535; x_wconf 81' lang='lat' dir='ltr'><strong>veritate</strong></span> <span class='ocrx_word' id='word_1_100' title='bbox 1958 1479 2115 1535; x_wconf 88' lang='lat' dir='ltr'><strong>Chri—</strong></span> 
     </span>
    </p>
   </div>
   <div class='ocr_carea' id='block_1_13' title="bbox 534 1570 2115 1640">
    <p class='ocr_par' dir='ltr' id='par_1_13' title="bbox 534 1570 2115 1640">
     <span class='ocr_line' id='line_1_13' title="bbox 534 1570 2115 1640; baseline -0.005 -12"><span class='ocrx_word' id='word_1_101' title='bbox 534 1586 651 1631; x_wconf 89' lang='lat' dir='ltr'><strong>stus</strong></span> <span class='ocrx_word' id='word_1_102' title='bbox 702 1574 1076 1639; x_wconf 90' lang='lat' dir='ltr'><strong>annuntietur,</strong></span> <span class='ocrx_word' id='word_1_103' title='bbox 1104 1581 1158 1627; x_wconf 92' lang='lat' dir='ltr'><strong>et</strong></span> <span class='ocrx_word' id='word_1_104' title='bbox 1194 1573 1250 1626; x_wconf 93' lang='lat' dir='ltr'><strong>in</strong></span> <span class='ocrx_word' id='word_1_105' title='bbox 1298 1573 1402 1626; x_wconf 88' lang='lat' dir='ltr'><strong>hoc</strong></span> <span class='ocrx_word' id='word_1_106' title='bbox 1445 1571 1693 1640; x_wconf 87' lang='lat' dir='ltr'><strong>gaudeo,</strong></span> <span class='ocrx_word' id='word_1_107' title='bbox 1744 1570 1840 1625; x_wconf 88' lang='lat' dir='ltr'><strong>sed</strong></span> <span class='ocrx_word' id='word_1_108' title='bbox 1886 1576 1942 1624; x_wconf 91' lang='lat' dir='ltr'><strong>et</strong></span> <span class='ocrx_word' id='word_1_109' title='bbox 1982 1582 2115 1637; x_wconf 87' lang='lat' dir='ltr'><strong>gau-</strong></span> 
     </span>
    </p>
   </div>
   <div class='ocr_carea' id='block_1_14' title="bbox 536 1662 2120 1729">
    <p class='ocr_par' dir='ltr' id='par_1_14' title="bbox 536 1662 2120 1729">
     <span class='ocr_line' id='line_1_14' title="bbox 536 1662 2120 1729; baseline -0.002 -13"><span class='ocrx_word' id='word_1_110' title='bbox 536 1669 694 1721; x_wconf 88' lang='lat' dir='ltr'><strong>debo.</strong></span> <span class='ocrx_word' id='word_1_111' title='bbox 738 1685 756 1717; x_wconf 74' lang='grc'><strong>»</strong></span> <span class='ocrx_word' id='word_1_112' title='bbox 801 1665 915 1721; x_wconf 84' lang='lat' dir='ltr'><strong>Iloc</strong></span> <span class='ocrx_word' id='word_1_113' title='bbox 941 1674 1123 1720; x_wconf 90' lang='lat' dir='ltr'><strong>autem</strong></span> <span class='ocrx_word' id='word_1_114' title='bbox 1160 1665 1212 1718; x_wconf 92' lang='lat' dir='ltr'><strong>in</strong></span> <span class='ocrx_word' id='word_1_115' title='bbox 1256 1663 1340 1718; x_wconf 90' lang='lat' dir='ltr'><strong>his</strong></span> <span class='ocrx_word' id='word_1_116' title='bbox 1363 1662 1813 1719; x_wconf 89' lang='lat' dir='ltr'><strong>considerandum</strong></span> <span class='ocrx_word' id='word_1_117' title='bbox 1848 1675 1968 1715; x_wconf 85' lang='lat' dir='ltr'><strong>esse</strong></span> <span class='ocrx_word' id='word_1_118' title='bbox 2003 1674 2120 1729; x_wconf 61' lang='lat' dir='ltr'><strong>perc</strong></span> 
     </span>
    </p>
   </div>
   <div class='ocr_carea' id='block_1_15' title="bbox 537 1752 2116 1829">
    <p class='ocr_par' dir='ltr' id='par_1_15' title="bbox 537 1752 2116 1829">
     <span class='ocr_line' id='line_1_15' title="bbox 537 1752 2116 1829; baseline -0.004 -18"><span class='ocrx_word' id='word_1_119' title='bbox 537 1759 843 1829; x_wconf 87' lang='lat' dir='ltr'><strong>pendimus,</strong></span> <span class='ocrx_word' id='word_1_120' title='bbox 879 1758 1027 1828; x_wconf 87' lang='lat' dir='ltr'><strong>quia,</strong></span> <span class='ocrx_word' id='word_1_121' title='bbox 1052 1758 1193 1812; x_wconf 87' lang='lat' dir='ltr'><strong>sicut</strong></span> <span class='ocrx_word' id='word_1_122' title='bbox 1232 1754 1399 1811; x_wconf 83' lang='lat' dir='ltr'><strong>Jacob</strong></span> <span class='ocrx_word' id='word_1_123' title='bbox 1428 1756 1596 1811; x_wconf 89' lang='lat' dir='ltr'><strong>solius</strong></span> <span class='ocrx_word' id='word_1_124' title='bbox 1624 1753 1875 1809; x_wconf 81' lang='lat' dir='ltr'><strong>Raclielis</strong></span> <span class='ocrx_word' id='word_1_125' title='bbox 1921 1752 2116 1806; x_wconf 92' lang='lat' dir='ltr'><strong>intuitu</strong></span> 
     </span>
    </p>
   </div>
   <div class='ocr_carea' id='block_1_16' title="bbox 953 368 3320 445">
    <p class='ocr_par' dir='ltr' id='par_1_16' title="bbox 953 368 3320 445">
     <span class='ocr_line' id='line_1_16' title="bbox 953 368 3320 445; baseline 0 -19"><span class='ocrx_word' id='word_1_126' title='bbox 953 370 1011 426; x_wconf 89' lang='lat' dir='ltr'><strong>S.</strong></span> <span class='ocrx_word' id='word_1_127' title='bbox 1054 371 1256 426; x_wconf 78' lang='lat' dir='ltr'><strong>PETRI</strong></span> <span class='ocrx_word' id='word_1_128' title='bbox 1298 370 1577 425; x_wconf 76' lang='lat' dir='ltr'><strong>DAMIANI</strong></span> <span class='ocrx_word' id='word_1_129' title='bbox 1616 368 1767 427; x_wconf 88' lang='lat' dir='ltr'><strong>OPP.</strong></span> <span class='ocrx_word' id='word_1_130' title='bbox 1814 370 2050 429; x_wconf 81' lang='lat' dir='ltr'><strong>TOMUS</strong></span> <span class='ocrx_word' id='word_1_131' title='bbox 2087 370 2216 430; x_wconf 88' lang='lat' dir='ltr'><strong>SEU</strong></span> <span class='ocrx_word' id='word_1_132' title='bbox 2249 374 2429 432; x_wconf 77' lang='lat' dir='ltr'><strong>PARS</strong></span> <span class='ocrx_word' id='word_1_133' title='bbox 2467 374 2552 431; x_wconf 92' lang='lat' dir='ltr'><strong>III.</strong></span> <span class='ocrx_word' id='word_1_134' title='bbox 2584 405 2653 445; x_wconf 23' lang='grc' dir='ltr'><strong>-τ</strong></span> <span class='ocrx_word' id='word_1_135' title='bbox 2682 374 3045 432; x_wconf 78' lang='lat' dir='ltr'><strong>OPUSCULA</strong></span> <span class='ocrx_word' id='word_1_136' title='bbox 3090 373 3320 429; x_wconf 71' lang='lat' dir='ltr'><strong>VAllIA.</strong></span> 
     </span>
    </p>
   </div>
   <div class='ocr_carea' id='block_1_17' title="bbox 527 479 2181 554">
    <p class='ocr_par' dir='ltr' id='par_1_17' title="bbox 527 479 2181 554">
     <span class='ocr_line' id='line_1_17' title="bbox 527 479 2181 554; baseline 0.001 -19"><span class='ocrx_word' id='word_1_137' title='bbox 527 484 688 554; x_wconf 88' lang='lat' dir='ltr'><strong>parit.</strong></span> <span class='ocrx_word' id='word_1_138' title='bbox 712 479 913 550; x_wconf 80' lang='lat' dir='ltr'><strong>Zelpba</strong></span> <span class='ocrx_word' id='word_1_139' title='bbox 941 496 1071 538; x_wconf 88' lang='lat' dir='ltr'><strong>vero</strong></span> <span class='ocrx_word' id='word_1_140' title='bbox 1093 482 1483 550; x_wconf 85' lang='lat' dir='ltr'><strong>interpretatur</strong></span> <span class='ocrx_word' id='word_1_141' title='bbox 1508 497 1565 535; x_wconf 86' lang='lat' dir='ltr'><strong>os</strong></span> <span class='ocrx_word' id='word_1_142' title='bbox 1594 481 1767 536; x_wconf 76' lang='lat' dir='ltr'><strong>hians.</strong></span> <span class='ocrx_word' id='word_1_143' title='bbox 1789 480 1915 537; x_wconf 75' lang='lat' dir='ltr'><strong>Hzec</strong></span> <span class='ocrx_word' id='word_1_144' title='bbox 1939 481 2105 553; x_wconf 87' lang='lat' dir='ltr'><strong>igitur</strong></span> <span class='ocrx_word' id='word_1_145' title='bbox 2129 490 2181 549; x_wconf 75' lang='grc' dir='ltr'>Α</span> 
     </span>
    </p>
   </div>
   <div class='ocr_carea' id='block_1_18' title="bbox 3692 372 3823 429">
    <p class='ocr_par' dir='ltr' id='par_1_18' title="bbox 3692 372 3823 429">
     <span class='ocr_line' id='line_1_18' title="bbox 3692 372 3823 429; baseline 0 0"><span class='ocrx_word' id='word_1_146' title='bbox 3692 372 3823 429; x_wconf 69' lang='grc'><strong>’856</strong></span> 
     </span>
    </p>
   </div>
   <div class='ocr_carea' id='block_1_19' title="bbox 2769 485 3800 562">
    <p class='ocr_par' dir='ltr' id='par_1_19' title="bbox 2769 485 3800 562">
     <span class='ocr_line' id='line_1_19' title="bbox 2769 485 3800 562; baseline -0.005 -20"><span class='ocrx_word' id='word_1_147' title='bbox 2769 486 2996 542; x_wconf 83' lang='lat' dir='ltr'><strong>CAPUT</strong></span> <span class='ocrx_word' id='word_1_148' title='bbox 3026 485 3219 542; x_wconf 73' lang='lat' dir='ltr'><strong>xxrx.</strong></span> <span class='ocrx_word' id='word_1_149' title='bbox 3776 533 3800 562; x_wconf 39' lang='grc' dir='ltr'><strong>κ</strong></span> 
     </span>
    </p>
   </div>
   <div class='ocr_carea' id='block_1_20' title="bbox 2205 595 3799 676">
    <p class='ocr_par' dir='ltr' id='par_1_20' title="bbox 2205 595 3799 676">
     <span class='ocr_line' id='line_1_20' title="bbox 2205 595 3799 676; baseline 0.004 -27"><span class='ocrx_word' id='word_1_150' title='bbox 2205 597 2360 661; x_wconf 76' lang='lat' dir='ltr'><strong>Quod</strong></span> <span class='ocrx_word' id='word_1_151' title='bbox 2404 596 2559 651; x_wconf 90' lang='lat' dir='ltr'><strong>Onan</strong></span> <span class='ocrx_word' id='word_1_152' title='bbox 2598 596 2791 650; x_wconf 78' lang='lat' dir='ltr'><strong>invenit</strong></span> <span class='ocrx_word' id='word_1_153' title='bbox 2819 613 2986 676; x_wconf 49' lang='lat' dir='ltr'><strong>aqua}</strong></span> <span class='ocrx_word' id='word_1_154' title='bbox 3025 595 3226 676; x_wconf 70' lang='lat' dir='ltr'><strong>calidas</strong></span> <span class='ocrx_word' id='word_1_155' title='bbox 3264 597 3320 650; x_wconf 88' lang='lat' dir='ltr'><strong>in</strong></span> <span class='ocrx_word' id='word_1_156' title='bbox 3342 597 3799 676; x_wconf 60' lang='lat' dir='ltr'><strong>solitudine,dnut</strong></span> 
     </span>
    </p>
   </div>
   <div class='ocr_carea' id='block_1_21' title="bbox 2626 676 3375 735">
    <p class='ocr_par' dir='ltr' id='par_1_21' title="bbox 2626 676 3375 735">
     <span class='ocr_line' id='line_1_21' title="bbox 2626 676 3375 735; baseline 0 -16"><span class='ocrx_word' id='word_1_157' title='bbox 2626 676 2856 735; x_wconf 81' lang='lat' dir='ltr'><strong>pasceret</strong></span> <span class='ocrx_word' id='word_1_158' title='bbox 2882 683 3058 720; x_wconf 76' lang='lat' dir='ltr'><strong>asinos</strong></span> <span class='ocrx_word' id='word_1_159' title='bbox 3081 676 3249 735; x_wconf 81' lang='lat' dir='ltr'><strong>pams</strong></span> <span class='ocrx_word' id='word_1_160' title='bbox 3270 683 3375 720; x_wconf 74' lang='lat' dir='ltr'><strong>aut.</strong></span> 
     </span>
    </p>
   </div>
   <div class='ocr_carea' id='block_1_22' title="bbox 2276 754 3802 824">
    <p class='ocr_par' dir='ltr' id='par_1_22' title="bbox 2276 754 3802 824">
     <span class='ocr_line' id='line_1_22' title="bbox 2276 754 3802 824; baseline 0.001 -13"><span class='ocrx_word' id='word_1_161' title='bbox 2276 756 2379 811; x_wconf 88' lang='lat' dir='ltr'><strong>Iste</strong></span> <span class='ocrx_word' id='word_1_162' title='bbox 2416 764 2499 810; x_wconf 88' lang='lat' dir='ltr'><strong>est</strong></span> <span class='ocrx_word' id='word_1_163' title='bbox 2523 755 2675 810; x_wconf 86' lang='lat' dir='ltr'><strong>Oaan</strong></span> <span class='ocrx_word' id='word_1_164' title='bbox 2715 755 2806 824; x_wconf 89' lang='lat' dir='ltr'><strong>qui</strong></span> <span class='ocrx_word' id='word_1_165' title='bbox 2855 754 3059 808; x_wconf 87' lang='lat' dir='ltr'><strong>invenit</strong></span> <span class='ocrx_word' id='word_1_166' title='bbox 3098 770 3267 823; x_wconf 90' lang='lat' dir='ltr'><strong>aquas</strong></span> <span class='ocrx_word' id='word_1_167' title='bbox 3293 755 3495 811; x_wconf 89' lang='lat' dir='ltr'><strong>calidas</strong></span> <span class='ocrx_word' id='word_1_168' title='bbox 3525 756 3577 811; x_wconf 94' lang='lat' dir='ltr'><strong>in</strong></span> <span class='ocrx_word' id='word_1_169' title='bbox 3607 757 3802 813; x_wconf 86' lang='lat' dir='ltr'><strong>solitu—</strong></span> 
     </span>
    </p>
   </div>
   <div class='ocr_carea' id='block_1_23' title="bbox 2207 846 3800 917">
    <p class='ocr_par' dir='ltr' id='par_1_23' title="bbox 2207 846 3800 917">
     <span class='ocr_line' id='line_1_23' title="bbox 2207 846 3800 917; baseline 0.003 -15"><span class='ocrx_word' id='word_1_170' title='bbox 2207 847 2355 910; x_wconf 87' lang='lat' dir='ltr'><strong>dine,</strong></span> <span class='ocrx_word' id='word_1_171' title='bbox 2392 847 2519 901; x_wconf 88' lang='lat' dir='ltr'><strong>dum</strong></span> <span class='ocrx_word' id='word_1_172' title='bbox 2551 857 2801 917; x_wconf 87' lang='lat' dir='ltr'><strong>pasceret</strong></span> <span class='ocrx_word' id='word_1_173' title='bbox 2829 846 3011 901; x_wconf 88' lang='lat' dir='ltr'><strong>asinos</strong></span> <span class='ocrx_word' id='word_1_174' title='bbox 3046 846 3255 901; x_wconf 88' lang='lat' dir='ltr'><strong>Sebeon</strong></span> <span class='ocrx_word' id='word_1_175' title='bbox 3287 849 3488 917; x_wconf 88' lang='lat' dir='ltr'><strong>pastris</strong></span> <span class='ocrx_word' id='word_1_176' title='bbox 3543 850 3645 904; x_wconf 90' lang='lat' dir='ltr'><strong>sui.</strong></span> <span class='ocrx_word' id='word_1_177' title='bbox 3681 850 3800 907; x_wconf 79' lang='lat' dir='ltr'><strong>[Ioc</strong></span> 
     </span>
    </p>
   </div>
   <div class='ocr_carea' id='block_1_24' title="bbox 2208 936 3799 1009">
    <p class='ocr_par' dir='ltr' id='par_1_24' title="bbox 2208 936 3799 1009">
     <span class='ocr_line' id='line_1_24' title="bbox 2208 936 3799 1009; baseline 0.004 -19"><span class='ocrx_word' id='word_1_178' title='bbox 2208 937 2365 1007; x_wconf 70' lang='lat' dir='ltr'><strong>p’ane</strong></span> <span class='ocrx_word' id='word_1_179' title='bbox 2411 948 2671 1005; x_wconf 91' lang='lat' dir='ltr'><strong>quantum</strong></span> <span class='ocrx_word' id='word_1_180' title='bbox 2721 936 2788 991; x_wconf 91' lang='lat' dir='ltr'><strong>ad</strong></span> <span class='ocrx_word' id='word_1_181' title='bbox 2835 936 3072 990; x_wconf 87' lang='lat' dir='ltr'><strong>litteram</strong></span> <span class='ocrx_word' id='word_1_182' title='bbox 3101 938 3316 992; x_wconf 90' lang='lat' dir='ltr'><strong>videtur</strong></span> <span class='ocrx_word' id='word_1_183' title='bbox 3344 938 3613 994; x_wconf 86' lang='lat' dir='ltr'><strong>frivolum.</strong></span> <span class='ocrx_word' id='word_1_184' title='bbox 3656 939 3799 1009; x_wconf 83' lang='lat' dir='ltr'><strong>Quid</strong></span> 
     </span>
    </p>
   </div>
   <div class='ocr_carea' id='block_1_25' title="bbox 2209 1028 3799 1105">
    <p class='ocr_par' dir='ltr' id='par_1_25' title="bbox 2209 1028 3799 1105">
     <span class='ocr_line' id='line_1_25' title="bbox 2209 1028 3799 1105; baseline 0.004 -22"><span class='ocrx_word' id='word_1_185' title='bbox 2209 1030 2352 1083; x_wconf 88' lang='lat' dir='ltr'><strong>enim</strong></span> <span class='ocrx_word' id='word_1_186' title='bbox 2378 1028 2446 1083; x_wconf 89' lang='lat' dir='ltr'><strong>ad</strong></span> <span class='ocrx_word' id='word_1_187' title='bbox 2474 1044 2686 1083; x_wconf 86' lang='lat' dir='ltr'><strong>sacram</strong></span> <span class='ocrx_word' id='word_1_188' title='bbox 2719 1028 3056 1099; x_wconf 89' lang='lat' dir='ltr'><strong>Scripturam</strong></span> <span class='ocrx_word' id='word_1_189' title='bbox 3082 1032 3316 1099; x_wconf 89' lang='lat' dir='ltr'><strong>pertinet</strong></span> <span class='ocrx_word' id='word_1_190' title='bbox 3343 1043 3402 1086; x_wconf 91' lang='lat' dir='ltr'><strong>ut</strong></span> <span class='ocrx_word' id='word_1_191' title='bbox 3424 1033 3623 1088; x_wconf 82' lang='lat' dir='ltr'><strong>referat</strong></span> <span class='ocrx_word' id='word_1_192' title='bbox 3671 1034 3799 1105; x_wconf 80' lang='lat' dir='ltr'><strong>quia</strong></span> 
     </span>
    </p>
   </div>
   <div class='ocr_carea' id='block_1_26' title="bbox 2211 1120 3799 1190">
    <p class='ocr_par' dir='ltr' id='par_1_26' title="bbox 2211 1120 3799 1190">
     <span class='ocr_line' id='line_1_26' title="bbox 2211 1120 3799 1190; baseline 0.005 -18"><span class='ocrx_word' id='word_1_193' title='bbox 2211 1130 2396 1175; x_wconf 88' lang='lat' dir='ltr'><strong>custos</strong></span> <span class='ocrx_word' id='word_1_194' title='bbox 2425 1120 2702 1174; x_wconf 89' lang='lat' dir='ltr'><strong>asinorum</strong></span> <span class='ocrx_word' id='word_1_195' title='bbox 2744 1136 2915 1188; x_wconf 87' lang='lat' dir='ltr'><strong>aquas</strong></span> <span class='ocrx_word' id='word_1_196' title='bbox 2946 1122 3150 1190; x_wconf 88' lang='lat' dir='ltr'><strong>reperit</strong></span> <span class='ocrx_word' id='word_1_197' title='bbox 3196 1122 3249 1175; x_wconf 91' lang='lat' dir='ltr'><strong>in</strong></span> <span class='ocrx_word' id='word_1_198' title='bbox 3301 1122 3547 1178; x_wconf 83' lang='lat' dir='ltr'><strong>deserto?</strong></span> <span class='ocrx_word' id='word_1_199' title='bbox 3579 1123 3683 1180; x_wconf 88' lang='lat' dir='ltr'><strong>Sed</strong></span> <span class='ocrx_word' id='word_1_200' title='bbox 3707 1124 3799 1180; x_wconf 81' lang='lat' dir='ltr'><strong>ubi</strong></span> 
     </span>
    </p>
   </div>
   <div class='ocr_carea' id='block_1_27' title="bbox 2214 1211 3800 1287">
    <p class='ocr_par' dir='ltr' id='par_1_27' title="bbox 2214 1211 3800 1287">
     <span class='ocr_line' id='line_1_27' title="bbox 2214 1211 3800 1287; baseline 0.004 -22"><span class='ocrx_word' id='word_1_201' title='bbox 2214 1211 2266 1265; x_wconf 89' lang='lat' dir='ltr'><strong>in</strong></span> <span class='ocrx_word' id='word_1_202' title='bbox 2294 1212 2467 1266; x_wconf 88' lang='lat' dir='ltr'><strong>sacris</strong></span> <span class='ocrx_word' id='word_1_203' title='bbox 2495 1212 2690 1267; x_wconf 88' lang='lat' dir='ltr'><strong>litteris</strong></span> <span class='ocrx_word' id='word_1_204' title='bbox 2729 1212 2873 1267; x_wconf 90' lang='lat' dir='ltr'><strong>nulla</strong></span> <span class='ocrx_word' id='word_1_205' title='bbox 2904 1213 3121 1268; x_wconf 90' lang='lat' dir='ltr'><strong>videtur</strong></span> <span class='ocrx_word' id='word_1_206' title='bbox 3166 1214 3393 1279; x_wconf 87' lang='lat' dir='ltr'><strong>utilitas,</strong></span> <span class='ocrx_word' id='word_1_207' title='bbox 3430 1217 3496 1269; x_wconf 90' lang='lat' dir='ltr'><strong>ad</strong></span> <span class='ocrx_word' id='word_1_208' title='bbox 3547 1217 3800 1287; x_wconf 82' lang='lat' dir='ltr'><strong>spiritua-</strong></span> 
     </span>
    </p>
   </div>
   <div class='ocr_carea' id='block_1_28' title="bbox 2213 1299 3798 1370">
    <p class='ocr_par' dir='ltr' id='par_1_28' title="bbox 2213 1299 3798 1370">
     <span class='ocr_line' id='line_1_28' title="bbox 2213 1299 3798 1370; baseline 0.004 -16"><span class='ocrx_word' id='word_1_209' title='bbox 2213 1299 2322 1354; x_wconf 89' lang='lat' dir='ltr'><strong>lem</strong></span> <span class='ocrx_word' id='word_1_210' title='bbox 2374 1302 2786 1370; x_wconf 83' lang='lat' dir='ltr'><strong>intelligentiam</strong></span> <span class='ocrx_word' id='word_1_211' title='bbox 2839 1317 3064 1358; x_wconf 90' lang='lat' dir='ltr'><strong>necesse</strong></span> <span class='ocrx_word' id='word_1_212' title='bbox 3096 1312 3183 1357; x_wconf 88' lang='lat' dir='ltr'><strong>est</strong></span> <span class='ocrx_word' id='word_1_213' title='bbox 3230 1312 3289 1356; x_wconf 92' lang='lat' dir='ltr'><strong>ut</strong></span> <span class='ocrx_word' id='word_1_214' title='bbox 3332 1319 3487 1358; x_wconf 92' lang='lat' dir='ltr'><strong>meus</strong></span> <span class='ocrx_word' id='word_1_215' title='bbox 3532 1313 3798 1360; x_wconf 84' lang='lat' dir='ltr'><strong>recurrat.</strong></span> 
     </span>
    </p>
   </div>
   <div class='ocr_carea' id='block_1_29' title="bbox 2215 1387 3804 1461">
    <p class='ocr_par' dir='ltr' id='par_1_29' title="bbox 2215 1387 3804 1461">
     <span class='ocr_line' id='line_1_29' title="bbox 2215 1387 3804 1461; baseline 0.006 -21"><span class='ocrx_word' id='word_1_216' title='bbox 2215 1387 2353 1455; x_wconf 86' lang='lat' dir='ltr'><strong>Quid</strong></span> <span class='ocrx_word' id='word_1_217' title='bbox 2407 1398 2492 1445; x_wconf 89' lang='lat' dir='ltr'><strong>est</strong></span> <span class='ocrx_word' id='word_1_218' title='bbox 2543 1390 2688 1445; x_wconf 87' lang='lat' dir='ltr'><strong>enim</strong></span> <span class='ocrx_word' id='word_1_219' title='bbox 2738 1406 2835 1461; x_wconf 89' lang='lat' dir='ltr'><strong>per</strong></span> <span class='ocrx_word' id='word_1_220' title='bbox 2884 1389 3132 1461; x_wconf 81' lang='lat' dir='ltr'><strong>ﬁguram,</strong></span> <span class='ocrx_word' id='word_1_221' title='bbox 3194 1390 3347 1446; x_wconf 89' lang='lat' dir='ltr'><strong>Onan</strong></span> <span class='ocrx_word' id='word_1_222' title='bbox 3402 1392 3456 1445; x_wconf 92' lang='lat' dir='ltr'><strong>in</strong></span> <span class='ocrx_word' id='word_1_223' title='bbox 3510 1392 3804 1450; x_wconf 85' lang='lat' dir='ltr'><strong>solitudine</strong></span> 
     </span>
    </p>
   </div>
   <div class='ocr_carea' id='block_1_30' title="bbox 2216 1479 3804 1555">
    <p class='ocr_par' dir='ltr' id='par_1_30' title="bbox 2216 1479 3804 1555">
     <span class='ocr_line' id='line_1_30' title="bbox 2216 1479 3804 1555; baseline 0.004 -22"><span class='ocrx_word' id='word_1_224' title='bbox 2216 1480 2387 1550; x_wconf 88' lang='lat' dir='ltr'><strong>patris</strong></span> <span class='ocrx_word' id='word_1_225' title='bbox 2434 1479 2618 1535; x_wconf 87' lang='lat' dir='ltr'><strong>asinos</strong></span> <span class='ocrx_word' id='word_1_226' title='bbox 2667 1495 2915 1550; x_wconf 90' lang='lat' dir='ltr'><strong>pascere,</strong></span> <span class='ocrx_word' id='word_1_227' title='bbox 2963 1481 3064 1536; x_wconf 90' lang='lat' dir='ltr'><strong>nisi</strong></span> <span class='ocrx_word' id='word_1_228' title='bbox 3117 1482 3454 1553; x_wconf 88' lang='lat' dir='ltr'><strong>spiritualem</strong></span> <span class='ocrx_word' id='word_1_229' title='bbox 3498 1485 3804 1555; x_wconf 89' lang='lat' dir='ltr'><strong>quempiam</strong></span> 
     </span>
    </p>
   </div>
   <div class='ocr_carea' id='block_1_31' title="bbox 2216 1571 3808 1645">
    <p class='ocr_par' dir='ltr' id='par_1_31' title="bbox 2216 1571 3808 1645">
     <span class='ocr_line' id='line_1_31' title="bbox 2216 1571 3808 1645; baseline 0.004 -20"><span class='ocrx_word' id='word_1_230' title='bbox 2216 1571 2394 1625; x_wconf 91' lang='lat' dir='ltr'><strong>virum</strong></span> <span class='ocrx_word' id='word_1_231' title='bbox 2430 1611 2446 1636; x_wconf 93' lang='lat'><strong>,</strong></span> <span class='ocrx_word' id='word_1_232' title='bbox 2508 1573 2595 1626; x_wconf 91' lang='lat' dir='ltr'><strong>cui</strong></span> <span class='ocrx_word' id='word_1_233' title='bbox 2648 1573 2793 1628; x_wconf 91' lang='lat' dir='ltr'><strong>Deus</strong></span> <span class='ocrx_word' id='word_1_234' title='bbox 2844 1572 3006 1628; x_wconf 87' lang='lat' dir='ltr'><strong>Pater</strong></span> <span class='ocrx_word' id='word_1_235' title='bbox 3069 1583 3199 1640; x_wconf 91' lang='lat' dir='ltr'><strong>est,</strong></span> <span class='ocrx_word' id='word_1_236' title='bbox 3262 1574 3535 1645; x_wconf 86' lang='lat' dir='ltr'><strong>simplices</strong></span> <span class='ocrx_word' id='word_1_237' title='bbox 3605 1575 3808 1632; x_wconf 83' lang='lat' dir='ltr'><strong>fratres</strong></span> 
     </span>
    </p>
   </div>
   <div class='ocr_carea' id='block_1_32' title="bbox 2219 1660 3807 1736">
    <p class='ocr_par' dir='ltr' id='par_1_32' title="bbox 2219 1660 3807 1736">
     <span class='ocr_line' id='line_1_32' title="bbox 2219 1660 3807 1736; baseline 0.004 -21"><span class='ocrx_word' id='word_1_238' title='bbox 2219 1660 2320 1715; x_wconf 86' lang='lat' dir='ltr'><strong>sub</strong></span> <span class='ocrx_word' id='word_1_239' title='bbox 2347 1660 2646 1731; x_wconf 68' lang='lat' dir='ltr'><strong>disciplinae</strong></span> <span class='ocrx_word' id='word_1_240' title='bbox 2688 1663 2997 1719; x_wconf 85' lang='lat' dir='ltr'><strong>remotioris</strong></span> <span class='ocrx_word' id='word_1_241' title='bbox 3022 1665 3202 1720; x_wconf 88' lang='lat' dir='ltr'><strong>studio</strong></span> <span class='ocrx_word' id='word_1_242' title='bbox 3245 1666 3552 1721; x_wconf 77' lang='lat' dir='ltr'><strong>custodire?</strong></span> <span class='ocrx_word' id='word_1_243' title='bbox 3584 1666 3651 1720; x_wconf 87' lang='lat' dir='ltr'><strong>Et</strong></span> <span class='ocrx_word' id='word_1_244' title='bbox 3677 1667 3807 1736; x_wconf 89' lang='lat' dir='ltr'><strong>quid</strong></span> 
     </span>
    </p>
   </div>
   <div class='ocr_carea' id='block_1_33' title="bbox 2218 1752 3809 1826">
    <p class='ocr_par' dir='ltr' id='par_1_33' title="bbox 2218 1752 3809 1826">
     <span class='ocr_line' id='line_1_33' title="bbox 2218 1752 3809 1826; baseline 0.003 -19"><span class='ocrx_word' id='word_1_245' title='bbox 2218 1752 2382 1824; x_wconf 81' lang='lat'><strong>905</strong></span> <span class='ocrx_word' id='word_1_246' title='bbox 2404 1764 2490 1808; x_wconf 86' lang='lat' dir='ltr'><strong>est</strong></span> <span class='ocrx_word' id='word_1_247' title='bbox 2516 1770 2684 1823; x_wconf 85' lang='lat' dir='ltr'><strong>aquas</strong></span> <span class='ocrx_word' id='word_1_248' title='bbox 2704 1754 2908 1809; x_wconf 82' lang='lat' dir='ltr'><strong>calidas</strong></span> <span class='ocrx_word' id='word_1_249' title='bbox 2930 1755 3194 1820; x_wconf 86' lang='lat' dir='ltr'><strong>invenire,</strong></span> <span class='ocrx_word' id='word_1_250' title='bbox 3224 1756 3327 1811; x_wconf 88' lang='lat' dir='ltr'><strong>nisi</strong></span> <span class='ocrx_word' id='word_1_251' title='bbox 3357 1757 3409 1810; x_wconf 94' lang='lat' dir='ltr'><strong>in</strong></span> <span class='ocrx_word' id='word_1_252' title='bbox 3440 1758 3809 1826; x_wconf 85' lang='lat' dir='ltr'><strong>compunctio-</strong></span> 
     </span>
    </p>
   </div>
   <div class='ocr_carea' id='block_1_34' title="bbox 537 1844 3809 1930">
    <p class='ocr_par' dir='ltr' id='par_1_34' title="bbox 537 1844 3809 1930">
     <span class='ocr_line' id='line_1_34' title="bbox 537 1844 3809 1930; baseline -0 -29"><span class='ocrx_word' id='word_1_253' title='bbox 537 1865 727 1903; x_wconf 76' lang='lat' dir='ltr'><strong>rutiues</strong></span> <span class='ocrx_word' id='word_1_254' title='bbox 754 1850 870 1904; x_wconf 88' lang='lat' dir='ltr'><strong>illas</strong></span> <span class='ocrx_word' id='word_1_255' title='bbox 902 1850 1154 1904; x_wconf 89' lang='lat' dir='ltr'><strong>mulieres</strong></span> <span class='ocrx_word' id='word_1_256' title='bbox 1182 1848 1391 1918; x_wconf 88' lang='lat' dir='ltr'><strong>accepit</strong></span> <span class='ocrx_word' id='word_1_257' title='bbox 1423 1865 1487 1903; x_wconf 75' lang='lat' dir='ltr'><strong>ex</strong></span> <span class='ocrx_word' id='word_1_258' title='bbox 1515 1847 1708 1916; x_wconf 85' lang='lat' dir='ltr'><strong>quibus</strong></span> <span class='ocrx_word' id='word_1_259' title='bbox 1738 1844 1876 1899; x_wconf 78' lang='lat' dir='ltr'><strong>filios</strong></span> <span class='ocrx_word' id='word_1_260' title='bbox 1900 1844 2117 1915; x_wconf 87' lang='lat' dir='ltr'><strong>genuit,</strong></span> <span class='ocrx_word' id='word_1_261' title='bbox 2153 1872 2196 1930; x_wconf 75' lang='grc' dir='ltr'><strong>Β</strong></span> <span class='ocrx_word' id='word_1_262' title='bbox 2225 1846 2306 1901; x_wconf 87' lang='lat' dir='ltr'><strong>nis</strong></span> <span class='ocrx_word' id='word_1_263' title='bbox 2334 1846 2620 1916; x_wconf 86' lang='lat' dir='ltr'><strong>lacrymas,</strong></span> <span class='ocrx_word' id='word_1_264' title='bbox 2643 1862 2763 1916; x_wconf 69' lang='lat' dir='ltr'><strong>quae</strong></span> <span class='ocrx_word' id='word_1_265' title='bbox 2792 1847 2858 1901; x_wconf 91' lang='lat' dir='ltr'><strong>de</strong></span> <span class='ocrx_word' id='word_1_266' title='bbox 2888 1847 3101 1903; x_wconf 79' lang='lat' dir='ltr'><strong>fervore</strong></span> <span class='ocrx_word' id='word_1_267' title='bbox 3123 1847 3297 1902; x_wconf 90' lang='lat' dir='ltr'><strong>sancti</strong></span> <span class='ocrx_word' id='word_1_268' title='bbox 3318 1846 3555 1915; x_wconf 88' lang='lat' dir='ltr'><strong>Spiritus</strong></span> <span class='ocrx_word' id='word_1_269' title='bbox 3576 1847 3809 1901; x_wconf 89' lang='lat' dir='ltr'><strong>eliciun-</strong></span> 
     </span>
    </p>
   </div>
   <div class='ocr_carea' id='block_1_35' title="bbox 540 1934 2122 2011">
    <p class='ocr_par' dir='ltr' id='par_1_35' title="bbox 540 1934 2122 2011">
     <span class='ocr_line' id='line_1_35' title="bbox 540 1934 2122 2011; baseline -0.005 -18"><span class='ocrx_word' id='word_1_270' title='bbox 540 1942 618 1995; x_wconf 77' lang='lat' dir='ltr'><strong>sic</strong></span> <span class='ocrx_word' id='word_1_271' title='bbox 634 1942 901 2011; x_wconf 86' lang='lat' dir='ltr'><strong>quisquis,</strong></span> <span class='ocrx_word' id='word_1_272' title='bbox 920 1941 1019 1995; x_wconf 90' lang='lat' dir='ltr'><strong>sub</strong></span> <span class='ocrx_word' id='word_1_273' title='bbox 1039 1938 1395 1993; x_wconf 85' lang='lat' dir='ltr'><strong>dealbationis</strong></span> <span class='ocrx_word' id='word_1_274' title='bbox 1408 1936 1579 2007; x_wconf 90' lang='lat' dir='ltr'><strong>gratia</strong></span> <span class='ocrx_word' id='word_1_275' title='bbox 1593 1934 1758 2007; x_wconf 62' lang='lat'><strong>905</strong></span> <span class='ocrx_word' id='word_1_276' title='bbox 1772 1934 2122 1996; x_wconf 89' lang='lat' dir='ltr'><strong>constitutus,</strong></span> 
     </span>
    </p>
   </div>
   <div class='ocr_carea' id='block_1_36' title="bbox 541 2026 2128 2101">
    <p class='ocr_par' dir='ltr' id='par_1_36' title="bbox 541 2026 2128 2101">
     <span class='ocr_line' id='line_1_36' title="bbox 541 2026 2128 2101; baseline -0.005 -16"><span class='ocrx_word' id='word_1_277' title='bbox 541 2034 865 2088; x_wconf 78' lang='lat' dir='ltr'><strong>fructiﬁcare</strong></span> <span class='ocrx_word' id='word_1_278' title='bbox 897 2033 1007 2087; x_wconf 90' lang='lat' dir='ltr'><strong>Deo</strong></span> <span class='ocrx_word' id='word_1_279' title='bbox 1031 2031 1295 2101; x_wconf 89' lang='lat' dir='ltr'><strong>spirituali</strong></span> <span class='ocrx_word' id='word_1_280' title='bbox 1324 2029 1654 2085; x_wconf 83' lang='lat' dir='ltr'><strong>fecunditate</strong></span> <span class='ocrx_word' id='word_1_281' title='bbox 1679 2026 1949 2082; x_wconf 86' lang='lat' dir='ltr'><strong>desiderat</strong></span> <span class='ocrx_word' id='word_1_282' title='bbox 1975 2064 1990 2086; x_wconf 94' lang='lat'><strong>,</strong></span> <span class='ocrx_word' id='word_1_283' title='bbox 2034 2039 2128 2078; x_wconf 85' lang='lat' dir='ltr'><strong>ne-</strong></span> 
     </span>
    </p>
   </div>
   <div class='ocr_carea' id='block_1_37' title="bbox 539 2114 2126 2194">
    <p class='ocr_par' dir='ltr' id='par_1_37' title="bbox 539 2114 2126 2194">
     <span class='ocr_line' id='line_1_37' title="bbox 539 2114 2126 2194; baseline -0.006 -16"><span class='ocrx_word' id='word_1_284' title='bbox 539 2140 693 2179; x_wconf 82' lang='lat' dir='ltr'><strong>cesse</strong></span> <span class='ocrx_word' id='word_1_285' title='bbox 716 2132 800 2179; x_wconf 84' lang='lat' dir='ltr'><strong>est</strong></span> <span class='ocrx_word' id='word_1_286' title='bbox 828 2133 885 2178; x_wconf 92' lang='lat' dir='ltr'><strong>ut</strong></span> <span class='ocrx_word' id='word_1_287' title='bbox 908 2139 1004 2194; x_wconf 86' lang='lat' dir='ltr'><strong>per</strong></span> <span class='ocrx_word' id='word_1_288' title='bbox 1036 2137 1196 2178; x_wconf 91' lang='lat' dir='ltr'><strong>omne</strong></span> <span class='ocrx_word' id='word_1_289' title='bbox 1226 2121 1368 2192; x_wconf 91' lang='lat' dir='ltr'><strong>quod</strong></span> <span class='ocrx_word' id='word_1_290' title='bbox 1398 2121 1510 2192; x_wconf 82' lang='lat' dir='ltr'><strong>agit</strong></span> <span class='ocrx_word' id='word_1_291' title='bbox 1546 2120 1612 2174; x_wconf 89' lang='lat' dir='ltr'><strong>ad</strong></span> <span class='ocrx_word' id='word_1_292' title='bbox 1658 2114 2126 2186; x_wconf 88' lang='lat' dir='ltr'><strong>contemplationis</strong></span> 
     </span>
    </p>
   </div>
   <div class='ocr_carea' id='block_1_38' title="bbox 541 2214 1251 2288">
    <p class='ocr_par' dir='ltr' id='par_1_38' title="bbox 541 2214 1251 2288">
     <span class='ocr_line' id='line_1_38' title="bbox 541 2214 1251 2288; baseline -0.004 -18"><span class='ocrx_word' id='word_1_293' title='bbox 541 2217 772 2288; x_wconf 82' lang='lat' dir='ltr'><strong>gratiam</strong></span> <span class='ocrx_word' id='word_1_294' title='bbox 803 2230 1020 2284; x_wconf 86' lang='lat' dir='ltr'><strong>semper</strong></span> <span class='ocrx_word' id='word_1_295' title='bbox 1045 2214 1251 2269; x_wconf 82' lang='lat' dir='ltr'><strong>tendat.</strong></span> 
     </span>
    </p>
   </div>
   <div class='ocr_carea' id='block_1_39' title="bbox 1082 2300 1585 2360">
    <p class='ocr_par' dir='ltr' id='par_1_39' title="bbox 1082 2300 1585 2360">
     <span class='ocr_line' id='line_1_39' title="bbox 1082 2300 1585 2360; baseline -0.01 0"><span class='ocrx_word' id='word_1_296' title='bbox 1082 2302 1311 2360; x_wconf 81' lang='lat' dir='ltr'><strong>CAPUT</strong></span> <span class='ocrx_word' id='word_1_297' title='bbox 1354 2300 1585 2357; x_wconf 83' lang='lat' dir='ltr'><strong>XXVIII.</strong></span> 
     </span>
    </p>
   </div>
   <div class='ocr_carea' id='block_1_40' title="bbox 654 2385 2017 2462">
    <p class='ocr_par' dir='ltr' id='par_1_40' title="bbox 654 2385 2017 2462">
     <span class='ocr_line' id='line_1_40' title="bbox 654 2385 2017 2462; baseline -0.008 -12"><span class='ocrx_word' id='word_1_298' title='bbox 654 2396 807 2462; x_wconf 78' lang='lat' dir='ltr'><strong>Quod</strong></span> <span class='ocrx_word' id='word_1_299' title='bbox 838 2395 1033 2449; x_wconf 76' lang='lat' dir='ltr'><strong>llarltel</strong></span> <span class='ocrx_word' id='word_1_300' title='bbox 1057 2411 1241 2448; x_wconf 74' lang='lat' dir='ltr'><strong>nomen</strong></span> <span class='ocrx_word' id='word_1_301' title='bbox 1266 2392 1366 2462; x_wconf 75' lang='lat' dir='ltr'><strong>lilii</strong></span> <span class='ocrx_word' id='word_1_302' title='bbox 1393 2392 1475 2445; x_wconf 79' lang='lat' dir='ltr'><strong>sui</strong></span> <span class='ocrx_word' id='word_1_303' title='bbox 1497 2388 1775 2459; x_wconf 77' lang='lat' dir='ltr'><strong>Bcnjamin</strong></span> <span class='ocrx_word' id='word_1_304' title='bbox 1802 2385 2017 2441; x_wconf 79' lang='lat' dir='ltr'><strong>vocavit.</strong></span> 
     </span>
    </p>
   </div>
   <div class='ocr_carea' id='block_1_41' title="bbox 613 2478 2130 2559">
    <p class='ocr_par' dir='ltr' id='par_1_41' title="bbox 613 2478 2130 2559">
     <span class='ocr_line' id='line_1_41' title="bbox 613 2478 2130 2559; baseline -0.009 -17"><span class='ocrx_word' id='word_1_305' title='bbox 613 2487 935 2559; x_wconf 84' lang='lat' dir='ltr'><strong>Egrediente</strong></span> <span class='ocrx_word' id='word_1_306' title='bbox 956 2486 1159 2550; x_wconf 89' lang='lat' dir='ltr'><strong>anima,</strong></span> <span class='ocrx_word' id='word_1_307' title='bbox 1179 2483 1378 2540; x_wconf 72' lang='lat' dir='ltr'><strong>Rachel</strong></span> <span class='ocrx_word' id='word_1_308' title='bbox 1393 2499 1501 2553; x_wconf 78' lang='lat' dir='ltr'><strong>pra:</strong></span> <span class='ocrx_word' id='word_1_309' title='bbox 1521 2478 1798 2547; x_wconf 50' lang='lat' dir='ltr'><strong>dolori-{et</strong></span> <span class='ocrx_word' id='word_1_310' title='bbox 1816 2478 2130 2532; x_wconf 87' lang='lat' dir='ltr'><strong>imminente</strong></span> 
     </span>
    </p>
   </div>
   <div class='ocr_carea' id='block_1_42' title="bbox 539 2568 2129 2649">
    <p class='ocr_par' dir='ltr' id='par_1_42' title="bbox 539 2568 2129 2649">
     <span class='ocr_line' id='line_1_42' title="bbox 539 2568 2129 2649; baseline -0.008 -18"><span class='ocrx_word' id='word_1_311' title='bbox 539 2580 650 2649; x_wconf 80' lang='lat' dir='ltr'><strong>jam</strong></span> <span class='ocrx_word' id='word_1_312' title='bbox 700 2589 897 2643; x_wconf 89' lang='lat' dir='ltr'><strong>morte,</strong></span> <span class='ocrx_word' id='word_1_313' title='bbox 927 2576 1138 2631; x_wconf 89' lang='lat' dir='ltr'><strong>vocavit</strong></span> <span class='ocrx_word' id='word_1_314' title='bbox 1181 2590 1376 2630; x_wconf 89' lang='lat' dir='ltr'><strong>nomen</strong></span> <span class='ocrx_word' id='word_1_315' title='bbox 1427 2572 1523 2626; x_wconf 84' lang='lat' dir='ltr'><strong>tibi</strong></span> <span class='ocrx_word' id='word_1_316' title='bbox 1552 2571 1635 2627; x_wconf 92' lang='lat' dir='ltr'><strong>sui</strong></span> <span class='ocrx_word' id='word_1_317' title='bbox 1684 2570 1907 2633; x_wconf 83' lang='lat' dir='ltr'><strong>Beuoni,</strong></span> <span class='ocrx_word' id='word_1_318' title='bbox 1937 2568 1988 2621; x_wconf 93' lang='lat' dir='ltr'><strong>id</strong></span> <span class='ocrx_word' id='word_1_319' title='bbox 2023 2571 2129 2628; x_wconf 91' lang='lat' dir='ltr'><strong>est,</strong></span> 
     </span>
    </p>
   </div>
   <div class='ocr_carea' id='block_1_43' title="bbox 544 2660 2130 2741">
    <p class='ocr_par' dir='ltr' id='par_1_43' title="bbox 544 2660 2130 2741">
     <span class='ocr_line' id='line_1_43' title="bbox 544 2660 2130 2741; baseline -0.006 -19"><span class='ocrx_word' id='word_1_320' title='bbox 544 2672 687 2741; x_wconf 74' lang='lat' dir='ltr'><strong>ﬁlius</strong></span> <span class='ocrx_word' id='word_1_321' title='bbox 720 2670 916 2724; x_wconf 79' lang='lat' dir='ltr'><strong>doloris</strong></span> <span class='ocrx_word' id='word_1_322' title='bbox 944 2669 1074 2733; x_wconf 88' lang='lat' dir='ltr'><strong>mei;</strong></span> <span class='ocrx_word' id='word_1_323' title='bbox 1115 2678 1269 2737; x_wconf 87' lang='lat' dir='ltr'><strong>pater</strong></span> <span class='ocrx_word' id='word_1_324' title='bbox 1300 2681 1430 2721; x_wconf 88' lang='lat' dir='ltr'><strong>vero</strong></span> <span class='ocrx_word' id='word_1_325' title='bbox 1456 2663 1741 2734; x_wconf 83' lang='lat' dir='ltr'><strong>appellavit</strong></span> <span class='ocrx_word' id='word_1_326' title='bbox 1786 2678 1908 2716; x_wconf 89' lang='lat' dir='ltr'><strong>eum</strong></span> <span class='ocrx_word' id='word_1_327' title='bbox 1936 2660 2130 2728; x_wconf 85' lang='lat' dir='ltr'><strong>Benja-</strong></span> 
     </span>
    </p>
   </div>
   <div class='ocr_carea' id='block_1_44' title="bbox 550 2747 2129 2826">
    <p class='ocr_par' dir='ltr' id='par_1_44' title="bbox 550 2747 2129 2826">
     <span class='ocr_line' id='line_1_44' title="bbox 550 2747 2129 2826; baseline -0.004 -15"><span class='ocrx_word' id='word_1_328' title='bbox 550 2762 693 2825; x_wconf 87' lang='lat' dir='ltr'><strong>min,</strong></span> <span class='ocrx_word' id='word_1_329' title='bbox 726 2760 775 2812; x_wconf 90' lang='lat' dir='ltr'><strong>id</strong></span> <span class='ocrx_word' id='word_1_330' title='bbox 803 2768 886 2813; x_wconf 87' lang='lat' dir='ltr'><strong>est</strong></span> <span class='ocrx_word' id='word_1_331' title='bbox 907 2758 1047 2826; x_wconf 78' lang='lat' dir='ltr'><strong>ﬁlius</strong></span> <span class='ocrx_word' id='word_1_332' title='bbox 1074 2758 1318 2811; x_wconf 62' lang='lat' dir='ltr'><strong>dextera.</strong></span> <span class='ocrx_word' id='word_1_333' title='bbox 1344 2755 1449 2810; x_wconf 88' lang='lat' dir='ltr'><strong>Per</strong></span> <span class='ocrx_word' id='word_1_334' title='bbox 1478 2753 1677 2810; x_wconf 81' lang='lat' dir='ltr'><strong>Rachel</strong></span> <span class='ocrx_word' id='word_1_335' title='bbox 1705 2752 1849 2807; x_wconf 87' lang='lat' dir='ltr'><strong>enim</strong></span> <span class='ocrx_word' id='word_1_336' title='bbox 1891 2747 2129 2805; x_wconf 79' lang='lat' dir='ltr'><strong>Ecclesia</strong></span> 
     </span>
    </p>
   </div>
   <div class='ocr_carea' id='block_1_45' title="bbox 548 2842 2130 2918">
    <p class='ocr_par' dir='ltr' id='par_1_45' title="bbox 548 2842 2130 2918">
     <span class='ocr_line' id='line_1_45' title="bbox 548 2842 2130 2918; baseline -0.008 -10"><span class='ocrx_word' id='word_1_337' title='bbox 548 2867 653 2908; x_wconf 91' lang='lat' dir='ltr'><strong>non</strong></span> <span class='ocrx_word' id='word_1_338' title='bbox 680 2849 952 2906; x_wconf 87' lang='lat' dir='ltr'><strong>immerito</strong></span> <span class='ocrx_word' id='word_1_339' title='bbox 980 2848 1312 2917; x_wconf 87' lang='lat' dir='ltr'><strong>designatur,</strong></span> <span class='ocrx_word' id='word_1_340' title='bbox 1341 2861 1461 2918; x_wconf 68' lang='lat' dir='ltr'><strong>qum</strong></span> <span class='ocrx_word' id='word_1_341' title='bbox 1505 2845 1759 2900; x_wconf 90' lang='lat' dir='ltr'><strong>nimirum</strong></span> <span class='ocrx_word' id='word_1_342' title='bbox 1783 2851 1838 2897; x_wconf 89' lang='lat' dir='ltr'><strong>et</strong></span> <span class='ocrx_word' id='word_1_343' title='bbox 1862 2842 1928 2896; x_wconf 91' lang='lat' dir='ltr'><strong>ad</strong></span> <span class='ocrx_word' id='word_1_344' title='bbox 1960 2843 2130 2896; x_wconf 90' lang='lat' dir='ltr'><strong>instar</strong></span> 
     </span>
    </p>
   </div>
   <div class='ocr_carea' id='block_1_46' title="bbox 548 2936 2132 3013">
    <p class='ocr_par' dir='ltr' id='par_1_46' title="bbox 548 2936 2132 3013">
     <span class='ocr_line' id='line_1_46' title="bbox 548 2936 2132 3013; baseline -0.008 -11"><span class='ocrx_word' id='word_1_345' title='bbox 548 2948 665 3002; x_wconf 88' lang='lat' dir='ltr'><strong>ovis</strong></span> <span class='ocrx_word' id='word_1_346' title='bbox 693 2947 1009 3002; x_wconf 89' lang='lat' dir='ltr'><strong>innocenter</strong></span> <span class='ocrx_word' id='word_1_347' title='bbox 1030 2944 1181 3009; x_wconf 86' lang='lat' dir='ltr'><strong>vivit,</strong></span> <span class='ocrx_word' id='word_1_348' title='bbox 1204 2952 1259 2998; x_wconf 90' lang='lat' dir='ltr'><strong>et</strong></span> <span class='ocrx_word' id='word_1_349' title='bbox 1286 2958 1383 3013; x_wconf 89' lang='lat' dir='ltr'><strong>per</strong></span> <span class='ocrx_word' id='word_1_350' title='bbox 1405 2941 1638 3003; x_wconf 81' lang='lat' dir='ltr'><strong>Studium</strong></span> <span class='ocrx_word' id='word_1_351' title='bbox 1662 2936 2132 3007; x_wconf 88' lang='lat' dir='ltr'><strong>contemplationis</strong></span> 
     </span>
    </p>
   </div>
   <div class='ocr_carea' id='block_1_47' title="bbox 550 3027 2134 3102">
    <p class='ocr_par' dir='ltr' id='par_1_47' title="bbox 550 3027 2134 3102">
     <span class='ocr_line' id='line_1_47' title="bbox 550 3027 2134 3102; baseline -0.008 -12"><span class='ocrx_word' id='word_1_352' title='bbox 550 3037 615 3090; x_wconf 90' lang='lat' dir='ltr'><strong>ad</strong></span> <span class='ocrx_word' id='word_1_353' title='bbox 638 3035 918 3090; x_wconf 88' lang='lat' dir='ltr'><strong>videndam</strong></span> <span class='ocrx_word' id='word_1_354' title='bbox 937 3032 1308 3102; x_wconf 80' lang='lat' dir='ltr'><strong>Redemptoris</strong></span> <span class='ocrx_word' id='word_1_355' title='bbox 1321 3031 1399 3086; x_wconf 91' lang='lat' dir='ltr'><strong>sui</strong></span> <span class='ocrx_word' id='word_1_356' title='bbox 1420 3030 1649 3098; x_wconf 74' lang='lat' dir='ltr'><strong>speciem</strong></span> <span class='ocrx_word' id='word_1_357' title='bbox 1668 3028 1976 3083; x_wconf 86' lang='lat' dir='ltr'><strong>medullitus</strong></span> <span class='ocrx_word' id='word_1_358' title='bbox 1991 3027 2134 3079; x_wconf 88' lang='lat' dir='ltr'><strong>inar-</strong></span> 
     </span>
    </p>
   </div>
   <div class='ocr_carea' id='block_1_48' title="bbox 550 3114 2129 3194">
    <p class='ocr_par' dir='ltr' id='par_1_48' title="bbox 550 3114 2129 3194">
     <span class='ocr_line' id='line_1_48' title="bbox 550 3114 2129 3194; baseline -0.006 -15"><span class='ocrx_word' id='word_1_359' title='bbox 550 3127 743 3189; x_wconf 88' lang='lat' dir='ltr'><strong>descit,</strong></span> <span class='ocrx_word' id='word_1_360' title='bbox 772 3123 863 3194; x_wconf 88' lang='lat' dir='ltr'><strong>qui</strong></span> <span class='ocrx_word' id='word_1_361' title='bbox 915 3123 982 3179; x_wconf 79' lang='lat' dir='ltr'><strong>de</strong></span> <span class='ocrx_word' id='word_1_362' title='bbox 1030 3138 1089 3179; x_wconf 92' lang='lat' dir='ltr'><strong>se</strong></span> <span class='ocrx_word' id='word_1_363' title='bbox 1126 3119 1526 3190; x_wconf 90' lang='lat' dir='ltr'><strong>requirentibus</strong></span> <span class='ocrx_word' id='word_1_364' title='bbox 1554 3117 1754 3174; x_wconf 73' lang='lat' dir='ltr'><strong>Judmis</strong></span> <span class='ocrx_word' id='word_1_365' title='bbox 1812 3116 1928 3169; x_wconf 88' lang='lat' dir='ltr'><strong>ait:</strong></span> <span class='ocrx_word' id='word_1_366' title='bbox 1967 3132 1986 3165; x_wconf 75' lang='grc' dir='ltr'>ι</span> <span class='ocrx_word' id='word_1_367' title='bbox 2016 3114 2129 3184; x_wconf 88' lang='lat' dir='ltr'><strong>Ego</strong></span> 
     </span>
    </p>
   </div>
   <div class='ocr_carea' id='block_1_49' title="bbox 2227 1938 3808 2010">
    <p class='ocr_par' dir='ltr' id='par_1_49' title="bbox 2227 1938 3808 2010">
     <span class='ocr_line' id='line_1_49' title="bbox 2227 1938 3808 2010; baseline -0.002 -17"><span class='ocrx_word' id='word_1_368' title='bbox 2227 1947 2336 2003; x_wconf 89' lang='lat' dir='ltr'><strong>tur,</strong></span> <span class='ocrx_word' id='word_1_369' title='bbox 2363 1939 2682 2009; x_wconf 87' lang='lat' dir='ltr'><strong>erumpere?</strong></span> <span class='ocrx_word' id='word_1_370' title='bbox 2712 1939 2845 1993; x_wconf 71' lang='lat' dir='ltr'><strong>Nam</strong></span> <span class='ocrx_word' id='word_1_371' title='bbox 2883 1949 2939 1994; x_wconf 92' lang='lat' dir='ltr'><strong>et</strong></span> <span class='ocrx_word' id='word_1_372' title='bbox 2972 1940 3085 2010; x_wconf 86' lang='lat' dir='ltr'><strong>ipsa</strong></span> <span class='ocrx_word' id='word_1_373' title='bbox 3122 1938 3501 2008; x_wconf 84' lang='lat' dir='ltr'><strong>interpretatio</strong></span> <span class='ocrx_word' id='word_1_374' title='bbox 3530 1938 3808 1992; x_wconf 87' lang='lat' dir='ltr'><strong>nominum</strong></span> 
     </span>
    </p>
   </div>
   <div class='ocr_carea' id='block_1_50' title="bbox 2225 2029 3809 2102">
    <p class='ocr_par' dir='ltr' id='par_1_50' title="bbox 2225 2029 3809 2102">
     <span class='ocr_line' id='line_1_50' title="bbox 2225 2029 3809 2102; baseline -0.003 -16"><span class='ocrx_word' id='word_1_375' title='bbox 2225 2031 2385 2102; x_wconf 86' lang='lat' dir='ltr'><strong>hujus</strong></span> <span class='ocrx_word' id='word_1_376' title='bbox 2416 2031 2600 2101; x_wconf 65' lang='lat' dir='ltr'><strong>figurae</strong></span> <span class='ocrx_word' id='word_1_377' title='bbox 2624 2045 2729 2085; x_wconf 92' lang='lat' dir='ltr'><strong>non</strong></span> <span class='ocrx_word' id='word_1_378' title='bbox 2754 2029 2951 2102; x_wconf 88' lang='lat' dir='ltr'><strong>refugit</strong></span> <span class='ocrx_word' id='word_1_379' title='bbox 2980 2030 3335 2087; x_wconf 88' lang='lat' dir='ltr'><strong>intellectum.</strong></span> <span class='ocrx_word' id='word_1_380' title='bbox 3363 2029 3515 2086; x_wconf 89' lang='lat' dir='ltr'><strong>Onan</strong></span> <span class='ocrx_word' id='word_1_381' title='bbox 3544 2029 3809 2098; x_wconf 83' lang='lat' dir='ltr'><strong>siquidem</strong></span> 
     </span>
    </p>
   </div>
   <div class='ocr_carea' id='block_1_51' title="bbox 2224 2120 3809 2188">
    <p class='ocr_par' dir='ltr' id='par_1_51' title="bbox 2224 2120 3809 2188">
     <span class='ocr_line' id='line_1_51' title="bbox 2224 2120 3809 2188; baseline -0.003 -11"><span class='ocrx_word' id='word_1_382' title='bbox 2224 2123 2381 2177; x_wconf 86' lang='lat' dir='ltr'><strong>dolor</strong></span> <span class='ocrx_word' id='word_1_383' title='bbox 2427 2124 2656 2177; x_wconf 74' lang='lat' dir='ltr'><strong>tristitiu:</strong></span> <span class='ocrx_word' id='word_1_384' title='bbox 2699 2139 2913 2188; x_wconf 81' lang='lat' dir='ltr'><strong>eorum,</strong></span> <span class='ocrx_word' id='word_1_385' title='bbox 2959 2123 3073 2177; x_wconf 88' lang='lat' dir='ltr'><strong>sive</strong></span> <span class='ocrx_word' id='word_1_386' title='bbox 3116 2122 3411 2176; x_wconf 83' lang='lat' dir='ltr'><strong>mussitatio</strong></span> <span class='ocrx_word' id='word_1_387' title='bbox 3449 2120 3533 2176; x_wconf 88' lang='lat' dir='ltr'><strong>vel</strong></span> <span class='ocrx_word' id='word_1_388' title='bbox 3579 2136 3809 2173; x_wconf 74' lang='lat' dir='ltr'><strong>murmu-</strong></span> 
     </span>
    </p>
   </div>
   <div class='ocr_carea' id='block_1_52' title="bbox 2227 2210 3809 2283">
    <p class='ocr_par' dir='ltr' id='par_1_52' title="bbox 2227 2210 3809 2283">
     <span class='ocr_line' id='line_1_52' title="bbox 2227 2210 3809 2283; baseline 0 -18"><span class='ocrx_word' id='word_1_389' title='bbox 2227 2214 2361 2266; x_wconf 86' lang='lat' dir='ltr'><strong>ratio</strong></span> <span class='ocrx_word' id='word_1_390' title='bbox 2389 2213 2800 2282; x_wconf 86' lang='lat' dir='ltr'><strong>interpretatur.</strong></span> <span class='ocrx_word' id='word_1_391' title='bbox 2826 2212 3081 2283; x_wconf 80' lang='lat' dir='ltr'><strong>Quisquis</strong></span> <span class='ocrx_word' id='word_1_392' title='bbox 3104 2213 3252 2267; x_wconf 90' lang='lat' dir='ltr'><strong>enim</strong></span> <span class='ocrx_word' id='word_1_393' title='bbox 3279 2227 3420 2267; x_wconf 74' lang='lat' dir='ltr'><strong>vene</strong></span> <span class='ocrx_word' id='word_1_394' title='bbox 3441 2210 3809 2279; x_wconf 81' lang='lat' dir='ltr'><strong>compunetio-</strong></span> 
     </span>
    </p>
   </div>
   <div class='ocr_carea' id='block_1_53' title="bbox 2227 2302 3805 2376">
    <p class='ocr_par' dir='ltr' id='par_1_53' title="bbox 2227 2302 3805 2376">
     <span class='ocr_line' id='line_1_53' title="bbox 2227 2302 3805 2376; baseline -0.001 -17"><span class='ocrx_word' id='word_1_395' title='bbox 2227 2305 2313 2359; x_wconf 91' lang='lat' dir='ltr'><strong>nis</strong></span> <span class='ocrx_word' id='word_1_396' title='bbox 2343 2305 2589 2359; x_wconf 88' lang='lat' dir='ltr'><strong>tristatur</strong></span> <span class='ocrx_word' id='word_1_397' title='bbox 2613 2306 2820 2371; x_wconf 89' lang='lat' dir='ltr'><strong>dolore,</strong></span> <span class='ocrx_word' id='word_1_398' title='bbox 2849 2306 3002 2375; x_wconf 87' lang='lat' dir='ltr'><strong>quasi</strong></span> <span class='ocrx_word' id='word_1_399' title='bbox 3025 2306 3125 2361; x_wconf 88' lang='lat' dir='ltr'><strong>sub</strong></span> <span class='ocrx_word' id='word_1_400' title='bbox 3146 2304 3380 2376; x_wconf 87' lang='lat' dir='ltr'><strong>quadam</strong></span> <span class='ocrx_word' id='word_1_401' title='bbox 3399 2302 3623 2373; x_wconf 90' lang='lat' dir='ltr'><strong>querula</strong></span> <span class='ocrx_word' id='word_1_402' title='bbox 3668 2316 3805 2357; x_wconf 76' lang='lat' dir='ltr'><strong>inus-</strong></span> 
     </span>
    </p>
   </div>
   <div class='ocr_carea' id='block_1_54' title="bbox 2228 2392 3810 2465">
    <p class='ocr_par' dir='ltr' id='par_1_54' title="bbox 2228 2392 3810 2465">
     <span class='ocr_line' id='line_1_54' title="bbox 2228 2392 3810 2465; baseline -0.001 -18"><span class='ocrx_word' id='word_1_403' title='bbox 2228 2392 2484 2449; x_wconf 86' lang='lat' dir='ltr'><strong>sitatione</strong></span> <span class='ocrx_word' id='word_1_404' title='bbox 2512 2394 2798 2450; x_wconf 89' lang='lat' dir='ltr'><strong>adversum</strong></span> <span class='ocrx_word' id='word_1_405' title='bbox 2830 2395 3151 2465; x_wconf 88' lang='lat' dir='ltr'><strong>pravitatem</strong></span> <span class='ocrx_word' id='word_1_406' title='bbox 3182 2395 3305 2448; x_wconf 74' lang='lat' dir='ltr'><strong>vitae</strong></span> <span class='ocrx_word' id='word_1_407' title='bbox 3331 2408 3442 2448; x_wconf 71' lang='lat' dir='ltr'><strong>suae</strong></span> <span class='ocrx_word' id='word_1_408' title='bbox 3469 2404 3810 2447; x_wconf 84' lang='lat' dir='ltr'><strong>murmurare</strong></span> 
     </span>
    </p>
   </div>
   <div class='ocr_carea' id='block_1_55' title="bbox 2229 2481 3811 2557">
    <p class='ocr_par' dir='ltr' id='par_1_55' title="bbox 2229 2481 3811 2557">
     <span class='ocr_line' id='line_1_55' title="bbox 2229 2481 3811 2557; baseline -0.003 -18"><span class='ocrx_word' id='word_1_409' title='bbox 2229 2484 2592 2553; x_wconf 88' lang='lat' dir='ltr'><strong>compellitur.</strong></span> <span class='ocrx_word' id='word_1_410' title='bbox 2634 2485 2753 2556; x_wconf 88' lang='lat' dir='ltr'><strong>Ipse</strong></span> <span class='ocrx_word' id='word_1_411' title='bbox 2793 2486 2992 2557; x_wconf 87' lang='lat' dir='ltr'><strong>quippe</strong></span> <span class='ocrx_word' id='word_1_412' title='bbox 3040 2485 3093 2540; x_wconf 90' lang='lat' dir='ltr'><strong>in</strong></span> <span class='ocrx_word' id='word_1_413' title='bbox 3141 2488 3396 2554; x_wconf 73' lang='lat' dir='ltr'><strong>mquitate</strong></span> <span class='ocrx_word' id='word_1_414' title='bbox 3442 2481 3811 2554; x_wconf 74' lang='lat' dir='ltr'><strong>principaliter</strong></span> 
     </span>
    </p>
   </div>
   <div class='ocr_carea' id='block_1_56' title="bbox 2229 2573 3813 2645">
    <p class='ocr_par' dir='ltr' id='par_1_56' title="bbox 2229 2573 3813 2645">
     <span class='ocr_line' id='line_1_56' title="bbox 2229 2573 3813 2645; baseline -0.003 -15"><span class='ocrx_word' id='word_1_415' title='bbox 2229 2585 2380 2638; x_wconf 90' lang='lat' dir='ltr'><strong>stat,</strong></span> <span class='ocrx_word' id='word_1_416' title='bbox 2428 2575 2521 2644; x_wconf 89' lang='lat' dir='ltr'><strong>qui</strong></span> <span class='ocrx_word' id='word_1_417' title='bbox 2575 2591 2606 2629; x_wconf 90' lang='lat' dir='ltr'><strong>a</strong></span> <span class='ocrx_word' id='word_1_418' title='bbox 2651 2574 2881 2645; x_wconf 69' lang='lat' dir='ltr'><strong>iustitia:</strong></span> <span class='ocrx_word' id='word_1_419' title='bbox 2926 2576 3249 2632; x_wconf 89' lang='lat' dir='ltr'><strong>rectitudine</strong></span> <span class='ocrx_word' id='word_1_420' title='bbox 3302 2574 3447 2629; x_wconf 89' lang='lat' dir='ltr'><strong>nulla</strong></span> <span class='ocrx_word' id='word_1_421' title='bbox 3497 2573 3813 2628; x_wconf 79' lang='lat' dir='ltr'><strong>necessitate</strong></span> 
     </span>
    </p>
   </div>
   <div class='ocr_carea' id='block_1_57' title="bbox 2230 2664 3814 2736">
    <p class='ocr_par' dir='ltr' id='par_1_57' title="bbox 2230 2664 3814 2736">
     <span class='ocr_line' id='line_1_57' title="bbox 2230 2664 3814 2736; baseline 0 -17"><span class='ocrx_word' id='word_1_422' title='bbox 2230 2673 2451 2720; x_wconf 87' lang='lat' dir='ltr'><strong>coactus</strong></span> <span class='ocrx_word' id='word_1_423' title='bbox 2486 2665 2777 2722; x_wconf 83' lang='lat' dir='ltr'><strong>exorbitat.</strong></span> <span class='ocrx_word' id='word_1_424' title='bbox 2827 2665 2980 2723; x_wconf 90' lang='lat' dir='ltr'><strong>Onan</strong></span> <span class='ocrx_word' id='word_1_425' title='bbox 3019 2682 3150 2734; x_wconf 85' lang='lat' dir='ltr'><strong>ergo</strong></span> <span class='ocrx_word' id='word_1_426' title='bbox 3189 2666 3316 2721; x_wconf 90' lang='lat' dir='ltr'><strong>dum</strong></span> <span class='ocrx_word' id='word_1_427' title='bbox 3357 2666 3532 2736; x_wconf 88' lang='lat' dir='ltr'><strong>patris</strong></span> <span class='ocrx_word' id='word_1_428' title='bbox 3595 2667 3678 2720; x_wconf 90' lang='lat' dir='ltr'><strong>sui</strong></span> <span class='ocrx_word' id='word_1_429' title='bbox 3719 2664 3814 2719; x_wconf 83' lang='lat' dir='ltr'><strong>Se-</strong></span> 
     </span>
    </p>
   </div>
   <div class='ocr_carea' id='block_1_58' title="bbox 2232 2755 3815 2830">
    <p class='ocr_par' dir='ltr' id='par_1_58' title="bbox 2232 2755 3815 2830">
     <span class='ocr_line' id='line_1_58' title="bbox 2232 2755 3815 2830; baseline -0.001 -19"><span class='ocrx_word' id='word_1_430' title='bbox 2232 2755 2375 2812; x_wconf 88' lang='lat' dir='ltr'><strong>beon</strong></span> <span class='ocrx_word' id='word_1_431' title='bbox 2414 2757 2599 2814; x_wconf 88' lang='lat' dir='ltr'><strong>asinos</strong></span> <span class='ocrx_word' id='word_1_432' title='bbox 2648 2767 2918 2829; x_wconf 89' lang='lat' dir='ltr'><strong>pasceret,</strong></span> <span class='ocrx_word' id='word_1_433' title='bbox 2965 2774 3136 2830; x_wconf 89' lang='lat' dir='ltr'><strong>aquas</strong></span> <span class='ocrx_word' id='word_1_434' title='bbox 3182 2758 3384 2814; x_wconf 88' lang='lat' dir='ltr'><strong>calidas</strong></span> <span class='ocrx_word' id='word_1_435' title='bbox 3415 2758 3647 2827; x_wconf 86' lang='lat' dir='ltr'><strong>reperit,</strong></span> <span class='ocrx_word' id='word_1_436' title='bbox 3691 2758 3815 2827; x_wconf 85' lang='lat' dir='ltr'><strong>quia</strong></span> 
     </span>
    </p>
   </div>
   <div class='ocr_carea' id='block_1_59' title="bbox 2231 2849 3849 2920">
    <p class='ocr_par' dir='ltr' id='par_1_59' title="bbox 2231 2849 3849 2920">
     <span class='ocr_line' id='line_1_59' title="bbox 2231 2849 3849 2920; baseline 0.001 -18"><span class='ocrx_word' id='word_1_437' title='bbox 2231 2849 2476 2918; x_wconf 81' lang='lat' dir='ltr'><strong>quisquis</strong></span> <span class='ocrx_word' id='word_1_438' title='bbox 2497 2866 2556 2905; x_wconf 90' lang='lat' dir='ltr'><strong>se</strong></span> <span class='ocrx_word' id='word_1_439' title='bbox 2581 2866 2680 2920; x_wconf 91' lang='lat' dir='ltr'><strong>per</strong></span> <span class='ocrx_word' id='word_1_440' title='bbox 2699 2852 2824 2906; x_wconf 62' lang='lat' dir='ltr'><strong>vitm</strong></span> <span class='ocrx_word' id='word_1_441' title='bbox 2853 2852 3228 2908; x_wconf 88' lang='lat' dir='ltr'><strong>rectitudinem</strong></span> <span class='ocrx_word' id='word_1_442' title='bbox 3255 2852 3363 2906; x_wconf 93' lang='lat' dir='ltr'><strong>Deo</strong></span> <span class='ocrx_word' id='word_1_443' title='bbox 3386 2851 3552 2906; x_wconf 82' lang='lat' dir='ltr'><strong>lilium</strong></span> <span class='ocrx_word' id='word_1_444' title='bbox 3575 2852 3814 2917; x_wconf 75' lang='lat' dir='ltr'><strong>exltibet,</strong></span> <span class='ocrx_word' id='word_1_445' title='bbox 3840 2910 3849 2915; x_wconf 34' lang='grc' dir='ltr'><strong>η</strong></span> 
     </span>
    </p>
   </div>
   <div class='ocr_carea' id='block_1_60' title="bbox 2232 2941 3851 3011">
    <p class='ocr_par' dir='ltr' id='par_1_60' title="bbox 2232 2941 3851 3011">
     <span class='ocr_line' id='line_1_60' title="bbox 2232 2941 3851 3011; baseline 0.002 -17"><span class='ocrx_word' id='word_1_446' title='bbox 2232 2955 2298 2995; x_wconf 91' lang='lat' dir='ltr'><strong>ac</strong></span> <span class='ocrx_word' id='word_1_447' title='bbox 2323 2941 2388 2996; x_wconf 90' lang='lat' dir='ltr'><strong>de</strong></span> <span class='ocrx_word' id='word_1_448' title='bbox 2414 2942 2651 3011; x_wconf 89' lang='lat' dir='ltr'><strong>peccatis</strong></span> <span class='ocrx_word' id='word_1_449' title='bbox 2688 2945 2801 3001; x_wconf 88' lang='lat' dir='ltr'><strong>suis</strong></span> <span class='ocrx_word' id='word_1_450' title='bbox 2838 2944 3147 2999; x_wconf 89' lang='lat' dir='ltr'><strong>medullitus</strong></span> <span class='ocrx_word' id='word_1_451' title='bbox 3188 2943 3353 3009; x_wconf 76' lang='lat' dir='ltr'><strong>dolet,</strong></span> <span class='ocrx_word' id='word_1_452' title='bbox 3396 2945 3523 2999; x_wconf 88' lang='lat' dir='ltr'><strong>dum</strong></span> <span class='ocrx_word' id='word_1_453' title='bbox 3552 2960 3615 2999; x_wconf 88' lang='lat' dir='ltr'><strong>se</strong></span> <span class='ocrx_word' id='word_1_454' title='bbox 3643 2946 3817 3000; x_wconf 87' lang='lat' dir='ltr'><strong>reddit</strong></span> <span class='ocrx_word' id='word_1_455' title='bbox 3848 3004 3851 3005; x_wconf 22' lang='grc' dir='ltr'><em>ν</em></span> 
     </span>
    </p>
   </div>
   <div class='ocr_carea' id='block_1_61' title="bbox 2233 3031 3818 3105">
    <p class='ocr_par' dir='ltr' id='par_1_61' title="bbox 2233 3031 3818 3105">
     <span class='ocr_line' id='line_1_61' title="bbox 2233 3031 3818 3105; baseline 0.004 -20"><span class='ocrx_word' id='word_1_456' title='bbox 2233 3031 2288 3085; x_wconf 89' lang='lat' dir='ltr'><strong>in</strong></span> <span class='ocrx_word' id='word_1_457' title='bbox 2316 3034 2561 3105; x_wconf 82' lang='lat' dir='ltr'><strong>pervigili</strong></span> <span class='ocrx_word' id='word_1_458' title='bbox 2605 3037 2833 3091; x_wconf 88' lang='lat' dir='ltr'><strong>fratrum</strong></span> <span class='ocrx_word' id='word_1_459' title='bbox 2863 3053 2991 3093; x_wconf 91' lang='lat' dir='ltr'><strong>cura</strong></span> <span class='ocrx_word' id='word_1_460' title='bbox 3020 3038 3327 3101; x_wconf 88' lang='lat' dir='ltr'><strong>sollicitum,</strong></span> <span class='ocrx_word' id='word_1_461' title='bbox 3367 3038 3549 3093; x_wconf 91' lang='lat' dir='ltr'><strong>divino</strong></span> <span class='ocrx_word' id='word_1_462' title='bbox 3597 3053 3818 3092; x_wconf 86' lang='lat' dir='ltr'><strong>munere</strong></span> 
     </span>
    </p>
   </div>
   <div class='ocr_carea' id='block_1_62' title="bbox 2233 3124 3818 3199">
    <p class='ocr_par' dir='ltr' id='par_1_62' title="bbox 2233 3124 3818 3199">
     <span class='ocr_line' id='line_1_62' title="bbox 2233 3124 3818 3199; baseline 0.003 -23"><span class='ocrx_word' id='word_1_463' title='bbox 2233 3124 2462 3193; x_wconf 88' lang='lat' dir='ltr'><strong>percipit</strong></span> <span class='ocrx_word' id='word_1_464' title='bbox 2483 3127 2712 3196; x_wconf 85' lang='lat' dir='ltr'><strong>gratiam</strong></span> <span class='ocrx_word' id='word_1_465' title='bbox 2742 3127 3123 3199; x_wconf 80' lang='lat' dir='ltr'><strong>lacrymarum.</strong></span> <span class='ocrx_word' id='word_1_466' title='bbox 3152 3127 3286 3182; x_wconf 82' lang='lat' dir='ltr'><strong>Nam</strong></span> <span class='ocrx_word' id='word_1_467' title='bbox 3314 3136 3369 3182; x_wconf 91' lang='lat' dir='ltr'><strong>et</strong></span> <span class='ocrx_word' id='word_1_468' title='bbox 3394 3126 3548 3181; x_wconf 88' lang='lat' dir='ltr'><strong>beata</strong></span> <span class='ocrx_word' id='word_1_469' title='bbox 3585 3126 3673 3180; x_wconf 83' lang='lat' dir='ltr'><strong>illa</strong></span> <span class='ocrx_word' id='word_1_470' title='bbox 3696 3142 3818 3195; x_wconf 84' lang='lat' dir='ltr'><strong>pec-</strong></span> 
     </span>
    </p>
   </div>
   <div class='ocr_carea' id='block_1_63' title="bbox 551 3205 3819 3287">
    <p class='ocr_par' dir='ltr' id='par_1_63' title="bbox 551 3205 3819 3287">
     <span class='ocr_line' id='line_1_63' title="bbox 551 3205 3819 3287; baseline 0.001 -21"><span class='ocrx_word' id='word_1_471' title='bbox 551 3217 896 3287; x_wconf 79' lang='lat' dir='ltr'><strong>principium,</strong></span> <span class='ocrx_word' id='word_1_472' title='bbox 943 3215 1036 3286; x_wconf 84' lang='lat' dir='ltr'><strong>qui</strong></span> <span class='ocrx_word' id='word_1_473' title='bbox 1090 3222 1147 3269; x_wconf 90' lang='lat' dir='ltr'><strong>et</strong></span> <span class='ocrx_word' id='word_1_474' title='bbox 1196 3214 1387 3283; x_wconf 90' lang='lat' dir='ltr'><strong>loquor</strong></span> <span class='ocrx_word' id='word_1_475' title='bbox 1434 3211 1605 3266; x_wconf 90' lang='lat' dir='ltr'><strong>vobis.</strong></span> <span class='ocrx_word' id='word_1_476' title='bbox 1641 3229 1658 3261; x_wconf 75' lang='grc' dir='ltr'><strong><em>ι</em></strong></span> <span class='ocrx_word' id='word_1_477' title='bbox 1704 3208 1808 3262; x_wconf 83' lang='lat' dir='ltr'><strong>Per</strong></span> <span class='ocrx_word' id='word_1_478' title='bbox 1851 3205 2130 3277; x_wconf 69' lang='lat' dir='ltr'><strong>Beniamin</strong></span> <span class='ocrx_word' id='word_1_479' title='bbox 2159 3215 2205 3278; x_wconf 83' lang='lat' dir='ltr'><strong><em>C</em></strong></span> <span class='ocrx_word' id='word_1_480' title='bbox 2236 3212 2408 3265; x_wconf 81' lang='lat' dir='ltr'><strong>catrix</strong></span> <span class='ocrx_word' id='word_1_481' title='bbox 2440 3214 2589 3282; x_wconf 90' lang='lat' dir='ltr'><strong>prius</strong></span> <span class='ocrx_word' id='word_1_482' title='bbox 2615 3216 2777 3284; x_wconf 88' lang='lat' dir='ltr'><strong>pedes</strong></span> <span class='ocrx_word' id='word_1_483' title='bbox 2816 3216 3025 3272; x_wconf 90' lang='lat' dir='ltr'><strong>Domini</strong></span> <span class='ocrx_word' id='word_1_484' title='bbox 3068 3226 3340 3287; x_wconf 88' lang='lat' dir='ltr'><strong>unguento</strong></span> <span class='ocrx_word' id='word_1_485' title='bbox 3370 3216 3646 3286; x_wconf 81' lang='lat' dir='ltr'><strong>perunxit,</strong></span> <span class='ocrx_word' id='word_1_486' title='bbox 3671 3224 3819 3286; x_wconf 83' lang='lat' dir='ltr'><strong>post-</strong></span> 
     </span>
    </p>
   </div>
   <div class='ocr_carea' id='block_1_64' title="bbox 555 3298 2139 3381">
    <p class='ocr_par' dir='ltr' id='par_1_64' title="bbox 555 3298 2139 3381">
     <span class='ocr_line' id='line_1_64' title="bbox 555 3298 2139 3381; baseline -0.006 -22"><span class='ocrx_word' id='word_1_487' title='bbox 555 3323 823 3381; x_wconf 86' lang='lat' dir='ltr'><strong>vero,quo</strong></span> <span class='ocrx_word' id='word_1_488' title='bbox 847 3316 1106 3365; x_wconf 84' lang='lat' dir='ltr'><strong>nascente</strong></span> <span class='ocrx_word' id='word_1_489' title='bbox 1127 3315 1300 3362; x_wconf 86' lang='lat' dir='ltr'><strong>mater</strong></span> <span class='ocrx_word' id='word_1_490' title='bbox 1318 3299 1812 3365; x_wconf 81' lang='lat' dir='ltr'><strong>emoriturRachel,</strong></span> <span class='ocrx_word' id='word_1_491' title='bbox 1828 3298 2139 3368; x_wconf 88' lang='lat' dir='ltr'><strong>designatur</strong></span> 
     </span>
    </p>
   </div>
   <div class='ocr_carea' id='block_1_65' title="bbox 556 3383 2139 3467">
    <p class='ocr_par' dir='ltr' id='par_1_65' title="bbox 556 3383 2139 3467">
     <span class='ocr_line' id='line_1_65' title="bbox 556 3383 2139 3467; baseline -0.01 -12"><span class='ocrx_word' id='word_1_492' title='bbox 556 3400 774 3463; x_wconf 88' lang='lat' dir='ltr'><strong>Paulus,</strong></span> <span class='ocrx_word' id='word_1_493' title='bbox 805 3414 965 3467; x_wconf 78' lang='lat' dir='ltr'><strong>quem</strong></span> <span class='ocrx_word' id='word_1_494' title='bbox 995 3397 1061 3452; x_wconf 91' lang='lat' dir='ltr'><strong>de</strong></span> <span class='ocrx_word' id='word_1_495' title='bbox 1091 3397 1191 3451; x_wconf 87' lang='lat' dir='ltr'><strong>hac</strong></span> <span class='ocrx_word' id='word_1_496' title='bbox 1243 3394 1411 3465; x_wconf 87' lang='lat' dir='ltr'><strong>stirpe</strong></span> <span class='ocrx_word' id='word_1_497' title='bbox 1449 3392 1722 3449; x_wconf 77' lang='lat' dir='ltr'><strong>exstitisse</strong></span> <span class='ocrx_word' id='word_1_498' title='bbox 1751 3404 1909 3447; x_wconf 90' lang='lat' dir='ltr'><strong>nemo</strong></span> <span class='ocrx_word' id='word_1_499' title='bbox 1935 3396 2019 3443; x_wconf 88' lang='lat' dir='ltr'><strong>est</strong></span> <span class='ocrx_word' id='word_1_500' title='bbox 2046 3383 2139 3458; x_wconf 90' lang='lat' dir='ltr'><strong>qui</strong></span> 
     </span>
    </p>
   </div>
   <div class='ocr_carea' id='block_1_66' title="bbox 556 3480 2139 3558">
    <p class='ocr_par' dir='ltr' id='par_1_66' title="bbox 556 3480 2139 3558">
     <span class='ocr_line' id='line_1_66' title="bbox 556 3480 2139 3558; baseline -0.004 -17"><span class='ocrx_word' id='word_1_501' title='bbox 556 3489 780 3545; x_wconf 87' lang='lat' dir='ltr'><strong>dubitet.</strong></span> <span class='ocrx_word' id='word_1_502' title='bbox 812 3489 875 3542; x_wconf 83' lang='lat' dir='ltr'><strong>Et</strong></span> <span class='ocrx_word' id='word_1_503' title='bbox 920 3489 1195 3558; x_wconf 80' lang='lat' dir='ltr'><strong>Bcnjamin</strong></span> <span class='ocrx_word' id='word_1_504' title='bbox 1244 3488 1381 3542; x_wconf 89' lang='lat' dir='ltr'><strong>bene</strong></span> <span class='ocrx_word' id='word_1_505' title='bbox 1435 3494 1711 3549; x_wconf 86' lang='lat' dir='ltr'><strong>nascente,</strong></span> <span class='ocrx_word' id='word_1_506' title='bbox 1750 3490 1924 3536; x_wconf 92' lang='lat' dir='ltr'><strong>mater</strong></span> <span class='ocrx_word' id='word_1_507' title='bbox 1969 3480 2139 3535; x_wconf 90' lang='lat' dir='ltr'><strong>emori</strong></span> 
     </span>
    </p>
   </div>
   <div class='ocr_carea' id='block_1_67' title="bbox 558 3575 2140 3648">
    <p class='ocr_par' dir='ltr' id='par_1_67' title="bbox 558 3575 2140 3648">
     <span class='ocr_line' id='line_1_67' title="bbox 558 3575 2140 3648; baseline -0.006 -16"><span class='ocrx_word' id='word_1_508' title='bbox 558 3577 933 3648; x_wconf 81' lang='lat' dir='ltr'><strong>dicitur,quia,</strong></span> <span class='ocrx_word' id='word_1_509' title='bbox 956 3577 1421 3647; x_wconf 67' lang='lat' dir='ltr'><strong>appropinquante</strong></span> <span class='ocrx_word' id='word_1_510' title='bbox 1448 3577 1515 3629; x_wconf 91' lang='lat' dir='ltr'><strong>ad</strong></span> <span class='ocrx_word' id='word_1_511' title='bbox 1537 3575 1709 3628; x_wconf 90' lang='lat' dir='ltr'><strong>lucem</strong></span> <span class='ocrx_word' id='word_1_512' title='bbox 1743 3586 1895 3625; x_wconf 68' lang='lat' dir='ltr'><strong>nova:</strong></span> <span class='ocrx_word' id='word_1_513' title='bbox 1917 3584 2140 3638; x_wconf 83' lang='lat' dir='ltr'><strong>regene-</strong></span> 
     </span>
    </p>
   </div>
   <div class='ocr_carea' id='block_1_68' title="bbox 559 3662 2139 3736">
    <p class='ocr_par' dir='ltr' id='par_1_68' title="bbox 559 3662 2139 3736">
     <span class='ocr_line' id='line_1_68' title="bbox 559 3662 2139 3736; baseline -0.009 -10"><span class='ocrx_word' id='word_1_514' title='bbox 559 3668 784 3726; x_wconf 83' lang='lat' dir='ltr'><strong>rationis</strong></span> <span class='ocrx_word' id='word_1_515' title='bbox 827 3666 1009 3731; x_wconf 89' lang='lat' dir='ltr'><strong>Saulo,</strong></span> <span class='ocrx_word' id='word_1_516' title='bbox 1060 3666 1526 3736; x_wconf 82' lang='lat' dir='ltr'><strong>persecutionilnts</strong></span> <span class='ocrx_word' id='word_1_517' title='bbox 1576 3662 1819 3717; x_wconf 84' lang='lat' dir='ltr'><strong>Ecclesia</strong></span> <span class='ocrx_word' id='word_1_518' title='bbox 1868 3675 1965 3729; x_wconf 89' lang='lat' dir='ltr'><strong>per</strong></span> <span class='ocrx_word' id='word_1_519' title='bbox 2016 3674 2139 3715; x_wconf 86' lang='lat' dir='ltr'><strong>eum</strong></span> 
     </span>
    </p>
   </div>
   <div class='ocr_carea' id='block_1_69' title="bbox 560 3752 2144 3827">
    <p class='ocr_par' dir='ltr' id='par_1_69' title="bbox 560 3752 2144 3827">
     <span class='ocr_line' id='line_1_69' title="bbox 560 3752 2144 3827; baseline -0.006 -16"><span class='ocrx_word' id='word_1_520' title='bbox 560 3758 797 3827; x_wconf 82' lang='lat' dir='ltr'><strong>graviter</strong></span> <span class='ocrx_word' id='word_1_521' title='bbox 826 3757 1187 3827; x_wconf 85' lang='lat' dir='ltr'><strong>impugnatur.</strong></span> <span class='ocrx_word' id='word_1_522' title='bbox 1215 3754 1366 3810; x_wconf 89' lang='lat' dir='ltr'><strong>Sicut</strong></span> <span class='ocrx_word' id='word_1_523' title='bbox 1397 3754 1570 3808; x_wconf 87' lang='lat' dir='ltr'><strong>Lucas</strong></span> <span class='ocrx_word' id='word_1_524' title='bbox 1594 3754 1647 3807; x_wconf 94' lang='lat' dir='ltr'><strong>in</strong></span> <span class='ocrx_word' id='word_1_525' title='bbox 1680 3752 1906 3806; x_wconf 84' lang='lat' dir='ltr'><strong>Actibus</strong></span> <span class='ocrx_word' id='word_1_526' title='bbox 1927 3756 2144 3819; x_wconf 82' lang='lat' dir='ltr'><strong>aposto-</strong></span> 
     </span>
    </p>
   </div>
   <div class='ocr_carea' id='block_1_70' title="bbox 562 3841 2143 3916">
    <p class='ocr_par' dir='ltr' id='par_1_70' title="bbox 562 3841 2143 3916">
     <span class='ocr_line' id='line_1_70' title="bbox 562 3841 2143 3916; baseline -0.009 -11"><span class='ocrx_word' id='word_1_527' title='bbox 562 3851 734 3907; x_wconf 89' lang='lat' dir='ltr'><strong>lorum</strong></span> <span class='ocrx_word' id='word_1_528' title='bbox 766 3866 778 3901; x_wconf 91' lang='lat'>:</span> <span class='ocrx_word' id='word_1_529' title='bbox 810 3866 828 3899; x_wconf 76' lang='grc' dir='ltr'>ι</span> <span class='ocrx_word' id='word_1_530' title='bbox 867 3847 1083 3913; x_wconf 86' lang='lat' dir='ltr'><strong>Saulus,</strong></span> <span class='ocrx_word' id='word_1_531' title='bbox 1110 3845 1301 3916; x_wconf 90' lang='lat' dir='ltr'><strong>inquit,</strong></span> <span class='ocrx_word' id='word_1_532' title='bbox 1333 3845 1646 3903; x_wconf 88' lang='lat' dir='ltr'><strong>dcvastabat</strong></span> <span class='ocrx_word' id='word_1_533' title='bbox 1672 3841 1993 3905; x_wconf 88' lang='lat' dir='ltr'><strong>Ecclesiam,</strong></span> <span class='ocrx_word' id='word_1_534' title='bbox 2046 3852 2143 3908; x_wconf 88' lang='lat' dir='ltr'><strong>per</strong></span> 
     </span>
    </p>
   </div>
   <div class='ocr_carea' id='block_1_71' title="bbox 561 3929 2144 4001">
    <p class='ocr_par' dir='ltr' id='par_1_71' title="bbox 561 3929 2144 4001">
     <span class='ocr_line' id='line_1_71' title="bbox 561 3929 2144 4001; baseline -0.008 -8"><span class='ocrx_word' id='word_1_535' title='bbox 561 3943 749 3999; x_wconf 86' lang='lat' dir='ltr'><strong>dotnos</strong></span> <span class='ocrx_word' id='word_1_536' title='bbox 779 3938 1006 4001; x_wconf 87' lang='lat' dir='ltr'><strong>intrans,</strong></span> <span class='ocrx_word' id='word_1_537' title='bbox 1047 3944 1102 3991; x_wconf 92' lang='lat' dir='ltr'><strong>et</strong></span> <span class='ocrx_word' id='word_1_538' title='bbox 1128 3935 1349 3991; x_wconf 89' lang='lat' dir='ltr'><strong>trahens</strong></span> <span class='ocrx_word' id='word_1_539' title='bbox 1378 3935 1524 3989; x_wconf 90' lang='lat' dir='ltr'><strong>viros</strong></span> <span class='ocrx_word' id='word_1_540' title='bbox 1570 3949 1636 3989; x_wconf 93' lang='lat' dir='ltr'><strong>ac</strong></span> <span class='ocrx_word' id='word_1_541' title='bbox 1660 3931 1928 3994; x_wconf 83' lang='lat' dir='ltr'><strong>mulieres,</strong></span> <span class='ocrx_word' id='word_1_542' title='bbox 1961 3929 2144 3987; x_wconf 70' lang='lat' dir='ltr'><strong>trade-</strong></span> 
     </span>
    </p>
   </div>
   <div class='ocr_carea' id='block_1_72' title="bbox 561 4019 2138 4096">
    <p class='ocr_par' dir='ltr' id='par_1_72' title="bbox 561 4019 2138 4096">
     <span class='ocr_line' id='line_1_72' title="bbox 561 4019 2138 4096; baseline -0.008 -12"><span class='ocrx_word' id='word_1_543' title='bbox 561 4031 651 4085; x_wconf 87' lang='lat' dir='ltr'><strong>bat</strong></span> <span class='ocrx_word' id='word_1_544' title='bbox 684 4031 736 4084; x_wconf 93' lang='lat' dir='ltr'><strong>in</strong></span> <span class='ocrx_word' id='word_1_545' title='bbox 775 4028 1095 4084; x_wconf 89' lang='lat' dir='ltr'><strong>custodiam.</strong></span> <span class='ocrx_word' id='word_1_546' title='bbox 1130 4045 1148 4079; x_wconf 87' lang='grc'><strong>›</strong></span> <span class='ocrx_word' id='word_1_547' title='bbox 1181 4026 1427 4096; x_wconf 87' lang='lat' dir='ltr'><strong>Cougrue</strong></span> <span class='ocrx_word' id='word_1_548' title='bbox 1457 4024 1638 4094; x_wconf 86' lang='lat' dir='ltr'><strong>itaque</strong></span> <span class='ocrx_word' id='word_1_549' title='bbox 1686 4021 1887 4078; x_wconf 84' lang='lat' dir='ltr'><strong>Rachel</strong></span> <span class='ocrx_word' id='word_1_550' title='bbox 1915 4019 2138 4087; x_wconf 88' lang='lat' dir='ltr'><strong>Benoni,</strong></span> 
     </span>
    </p>
   </div>
   <div class='ocr_carea' id='block_1_73' title="bbox 564 4109 2140 4186">
    <p class='ocr_par' dir='ltr' id='par_1_73' title="bbox 564 4109 2140 4186">
     <span class='ocr_line' id='line_1_73' title="bbox 564 4109 2140 4186; baseline -0.01 -10"><span class='ocrx_word' id='word_1_551' title='bbox 564 4124 742 4186; x_wconf 88' lang='lat' dir='ltr'><strong>idest,</strong></span> <span class='ocrx_word' id='word_1_552' title='bbox 785 4122 953 4175; x_wconf 84' lang='lat' dir='ltr'><strong>lilium</strong></span> <span class='ocrx_word' id='word_1_553' title='bbox 989 4118 1190 4174; x_wconf 88' lang='lat' dir='ltr'><strong>doloris</strong></span> <span class='ocrx_word' id='word_1_554' title='bbox 1220 4116 1389 4175; x_wconf 86' lang='lat' dir='ltr'><strong>nostri</strong></span> <span class='ocrx_word' id='word_1_555' title='bbox 1411 4125 1589 4180; x_wconf 89' lang='lat' dir='ltr'><strong>vocat,</strong></span> <span class='ocrx_word' id='word_1_556' title='bbox 1620 4128 1780 4185; x_wconf 89' lang='lat' dir='ltr'><strong>quem</strong></span> <span class='ocrx_word' id='word_1_557' title='bbox 1809 4111 1977 4167; x_wconf 78' lang='lat' dir='ltr'><strong>Jaeob</strong></span> <span class='ocrx_word' id='word_1_558' title='bbox 1999 4109 2140 4163; x_wconf 87' lang='lat' dir='ltr'><strong>Ben-</strong></span> 
     </span>
    </p>
   </div>
   <div class='ocr_carea' id='block_1_74' title="bbox 554 4203 2143 4280">
    <p class='ocr_par' dir='ltr' id='par_1_74' title="bbox 554 4203 2143 4280">
     <span class='ocr_line' id='line_1_74' title="bbox 554 4203 2143 4280; baseline -0.004 -16"><span class='ocrx_word' id='word_1_559' title='bbox 554 4213 751 4280; x_wconf 85' lang='lat' dir='ltr'><strong>jamiu,</strong></span> <span class='ocrx_word' id='word_1_560' title='bbox 775 4212 827 4265; x_wconf 89' lang='lat' dir='ltr'><strong>id</strong></span> <span class='ocrx_word' id='word_1_561' title='bbox 858 4222 963 4276; x_wconf 90' lang='lat' dir='ltr'><strong>est,</strong></span> <span class='ocrx_word' id='word_1_562' title='bbox 995 4210 1163 4264; x_wconf 81' lang='lat' dir='ltr'><strong>lilium</strong></span> <span class='ocrx_word' id='word_1_563' title='bbox 1192 4209 1428 4267; x_wconf 67' lang='lat' dir='ltr'><strong>dexterae</strong></span> <span class='ocrx_word' id='word_1_564' title='bbox 1454 4214 1748 4275; x_wconf 89' lang='lat' dir='ltr'><strong>nuncupat,</strong></span> <span class='ocrx_word' id='word_1_565' title='bbox 1772 4204 1896 4277; x_wconf 91' lang='lat' dir='ltr'><strong>quia</strong></span> <span class='ocrx_word' id='word_1_566' title='bbox 1920 4203 2143 4269; x_wconf 80' lang='lat' dir='ltr'><strong>Paulus,</strong></span> 
     </span>
    </p>
   </div>
   <div class='ocr_carea' id='block_1_75' title="bbox 562 4294 2147 4377">
    <p class='ocr_par' dir='ltr' id='par_1_75' title="bbox 562 4294 2147 4377">
     <span class='ocr_line' id='line_1_75' title="bbox 562 4294 2147 4377; baseline -0.004 -22"><span class='ocrx_word' id='word_1_567' title='bbox 562 4302 653 4377; x_wconf 80' lang='lat' dir='ltr'><strong>qui</strong></span> <span class='ocrx_word' id='word_1_568' title='bbox 713 4301 902 4359; x_wconf 87' lang='lat' dir='ltr'><strong>matris</strong></span> <span class='ocrx_word' id='word_1_569' title='bbox 930 4299 1184 4353; x_wconf 75' lang='lat' dir='ltr'><strong>Ecclesia:</strong></span> <span class='ocrx_word' id='word_1_570' title='bbox 1227 4297 1379 4353; x_wconf 89' lang='lat' dir='ltr'><strong>dolor</strong></span> <span class='ocrx_word' id='word_1_571' title='bbox 1415 4296 1716 4359; x_wconf 79' lang='lat' dir='ltr'><strong>exstiterat,</strong></span> <span class='ocrx_word' id='word_1_572' title='bbox 1744 4294 1835 4363; x_wconf 91' lang='lat' dir='ltr'><strong>qui</strong></span> <span class='ocrx_word' id='word_1_573' title='bbox 1865 4310 1983 4349; x_wconf 88' lang='lat' dir='ltr'><strong>eam</strong></span> <span class='ocrx_word' id='word_1_574' title='bbox 2012 4309 2147 4364; x_wconf 58' lang='lat' dir='ltr'><strong>quo.</strong></span> 
     </span>
    </p>
   </div>
   <div class='ocr_carea' id='block_1_76' title="bbox 565 4386 2145 4457">
    <p class='ocr_par' dir='ltr' id='par_1_76' title="bbox 565 4386 2145 4457">
     <span class='ocr_line' id='line_1_76' title="bbox 565 4386 2145 4457; baseline -0.004 -12"><span class='ocrx_word' id='word_1_575' title='bbox 565 4392 870 4453; x_wconf 87' lang='lat' dir='ltr'><strong>dammodo,</strong></span> <span class='ocrx_word' id='word_1_576' title='bbox 904 4391 1029 4443; x_wconf 91' lang='lat' dir='ltr'><strong>dum</strong></span> <span class='ocrx_word' id='word_1_577' title='bbox 1058 4398 1390 4453; x_wconf 85' lang='lat' dir='ltr'><strong>nasceretur,</strong></span> <span class='ocrx_word' id='word_1_578' title='bbox 1441 4386 1804 4457; x_wconf 89' lang='lat' dir='ltr'><strong>impugnando</strong></span> <span class='ocrx_word' id='word_1_579' title='bbox 1834 4386 2084 4453; x_wconf 89' lang='lat' dir='ltr'><strong>peremit,</strong></span> <span class='ocrx_word' id='word_1_580' title='bbox 2114 4403 2145 4446; x_wconf 82' lang='lat' dir='ltr'><strong>a</strong></span> 
     </span>
    </p>
   </div>
   <div class='ocr_carea' id='block_1_77' title="bbox 565 4474 2145 4546">
    <p class='ocr_par' dir='ltr' id='par_1_77' title="bbox 565 4474 2145 4546">
     <span class='ocr_line' id='line_1_77' title="bbox 565 4474 2145 4546; baseline -0.004 -11"><span class='ocrx_word' id='word_1_581' title='bbox 565 4483 677 4542; x_wconf 80' lang='lat' dir='ltr'><strong>Dee</strong></span> <span class='ocrx_word' id='word_1_582' title='bbox 702 4481 861 4537; x_wconf 87' lang='lat' dir='ltr'><strong>Patre</strong></span> <span class='ocrx_word' id='word_1_583' title='bbox 881 4479 1022 4533; x_wconf 83' lang='lat' dir='ltr'><strong>ﬁlius</strong></span> <span class='ocrx_word' id='word_1_584' title='bbox 1045 4479 1280 4537; x_wconf 64' lang='lat' dir='ltr'><strong>dextera:</strong></span> <span class='ocrx_word' id='word_1_585' title='bbox 1303 4484 1384 4532; x_wconf 91' lang='lat' dir='ltr'><strong>est</strong></span> <span class='ocrx_word' id='word_1_586' title='bbox 1408 4475 1725 4546; x_wconf 85' lang='lat' dir='ltr'><strong>appellatus,</strong></span> <span class='ocrx_word' id='word_1_587' title='bbox 1750 4474 1876 4529; x_wconf 91' lang='lat' dir='ltr'><strong>dum</strong></span> <span class='ocrx_word' id='word_1_588' title='bbox 1902 4490 2001 4544; x_wconf 93' lang='lat' dir='ltr'><strong>per</strong></span> <span class='ocrx_word' id='word_1_589' title='bbox 2021 4490 2145 4531; x_wconf 89' lang='lat' dir='ltr'><strong>eum</strong></span> 
     </span>
    </p>
   </div>
   <div class='ocr_carea' id='block_1_78' title="bbox 565 4556 2223 4644">
    <p class='ocr_par' dir='ltr' id='par_1_78' title="bbox 565 4556 2223 4644">
     <span class='ocr_line' id='line_1_78' title="bbox 565 4556 2223 4644; baseline -0.007 -16"><span class='ocrx_word' id='word_1_590' title='bbox 565 4573 749 4630; x_wconf 88' lang='lat' dir='ltr'><strong>divina</strong></span> <span class='ocrx_word' id='word_1_591' title='bbox 788 4569 1024 4644; x_wconf 87' lang='lat' dir='ltr'><strong>potentia</strong></span> <span class='ocrx_word' id='word_1_592' title='bbox 1065 4570 1325 4623; x_wconf 87' lang='lat' dir='ltr'><strong>adversus</strong></span> <span class='ocrx_word' id='word_1_593' title='bbox 1384 4578 1592 4638; x_wconf 82' lang='lat' dir='ltr'><strong>gentes,</strong></span> <span class='ocrx_word' id='word_1_594' title='bbox 1622 4565 1775 4635; x_wconf 89' lang='lat' dir='ltr'><strong>quasi</strong></span> <span class='ocrx_word' id='word_1_595' title='bbox 1822 4579 1919 4635; x_wconf 87' lang='lat' dir='ltr'><strong>per</strong></span> <span class='ocrx_word' id='word_1_596' title='bbox 1952 4565 2145 4620; x_wconf 87' lang='lat' dir='ltr'><strong>fortem</strong></span> <span class='ocrx_word' id='word_1_597' title='bbox 2174 4556 2223 4616; x_wconf 91' lang='lat' dir='ltr'><strong>D</strong></span> 
     </span>
    </p>
   </div>
   <div class='ocr_carea' id='block_1_79' title="bbox 567 4654 2146 4725">
    <p class='ocr_par' dir='ltr' id='par_1_79' title="bbox 567 4654 2146 4725">
     <span class='ocr_line' id='line_1_79' title="bbox 567 4654 2146 4725; baseline -0.003 -8"><span class='ocrx_word' id='word_1_598' title='bbox 567 4680 717 4718; x_wconf 86' lang='lat' dir='ltr'><strong>suam</strong></span> <span class='ocrx_word' id='word_1_599' title='bbox 745 4663 1042 4725; x_wconf 78' lang='lat' dir='ltr'><strong>dexteram,</strong></span> <span class='ocrx_word' id='word_1_600' title='bbox 1065 4657 1361 4724; x_wconf 89' lang='lat' dir='ltr'><strong>dimicavit,</strong></span> <span class='ocrx_word' id='word_1_601' title='bbox 1386 4659 1669 4711; x_wconf 79' lang='lat' dir='ltr'><strong>verborum</strong></span> <span class='ocrx_word' id='word_1_602' title='bbox 1694 4654 1870 4724; x_wconf 87' lang='lat' dir='ltr'><strong>jacula</strong></span> <span class='ocrx_word' id='word_1_603' title='bbox 1905 4656 2146 4712; x_wconf 86' lang='lat' dir='ltr'><strong>valenter</strong></span> 
     </span>
    </p>
   </div>
   <div class='ocr_carea' id='block_1_80' title="bbox 568 4751 2144 4824">
    <p class='ocr_par' dir='ltr' id='par_1_80' title="bbox 568 4751 2144 4824">
     <span class='ocr_line' id='line_1_80' title="bbox 568 4751 2144 4824; baseline -0.006 -11"><span class='ocrx_word' id='word_1_604' title='bbox 568 4758 800 4822; x_wconf 89' lang='lat' dir='ltr'><strong>intorsit,</strong></span> <span class='ocrx_word' id='word_1_605' title='bbox 828 4755 1072 4811; x_wconf 88' lang='lat' dir='ltr'><strong>salubres</strong></span> <span class='ocrx_word' id='word_1_606' title='bbox 1090 4753 1332 4810; x_wconf 73' lang='lat' dir='ltr'><strong>cor-dium</strong></span> <span class='ocrx_word' id='word_1_607' title='bbox 1359 4752 1545 4824; x_wconf 84' lang='lat' dir='ltr'><strong>plagas</strong></span> <span class='ocrx_word' id='word_1_608' title='bbox 1575 4751 1776 4817; x_wconf 90' lang='lat' dir='ltr'><strong>intulit,</strong></span> <span class='ocrx_word' id='word_1_609' title='bbox 1800 4759 1856 4806; x_wconf 91' lang='lat' dir='ltr'><strong>et</strong></span> <span class='ocrx_word' id='word_1_610' title='bbox 1879 4766 1976 4823; x_wconf 90' lang='lat' dir='ltr'><strong>per</strong></span> <span class='ocrx_word' id='word_1_611' title='bbox 1993 4765 2144 4820; x_wconf 84' lang='lat' dir='ltr'><strong>eum,</strong></span> 
     </span>
    </p>
   </div>
   <div class='ocr_carea' id='block_1_81' title="bbox 567 4842 2145 4917">
    <p class='ocr_par' dir='ltr' id='par_1_81' title="bbox 567 4842 2145 4917">
     <span class='ocr_line' id='line_1_81' title="bbox 567 4842 2145 4917; baseline -0.004 -13"><span class='ocrx_word' id='word_1_612' title='bbox 567 4850 794 4904; x_wconf 88' lang='lat' dir='ltr'><strong>devictis</strong></span> <span class='ocrx_word' id='word_1_613' title='bbox 818 4860 977 4917; x_wconf 86' lang='lat' dir='ltr'><strong>atque</strong></span> <span class='ocrx_word' id='word_1_614' title='bbox 1007 4845 1295 4917; x_wconf 87' lang='lat' dir='ltr'><strong>prostratis</strong></span> <span class='ocrx_word' id='word_1_615' title='bbox 1318 4844 1586 4909; x_wconf 87' lang='lat' dir='ltr'><strong>hostibus,</strong></span> <span class='ocrx_word' id='word_1_616' title='bbox 1609 4858 1730 4898; x_wconf 88' lang='lat' dir='ltr'><strong>cum</strong></span> <span class='ocrx_word' id='word_1_617' title='bbox 1754 4843 1924 4913; x_wconf 88' lang='lat' dir='ltr'><strong>gloria</strong></span> <span class='ocrx_word' id='word_1_618' title='bbox 1954 4842 2145 4899; x_wconf 87' lang='lat' dir='ltr'><strong>trium-</strong></span> 
     </span>
    </p>
   </div>
   <div class='ocr_carea' id='block_1_82' title="bbox 569 4934 2140 5014">
    <p class='ocr_par' dir='ltr' id='par_1_82' title="bbox 569 4934 2140 5014">
     <span class='ocr_line' id='line_1_82' title="bbox 569 4934 2140 5014; baseline -0.008 -16"><span class='ocrx_word' id='word_1_619' title='bbox 569 4944 774 5014; x_wconf 89' lang='lat' dir='ltr'><strong>phavit.</strong></span> <span class='ocrx_word' id='word_1_620' title='bbox 810 4940 945 4995; x_wconf 91' lang='lat' dir='ltr'><strong>Ilinc</strong></span> <span class='ocrx_word' id='word_1_621' title='bbox 973 4950 1055 4994; x_wconf 87' lang='lat' dir='ltr'><strong>est</strong></span> <span class='ocrx_word' id='word_1_622' title='bbox 1087 4938 1230 5009; x_wconf 87' lang='lat' dir='ltr'><strong>quod</strong></span> <span class='ocrx_word' id='word_1_623' title='bbox 1254 4938 1393 4992; x_wconf 89' lang='lat' dir='ltr'><strong>idem</strong></span> <span class='ocrx_word' id='word_1_624' title='bbox 1421 4936 1619 4992; x_wconf 86' lang='lat' dir='ltr'><strong>Paulus</strong></span> <span class='ocrx_word' id='word_1_625' title='bbox 1656 4935 1723 4989; x_wconf 90' lang='lat' dir='ltr'><strong>ad</strong></span> <span class='ocrx_word' id='word_1_626' title='bbox 1764 4934 1985 4991; x_wconf 84' lang='lat' dir='ltr'><strong>Galatas</strong></span> <span class='ocrx_word' id='word_1_627' title='bbox 2018 4934 2095 4988; x_wconf 89' lang='lat' dir='ltr'><strong>ait</strong></span> <span class='ocrx_word' id='word_1_628' title='bbox 2126 4949 2140 4986; x_wconf 91' lang='lat'><strong>:</strong></span> 
     </span>
    </p>
   </div>
   <div class='ocr_carea' id='block_1_83' title="bbox 574 5025 2147 5102">
    <p class='ocr_par' dir='ltr' id='par_1_83' title="bbox 574 5025 2147 5102">
     <span class='ocr_line' id='line_1_83' title="bbox 574 5025 2147 5102; baseline -0.003 -19"><span class='ocrx_word' id='word_1_629' title='bbox 574 5055 592 5083; x_wconf 77' lang='grc' dir='ltr'><strong><em>σ</em></strong></span> <span class='ocrx_word' id='word_1_630' title='bbox 631 5036 763 5089; x_wconf 84' lang='lat' dir='ltr'><strong>Cum</strong></span> <span class='ocrx_word' id='word_1_631' title='bbox 794 5030 998 5102; x_wconf 86' lang='lat' dir='ltr'><strong>placuit</strong></span> <span class='ocrx_word' id='word_1_632' title='bbox 1035 5039 1215 5083; x_wconf 87' lang='lat' dir='ltr'><strong>autem</strong></span> <span class='ocrx_word' id='word_1_633' title='bbox 1244 5029 1293 5082; x_wconf 91' lang='lat' dir='ltr'><strong>ei</strong></span> <span class='ocrx_word' id='word_1_634' title='bbox 1321 5028 1409 5097; x_wconf 92' lang='lat' dir='ltr'><strong>qui</strong></span> <span class='ocrx_word' id='word_1_635' title='bbox 1443 5043 1527 5081; x_wconf 88' lang='lat' dir='ltr'><strong>me</strong></span> <span class='ocrx_word' id='word_1_636' title='bbox 1562 5025 1864 5097; x_wconf 85' lang='lat' dir='ltr'><strong>segregavit</strong></span> <span class='ocrx_word' id='word_1_637' title='bbox 1892 5041 1957 5080; x_wconf 80' lang='lat' dir='ltr'><strong>ex</strong></span> <span class='ocrx_word' id='word_1_638' title='bbox 1990 5033 2147 5079; x_wconf 92' lang='lat' dir='ltr'><strong>utero</strong></span> 
     </span>
    </p>
   </div>
   <div class='ocr_carea' id='block_1_84' title="bbox 576 5115 2146 5189">
    <p class='ocr_par' dir='ltr' id='par_1_84' title="bbox 576 5115 2146 5189">
     <span class='ocr_line' id='line_1_84' title="bbox 576 5115 2146 5189; baseline -0.009 -8"><span class='ocrx_word' id='word_1_639' title='bbox 576 5127 765 5183; x_wconf 89' lang='lat' dir='ltr'><strong>matris</strong></span> <span class='ocrx_word' id='word_1_640' title='bbox 792 5140 924 5181; x_wconf 71' lang='lat' dir='ltr'><strong>mem</strong></span> <span class='ocrx_word' id='word_1_641' title='bbox 949 5131 1005 5177; x_wconf 91' lang='lat' dir='ltr'><strong>et</strong></span> <span class='ocrx_word' id='word_1_642' title='bbox 1031 5120 1245 5180; x_wconf 87' lang='lat' dir='ltr'><strong>vocavit</strong></span> <span class='ocrx_word' id='word_1_643' title='bbox 1278 5135 1378 5189; x_wconf 88' lang='lat' dir='ltr'><strong>per</strong></span> <span class='ocrx_word' id='word_1_644' title='bbox 1400 5119 1626 5187; x_wconf 81' lang='lat' dir='ltr'><strong>gratiam</strong></span> <span class='ocrx_word' id='word_1_645' title='bbox 1656 5133 1831 5182; x_wconf 89' lang='lat' dir='ltr'><strong>suam,</strong></span> <span class='ocrx_word' id='word_1_646' title='bbox 1858 5125 1916 5175; x_wconf 87' lang='lat' dir='ltr'><strong>ut</strong></span> <span class='ocrx_word' id='word_1_647' title='bbox 1937 5115 2146 5170; x_wconf 90' lang='lat' dir='ltr'><strong>revela-</strong></span> 
     </span>
    </p>
   </div>
   <div class='ocr_carea' id='block_1_85' title="bbox 575 5210 2152 5280">
    <p class='ocr_par' dir='ltr' id='par_1_85' title="bbox 575 5210 2152 5280">
     <span class='ocr_line' id='line_1_85' title="bbox 575 5210 2152 5280; baseline -0.008 -8"><span class='ocrx_word' id='word_1_648' title='bbox 575 5228 656 5273; x_wconf 84' lang='lat' dir='ltr'><strong>ret</strong></span> <span class='ocrx_word' id='word_1_649' title='bbox 684 5216 879 5277; x_wconf 81' lang='lat' dir='ltr'><strong>Filium</strong></span> <span class='ocrx_word' id='word_1_650' title='bbox 918 5229 1075 5273; x_wconf 87' lang='lat' dir='ltr'><strong>suum</strong></span> <span class='ocrx_word' id='word_1_651' title='bbox 1106 5213 1158 5267; x_wconf 90' lang='lat' dir='ltr'><strong>in</strong></span> <span class='ocrx_word' id='word_1_652' title='bbox 1193 5226 1296 5275; x_wconf 90' lang='lat' dir='ltr'><strong>me,</strong></span> <span class='ocrx_word' id='word_1_653' title='bbox 1327 5221 1384 5263; x_wconf 92' lang='lat' dir='ltr'><strong>ut</strong></span> <span class='ocrx_word' id='word_1_654' title='bbox 1414 5210 1840 5280; x_wconf 83' lang='lat' dir='ltr'><strong>evangelizarem</strong></span> <span class='ocrx_word' id='word_1_655' title='bbox 1872 5223 1993 5263; x_wconf 90' lang='lat' dir='ltr'><strong>eum</strong></span> <span class='ocrx_word' id='word_1_656' title='bbox 2018 5223 2152 5277; x_wconf 84' lang='lat' dir='ltr'><strong>gen-</strong></span> 
     </span>
    </p>
   </div>
   <div class='ocr_carea' id='block_1_86' title="bbox 573 5300 2141 5373">
    <p class='ocr_par' dir='ltr' id='par_1_86' title="bbox 573 5300 2141 5373">
     <span class='ocr_line' id='line_1_86' title="bbox 573 5300 2141 5373; baseline -0.008 -10"><span class='ocrx_word' id='word_1_657' title='bbox 573 5313 734 5373; x_wconf 84' lang='lat' dir='ltr'><strong>tibus,</strong></span> <span class='ocrx_word' id='word_1_658' title='bbox 767 5309 1023 5363; x_wconf 89' lang='lat' dir='ltr'><strong>contiuuo</strong></span> <span class='ocrx_word' id='word_1_659' title='bbox 1077 5320 1182 5359; x_wconf 91' lang='lat' dir='ltr'><strong>non</strong></span> <span class='ocrx_word' id='word_1_660' title='bbox 1233 5304 1475 5373; x_wconf 88' lang='lat' dir='ltr'><strong>acquievi</strong></span> <span class='ocrx_word' id='word_1_661' title='bbox 1527 5302 1674 5356; x_wconf 90' lang='lat' dir='ltr'><strong>carni</strong></span> <span class='ocrx_word' id='word_1_662' title='bbox 1715 5309 1771 5355; x_wconf 91' lang='lat' dir='ltr'><strong>et</strong></span> <span class='ocrx_word' id='word_1_663' title='bbox 1815 5300 2081 5370; x_wconf 86' lang='lat' dir='ltr'><strong>sanguini.</strong></span> <span class='ocrx_word' id='word_1_664' title='bbox 2123 5318 2141 5350; x_wconf 75' lang='grc' dir='ltr'><strong><em>ι</em></strong></span> 
     </span>
    </p>
   </div>
   <div class='ocr_carea' id='block_1_87' title="bbox 572 5391 2146 5471">
    <p class='ocr_par' dir='ltr' id='par_1_87' title="bbox 572 5391 2146 5471">
     <span class='ocr_line' id='line_1_87' title="bbox 572 5391 2146 5471; baseline -0.01 -13"><span class='ocrx_word' id='word_1_665' title='bbox 572 5403 687 5458; x_wconf 81' lang='lat' dir='ltr'><strong>Non</strong></span> <span class='ocrx_word' id='word_1_666' title='bbox 720 5415 847 5471; x_wconf 86' lang='lat' dir='ltr'><strong>ergo</strong></span> <span class='ocrx_word' id='word_1_667' title='bbox 897 5398 1167 5454; x_wconf 86' lang='lat' dir='ltr'><strong>immerito</strong></span> <span class='ocrx_word' id='word_1_668' title='bbox 1198 5396 1336 5451; x_wconf 81' lang='lat' dir='ltr'><strong>filius</strong></span> <span class='ocrx_word' id='word_1_669' title='bbox 1376 5394 1613 5449; x_wconf 69' lang='lat' dir='ltr'><strong>dextera:</strong></span> <span class='ocrx_word' id='word_1_670' title='bbox 1668 5391 1864 5446; x_wconf 86' lang='lat' dir='ltr'><strong>Paulus</strong></span> <span class='ocrx_word' id='word_1_671' title='bbox 1904 5401 2146 5454; x_wconf 89' lang='lat' dir='ltr'><strong>vocatur,</strong></span> 
     </span>
    </p>
   </div>
   <div class='ocr_carea' id='block_1_88' title="bbox 576 5483 2148 5563">
    <p class='ocr_par' dir='ltr' id='par_1_88' title="bbox 576 5483 2148 5563">
     <span class='ocr_line' id='line_1_88' title="bbox 576 5483 2148 5563; baseline -0.006 -18"><span class='ocrx_word' id='word_1_672' title='bbox 576 5510 673 5563; x_wconf 69' lang='lat' dir='ltr'><strong>per</strong></span> <span class='ocrx_word' id='word_1_673' title='bbox 728 5508 887 5560; x_wconf 83' lang='lat' dir='ltr'><strong>quem</strong></span> <span class='ocrx_word' id='word_1_674' title='bbox 962 5491 1137 5549; x_wconf 83' lang='lat' dir='ltr'><strong>onmis</strong></span> <span class='ocrx_word' id='word_1_675' title='bbox 1204 5488 1442 5557; x_wconf 84' lang='lat' dir='ltr'><strong>gentium</strong></span> <span class='ocrx_word' id='word_1_676' title='bbox 1501 5484 1828 5547; x_wconf 89' lang='lat' dir='ltr'><strong>multitudo,</strong></span> <span class='ocrx_word' id='word_1_677' title='bbox 1900 5499 2019 5552; x_wconf 66' lang='lat' dir='ltr'><strong>quae</strong></span> <span class='ocrx_word' id='word_1_678' title='bbox 2084 5483 2148 5536; x_wconf 91' lang='lat' dir='ltr'><strong>ad</strong></span> 
     </span>
    </p>
   </div>
   <div class='ocr_carea' id='block_1_89' title="bbox 575 5577 2152 5651">
    <p class='ocr_par' dir='ltr' id='par_1_89' title="bbox 575 5577 2152 5651">
     <span class='ocr_line' id='line_1_89' title="bbox 575 5577 2152 5651; baseline -0.003 -18"><span class='ocrx_word' id='word_1_679' title='bbox 575 5584 853 5638; x_wconf 67' lang='lat' dir='ltr'><strong>dexteram</strong></span> <span class='ocrx_word' id='word_1_680' title='bbox 882 5583 972 5641; x_wconf 84' lang='lat' dir='ltr'><strong>Dei</strong></span> <span class='ocrx_word' id='word_1_681' title='bbox 1004 5580 1249 5651; x_wconf 88' lang='lat' dir='ltr'><strong>ponenda</strong></span> <span class='ocrx_word' id='word_1_682' title='bbox 1272 5590 1376 5643; x_wconf 81' lang='lat' dir='ltr'><strong>est,</strong></span> <span class='ocrx_word' id='word_1_683' title='bbox 1408 5579 1472 5631; x_wconf 90' lang='lat' dir='ltr'><strong>ad</strong></span> <span class='ocrx_word' id='word_1_684' title='bbox 1499 5577 1617 5634; x_wconf 84' lang='lat' dir='ltr'><strong>lidei</strong></span> <span class='ocrx_word' id='word_1_685' title='bbox 1644 5585 1980 5632; x_wconf 83' lang='lat' dir='ltr'><strong>sacramenta</strong></span> <span class='ocrx_word' id='word_1_686' title='bbox 2002 5577 2152 5634; x_wconf 80' lang='lat' dir='ltr'><strong>colli-</strong></span> 
     </span>
    </p>
   </div>
   <div class='ocr_carea' id='block_1_90' title="bbox 575 5683 731 5741">
    <p class='ocr_par' dir='ltr' id='par_1_90' title="bbox 575 5683 731 5741">
     <span class='ocr_line' id='line_1_90' title="bbox 575 5683 731 5741; baseline 0.013 -20"><span class='ocrx_word' id='word_1_687' title='bbox 575 5683 731 5741; x_wconf 68' lang='lat' dir='ltr'><strong>gitur.</strong></span> 
     </span>
    </p>
   </div>
   <div class='ocr_carea' id='block_1_91' title="bbox 2242 3303 3820 3379">
    <p class='ocr_par' dir='ltr' id='par_1_91' title="bbox 2242 3303 3820 3379">
     <span class='ocr_line' id='line_1_91' title="bbox 2242 3303 3820 3379; baseline 0.002 -21"><span class='ocrx_word' id='word_1_688' title='bbox 2242 3303 2462 3358; x_wconf 89' lang='lat' dir='ltr'><strong>modum</strong></span> <span class='ocrx_word' id='word_1_689' title='bbox 2511 3307 2842 3362; x_wconf 86' lang='lat' dir='ltr'><strong>alabastrum</strong></span> <span class='ocrx_word' id='word_1_690' title='bbox 2890 3310 3145 3379; x_wconf 80' lang='lat' dir='ltr'><strong>unguenti</strong></span> <span class='ocrx_word' id='word_1_691' title='bbox 3193 3308 3413 3378; x_wconf 89' lang='lat' dir='ltr'><strong>pretiosi</strong></span> <span class='ocrx_word' id='word_1_692' title='bbox 3461 3322 3624 3377; x_wconf 87' lang='lat' dir='ltr'><strong>super</strong></span> <span class='ocrx_word' id='word_1_693' title='bbox 3661 3317 3820 3373; x_wconf 85' lang='lat' dir='ltr'><strong>caput</strong></span> 
     </span>
    </p>
   </div>
   <div class='ocr_carea' id='block_1_92' title="bbox 2245 3398 3819 3469">
    <p class='ocr_par' dir='ltr' id='par_1_92' title="bbox 2245 3398 3819 3469">
     <span class='ocr_line' id='line_1_92' title="bbox 2245 3398 3819 3469; baseline 0.001 -21"><span class='ocrx_word' id='word_1_694' title='bbox 2245 3398 2610 3455; x_wconf 88' lang='lat' dir='ltr'><strong>recumbentis</strong></span> <span class='ocrx_word' id='word_1_695' title='bbox 2634 3398 2841 3455; x_wconf 82' lang='lat' dir='ltr'><strong>ell&#39;udit.</strong></span> <span class='ocrx_word' id='word_1_696' title='bbox 2861 3401 3034 3469; x_wconf 80' lang='lat' dir='ltr'><strong>Caput</strong></span> <span class='ocrx_word' id='word_1_697' title='bbox 3058 3399 3258 3455; x_wconf 84' lang='lat' dir='ltr'><strong>Christi</strong></span> <span class='ocrx_word' id='word_1_698' title='bbox 3282 3401 3420 3453; x_wconf 88' lang='lat' dir='ltr'><strong>Deus</strong></span> <span class='ocrx_word' id='word_1_699' title='bbox 3441 3417 3454 3451; x_wconf 90' lang='lat'><strong>:</strong></span> <span class='ocrx_word' id='word_1_700' title='bbox 3481 3399 3645 3468; x_wconf 88' lang='lat' dir='ltr'><strong>pedes</strong></span> <span class='ocrx_word' id='word_1_701' title='bbox 3665 3398 3819 3453; x_wconf 81' lang='lat' dir='ltr'><strong>Chri-</strong></span> 
     </span>
    </p>
   </div>
   <div class='ocr_carea' id='block_1_93' title="bbox 2242 3488 3824 3556">
    <p class='ocr_par' dir='ltr' id='par_1_93' title="bbox 2242 3488 3824 3556">
     <span class='ocr_line' id='line_1_93' title="bbox 2242 3488 3824 3556; baseline -0.001 -12"><span class='ocrx_word' id='word_1_702' title='bbox 2242 3491 2310 3544; x_wconf 90' lang='lat' dir='ltr'><strong>sti</strong></span> <span class='ocrx_word' id='word_1_703' title='bbox 2341 3490 2482 3546; x_wconf 85' lang='lat' dir='ltr'><strong>servi</strong></span> <span class='ocrx_word' id='word_1_704' title='bbox 2509 3490 2621 3544; x_wconf 93' lang='lat' dir='ltr'><strong>Dei.</strong></span> <span class='ocrx_word' id='word_1_705' title='bbox 2659 3490 2811 3546; x_wconf 91' lang='lat' dir='ltr'><strong>Sicut</strong></span> <span class='ocrx_word' id='word_1_706' title='bbox 2845 3491 2989 3547; x_wconf 90' lang='lat' dir='ltr'><strong>enim</strong></span> <span class='ocrx_word' id='word_1_707' title='bbox 3022 3491 3134 3556; x_wconf 88' lang='lat' dir='ltr'><strong>illa,</strong></span> <span class='ocrx_word' id='word_1_708' title='bbox 3164 3491 3289 3546; x_wconf 89' lang='lat' dir='ltr'><strong>dum</strong></span> <span class='ocrx_word' id='word_1_709' title='bbox 3319 3490 3641 3545; x_wconf 87' lang='lat' dir='ltr'><strong>humanitati</strong></span> <span class='ocrx_word' id='word_1_710' title='bbox 3667 3488 3824 3545; x_wconf 83' lang='lat' dir='ltr'><strong>Chri-</strong></span> 
     </span>
    </p>
   </div>
   <div class='ocr_carea' id='block_1_94' title="bbox 2244 3579 3822 3650">
    <p class='ocr_par' dir='ltr' id='par_1_94' title="bbox 2244 3579 3822 3650">
     <span class='ocr_line' id='line_1_94' title="bbox 2244 3579 3822 3650; baseline 0.001 -16"><span class='ocrx_word' id='word_1_711' title='bbox 2244 3579 2314 3634; x_wconf 88' lang='lat' dir='ltr'><strong>sti</strong></span> <span class='ocrx_word' id='word_1_712' title='bbox 2342 3579 2593 3650; x_wconf 90' lang='lat' dir='ltr'><strong>dependit</strong></span> <span class='ocrx_word' id='word_1_713' title='bbox 2618 3580 2956 3650; x_wconf 85' lang='lat' dir='ltr'><strong>obsequium,</strong></span> <span class='ocrx_word' id='word_1_714' title='bbox 2985 3582 3051 3635; x_wconf 87' lang='lat' dir='ltr'><strong>ad</strong></span> <span class='ocrx_word' id='word_1_715' title='bbox 3090 3581 3387 3635; x_wconf 85' lang='lat' dir='ltr'><strong>divinitatis</strong></span> <span class='ocrx_word' id='word_1_716' title='bbox 3415 3580 3683 3650; x_wconf 85' lang='lat' dir='ltr'><strong>attingere</strong></span> <span class='ocrx_word' id='word_1_717' title='bbox 3707 3595 3822 3635; x_wconf 85' lang='lat' dir='ltr'><strong>me-</strong></span> 
     </span>
    </p>
   </div>
   <div class='ocr_carea' id='block_1_95' title="bbox 2232 3670 3824 3738">
    <p class='ocr_par' dir='ltr' id='par_1_95' title="bbox 2232 3670 3824 3738">
     <span class='ocr_line' id='line_1_95' title="bbox 2232 3670 3824 3738; baseline -0.001 -13"><span class='ocrx_word' id='word_1_718' title='bbox 2232 3671 2356 3725; x_wconf 89' lang='lat' dir='ltr'><strong>-ruit</strong></span> <span class='ocrx_word' id='word_1_719' title='bbox 2400 3671 2759 3738; x_wconf 87' lang='lat' dir='ltr'><strong>intellectum,</strong></span> <span class='ocrx_word' id='word_1_720' title='bbox 2781 3673 2861 3728; x_wconf 90' lang='lat' dir='ltr'><strong>sic</strong></span> <span class='ocrx_word' id='word_1_721' title='bbox 2900 3673 3090 3729; x_wconf 85' lang='lat' dir='ltr'><strong>doctor</strong></span> <span class='ocrx_word' id='word_1_722' title='bbox 3125 3672 3401 3737; x_wconf 55' lang='lat' dir='ltr'><strong>Ecclesia},</strong></span> <span class='ocrx_word' id='word_1_723' title='bbox 3431 3672 3556 3725; x_wconf 91' lang='lat' dir='ltr'><strong>dum</strong></span> <span class='ocrx_word' id='word_1_724' title='bbox 3582 3670 3824 3725; x_wconf 80' lang='lat' dir='ltr'><strong>membra</strong></span> 
     </span>
    </p>
   </div>
   <div class='ocr_carea' id='block_1_96' title="bbox 2244 3763 3827 3836">
    <p class='ocr_par' dir='ltr' id='par_1_96' title="bbox 2244 3763 3827 3836">
     <span class='ocr_line' id='line_1_96' title="bbox 2244 3763 3827 3836; baseline 0.001 -21"><span class='ocrx_word' id='word_1_725' title='bbox 2244 3763 2518 3829; x_wconf 86' lang='lat' dir='ltr'><strong>custodit,</strong></span> <span class='ocrx_word' id='word_1_726' title='bbox 2575 3763 3002 3834; x_wconf 75' lang='lat' dir='ltr'><strong>contemplanda:</strong></span> <span class='ocrx_word' id='word_1_727' title='bbox 3054 3764 3356 3819; x_wconf 89' lang='lat' dir='ltr'><strong>divinitatis</strong></span> <span class='ocrx_word' id='word_1_728' title='bbox 3411 3763 3641 3834; x_wconf 86' lang='lat' dir='ltr'><strong>gratiam</strong></span> <span class='ocrx_word' id='word_1_729' title='bbox 3698 3777 3827 3836; x_wconf 80' lang='lat' dir='ltr'><strong>per—</strong></span> 
     </span>
    </p>
   </div>
   <div class='ocr_carea' id='block_1_97' title="bbox 2244 3853 2397 3925">
    <p class='ocr_par' dir='ltr' id='par_1_97' title="bbox 2244 3853 2397 3925">
     <span class='ocr_line' id='line_1_97' title="bbox 2244 3853 2397 3925; baseline 0 -16"><span class='ocrx_word' id='word_1_730' title='bbox 2244 3853 2397 3925; x_wconf 87' lang='lat' dir='ltr'><strong>cipit.</strong></span> 
     </span>
    </p>
   </div>
   <div class='ocr_carea' id='block_1_98' title="bbox 2809 3943 3259 4002">
    <p class='ocr_par' dir='ltr' id='par_1_98' title="bbox 2809 3943 3259 4002">
     <span class='ocr_line' id='line_1_98' title="bbox 2809 3943 3259 4002; baseline -0.004 -1"><span class='ocrx_word' id='word_1_731' title='bbox 2809 3943 3038 4002; x_wconf 88' lang='lat' dir='ltr'><strong>CAPUT</strong></span> <span class='ocrx_word' id='word_1_732' title='bbox 3092 3943 3259 3999; x_wconf 80' lang='lat' dir='ltr'><strong>XXX.</strong></span> 
     </span>
    </p>
   </div>
   <div class='ocr_carea' id='block_1_99' title="bbox 2342 4047 3735 4104">
    <p class='ocr_par' dir='ltr' id='par_1_99' title="bbox 2342 4047 3735 4104">
     <span class='ocr_line' id='line_1_99' title="bbox 2342 4047 3735 4104; baseline -0.004 -2"><span class='ocrx_word' id='word_1_733' title='bbox 2342 4047 2615 4104; x_wconf 78' lang='lat' dir='ltr'><strong>Descendit</strong></span> <span class='ocrx_word' id='word_1_734' title='bbox 2634 4048 2805 4103; x_wconf 76' lang='lat' dir='ltr'><strong>ludas</strong></span> <span class='ocrx_word' id='word_1_735' title='bbox 2834 4049 2890 4104; x_wconf 84' lang='lat' dir='ltr'><strong>in</strong></span> <span class='ocrx_word' id='word_1_736' title='bbox 2912 4047 3149 4104; x_wconf 84' lang='lat' dir='ltr'><strong>Thamna</strong></span> <span class='ocrx_word' id='word_1_737' title='bbox 3187 4048 3257 4102; x_wconf 88' lang='lat' dir='ltr'><strong>ad</strong></span> <span class='ocrx_word' id='word_1_738' title='bbox 3279 4047 3569 4103; x_wconf 80' lang='lat' dir='ltr'><strong>tondendas</strong></span> <span class='ocrx_word' id='word_1_739' title='bbox 3598 4062 3735 4100; x_wconf 81' lang='lat' dir='ltr'><strong>om.</strong></span> 
     </span>
    </p>
   </div>
   <div class='ocr_carea' id='block_1_100' title="bbox 2316 4136 3831 4194">
    <p class='ocr_par' dir='ltr' id='par_1_100' title="bbox 2316 4136 3831 4194">
     <span class='ocr_line' id='line_1_100' title="bbox 2316 4136 3831 4194; baseline -0.003 -1"><span class='ocrx_word' id='word_1_740' title='bbox 2316 4138 2603 4194; x_wconf 90' lang='lat' dir='ltr'><strong>Descendit</strong></span> <span class='ocrx_word' id='word_1_741' title='bbox 2643 4137 2808 4193; x_wconf 78' lang='lat' dir='ltr'><strong>ludas</strong></span> <span class='ocrx_word' id='word_1_742' title='bbox 2860 4137 2913 4193; x_wconf 91' lang='lat' dir='ltr'><strong>in</strong></span> <span class='ocrx_word' id='word_1_743' title='bbox 2958 4138 3200 4194; x_wconf 85' lang='lat' dir='ltr'><strong>Tbamna</strong></span> <span class='ocrx_word' id='word_1_744' title='bbox 3251 4138 3319 4192; x_wconf 84' lang='lat' dir='ltr'><strong>ad</strong></span> <span class='ocrx_word' id='word_1_745' title='bbox 3364 4136 3657 4191; x_wconf 90' lang='lat' dir='ltr'><strong>tondendas</strong></span> <span class='ocrx_word' id='word_1_746' title='bbox 3698 4150 3831 4189; x_wconf 82' lang='lat' dir='ltr'><strong>oves</strong></span> 
     </span>
    </p>
   </div>
   <div class='ocr_carea' id='block_1_101' title="bbox 2245 4225 3833 4300">
    <p class='ocr_par' dir='ltr' id='par_1_101' title="bbox 2245 4225 3833 4300">
     <span class='ocr_line' id='line_1_101' title="bbox 2245 4225 3833 4300; baseline -0.003 -16"><span class='ocrx_word' id='word_1_747' title='bbox 2245 4243 2369 4284; x_wconf 88' lang='lat' dir='ltr'><strong>cum</strong></span> <span class='ocrx_word' id='word_1_748' title='bbox 2415 4228 2544 4283; x_wconf 83' lang='lat' dir='ltr'><strong>Ilira</strong></span> <span class='ocrx_word' id='word_1_749' title='bbox 2579 4229 2814 4299; x_wconf 89' lang='lat' dir='ltr'><strong>opilione</strong></span> <span class='ocrx_word' id='word_1_750' title='bbox 2850 4229 3029 4300; x_wconf 87' lang='lat' dir='ltr'><strong>gregis</strong></span> <span class='ocrx_word' id='word_1_751' title='bbox 3058 4229 3141 4284; x_wconf 91' lang='lat' dir='ltr'><strong>sui</strong></span> <span class='ocrx_word' id='word_1_752' title='bbox 3185 4227 3525 4285; x_wconf 66' lang='lat' dir='ltr'><strong>Odolamitaa.</strong></span> <span class='ocrx_word' id='word_1_753' title='bbox 3552 4225 3833 4281; x_wconf 85' lang='lat' dir='ltr'><strong>&#39;I‘hamnas</strong></span> 
     </span>
    </p>
   </div>
   <div class='ocr_carea' id='block_1_102' title="bbox 2249 4317 3833 4392">
    <p class='ocr_par' dir='ltr' id='par_1_102' title="bbox 2249 4317 3833 4392">
     <span class='ocr_line' id='line_1_102' title="bbox 2249 4317 3833 4392; baseline -0.004 -17"><span class='ocrx_word' id='word_1_754' title='bbox 2249 4329 2430 4377; x_wconf 89' lang='lat' dir='ltr'><strong>autem</strong></span> <span class='ocrx_word' id='word_1_755' title='bbox 2474 4321 2726 4389; x_wconf 76' lang='lat' dir='ltr'><strong>deﬁciens</strong></span> <span class='ocrx_word' id='word_1_756' title='bbox 2778 4322 3196 4392; x_wconf 83' lang='lat' dir='ltr'><strong>interpretatur;</strong></span> <span class='ocrx_word' id='word_1_757' title='bbox 3243 4336 3343 4391; x_wconf 84' lang='lat' dir='ltr'><strong>per</strong></span> <span class='ocrx_word' id='word_1_758' title='bbox 3377 4335 3541 4391; x_wconf 86' lang='lat' dir='ltr'><strong>quam</strong></span> <span class='ocrx_word' id='word_1_759' title='bbox 3579 4317 3833 4372; x_wconf 86' lang='lat' dir='ltr'><strong>videlicet</strong></span> 
     </span>
    </p>
   </div>
   <div class='ocr_carea' id='block_1_103' title="bbox 2248 4408 3834 4483">
    <p class='ocr_par' dir='ltr' id='par_1_103' title="bbox 2248 4408 3834 4483">
     <span class='ocr_line' id='line_1_103' title="bbox 2248 4408 3834 4483; baseline -0.005 -15"><span class='ocrx_word' id='word_1_760' title='bbox 2248 4427 2542 4483; x_wconf 84' lang='lat' dir='ltr'><strong>synagoga,</strong></span> <span class='ocrx_word' id='word_1_761' title='bbox 2574 4413 2625 4466; x_wconf 91' lang='lat' dir='ltr'><strong>in</strong></span> <span class='ocrx_word' id='word_1_762' title='bbox 2669 4428 2773 4482; x_wconf 90' lang='lat' dir='ltr'><strong>qua</strong></span> <span class='ocrx_word' id='word_1_763' title='bbox 2806 4428 2959 4483; x_wconf 85' lang='lat' dir='ltr'><strong>reges</strong></span> <span class='ocrx_word' id='word_1_764' title='bbox 2990 4422 3045 4467; x_wconf 90' lang='lat' dir='ltr'><strong>et</strong></span> <span class='ocrx_word' id='word_1_765' title='bbox 3080 4414 3357 4483; x_wconf 67' lang='lat' dir='ltr'><strong>prophetze</strong></span> <span class='ocrx_word' id='word_1_766' title='bbox 3396 4411 3729 4473; x_wconf 82' lang='lat' dir='ltr'><strong>defecerant,</strong></span> <span class='ocrx_word' id='word_1_767' title='bbox 3760 4408 3834 4461; x_wconf 81' lang='lat' dir='ltr'><strong>si-</strong></span> 
     </span>
    </p>
   </div>
   <div class='ocr_carea' id='block_1_104' title="bbox 2249 4500 3833 4570">
    <p class='ocr_par' dir='ltr' id='par_1_104' title="bbox 2249 4500 3833 4570">
     <span class='ocr_line' id='line_1_104' title="bbox 2249 4500 3833 4570; baseline -0.005 -13"><span class='ocrx_word' id='word_1_768' title='bbox 2249 4505 2359 4559; x_wconf 89' lang='lat' dir='ltr'><strong>mul</strong></span> <span class='ocrx_word' id='word_1_769' title='bbox 2409 4512 2463 4559; x_wconf 88' lang='lat' dir='ltr'><strong>et</strong></span> <span class='ocrx_word' id='word_1_770' title='bbox 2505 4505 2707 4567; x_wconf 91' lang='lat' dir='ltr'><strong>unctio,</strong></span> <span class='ocrx_word' id='word_1_771' title='bbox 2756 4505 2926 4559; x_wconf 89' lang='lat' dir='ltr'><strong>donec</strong></span> <span class='ocrx_word' id='word_1_772' title='bbox 2964 4505 3173 4558; x_wconf 88' lang='lat' dir='ltr'><strong>veniret</strong></span> <span class='ocrx_word' id='word_1_773' title='bbox 3212 4503 3298 4557; x_wconf 93' lang='lat' dir='ltr'><strong>cui</strong></span> <span class='ocrx_word' id='word_1_774' title='bbox 3346 4500 3643 4570; x_wconf 88' lang='lat' dir='ltr'><strong>repositum</strong></span> <span class='ocrx_word' id='word_1_775' title='bbox 3687 4506 3833 4561; x_wconf 87' lang='lat' dir='ltr'><strong>erat,</strong></span> 
     </span>
    </p>
   </div>
   <div class='ocr_carea' id='block_1_105' title="bbox 2247 4591 3831 4669">
    <p class='ocr_par' dir='ltr' id='par_1_105' title="bbox 2247 4591 3831 4669">
     <span class='ocr_line' id='line_1_105' title="bbox 2247 4591 3831 4669; baseline -0.008 -15"><span class='ocrx_word' id='word_1_776' title='bbox 2247 4598 2570 4654; x_wconf 88' lang='lat' dir='ltr'><strong>ostenditur.</strong></span> <span class='ocrx_word' id='word_1_777' title='bbox 2623 4597 2776 4654; x_wconf 89' lang='lat' dir='ltr'><strong>Unde</strong></span> <span class='ocrx_word' id='word_1_778' title='bbox 2826 4597 2990 4652; x_wconf 90' lang='lat' dir='ltr'><strong>etiam</strong></span> <span class='ocrx_word' id='word_1_779' title='bbox 3039 4612 3137 4665; x_wconf 91' lang='lat' dir='ltr'><strong>per</strong></span> <span class='ocrx_word' id='word_1_780' title='bbox 3192 4594 3516 4665; x_wconf 89' lang='lat' dir='ltr'><strong>Prophetam</strong></span> <span class='ocrx_word' id='word_1_781' title='bbox 3573 4591 3774 4669; x_wconf 69' lang='lat' dir='ltr'><strong>dicitur</strong></span> <span class='ocrx_word' id='word_1_782' title='bbox 3814 4607 3831 4649; x_wconf 88' lang='lat'><strong>;</strong></span> 
     </span>
    </p>
   </div>
   <div class='ocr_carea' id='block_1_106' title="bbox 2250 4681 3829 4747">
    <p class='ocr_par' dir='ltr' id='par_1_106' title="bbox 2250 4681 3829 4747">
     <span class='ocr_line' id='line_1_106' title="bbox 2250 4681 3829 4747; baseline -0.007 -6"><span class='ocrx_word' id='word_1_783' title='bbox 2250 4706 2270 4741; x_wconf 70' lang='grc' dir='ltr'>ς</span> <span class='ocrx_word' id='word_1_784' title='bbox 2306 4688 2441 4743; x_wconf 86' lang='lat' dir='ltr'><strong>Cum</strong></span> <span class='ocrx_word' id='word_1_785' title='bbox 2464 4689 2676 4744; x_wconf 90' lang='lat' dir='ltr'><strong>venerit</strong></span> <span class='ocrx_word' id='word_1_786' title='bbox 2702 4696 2924 4743; x_wconf 87' lang='lat' dir='ltr'><strong>sanctus</strong></span> <span class='ocrx_word' id='word_1_787' title='bbox 2945 4694 3257 4741; x_wconf 89' lang='lat' dir='ltr'><strong>sanctorum</strong></span> <span class='ocrx_word' id='word_1_788' title='bbox 3277 4725 3291 4747; x_wconf 88' lang='lat'><strong>,</strong></span> <span class='ocrx_word' id='word_1_789' title='bbox 3320 4683 3555 4738; x_wconf 86' lang='lat' dir='ltr'><strong>cessabit</strong></span> <span class='ocrx_word' id='word_1_790' title='bbox 3574 4681 3779 4734; x_wconf 89' lang='lat' dir='ltr'><strong>unctio.</strong></span> <span class='ocrx_word' id='word_1_791' title='bbox 3808 4699 3829 4727; x_wconf 72' lang='grc' dir='ltr'>δ</span> 
     </span>
    </p>
   </div>
   <div class='ocr_carea' id='block_1_107' title="bbox 2246 4772 3838 4848">
    <p class='ocr_par' dir='ltr' id='par_1_107' title="bbox 2246 4772 3838 4848">
     <span class='ocr_line' id='line_1_107' title="bbox 2246 4772 3838 4848; baseline -0.004 -17"><span class='ocrx_word' id='word_1_792' title='bbox 2246 4779 2385 4843; x_wconf 84' lang='lat' dir='ltr'><strong>Quid</strong></span> <span class='ocrx_word' id='word_1_793' title='bbox 2418 4779 2600 4847; x_wconf 88' lang='lat' dir='ltr'><strong>itaque</strong></span> <span class='ocrx_word' id='word_1_794' title='bbox 2635 4793 2732 4848; x_wconf 90' lang='lat' dir='ltr'><strong>per</strong></span> <span class='ocrx_word' id='word_1_795' title='bbox 2767 4777 2983 4843; x_wconf 86' lang='lat' dir='ltr'><strong>Judam,</strong></span> <span class='ocrx_word' id='word_1_796' title='bbox 3025 4777 3117 4847; x_wconf 92' lang='lat' dir='ltr'><strong>qui</strong></span> <span class='ocrx_word' id='word_1_797' title='bbox 3161 4777 3227 4831; x_wconf 90' lang='lat' dir='ltr'><strong>ad</strong></span> <span class='ocrx_word' id='word_1_798' title='bbox 3265 4774 3565 4832; x_wconf 89' lang='lat' dir='ltr'><strong>tondendas</strong></span> <span class='ocrx_word' id='word_1_799' title='bbox 3606 4788 3736 4826; x_wconf 87' lang='lat' dir='ltr'><strong>oves</strong></span> <span class='ocrx_word' id='word_1_800' title='bbox 3779 4772 3838 4825; x_wconf 86' lang='lat' dir='ltr'><strong>in</strong></span> 
     </span>
    </p>
   </div>
   <div class='ocr_carea' id='block_1_108' title="bbox 2245 4863 3836 4940">
    <p class='ocr_par' dir='ltr' id='par_1_108' title="bbox 2245 4863 3836 4940">
     <span class='ocr_line' id='line_1_108' title="bbox 2245 4863 3836 4940; baseline -0.004 -18"><span class='ocrx_word' id='word_1_801' title='bbox 2245 4867 2490 4924; x_wconf 85' lang='lat' dir='ltr'><strong>Thamna</strong></span> <span class='ocrx_word' id='word_1_802' title='bbox 2531 4870 2698 4936; x_wconf 91' lang='lat' dir='ltr'><strong>venit,</strong></span> <span class='ocrx_word' id='word_1_803' title='bbox 2747 4870 2848 4924; x_wconf 90' lang='lat' dir='ltr'><strong>nisi</strong></span> <span class='ocrx_word' id='word_1_804' title='bbox 2902 4869 3227 4940; x_wconf 75' lang='lat' dir='ltr'><strong>Redemptor</strong></span> <span class='ocrx_word' id='word_1_805' title='bbox 3272 4877 3460 4922; x_wconf 88' lang='lat' dir='ltr'><strong>noster</strong></span> <span class='ocrx_word' id='word_1_806' title='bbox 3496 4863 3836 4933; x_wconf 76' lang='lat' dir='ltr'><strong>intelligitur.</strong></span> 
     </span>
    </p>
   </div>
   <div class='ocr_carea' id='block_1_109' title="bbox 2244 4955 3835 5031">
    <p class='ocr_par' dir='ltr' id='par_1_109' title="bbox 2244 4955 3835 5031">
     <span class='ocr_line' id='line_1_109' title="bbox 2244 4955 3835 5031; baseline -0.004 -18"><span class='ocrx_word' id='word_1_807' title='bbox 2244 4960 2411 5031; x_wconf 73' lang='lat'><strong>906</strong></span> <span class='ocrx_word' id='word_1_808' title='bbox 2436 4961 2528 5031; x_wconf 89' lang='lat' dir='ltr'><strong>qui</strong></span> <span class='ocrx_word' id='word_1_809' title='bbox 2561 4970 2618 5013; x_wconf 91' lang='lat' dir='ltr'><strong>ut</strong></span> <span class='ocrx_word' id='word_1_810' title='bbox 2644 4976 2793 5025; x_wconf 88' lang='lat' dir='ltr'><strong>oves,</strong></span> <span class='ocrx_word' id='word_1_811' title='bbox 2821 4977 2940 5029; x_wconf 82' lang='lat' dir='ltr'><strong>qme</strong></span> <span class='ocrx_word' id='word_1_812' title='bbox 2970 4960 3241 5028; x_wconf 88' lang='lat' dir='ltr'><strong>perierant</strong></span> <span class='ocrx_word' id='word_1_813' title='bbox 3284 4961 3474 5013; x_wconf 87' lang='lat' dir='ltr'><strong>domus</strong></span> <span class='ocrx_word' id='word_1_814' title='bbox 3514 4955 3701 5019; x_wconf 77' lang='lat' dir='ltr'><strong>Israel,</strong></span> <span class='ocrx_word' id='word_1_815' title='bbox 3732 4969 3835 5009; x_wconf 77' lang='lat' dir='ltr'><strong>ex-</strong></span> 
     </span>
    </p>
   </div>
   <div class='ocr_carea' id='block_1_110' title="bbox 2251 5041 3844 5120">
    <p class='ocr_par' dir='ltr' id='par_1_110' title="bbox 2251 5041 3844 5120">
     <span class='ocr_line' id='line_1_110' title="bbox 2251 5041 3844 5120; baseline -0.004 -16"><span class='ocrx_word' id='word_1_816' title='bbox 2251 5061 2504 5105; x_wconf 89' lang='lat' dir='ltr'><strong>oneraret</strong></span> <span class='ocrx_word' id='word_1_817' title='bbox 2523 5051 2778 5119; x_wconf 87' lang='lat' dir='ltr'><strong>peccatis,</strong></span> <span class='ocrx_word' id='word_1_818' title='bbox 2792 5050 2856 5104; x_wconf 89' lang='lat' dir='ltr'><strong>ad</strong></span> <span class='ocrx_word' id='word_1_819' title='bbox 2880 5049 3213 5120; x_wconf 85' lang='lat' dir='ltr'><strong>Synagogam</strong></span> <span class='ocrx_word' id='word_1_820' title='bbox 3231 5048 3441 5101; x_wconf 89' lang='lat' dir='ltr'><strong>venisse</strong></span> <span class='ocrx_word' id='word_1_821' title='bbox 3462 5041 3844 5114; x_wconf 71' lang='lat' dir='ltr'><strong>cognoscitur?</strong></span> 
     </span>
    </p>
   </div>
   <div class='ocr_carea' id='block_1_111' title="bbox 2254 5132 3841 5208">
    <p class='ocr_par' dir='ltr' id='par_1_111' title="bbox 2254 5132 3841 5208">
     <span class='ocr_line' id='line_1_111' title="bbox 2254 5132 3841 5208; baseline -0.005 -13"><span class='ocrx_word' id='word_1_822' title='bbox 2254 5138 2407 5195; x_wconf 88' lang='lat' dir='ltr'><strong>Unde</strong></span> <span class='ocrx_word' id='word_1_823' title='bbox 2451 5156 2681 5208; x_wconf 88' lang='lat' dir='ltr'><strong>sponsus</strong></span> <span class='ocrx_word' id='word_1_824' title='bbox 2734 5140 2801 5193; x_wconf 87' lang='lat' dir='ltr'><strong>ad</strong></span> <span class='ocrx_word' id='word_1_825' title='bbox 2850 5154 3102 5208; x_wconf 89' lang='lat' dir='ltr'><strong>sponsam</strong></span> <span class='ocrx_word' id='word_1_826' title='bbox 3158 5138 3211 5192; x_wconf 94' lang='lat' dir='ltr'><strong>in</strong></span> <span class='ocrx_word' id='word_1_827' title='bbox 3264 5136 3546 5191; x_wconf 85' lang='lat' dir='ltr'><strong>Canticis:</strong></span> <span class='ocrx_word' id='word_1_828' title='bbox 3583 5151 3602 5184; x_wconf 72' lang='grc' dir='ltr'>ι</span> <span class='ocrx_word' id='word_1_829' title='bbox 3642 5132 3841 5188; x_wconf 73' lang='lat' dir='ltr'><strong>Demos</strong></span> 
     </span>
    </p>
   </div>
   <div class='ocr_carea' id='block_1_112' title="bbox 2255 5223 3841 5301">
    <p class='ocr_par' dir='ltr' id='par_1_112' title="bbox 2255 5223 3841 5301">
     <span class='ocr_line' id='line_1_112' title="bbox 2255 5223 3841 5301; baseline -0.006 -15"><span class='ocrx_word' id='word_1_830' title='bbox 2255 5233 2329 5286; x_wconf 91' lang='lat' dir='ltr'><strong>tui</strong></span> <span class='ocrx_word' id='word_1_831' title='bbox 2354 5233 2497 5287; x_wconf 88' lang='lat' dir='ltr'><strong>sicut</strong></span> <span class='ocrx_word' id='word_1_832' title='bbox 2522 5247 2650 5301; x_wconf 80' lang='lat' dir='ltr'><strong>grex</strong></span> <span class='ocrx_word' id='word_1_833' title='bbox 2676 5241 2978 5294; x_wconf 87' lang='lat' dir='ltr'><strong>tonsarmn,</strong></span> <span class='ocrx_word' id='word_1_834' title='bbox 3020 5247 3139 5301; x_wconf 76' lang='lat' dir='ltr'><strong>qua:</strong></span> <span class='ocrx_word' id='word_1_835' title='bbox 3176 5228 3537 5283; x_wconf 88' lang='lat' dir='ltr'><strong>ascenderunt</strong></span> <span class='ocrx_word' id='word_1_836' title='bbox 3583 5224 3652 5279; x_wconf 90' lang='lat' dir='ltr'><strong>de</strong></span> <span class='ocrx_word' id='word_1_837' title='bbox 3686 5223 3841 5279; x_wconf 80' lang='lat' dir='ltr'><strong>lava-</strong></span> 
     </span>
    </p>
   </div>
   <div class='ocr_carea' id='block_1_113' title="bbox 2254 5318 3843 5393">
    <p class='ocr_par' dir='ltr' id='par_1_113' title="bbox 2254 5318 3843 5393">
     <span class='ocr_line' id='line_1_113' title="bbox 2254 5318 3843 5393; baseline -0.008 -13"><span class='ocrx_word' id='word_1_838' title='bbox 2254 5341 2365 5380; x_wconf 81' lang='lat' dir='ltr'><strong>cro.</strong></span> <span class='ocrx_word' id='word_1_839' title='bbox 2406 5344 2422 5376; x_wconf 72' lang='grc' dir='ltr'><strong><em>ι</em></strong></span> <span class='ocrx_word' id='word_1_840' title='bbox 2451 5323 2611 5379; x_wconf 84' lang='lat' dir='ltr'><strong>Venit</strong></span> <span class='ocrx_word' id='word_1_841' title='bbox 2660 5325 2840 5393; x_wconf 90' lang='lat' dir='ltr'><strong>itaque</strong></span> <span class='ocrx_word' id='word_1_842' title='bbox 2878 5323 3046 5378; x_wconf 84' lang='lat' dir='ltr'><strong>Judas</strong></span> <span class='ocrx_word' id='word_1_843' title='bbox 3087 5322 3153 5376; x_wconf 91' lang='lat' dir='ltr'><strong>ad</strong></span> <span class='ocrx_word' id='word_1_844' title='bbox 3197 5320 3493 5375; x_wconf 90' lang='lat' dir='ltr'><strong>tondendas</strong></span> <span class='ocrx_word' id='word_1_845' title='bbox 3537 5318 3689 5379; x_wconf 78' lang='lat' dir='ltr'><strong>Oves.</strong></span> <span class='ocrx_word' id='word_1_846' title='bbox 3729 5330 3843 5370; x_wconf 80' lang='lat' dir='ltr'><strong>non</strong></span> 
     </span>
    </p>
   </div>
   <div class='ocr_carea' id='block_1_114' title="bbox 2256 5404 3845 5484">
    <p class='ocr_par' dir='ltr' id='par_1_114' title="bbox 2256 5404 3845 5484">
     <span class='ocr_line' id='line_1_114' title="bbox 2256 5404 3845 5484; baseline -0.005 -18"><span class='ocrx_word' id='word_1_847' title='bbox 2256 5416 2471 5484; x_wconf 86' lang='lat' dir='ltr'><strong>quidem</strong></span> <span class='ocrx_word' id='word_1_848' title='bbox 2504 5414 2669 5477; x_wconf 86' lang='lat' dir='ltr'><strong>solus,</strong></span> <span class='ocrx_word' id='word_1_849' title='bbox 2709 5415 2801 5468; x_wconf 88' lang='lat' dir='ltr'><strong>sed</strong></span> <span class='ocrx_word' id='word_1_850' title='bbox 2832 5430 2954 5466; x_wconf 83' lang='lat' dir='ltr'><strong>cum</strong></span> <span class='ocrx_word' id='word_1_851' title='bbox 2988 5420 3203 5482; x_wconf 87' lang='lat' dir='ltr'><strong>pastore</strong></span> <span class='ocrx_word' id='word_1_852' title='bbox 3254 5427 3353 5464; x_wconf 86' lang='lat' dir='ltr'><strong>suo</strong></span> <span class='ocrx_word' id='word_1_853' title='bbox 3401 5406 3725 5467; x_wconf 85' lang='lat' dir='ltr'><strong>Odolamite,</strong></span> <span class='ocrx_word' id='word_1_854' title='bbox 3752 5404 3845 5458; x_wconf 83' lang='lat' dir='ltr'><strong>cui</strong></span> 
     </span>
    </p>
   </div>
   <div class='ocr_carea' id='block_1_115' title="bbox 2258 5497 3849 5573">
    <p class='ocr_par' dir='ltr' id='par_1_115' title="bbox 2258 5497 3849 5573">
     <span class='ocr_line' id='line_1_115' title="bbox 2258 5497 3849 5573; baseline -0.009 -10"><span class='ocrx_word' id='word_1_855' title='bbox 2258 5523 2451 5564; x_wconf 85' lang='lat' dir='ltr'><strong>nomen</strong></span> <span class='ocrx_word' id='word_1_856' title='bbox 2477 5518 2594 5560; x_wconf 83' lang='lat' dir='ltr'><strong>erat</strong></span> <span class='ocrx_word' id='word_1_857' title='bbox 2627 5506 2799 5559; x_wconf 87' lang='lat' dir='ltr'><strong>IIiras.</strong></span> <span class='ocrx_word' id='word_1_858' title='bbox 2830 5507 2966 5572; x_wconf 85' lang='lat' dir='ltr'><strong>Quid</strong></span> <span class='ocrx_word' id='word_1_859' title='bbox 3002 5521 3096 5573; x_wconf 83' lang='lat' dir='ltr'><strong>per</strong></span> <span class='ocrx_word' id='word_1_860' title='bbox 3126 5504 3505 5563; x_wconf 78' lang='lat' dir='ltr'><strong>Odulamitcm,</strong></span> <span class='ocrx_word' id='word_1_861' title='bbox 3536 5499 3637 5553; x_wconf 77' lang='lat' dir='ltr'><strong>nisi</strong></span> <span class='ocrx_word' id='word_1_862' title='bbox 3674 5497 3849 5549; x_wconf 79' lang='lat' dir='ltr'><strong>Joan-</strong></span> 
     </span>
    </p>
   </div>
   <div class='ocr_carea' id='block_1_116' title="bbox 2259 5590 3849 5667">
    <p class='ocr_par' dir='ltr' id='par_1_116' title="bbox 2259 5590 3849 5667">
     <span class='ocr_line' id='line_1_116' title="bbox 2259 5590 3849 5667; baseline -0.006 -14"><span class='ocrx_word' id='word_1_863' title='bbox 2259 5615 2381 5654; x_wconf 88' lang='lat' dir='ltr'><strong>nem</strong></span> <span class='ocrx_word' id='word_1_864' title='bbox 2421 5598 2801 5667; x_wconf 86' lang='lat' dir='ltr'><strong>intelligimus?</strong></span> <span class='ocrx_word' id='word_1_865' title='bbox 2846 5599 3234 5666; x_wconf 73' lang='lat' dir='ltr'><strong>Interpretatur</strong></span> <span class='ocrx_word' id='word_1_866' title='bbox 3284 5603 3463 5648; x_wconf 87' lang='lat' dir='ltr'><strong>autetu</strong></span> <span class='ocrx_word' id='word_1_867' title='bbox 3513 5590 3849 5645; x_wconf 63' lang='lat' dir='ltr'><strong>Udolamitrs</strong></span> 
     </span>
    </p>
   </div>
   <div class='ocr_carea' id='block_1_117' title="bbox 2260 5682 3849 5758">
    <p class='ocr_par' dir='ltr' id='par_1_117' title="bbox 2260 5682 3849 5758">
     <span class='ocr_line' id='line_1_117' title="bbox 2260 5682 3849 5758; baseline -0.008 -12"><span class='ocrx_word' id='word_1_868' title='bbox 2260 5692 2611 5746; x_wconf 83' lang='lat' dir='ltr'><strong>testimonium</strong></span> <span class='ocrx_word' id='word_1_869' title='bbox 2652 5706 2704 5743; x_wconf 83' lang='lat' dir='ltr'><strong>tn</strong></span> <span class='ocrx_word' id='word_1_870' title='bbox 2730 5707 2890 5758; x_wconf 84' lang='lat' dir='ltr'><strong>aqua.</strong></span> <span class='ocrx_word' id='word_1_871' title='bbox 2920 5689 3052 5743; x_wconf 81' lang='lat' dir='ltr'><strong>Cum</strong></span> <span class='ocrx_word' id='word_1_872' title='bbox 3085 5688 3184 5741; x_wconf 86' lang='lat' dir='ltr'><strong>hoc</strong></span> <span class='ocrx_word' id='word_1_873' title='bbox 3214 5687 3368 5755; x_wconf 84' lang='lat' dir='ltr'><strong>plane</strong></span> <span class='ocrx_word' id='word_1_874' title='bbox 3413 5682 3719 5739; x_wconf 90' lang='lat' dir='ltr'><strong>testimonio</strong></span> <span class='ocrx_word' id='word_1_875' title='bbox 3748 5698 3849 5733; x_wconf 77' lang='lat' dir='ltr'><strong>ve—</strong></span> 
     </span>
    </p>
   </div>
   <div class='ocr_carea' id='block_1_118' title="bbox 2262 5772 3847 5849">
    <p class='ocr_par' dir='ltr' id='par_1_118' title="bbox 2262 5772 3847 5849">
     <span class='ocr_line' id='line_1_118' title="bbox 2262 5772 3847 5849; baseline -0.007 -13"><span class='ocrx_word' id='word_1_876' title='bbox 2262 5784 2341 5837; x_wconf 89' lang='lat' dir='ltr'><strong>nit</strong></span> <span class='ocrx_word' id='word_1_877' title='bbox 2387 5782 2642 5836; x_wconf 78' lang='lat' dir='ltr'><strong>Dotninus</strong></span> <span class='ocrx_word' id='word_1_878' title='bbox 2676 5782 2739 5835; x_wconf 84' lang='lat' dir='ltr'><strong>ad</strong></span> <span class='ocrx_word' id='word_1_879' title='bbox 2771 5796 2937 5849; x_wconf 83' lang='lat' dir='ltr'><strong>aquas</strong></span> <span class='ocrx_word' id='word_1_880' title='bbox 2976 5778 3333 5846; x_wconf 84' lang='lat' dir='ltr'><strong>baptismatis,</strong></span> <span class='ocrx_word' id='word_1_881' title='bbox 3379 5774 3583 5830; x_wconf 81' lang='lat' dir='ltr'><strong>habens</strong></span> <span class='ocrx_word' id='word_1_882' title='bbox 3622 5772 3847 5841; x_wconf 82' lang='lat' dir='ltr'><strong>quidem</strong></span> 
     </span>
    </p>
   </div>
  </div>
