4054 6184
542 285 651 346 857

1799 278 2197 336 ALEXANDRI
2238 279 2278 334 ll
2321 278 2638 334 DIPLOMA.

3733 270 3838 324 838

546 401 726 472 majus
768 406 822 454 Ie
853 396 1136 453 timonium
1185 393 1440 460 Joannis,
1487 392 1601 460 sed,
1625 402 1848 463 propter
1892 393 2136 447 iulirmas
2164 398 2211 455 Α
2239 391 2534 445 secundum
2565 402 2748 444 semen
2787 387 3038 451 Abranze,
3065 386 3159 442 sed
3187 397 3244 442 et
3260 385 3418 454 juxta
3449 386 3828 458 cognationem

549 504 705 553 Oves,
735 488 838 542 hoc
875 484 1185 541 testimonio
1208 484 1284 538 uti
1315 484 1567 555 dignatus
1592 492 1676 538 est
1706 483 1757 536 in
1795 499 1955 552 aqua.
1991 480 2145 538 Unde

550 596 676 639 cum
701 579 909 634 videret
929 593 1051 630 eum
1079 577 1144 631 ad
1171 574 1423 630 Jordanis
1444 574 1644 628 fluenta
1669 573 2143 644 propinquantem,

551 671 808 745 protinus
828 667 1140 722 exclamans
1169 665 1242 719 ait
1271 683 1284 720 :
1321 685 1337 716 ι
1375 665 1518 720 Ειοο
1544 666 1727 735 Agnus
1758 665 1872 728 Dei,
1906 679 2031 718 ecce
2054 664 2142 732 qui

553 761 695 820 tollit
721 768 940 831 peccata
973 757 1178 811 mundi.
1217 775 1235 808 ι
1263 756 1330 810 Et
1353 755 1691 826 Evangelista
1716 755 1838 810 dicit
1874 773 1886 806 :
1919 773 1936 805 ι
1967 752 2145 807 Testi-

555 852 800 908 monium
828 849 1098 919 perhibuit
1127 846 1383 911 Joannes,
1418 848 1602 902 dicens
1631 864 1644 900 :
1669 845 1806 912 Quia
1833 846 1941 900 vidi
1971 845 2140 914 Spiri-

560 954 672 998 tum
717 939 1133 996 descendentem
1185 947 1443 1007 tanquam
1491 936 1796 992 colmnbam
1826 937 1892 991 de
1927 934 2066 989 cwlo
2095 943 2149 988 et

559 1041 869 1089 manentem
912 1045 1072 1101 super
1101 1045 1246 1092 eum,
1290 1038 1346 1084 et
1391 1043 1492 1099 ego
1535 1027 1842 1082 nesciebam
1883 1041 2027 1088 euut,
2054 1025 2148 1080 sed

561 1127 652 1196 qui
685 1125 833 1179 misit
867 1141 951 1178 me
984 1123 1266 1194 baptizare
1299 1123 1352 1178 in
1381 1139 1543 1192 aqua,
1573 1122 1664 1177 ille
1703 1121 1832 1176 mihi
1863 1121 2026 1175 dixit:
2051 1119 2150 1174 Su-

564 1235 662 1288 per
686 1233 844 1288 quem
883 1216 1085 1272 videris
1109 1217 1368 1287 Spiritum
1394 1215 1811 1272 descendentem
1835 1223 1892 1268 et
1929 1226 2152 1267 manen-

567 1322 673 1366 tem
725 1326 890 1380 super
914 1325 1061 1374 eum,
1091 1310 1179 1363 hic
1208 1317 1294 1364 est
1327 1308 1418 1380 qui
1447 1307 1686 1378 baptizat
1714 1306 1766 1360 in
1805 1304 2007 1374 Spiritu
2030 1318 2154 1356 san-

565 1413 673 1461 cto.
709 1423 727 1454 ι
759 1402 853 1458 Cui
874 1419 1004 1457 sane
1035 1403 1229 1459 visioni
1253 1412 1304 1457 et
1337 1417 1529 1457 nomen
1555 1400 1787 1471 pastoris
1814 1399 1956 1452 illius
1983 1397 2148 1466 aptis-

567 1495 702 1550 sime
727 1494 995 1564 congruit.
1033 1493 1426 1565 lnterpretatur
1462 1492 1607 1547 enim
1639 1491 1818 1554 Hiras,
1843 1489 2023 1558 fratris
2053 1488 2154 1541 mei

567 1588 715 1644 visio.
749 1587 878 1641 Erat
899 1586 1097 1658 quippe
1122 1585 1380 1642 Dominus
1399 1585 1568 1640 frater
1585 1583 1830 1648 Joannis,
1863 1597 1968 1637 non
1997 1579 2156 1634 modo

1617 1747 2713 1764 —--—-—-——————.——-——

2248 481 2430 537 Maria:
2477 489 2534 534 et
2579 479 2873 535 Elisabeth.
2905 478 3051 533 Vidit
3100 478 3283 548 itaque
3324 476 3564 533 Joannes
3613 477 3838 530 fratrem

2249 589 2404 629 suum
2453 573 2629 628 adhuc
2675 571 2916 626 clausum
2958 570 3010 624 in
3057 579 3230 635 utero,
3276 569 3410 624 vidit
3441 569 3492 623 in
3536 568 3837 638 baptismo,

2249 665 2387 719 vidit
2407 663 2564 719 oculo
2585 661 2768 717 carnis
2789 660 3082 725 hominem,
3112 660 3249 714 vidit
3287 659 3338 713 in
3365 658 3560 730 spiritu
3593 656 3843 725 majesta-

2255 763 2386 811 tem.
2430 754 2584 810 Unde
2623 754 2905 821 utriusque
2934 753 3116 817 hujus.
3153 751 3391 806 hominis
3431 749 3840 820 interpretatio-

2254 862 2402 910 nem,
2434 844 2594 899 lliras
2643 843 2926 908 videlicet,
2957 843 3098 912 quod
3137 850 3218 898 est
3250 841 3433 911 fratris
3462 841 3564 894 mei
3589 841 3749 904 vis'o,
3789 848 3846 894 et

2254 940 2608 1004 Odolamites,
2640 937 2784 1008 quod
2814 944 2973 992 sonat
3003 935 3356 989 testimonium
3401 933 3455 987 in
3501 949 3662 1002 aqua,
3701 931 3842 987 idem

2253 1031 2491 1087 Joannes
2527 1030 2627 1084 sub
2656 1027 2818 1081 unius
2869 1024 3152 1080 sententiae
3183 1022 3450 1078 versiculo
3489 1021 3846 1091 comprehen-

2256 1123 2354 1187 dit,
2381 1122 2605 1176 dicens:
2651 1136 2671 1170 ι
2721 1118 2834 1186 Ego
2874 1115 3006 1179 vidi,
3052 1123 3107 1169 et
3153 1112 3525 1168 testimonium
3571 1110 3842 1180 perhibui,

2254 1211 2383 1283 quia
2433 1210 2521 1266 hie
2557 1218 2642 1266 est
2691 1209 2860 1263 Filius
2904 1207 3020 1261 Dei.
3061 1224 3078 1257 ι
3117 1203 3379 1260 Veniente
3425 1218 3556 1274 ergo
3597 1201 3733 1257 Juda
3778 1201 3846 1254 ad

2258 1319 2390 1360 oves
2419 1301 2732 1364 tondeudas,
2759 1301 2996 1354 Thamar
3018 1305 3192 1352 mutat
3229 1296 3494 1360 habitum,
3519 1295 3643 1364 quia
3671 1300 3848 1346 mutat

2259 1394 2540 1466 spirituale
2583 1389 3219 1450 vocabulum..'l‘hamar
3269 1387 3468 1456 quippe
3518 1391 3846 1438 commutans

2262 1486 2682 1556 interpretatur;
2715 1495 2840 1535 nam
2866 1479 2934 1534 de
2957 1477 3238 1550 Synagoga
3280 1476 3340 1531 lit
3362 1473 3622 1532 Ecclesia.

2579 1573 2662 1630 Sit
2702 1588 2888 1626 nomen
2934 1568 3144 1624 Domini
3182 1567 3528 1623 benedictum.

575 1732 3824 1784 Μ

1501 1909 1746 2036 ΔΙ.
1761 1906 2624 2021 EXANDBI
2733 1903 2882 2015 II

1973 2131 2442 2210 DIPLOMA

1392 2314 1482 2369 DE
1520 2310 1918 2368 LEGATIONE
1966 2309 2025 2366 S.
2082 2308 2289 2364 PETRI
2336 2307 2619 2364 DAMIANI
2662 2306 2730 2362 IN
2757 2305 3077 2362 GALLIAS.

2066 2469 2382 2486 ψ

655 2565 1018 2641 907-908
1047 2563 1395 2625 Αιεχλιηυειι,
1438 2575 1615 2614 servus
1661 2573 1927 2614 servorum
1953 2556 2071 2621 Dei,
2100 2553 2166 2610 G.
2199 2561 2247 2620 Β
2276 2569 2446 2617 mum,
2487 2566 2552 2606 ac
2579 2550 2624 2605 si
2663 2546 2884 2618 speciali
2923 2543 3094 2600 nostri
3124 2542 3391 2598 examinis
3438 2540 3603 2596 fuerit
3645 2553 3859 2595 senten-

587 2659 854 2721 Remcusi,
887 2657 954 2709 Β.
1002 2653 1317 2715 Senoncnsi,
1373 2651 1440 2705 Β.
1489 2649 1804 2715 Turonensi,
1855 2647 1935 2704 Μ.
1975 2647 2175 2702 Bituri-

588 2753 750 2816 censi,
781 2749 844 2803 T.
867 2744 1237 2817 Burdigalensi
1267 2743 1688 2815 archiepiscopis,
1714 2741 1938 2796 salutem
1967 2749 2015 2796 et
2051 2756 2177 2811 apo-

591 2841 829 2895 stolicam
861 2837 1288 2893 benedictionem.

661 2929 778 2984 Non
835 2930 1048 3000 ignorat
1098 2934 1282 2982 sancta
1325 2933 1506 2980 vestra
1538 2921 1883 2988 fraternitas,
1930 2920 2177 2976 dilectis-

594 3024 737 3085 simi,
762 3022 905 3092 quod
940 3035 1006 3076 ex
1042 3019 1366 3074 auctoritate
1412 3017 1557 3071 sedis
1604 3014 1931 3086 apostolicaz,
1959 3015 2045 3069 cui
2078 3030 2178 3070 nos

595 3118 845 3187 indignos
868 3113 1153 3170 clementia
1197 3112 1374 3166 divina
1407 3108 1669 3180 pnafecit.
1700 3108 1862 3163 totius
1899 3107 2176 3161 universa-

597 3211 662 3266 lis
693 3209 951 3264 Ecclesize
1000 3206 1268 3277 regendus
1305 3221 1367 3261 ac
1413 3203 1778 3271 disponendus
1819 3201 1972 3256 nobis
2008 3209 2181 3255 status

599 3302 880 3358 incumbit.
910 3299 1172 3366 Quoniam
1218 3297 1400 3368 igitur,
1438 3295 1674 3364 pluribus
1698 3293 2055 3347 Ecclesiarum
2089 3310 2180 3347 ne-

597 3394 748 3464 gotiis
771 3391 1128 3462 occupati,‘ad
1151 3406 1234 3443 vos
1260 3389 1354 3458 ipsi
1378 3386 1546 3441 venire
1568 3401 1670 3439 non
1691 3398 1990 3456 possumus,
2023 3383 2180 3436 talem

598 3485 736 3537 vobis
766 3484 931 3536 virum
973 3480 1236 3534 destinare
1278 3478 1594 3538 curavimus,
1632 3491 1734 3545 quo
1781 3474 2025 3528 nimirum
2069 3482 2184 3541 post

601 3591 693 3627 nos
719 3573 954 3643 nmjorin
972 3570 1204 3624 Romana
1234 3566 1468 3621 Ecclesia
1491 3565 1779 3618 auctoritas
1808 3579 1910 3616 non
1933 3561 2184 3616 habetur:

545 3687 549 3692 ’
607 3665 818 3720 Petrum
853 3663 1085 3718 videlicet
1121 3660 1466 3722 Damianum,
1511 3657 1800 3711 Ostiensem
1844 3654 2184 3725 episcopum:

599 3756 689 3824 qui
720 3754 966 3807 nimirum
996 3760 1044 3805 et
1084 3759 1258 3803 noster
1299 3758 1372 3800 est
1413 3745 1595 3800 oculus
1642 3755 1689 3798 et
1725 3742 2023 3814 apostolica!
2049 3741 2187 3796 sedis

602 3843 866 3899 immobile
898 3843 1308 3911 ﬁrmamentum.
1342 3837 1478 3891 Huic
1505 3837 1687 3904 itaque
1730 3835 1902 3889 vicem
1943 3841 2186 3888 nostram

2277 2647 2349 2701 tia
2381 2642 2799 2714 pronmlgatum.
2829 2637 3171 2706 Quapropter
3203 2631 3563 2688 venerabilem
3600 2632 3861 2686 sanctita-

2277 2745 2384 2791 tem
2409 2743 2643 2790 vestram
2667 2731 2905 2786 fraterna
2931 2727 3202 2784 cbaritate
3233 2739 3537 2786 monemus,
3564 2732 3618 2777 et
3643 2721 3860 2792 insuper

2276 2825 2570 2898 apostolica
2620 2822 2773 2876 vobis
2824 2819 3148 2874 auctoritate
3200 2816 3542 2888 praecipimus
3587 2823 3643 2869 ut
3698 2813 3860 2868 talem

2278 2925 2595 2985 tantumque
2638 2913 2835 2974 virum,
2873 2918 3129 2978 tanquam
3176 2915 3432 2961 nostram,
3451 2919 3760 2974 personam,
3783 2902 3864 2956 di-

2279 3022 2383 3081 gna
2423 3004 2687 3062 studeatis
2716 3001 3004 3058 devotione
3050 2999 3347 3068 suscipere,
3392 2996 3615 3066 ejusque
3647 3003 3864 3049 senten-

2281 3101 2372 3156 tiis
2422 3107 2585 3168 atque
2625 3093 2846 3166 judiciis
2893 3100 3114 3162 propter
3170 3089 3232 3144 B.
3280 3088 3445 3150 Petri,
3497 3085 3863 3156 apostolorum

2279 3192 2561 3266 principis,
2608 3186 2964 3243 reverentiam
3013 3182 3288 3238 humiliter
3325 3180 3564 3235 obedire.
3612 3175 3868 3245 Quisquis

2283 3286 2430 3339 enim
2469 3282 2610 3336 fastu
2642 3278 2931 3348 superbiae,
2961 3276 3103 3346 quod
3144 3273 3309 3328 absit!
3354 3270 3594 3335 inﬂatus,
3619 3269 3761 3323 illius
3782 3269 3867 3337 ju-

2283 3375 2423 3432 dicio
2445 3371 2815 3428 contradictor
2837 3366 2921 3421 vel
2942 3367 3166 3422 adversa
3177 3373 3261 3419 tor
3283 3361 3574 3425 exstiterit,
3603 3374 3773 3430 usque
3801 3360 3867 3411 ad

2284 3469 2500 3538 dignam
2528 3461 2984 3523 satisfactionem,
3013 3466 3250 3512 nostram
3279 3454 3360 3509 vel
3401 3453 3660 3508 Romanae.
3687 3449 3870 3506 Eccle-

2283 3560 2378 3614 sia:
2404 3555 2634 3628 gratiam
2678 3568 2784 3608 non
2829 3549 3073 3606 habebit.
3128 3547 3263 3614 Quia
3315 3561 3447 3600 vero
3493 3559 3614 3598 cum
3656 3541 3722 3596 ad
3772 3555 3870 3593 vos

2286 3647 2584 3704 Girelmum
2609 3643 2874 3707 misimus,
2903 3639 3080 3695 adhuc
3109 3638 3396 3692 adventum
3429 3632 3634 3705 praefati
3666 3629 3870 3685 domini

2287 3738 2431 3794 Petri
2465 3751 2562 3792 nos
2602 3735 2896 3803 impetrare
2944 3745 3101 3800 posse
3149 3727 3457 3782 nullatenus
3503 3734 3870 3794 speraremus,

2289 3831 2537 3885 volumus
2583 3835 2642 3880 ut
2683 3825 2880 3894 siquid
2933 3822 3072 3891 apud
3111 3835 3208 3875 vos
3251 3818 3522 3874 Girelmus
3563 3813 3765 3884 etrapit,
3804 3810 3874 3864 ad

601 3937 763 4008 pleno
783 3904 907 4006 jure
934 3933 1329 3996 commisimus,
1351 3940 1409 3984 ut
1433 3928 1692 4000 quidquid
1719 3928 1770 3982 in
1799 3927 1902 3981 illis
1919 3927 2186 3996 partibus,
2215 3931 2261 3992 C
2292 3923 2493 3979 domini
2537 3919 2684 3974 Petri
2725 3914 3092 3986 magisterium
3141 3911 3340 3977 veniat,
3365 3918 3421 3964 et
3455 3922 3550 3978 per
3599 3904 3715 3976 ejus
3759 3916 3876 3955 ma-

604 4027 718 4083 Deo
746 4029 1059 4090 auxiliante,
1102 4026 1371 4092 statuerit,
1407 4025 1479 4079 ita
1517 4032 1692 4078 ratum
1725 4029 1972 4079 teneatur
2003 4031 2059 4077 et
2087 4021 2184 4075 lir-

2291 4031 2418 4070 num
2451 4010 2713 4084 quidquid
2745 4007 3012 4081 agendum
3049 4011 3133 4058 est
3163 4001 3278 4056 fiat.

682 4167 758 4222 De
783 4165 884 4222 hac
915 4165 1028 4236 ipsa
1046 4161 1393 4236 sanctissimi
1408 4158 1700 4236 c_a_rdi_nalis
1724 4156 2017 4236 Galliarum
2047 4153 2318 4235 legatione
2340 4147 2567 4236 si‘plur'a
2601 4143 2742 4198 scire
2763 4139 3061 4236 dpsiileras,
3083 4120 3874 4236 Ξςὲῗξξιιὲιίοειιέῃρέξῖἐἐπιθῇς,

608 4237 702 4292 lib.
733 4253 808 4299 vr,
848 4225 1087 4306 epi'staﬁ,
1119 4233 1157 4306 47
1180 4246 1234 4306 e_t
1264 4233 1317 4286 5.
1348 4230 1516 4306 _Nobis
1548 4229 1770 4298 insuper
1798 4242 1903 4306 non
1936 4235 2021 4306 est
2060 4225 2236 4306 visum

611 4299 898 4366 niacensis.
928 4306 984 4359 Β.
1019 4305 1163 4360 Petri
1209 4302 1453 4356 Damiani
1485 4309 1812 4363 coaetaneus,
1864 4299 1917 4351 in
1963 4304 2196 4366 tractatu

613 4379 792 4432 linem.
820 4377 1083 4432 CAJETAN.
1119 4407 1176 4418 —
1201 4373 1573 4428 Narrationem
1622 4372 1788 4438 ipsam
1831 4365 2112 4438 legationis
2145 4365 2210 4438 ha

2281 4192 3384 4283 nuntiend'itinvquoilwnarrat'an'orifnnis
3431 4192 3728 4283 monachus
3752 4192 3877 4249 Clu-

2249 4267 2626 4346 ιῆἶέέιῖῐιὶᾱέιῖιιιὴ
2662 4267 2718 4338 ἓ.
2755 4280 2992 4350 llugonis
3035 4267 3267 4350 abbatis
3293 4267 3683 4350 Cl_uniacettsis,
3711 4278 3876 4334 prope

2216 4338 2648 4418 bes-infirmam
2679 4353 2800 4408 aliis
2833 4338 2892 4406 ἔ.
2936 4347 3080 4404 Petri
3119 4344 3363 4400 Damiani
3407 4338 3679 4412 opusculis
3709 4348 3879 4404 nuper

613 4429 1144 4505 alienaealienae
1172 4445 1433 4503 cardinali
1461 4443 1602 4498 Maio
1624 4429 1857 4513 primum
1884 4429 2135 4509 vulgatis.
2170 4434 2329 4488 Eorr.
2359 4429 2598 4486 ΡΑτιιοι..

791 4605 972 4674 910
1019 4603 1104 4661 De
1156 4601 1426 4660 adventu
1471 4598 1644 4658 Petri
1692 4595 2002 4662 Damiant',

2054 4588 2355 4677 Ostiensis
2406 4580 2745 4677 Episcopi,
2794 4577 2877 4637 ad
2894 4573 3368 4677 ‘Cluqicacmsem
3415 4565 3729 4677 ecclesiam
3759 4583 3779 4624 :
3823 4570 3877 4623 et

1017 4681 1091 4739 Β.
1149 4682 1336 4757 Hugo
1394 4643 1746 4738 indiscreta:
1790 4643 1946 4754 "eius
1987 4643 2493 4746 reprehensiom‘r
2518 4643 2797 4738 congruo
2859 4663 2911 4714 et
2963 4647 3303 4731 sufﬁcienti
3357 4643 3725 4733 satisfecerit
3776 4659 3876 4701 rc-

695 4773 950 4833 sponso.

690 4877 956 4946 Tempore
1001 4874 1231 4945 quodam
1275 4888 1497 4928 necesse
1545 4872 1646 4927 fuit
1694 4879 1886 4926 sancto
1933 4869 2053 4924 viro
2099 4881 2197 4936 pro
2228 4874 2275 4934 ι)
2301 4877 2406 4932 que
2433 4862 2514 4916 sic
2562 4857 2801 4920 attritus,
2833 4862 2893 4907 ut
2927 4851 3015 4907 vix
3058 4857 3242 4921 posset
3271 4846 3502 4903 inveniri
3547 4843 3740 4900 modus
3774 4857 3882 4941 quo

623 4972 836 5028 tuendis
861 4968 984 5024 filiis
1015 4968 1081 5022 ad
1106 4966 1401 5022 Ecclesium
1425 4974 1652 5020 matrem
1678 4976 1988 5026 recurrere,
2014 4969 2070 5015 et
2093 4958 2199 5013 Bo-

622 5081 796 5120 mana:
822 5062 964 5118 sedis
987 5059 1345 5131 patrocinium
1373 5059 1659 5112 advocare.
1687 5054 2028 5125 Quapropter
2050 5051 2200 5107 urbis

623 5156 767 5212 illius
799 5152 1061 5223 refugium
1095 5159 1283 5221 petens
1304 5164 1498 5219 magno
1526 5149 1710 5204 labore
1737 5157 1794 5202 et
1827 5145 2139 5201 difficultate
2167 5159 2198 5199 a

624 5245 794 5300 latere
827 5259 976 5314 papae
1008 5241 1252 5296 avulsum
1300 5239 1581 5294 Dominum
1616 5239 1864 5300 Petrum,
1892 5236 2199 5292 Ostiensem

625 5335 877 5391 videlicet
920 5334 1256 5402 episcopum,
1295 5338 1652 5400 cognomento
1691 5329 2014 5384 Damianum
2063 5327 2202 5382 obti-

626 5424 746 5479 nuit
776 5441 788 5475 τ
827 5430 886 5476 ιιι
910 5422 1015 5477 sibi
1048 5423 1266 5477 daretur
1290 5434 1388 5486 pro
1420 5433 1613 5488 magno
1651 5417 1808 5474 Petro
1834 5417 2203 5488 praalialurus,

627 5523 684 5569 et
721 5512 1064 5567 adversarios
1111 5517 1481 5580 prostraturus
1521 5508 1754 5563 mirabili
1791 5523 1888 5563 sua
1920 5506 2204 5578 prudentia

633 5612 795 5671 atque
833 5602 1103 5657 facundia.
1157 5601 1286 5655 Erat
1323 5612 1560 5668 namque
1612 5598 1695 5652 vir
1736 5597 1826 5652 ille
1863 5595 2208 5652 abstinentiae

635 5694 923 5764 singularis
952 5711 1072 5759 usu,
1099 5703 1151 5748 et
1182 5693 1481 5749 ferreorum
1506 5689 1841 5746 vinculorum
1878 5703 2019 5746 nexu
2049 5686 2206 5742 undi-

2303 4929 2419 5026 ejus
2465 4948 2711 5019 corporis
2764 4943 3105 5000 imbecillitas
3149 4940 3448 5005 foveretur,
3495 4936 3562 4990 ad
3605 4929 3881 5003 equitandi

2304 5021 2444 5101 onus
2471 5056 2637 5112 grave
2661 5048 2936 5110 utcunque
2966 5034 3342 5098 tolerandum;
3366 5038 3444 5096 et,
3469 5028 3595 5100 quia
3634 5023 3740 5112 levi
3770 5021 3883 5091 ple-

2306 5153 2534 5208 rumque
2581 5134 2838 5192 seandalo
2877 5130 3076 5186 offendi
3113 5135 3347 5200 poterat,
3389 5134 3611 5178 necesse
3652 5115 3887 5208 habebat

2306 5206 2463 5302 saepe:
2487 5226 2862 5285 satisfactione
2893 5221 3117 5293 placari.
3140 5219 3224 5274 Ad
3258 5231 3422 5287 quam
3452 5227 3566 5267 rem
3603 5206 3887 5302 venerabi-

2306 5299 2552 5392 lis—litigo
2581 5319 2655 5374 ita
2678 5332 2737 5373 se
2769 5314 3083 5378 inclinabat,
3111 5318 3172 5364 ut
3199 5307 3318 5376 ejus
3343 5306 3582 5360 animum
3626 5299 3888 5355 reforma-

2311 5422 2394 5468 ret
2421 5412 2489 5467 ad
2529 5407 2997 5480 tranquillitatem,
3040 5417 3106 5456 ac
3150 5400 3194 5456 si
3239 5398 3376 5452 alter
3415 5392 3686 5449 Martinus
3721 5395 3886 5450 esset,

2311 5505 2401 5576 qui
2435 5501 2564 5557 nihil
2586 5506 2801 5571 putaret
2822 5495 3123 5564 indignum,
3147 5490 3290 5560 quod
3320 5487 3600 5544 humilitas
3616 5480 3887 5576 agendum

2313 5566 2602 5649 suaderet:
2635 5587 2768 5643 Cum
2813 5599 2942 5655 ergo
2985 5582 3224 5637 venisset
3253 5577 3571 5634 Cluniacum
3603 5571 3756 5651 [alter
3803 5566 3890 5620 ille

2314 5682 2606 5751 Gregorius
2637 5695 2730 5748 per
2760 5675 3079 5746 eloquentiae.
3105 5681 3429 5738 ubertatem,
3463 5685 3566 5724 non
3594 5674 3772 5720 tamen
3795 5672 3881 5730 per
