4054 6184
236 271 341 328 839

702 274 759 330 8.
801 273 1003 329 PETRI
1035 274 1315 330 DAMIANI
1355 276 1506 332 OPP.
1542 276 1777 336 TOMUS
1808 279 1941 337 SEU
1990 283 2165 340 PARS
2204 284 2286 340 ιη.
2324 317 2393 325 -
2425 284 2786 341 OPUSCULA
2826 285 3055 340 VARIA.

3387 280 3492 334 860

234 387 542 455 apostolicae
568 387 692 442 vitae
718 388 1097 458 aequalitatem,
1127 388 1458 457 vidissetque
1503 389 1810 444 humanita-
1840 393 1884 451 Α
1909 392 2122 462 jejunii,
2157 404 2360 449 tentate
2389 395 2538 464 prius
2578 396 2856 450 uobiscum
2902 396 3112 463 pondus
3146 397 3371 459 laboris,
3410 405 3492 451 vet

235 485 341 531 t-m
368 488 423 533 et
449 478 811 547 disciplinam,
841 479 1153 547 virgamque
1184 487 1239 532 et
1268 479 1516 533 baculum
1556 478 1812 533 contulis-

237 576 338 630 set,
386 570 550 638 cmpit
580 568 786 621 h:crere
826 582 889 621 ac
924 577 1158 636 stupere.
1190 568 1427 636 qualiter
1465 570 1636 622 sancti
1670 584 1810 629 esse,

234 668 326 710 aut
367 668 583 711 sanctos
623 658 963 712 institutores
992 658 1193 712 habere
1237 669 1476 730 possent,
1513 660 1605 729 qui
1649 662 1813 714 tantis

233 747 571 799 abundarent
598 746 794 798 bonis:
833 755 887 799 et
931 762 1144 801 rursum
1177 748 1446 816 quomodo
1487 765 1589 803 non
1636 749 1810 803 sancti

232 851 353 889 esse
379 844 617 905 possent,
646 845 739 889 aut
773 835 974 905 perire,
997 837 1087 905 qui
1121 846 1230 889 tam
1254 836 1443 890 devote
1479 838 1813 891 sustinerent

232 937 342 980 tam
371 941 531 996 grave
573 928 780 997 pondus
819 926 1039 989 laboris,
1082 936 1136 981 et
1166 927 1465 983 custodiam
1501 928 1812 981 monasticae
1852 969 1862 980 .

231 1016 551 1085 disciplinae.
605 1016 904 1086 Aliquando
953 1032 1083 1072 sane
1118 1017 1399 1087 judicabat
1438 1018 1681 1073 ciborum
1722 1031 1815 1071 co-

231 1111 395 1180 piam,
427 1110 713 1179 aliquando
743 1108 1042 1164 mirabatur
1065 1110 1205 1163 hanc
1226 1109 1595 1179 jejunautibus
1622 1108 1811 1163 deesse

231 1203 482 1273 gratiam,
515 1216 677 1271 quam
712 1201 828 1254 illos
857 1200 1057 1255 habere
1086 1200 1323 1253 videbat.
1351 1197 1735 1252 Verumtamen
1767 1197 1809 1251 si

232 1292 347 1345 lieri
401 1299 604 1360 posset,
656 1288 795 1344 sicut
840 1290 953 1358 ipse
999 1290 1234 1361 dicebat,
1277 1298 1337 1342 ut
1375 1298 1603 1357 utraque
1641 1288 1812 1342 virtus

232 1380 554 1435 obedientia:
591 1390 647 1436 et
688 1380 1033 1435 abstinentiae
1073 1381 1377 1433 sociaretnr
1432 1380 1484 1431 in
1530 1378 1643 1441 eis;
1699 1385 1809 1430 tum

229 1469 471 1538 profecto
493 1470 626 1524 nihil
658 1469 967 1539 apostolica:
991 1463 1298 1523 defuturum
1321 1468 1660 1538 perfectioni.
1688 1467 1805 1533 taa

228 1561 295 1615 de
328 1577 386 1616 re
414 1561 743 1615 conveniens
764 1562 1021 1614 domuum
1054 1560 1302 1613 abbatem
1336 1559 1659 1613 obsecrabat
1691 1568 1748 1611 ut
1780 1574 1809 1611 a

228 1654 489 1722 sngimitte
520 1654 730 1707 duabus
758 1652 949 1708 saltem
994 1651 1145 1706 feriis
1174 1667 1234 1706 se
1263 1650 1678 1719 suspenderent,
1717 1650 1807 1717 qui

1917 499 2011 554 per
2047 495 2172 540 octo
2211 486 2417 540 dierum
2460 488 2716 558 spatium,
2764 498 2818 541 et
2864 487 3119 556 deinceps
3153 488 3493 544 aestimabitis

1915 576 2042 644 qttid
2094 575 2455 644 adjiciendum
2502 592 2726 630 censere
2770 575 3027 630 debeatis.
3078 574 3209 629 Nam
3254 579 3489 646 quandiu

1916 680 2020 718 non
2052 665 2401 735 gustaveritis
2440 665 2796 734 pulmentum,
2837 665 3045 719 nescire
3086 665 3334 734 poteritis
3364 666 3491 734 quid

1915 758 2098 829 exigat
2133 759 2534 813 condimentum
2579 757 2740 822 salis;
2792 766 2845 811 et
2893 758 2937 811 si
2986 774 3092 811 non
3141 758 3494 813 adhibueritis

1916 850 2102 904 saltem
2134 851 2413 904 minimum
2446 849 2669 921 digitum
2696 858 2954 912 vestrum,
2987 865 3324 919 nequaquam
3351 848 3493 915 judi-

1915 956 2040 995 care
2068 941 2135 995 de
2156 957 2322 996 onere
2347 941 2590 996 fraterno
2617 941 2870 1006 discrete,
2899 957 2962 995 ac
2985 942 3145 1011 digne
3165 942 3432 996 valebitis.
3464 962 3484 996 ι

1916 1031 2122 1099 Quibus
2156 1032 2242 1087 ille
2271 1032 2470 1086 auditis
2505 1032 2746 1086 sentiens
2776 1032 2938 1087 fascis
2969 1032 3277 1100 hujusmodi
3307 1033 3490 1104 gravi-

1917 1130 2080 1173 tatem
2127 1121 2239 1174 suis
2284 1121 2490 1175 viribus
2536 1120 2971 1189 importabilem,
3017 1123 3251 1175 cessavit
3289 1138 3319 1175 a
3359 1124 3492 1192 peti-

1917 1212 2061 1268 tione
2092 1211 2407 1282 ingravandi
2443 1212 2716 1280 ponderis,
2745 1221 2800 1265 et
2830 1213 3179 1281 semetipsum
3208 1215 3373 1283 erepit
3402 1231 3489 1269 re-

1915 1314 2220 1374 percutere,
2245 1305 2384 1358 unde
2408 1303 2541 1357 alios
2569 1303 2733 1357 ferite
2762 1303 2952 1366 voluit,
2984 1304 3109 1372 quia
3142 1306 3394 1374 sagittam
3420 1304 3487 1361 ad

1914 1410 2009 1449 eos
2053 1395 2170 1448 sine
2214 1408 2314 1447 suo
2358 1394 2581 1447 vulnere
2617 1394 2865 1462 'nequivit
2898 1394 3150 1463 dirigere,
3186 1395 3491 1466 intelligens

1914 1490 2166 1555 magnum
2195 1498 2316 1538 esse
2337 1498 2561 1552 pensum
2586 1481 2737 1547 illud,
2761 1498 2824 1538 ac
2853 1480 3049 1537 debere
3078 1481 3319 1538 sufﬁcere
3346 1485 3490 1554 quod

1914 1576 2317 1645 apprehendere
2346 1574 2459 1644 ipse
2511 1588 2617 1628 non
2645 1582 2847 1644 posset,
2877 1575 2966 1643 qui
3005 1574 3055 1627 in
3092 1582 3242 1628 tanto
3272 1576 3493 1631 videba-

1918 1679 2004 1722 tur
2032 1678 2177 1723 stare
2203 1668 2463 1721 virtutum
2492 1666 2749 1722 culmine.
2775 1666 3030 1721 Eruditus
3054 1666 3267 1735 itaque,
3297 1670 3491 1737 praesul

238 1746 288 1797 in
336 1744 549 1797 caeteris
582 1753 690 1798 tam
723 1743 946 1813 perfecti
982 1754 1165 1798 essent
1199 1752 1258 1796 ut
1298 1741 1638 1796 anachoretis
1680 1739 1812 1795 nihil
1848 1760 1892 1817 Β
1920 1761 2087 1814 multo
2116 1760 2383 1815 crudum,
2412 1760 2754 1829 “umquam
2781 1761 2948 1824 ven“,
2982 1776 3340 1830 "mgnumque
3371 1764 3491 1817 ιιιε,

232 1836 511 1889 deberent.
546 1834 643 1889 Cui
671 1835 1011 1888 venerandus
1051 1834 1224 1904 Hugo.
1258 1832 1601 1888 discretionis
1629 1841 1815 1885 custos

227 1924 479 1994 egregius
517 1941 531 1977 :
588 1942 607 1976 ι
654 1924 740 1987 Si,
787 1924 981 1993 inquit,
1032 1924 1196 1985 Pater
1250 1923 1605 1987 charissime,
1648 1920 1813 1977 vultis

230 2016 387 2070 nobis
416 2029 614 2086 augere
652 2031 911 2071 coronam
943 2017 1209 2071 mercedis
1254 2032 1350 2085 per
1389 2015 1810 2068 additamentum

1922 1868 2140 1907 suarum
2175 1852 2440 1921 fugienda:
2465 1850 2641 1904 imnis
2670 1849 2853 1921 gloria:
2885 1858 2940 1903 et
2970 1850 3319 1920 capessenda:
3351 1865 3493 1906 vera)

1920 1944 2237 2001 humilitatis
2268 1956 2455 1997 cseum
2481 1935 2801 2006 reportavit.

245 2168 3481 2211 —__—___—_————_______——_-————————

1477 2278 1730 2356 ACTA
1804 2271 2187 2350 SYNODI

225 2396 578 2471 911—912
615 2393 687 2454 In
732 2393 955 2456 Galliis
993 2395 1325 2457 celebrata)
1362 2411 1395 2455 θ
1435 2395 1504 2453 Β.
1539 2394 1722 2471 Petro
1764 2390 2079 2471 Damiano
2116 2379 2418 2471 cardine“
2465 2378 2771 2468 episcopo
2792 2378 3097 2451 Ostiensi,
3129 2379 3492 2457 apostolica

1370 2472 1541 2535 sedis
1588 2470 1821 2549 legato,
1862 2461 2207 2527 Alexandri
2251 2460 2303 2520 ll
2323 2460 2642 2539 jussione.

262 2586 597 2664 Synodalt's
634 2590 934 2671 difﬁnitio
986 2592 1147 2652 inter
1195 2590 1487 2671 damnum
1522 2588 1851 2671 [Iugonent
1900 2581 2176 2671 abbatem
2212 2580 2695 2645 Clunaciensem.
2731 2586 2788 2639 et
2820 2578 3108 2640 damnum
3140 2580 3485 2642 Droconcm

1386 2662 1746 2748 episcopum
1781 2662 2320 2725 Matisconensem.

295 2841 351 2899 In
378 2847 594 2901 nomine
619 2859 819 2903 sancta:
847 2860 901 2902 et
930 2848 1217 2904 indivilua:
1245 2849 1548 2905 Trinitatis.

296 2936 655 3006 Temporibus
683 2939 865 2995 domui
895 2940 1186 2995 Alexandri
1221 2957 1372 3012 ρςερευ
1402 2940 1723 2997 universalis
1751 2952 1806 2996 et

225 3033 420 3085 summi
452 3033 747 3101 pontiﬁcis,
777 3050 986 3088 necnon
1016 3047 1274 3105 regnante
1310 3035 1526 3090 Henrici
1568 3036 1807 3107 impera-

230 3122 363 3176 toris
394 3122 503 3177 iilio
544 3122 803 3189 Henrico,
840 3141 962 3195 rege
992 3141 1123 3182 vero
1157 3124 1491 3181 Francorum
1536 3126 1806 3197 Philippo,

232 3228 323 3266 an.
352 3214 421 3268 ab
447 3213 659 3268 lucarn.
692 3216 845 3270 Dom.
880 3218 1037 3282 1065,
1070 3234 1268 3272 novum
1307 3218 1436 3287 quid
1464 3218 1807 3274 Cluniacensi

231 3304 562 3359 monasterio
580 3306 827 3376 contigit,
858 3309 999 3376 quod
1029 3309 1095 3362 ad
1128 3308 1462 3378 posteritatis
1491 3310 1809 3365 memoriam

228 3392 499 3448 schedula:
541 3395 795 3450 duximus
833 3398 1113 3451 adnotare.
1160 3398 1335 3453 Droco
1380 3399 1610 3464 scilicet,
1654 3415 1808 3455 reve-

231 3483 586 3538 rendissinnts
618 3484 873 3540 Ecclesiae
913 3486 1325 3543 Matisconensis
1364 3489 1669 3559 episcopus,
1713 3491 1809 3544 do-

230 3571 578 3625 tneSIicorum
612 3590 832 3628 suorum
864 3584 919 3628 et
944 3576 1213 3645 prmcipue
1239 3576 1560 3632 clericorum
1589 3593 1807 3632 suorum

226 3661 479 3715 suasione
511 3661 790 3731 pellectus,
828 3675 900 3727 et,
944 3674 1001 3718 ut
1042 3664 1115 3718 ita
1148 3663 1341 3732 fatear,
1382 3668 1463 3722 eis
1490 3664 1695 3736 iugiter
1726 3668 1808 3722 in-

226 3748 567 3807 sul'llantibus
618 3754 742 3824 igne
796 3756 899 3809 diri
957 3756 1160 3811 fotnitis
1210 3755 1601 3824 inﬂammatus,
1647 3774 1810 3831 super

232 3839 373 3895 idem
404 3846 794 3899 monasterium
833 3848 1076 3901 tentabat
1104 3846 1192 3915 jus
1224 3850 1512 3918 potestatis
1536 3850 1806 3921 arripere,

226 3929 511 4002 locumque
526 3934 626 3989 sibi
651 3934 1038 3991 dommationis
1062 3939 1597 4012 quantulumcunque
1620 3954 1808 3998 contra

232 4024 379 4084 sedis
403 4028 709 4095 apostolica:
740 4026 1022 4100 privilegia
1054 4030 1347 4087 vindicare.
1379 4033 1621 4090 Vallatus
1652 4035 1809 4106 plane

227 4112 419 4167 cuneis
442 4114 695 4180 milium,
724 4117 955 4183 stipatus
967 4119 1275 4189 agminibus
1294 4123 1812 4189 armatorum,velut

1832 2853 1876 2913 (ζ
1908 2852 2079 2899 strnm
2102 2840 2367 2905 nuntium,
2386 2853 2571 2894 eorum
2599 2840 2833 2895 maxime
2855 2840 2944 2910 qtti
2970 2841 3156 2897 sanius
3183 2840 3483 2913 sapiebaut,

1914 2938 2077 2993 corda
2107 2932 2444 3003 percelleret,
2476 2942 2530 2987 et
2561 2940 2722 2987 tanta:
2751 2932 3026 3005 religionis
3062 2943 3319 3004 tanquam
3341 2935 3479 2990 cele-

1909 3030 2026 3085 bris
2066 3029 2226 3083 fama:
2258 3026 2453 3090 locum,
2496 3042 2563 3080 ne
2591 3026 2983 3093 quantumlibet
3013 3042 3043 3080 a
3085 3025 3353 3081 libertatis
3381 3042 3489 3082 sum

1911 3131 2053 3178 statu
2093 3128 2394 3181 corrueret,
2436 3117 2537 3188 pia:
2577 3116 2969 3195 compassionis
3009 3120 3187 3173 studio
3232 3119 3488 3174 formida-

1909 3221 2052 3274 rent,
2080 3213 2224 3266 inter
2251 3218 2477 3265 cancros
2508 3207 2699 3263 Petrus
2732 3208 3026 3265 Damianus
3075 3209 3337 3266 Ostiensis
3378 3211 3489 3281 epi-

1912 3320 2108 3375 scopus
2138 3318 2194 3359 se
2218 3302 2464 3372 protinus
2487 3301 2698 3366 obtulit,
2722 3317 2949 3371 seseque
2975 3302 3041 3356 ad
3064 3302 3487 3358 subveniendum

1913 3392 2262 3457 monasterio,
2308 3407 2404 3461 per
2452 3399 2560 3445 tam
2614 3388 2778 3463 longi,
2828 3403 2935 3446 tam
2980 3394 3180 3464 asperi,
3219 3402 3327 3448 tam
3370 3394 3488 3450 duri

1911 3484 2123 3539 itineris
2150 3482 2387 3553 pericula
2421 3481 2731 3537 destinavit.
2777 3482 3065 3539 Enimvero
3100 3486 3240 3554 apud
3276 3484 3490 3541 Cabilo—

1913 3584 2137 3629 nensinn
2188 3573 2464 3627 civitatem
2506 3589 2572 3627 ex
2618 3574 2940 3629 auctoritate
2987 3576 3295 3645 apostolicae
3345 3578 3489 3633 sedis

1909 3666 2173 3738 synodum
2206 3666 2573 3737 congregavit,
2625 3666 2900 3728 nonnulla,
2939 3684 3056 3738 qua:
3097 3684 3375 3739 perperam
3406 3671 3482 3724 vi-

1909 3758 2175 3812 debantur
2194 3773 2314 3812 esse
2337 3766 2675 3827 consumpta,
2700 3759 2974 3813 canonica:
2995 3760 3291 3815 sanctionis
3305 3762 3488 3831 vigore

1910 3850 2182 3915 correxit;
2208 3864 2432 3918 quaeque
2468 3849 2668 3918 potuit,
2699 3846 2853 3917 juxta
2900 3850 3288 3905 ecclesiasticas
3333 3851 3493 3905 disci-

1911 3940 2069 4010 plina:
2094 3939 2350 4009 regulam,
2390 3940 2651 3993 servanda
2681 3943 2981 4005 constituit,
3012 3956 3337 4012 causamque
3366 3939 3491 3998 Clu-

1912 4033 2180 4087 niacensis
2196 4030 2532 4093 monasterii,
2550 4048 2647 4101 pro
2664 4047 2765 4099 qua
2791 4032 3090 4101 prtesertim
3110 4032 3481 4101 componenda

1912 4124 2228 4187 devenerat,
2260 4122 2437 4177 divina
2474 4122 2770 4176 auxiliante
2800 4122 3083 4176 clementia
3115 4123 3320 4191 optimo
3341 4122 3488 4192 judi-

222 4205 548 4283 pmdicandi
569 4209 757 4277 gratia,
776 4196 857 4263 vel
875 4211 1037 4263 etiam
1048 4210 1239 4278 judicii
1263 4214 1536 4284 synodalis
1557 4216 1803 4280 obtentu,
1837 4219 1884 4278 ι)
1910 4214 2061 4270 cialis
2091 4214 2279 4269 calculi
2308 4214 2411 4267 line
2446 4212 2728 4267 conclusit.
2761 4212 2892 4266 Nam
2932 4214 2983 4267 in
3012 4224 3298 4284 conspectu
3330 4215 3491 4267 totius

222 4293 290 4359 ad
332 4293 390 4345 Β.
439 4294 619 4349 Maioli
673 4296 1004 4353 confessoris
1052 4300 1251 4354 Christi
1302 4302 1584 4358 basilicam
1636 4320 1808 4375 usque

226 4385 497 4470 pervenit,
525 4386 618 4440 sed
650 4387 1013 4443 resistentium
1055 4389 1272 4444 sibimet
1314 4390 1578 4449 infractus
1620 4395 1804 4449 obsta-

223 4474 370 4549 culo,
415 4475 619 4543 intrare
667 4493 772 4531 non
816 4481 1008 4548 potuit.
1060 4480 1172 4538 Hoc
1214 4483 1399 4553 itaque
1442 4487 1705 4550 tentabat,
1750 4496 1808 4541 ut

221 4564 410 4649 jugnm
440 4571 770 4626 monasterio
795 4588 945 4628 novae
974 4577 1344 4647 usurpationis
1378 4578 1676 4644 induceret,
1700 4581 1814 4647 sic:

227 4676 336 4731 que
364 4663 702 4731 p08tmodum
738 4679 807 4726 ex
847 4668 1133 4723 occasione
1168 4669 1571 4739 quodammodo
1612 4688 1806 4743 super-

226 4756 404 4812 ducta:
439 4758 675 4828 litigat-et
707 4764 1134 4818 consuetudinis.
1168 4764 1319 4820 Tunc
1350 4765 1500 4836 ilugo
1525 4770 1809 4824 venerabi-

224 4845 291 4906 lis
316 4846 482 4902 abbas
509 4848 751 4916 ejusdem
779 4849 1035 4918 cmuobii,
1062 4852 1316 4908 nimirum
1354 4871 1462 4909 non
1493 4856 1652 4912 modo
1682 4857 1809 4913 reli-

224 4937 430 5008 giosus,
464 4936 559 4994 sed
584 4946 637 4993 et
655 4947 848 4995 cautus
874 4949 929 4995 et
951 4943 1210 5011 prudens,
1232 4954 1291 4997 ut
1317 4959 1505 4999 revera
1531 4962 1810 5015 possessor

228 5028 519 5097 ingenuus,
536 5030 723 5101 jugum
755 5030 858 5087 hoc
888 5033 1169 5102 degeneris
1199 5036 1475 5091 servitutis
1502 5039 1807 5105 exhorruit,

227 5127 283 5175 et
310 5127 565 5189 tanquam
603 5120 764 5190 lepne
795 5121 948 5176 make
978 5125 1385 5179 consuetudinis
1414 5128 1624 5180 noviter
1649 5130 1806 5183 obre—

225 5209 373 5277 peuti
402 5210 799 5265 medicamento
827 5212 1274 5267 contradictionis
1317 5217 1578 5283 occurrit,
1622 5226 1809 5289 caput-

226 5313 332 5368 que
358 5302 500 5369 qnod
535 5290 1099 5374 moliebatur‘ingredi
1126 5306 1416 5360 vivaciuris
1448 5306 1647 5375 ingenii
1672 5308 1808 5377 pede

227 5392 503 5447 contrivit.
536 5392 835 5449 Romanam
871 5395 1055 5467 itaque
1091 5397 1354 5465 synodum
1393 5398 1623 5468 impiger
1651 5398 1804 5463 adiit,

227 5482 505 5551 querelam
532 5498 686 5537 suam
716 5501 899 5541 coram
927 5495 1121 5541 sancto
1144 5487 1373 5542 concilio
1402 5489 1574 5543 ﬁdelis
1604 5490 1803 5545 relator

231 5573 503 5641 exposuit,
535 5588 676 5628 novo
717 5576 961 5645 periculo
1002 5578 1174 5631 sancti
1217 5576 1319 5633 loci
1366 5579 1574 5632 ruinam
1621 5580 1807 5648 procul

234 5664 397 5720 dubio
434 5662 727 5732 minitanti,
773 5676 830 5721 ut
865 5667 1129 5734 obviarct,
1167 5670 1361 5745 oravit.
1392 5670 1633 5740 Cumque
1678 5671 1807 5725 sini-

1912 4307 2085 4361 sancti
2121 4305 2335 4361 concilii
2374 4305 2569 4361 lectum
2607 4312 2691 4359 est
2720 4306 3108 4362 monimentum
3136 4308 3278 4376 quod
3310 4323 3491 4361 comes

1907 4394 1994 4450 ille
2052 4395 2368 4459 Willelmus,
2417 4396 2624 4464 primus
2676 4395 2778 4449 loci
2837 4395 3120 4460 fundator,
3152 4404 3206 4450 et
3251 4396 3484 4459 oblator,

1910 4485 2165 4549 instituit,
2207 4486 2296 4540 ubi
2342 4486 2594 4540 videlicet
2634 4499 2852 4557 propter
2892 4485 3055 4559 [corn
3086 4499 3298 4556 praner.
3334 4486 3487 4560 Mm.)

1907 4574 2211 4629 Romanum
2238 4575 2570 4645 pontiﬁcem,
2597 4577 2798 4631 nullum
2825 4577 2939 4645 jus,
2968 4578 3169 4631 nullnnt
3185 4577 3480 4631 dominium

1906 4666 2207 4734 cuicunque
2238 4665 2571 4731 mortalium,
2607 4666 2689 4720 vel
2719 4666 2942 4721 cuilibet
2980 4682 3202 4736 prorsus
3240 4666 3492 4720 Ecclesia:

1907 4756 2215 4825 dereliquit.
2268 4753 2430 4809 Lecta
2479 4770 2694 4824 quoque
2757 4755 3108 4810 nihilominus
3155 4764 3281 4809 sunt
3345 4756 3489 4810 sedis

1912 4847 2218 4918 apostolica:
2246 4845 2522 4921 privilegia
2544 4847 2610 4899 de
2634 4847 2881 4908 tuitione,
2914 4848 3233 4909 munitione,
3265 4862 3327 4901 ac
3356 4862 3491 4915 prte-

1916 4938 2010 4992 fati
2043 4937 2355 4991 monasterii
2391 4946 2645 5007 perpetua
2686 4938 2933 4993 libertate
2957 4953 3055 5008 per
3090 4940 3489 4992 succedentium

1914 5029 2130 5110 sibimet
2155 5028 2520 5083 Romanorum
2550 5029 2861 5098 pontificum
2903 5030 3302 5085 vicissitudines
3333 5030 3488 5083 iusti-

1915 5128 2051 5174 tuta.
2077 5118 2320 5190 inquisiti
2344 5130 2467 5175 sunt
2489 5135 2679 5176 omnes
2704 5121 2963 5190 episcopi,
2993 5121 3037 5175 si
3069 5119 3346 5190 privilegia
3370 5134 3489 5186 qmc

1910 5210 2215 5273 audierant,
2241 5218 2356 5263 rata
2382 5211 2769 5272 decernerent;
2796 5225 2987 5265 omnes
3017 5225 3122 5263 uno
3149 5224 3243 5265 ore
3270 5222 3488 5261 concor-

1908 5298 2051 5352 diter
2070 5298 2445 5364 laudaverunt,
2472 5311 2639 5370 atque
2662 5312 2719 5354 nt
2746 5313 3005 5371 perpetuo
3031 5302 3295 5354 servanda
3323 5311 3485 5368 atque

1907 5387 2112 5441 illibata
2157 5399 2530 5458 permaneant,
2564 5391 2837 5444 communi
2873 5391 3078 5458 judicio
3105 5392 3485 5445 decreverunt.

1908 5478 1993 5544 Et,
2015 5489 2267 5551 tanquam
2296 5497 2404 5536 non
2430 5482 2530 5537 hoc
2554 5484 2817 5553 judicium
2840 5485 2939 5538 sub
2967 5485 3221 5553 prazconii
3246 5501 3489 5538 commn-

1909 5575 1994 5627 nis
2037 5576 2423 5629 acclamatione
2469 5574 2777 5640 suﬂicerct,
2843 5576 3050 5630 viritim
3114 5576 3488 5643 unusquisque

1908 5665 2226 5733 consulitur,
2275 5668 2389 5739 ipse
2430 5681 2644 5738 quoque
2687 5666 3098 5724 Matisconensis
3144 5667 3483 5738 inquiritur:
