4054 6184
467 273 565 338 86!

1594 275 1884 334 HYMNUS
1920 277 2008 332 DE
2047 277 2301 336 GLORIA
2340 277 2676 334 PARADISI.

3631 275 3736 328 859

471 395 562 462 qui
595 390 852 446 nimirum
871 405 980 444 nou
1006 390 1185 444 minus
1203 404 1364 458 quam
1389 388 1567 442 caeteri
1593 403 1782 442 omnes
1809 388 2048 457 episcopi
2077 402 2122 457 Α
2151 400 2368 461 petente
2413 391 2722 446 Matiscensi
2748 429 2762 454 ,
2831 389 2923 444 sed
2967 388 3206 443 donante
3256 388 3455 442 domno
3498 385 3734 442 Ostiensi

471 494 591 540 rata
621 482 900 554 privilegia
937 491 987 533 et
1029 480 1320 534 inviolabili
1367 495 1430 533 ac
1475 475 1735 548 perpetuo
1773 477 1896 546 jure
1937 493 2052 532 ser-

471 572 646 627 vanda
678 571 847 625 libere
879 570 1088 624 cunctis
1113 569 1455 622 audientibus
1481 567 1793 637 .prolitetnr.
1828 566 1894 620 Et
1924 567 2051 636 quia

471 664 527 721 in
551 664 752 718 eisdem
775 661 1066 732 privilegiis
1101 661 1201 715 hoc
1224 661 1366 714 inter
1388 668 1584 714 caetera
1610 660 1708 713 sub
1737 660 2053 714 anathema-

477 753 546 808 tis
569 752 927 808 iutentatione
957 760 1174 805 cautum
1207 759 1310 813 est,
1341 766 1408 806 ne
1434 749 1653 805 cuilibet
1679 750 2054 820 episc0porum

476 844 637 899 liceat
671 841 725 896 in
770 840 978 912 prtel'ati
1019 839 1251 894 (‘tBttObii
1285 839 1582 893 monachos
1612 839 2054 894 excommunica-

478 933 645 990 tionis
666 931 1007 1004 promulgare
1037 932 1395 996 sententiam;
1421 931 1705 1001 episcOpus
1729 941 1912 985 autem
1945 947 2050 985 non

478 1025 726 1081 absolute
771 1022 873 1092 (sic
927 1038 986 1077 se
1031 1022 1393 1094 913-914
1443 1022 1683 1077 funditus
1741 1022 2057 1094 excusabat)

480 1112 1056 1172 cxconimunicationis
1080 1112 1321 1180 jaculuut
1361 1112 1563 1175 intulit,
1594 1113 1691 1166 sed
1724 1113 1819 1174 ita,
1853 1122 1912 1164 ut
1939 1128 2062 1181 per-

483 1206 723 1272 hibebat,
759 1207 836 1259 ira
864 1215 1188 1269 commotus,
1222 1206 1293 1258 ait
1331 1223 1344 1257 :
1382 1224 1398 1254 ι
1435 1204 1605 1274 Siqui
1633 1213 1760 1258 sunt
1791 1205 1894 1258 mei
1921 1203 2061 1271 juris

484 1297 534 1349 in
567 1295 658 1349 illo
683 1295 1026 1360 monasterio,
1055 1309 1191 1364 quos
1219 1293 1346 1348 mihi
1377 1294 1533 1348 liceat
1557 1294 2058 1357 excommunicare,

483 1384 603 1438 illos
631 1386 1061 1440 excommuuieo.
1103 1405 1120 1435 ι
1164 1382 1297 1438 Cum
1331 1384 1493 1454 igitur
1523 1385 1574 1437 in
1619 1385 1718 1438 hac
1750 1399 2060 1438 excommu—

481 1475 757 1530 nicatione
797 1474 1111 1543 prgedictum
1149 1474 1485 1544 episcopum,
1526 1473 1654 1527 licet
1699 1473 2063 1543 ignorantem,

480 1575 670 1622 comra
722 1564 1000 1634 privilegia
1057 1565 1314 1621 Romana:
1364 1565 1616 1620 Ecclesia:
1659 1565 2067 1636 quomodolibet

2153 483 2408 551 episc0po
2458 489 2850 535 remanserunt.
2900 479 3047 533 Illico
3097 477 3356 547 prmfatus
3401 475 3739 530 Matisceusis

2151 574 2436 643 episcopus
2465 573 2769 641 pavimento
2798 578 3100 638 prostratus
3133 571 3339 622 veniam
3378 569 3551 635 petiit,
3582 583 3729 620 sese-

2153 678 2261 731 que
2291 676 2540 731 peccasse
2561 659 2858 723 confessus,
2882 667 3087 728 septem
3115 657 3320 711 dierum
3347 658 3726 726 pmuitentiam

2158 753 2212 807 in
2242 768 2382 822 pane
2407 761 2462 807 et
2503 767 2643 821 aqua
2665 738 3007 822 jejunaturus
3036 750 3268 817 accepit.
3292 747 3514 803 Postera
3562 758 3740 803 autem

2156 844 2266 910 die,
2296 845 2484 899 eodem
2530 853 2718 898 sancto
2748 843 3016 898 residente
3061 842 3293 897 concilio
3319 883 3334 907 ,
3369 840 3582 895 clericis
3632 841 3746 911 suis

2159 950 2360 991 vesane
2390 948 2453 989 ac
2478 933 2782 1003 procaciter
2828 932 3234 995 insistentibus,
3285 933 3425 988 idem
3455 931 3744 1001 episcopus

2161 1027 2318 1096 petiit
2367 1036 2427 1081 ut
2472 1042 2583 1080 suae
2626 1041 2841 1097 quoque
2868 1023 3123 1082 Ecclesia:
3165 1023 3500 1094 privilegium
3534 1024 3674 1094 quod
3714 1039 3744 1077 a

2160 1136 2296 1191 papa
2324 1120 2525 1174 dudum
2571 1120 2797 1189 Agapito
2837 1119 3191 1172 constitutum
3224 1117 3415 1176 fuerat,
3455 1116 3744 1186 legeretur.

2163 1213 2218 1266 lu
2251 1227 2358 1281 qtto
2383 1211 2635 1264 nimirum
2664 1209 2796 1263 nihil
2834 1225 2970 1278 pene
2997 1207 3300 1278 przeterjns
3332 1217 3490 1276 atque
3519 1221 3748 1260 consue-

2164 1306 2400 1361 tudinem
2433 1304 2850 1374 uniuscujusque
2882 1301 3139 1357 Ecclesiae
3191 1299 3476 1354 videbatur
3507 1297 3742 1368 peculia-

2164 1399 2298 1454 riter
2317 1397 2546 1451 'insitum
2567 1436 2582 1460 ,
2614 1394 2705 1451 sed
2733 1395 2874 1465 quod
2904 1395 3153 1450 omnibus
3197 1393 3331 1447 locis
3362 1392 3562 1446 sanctis
3595 1407 3745 1446 com-

2171 1491 2320 1544 muni
2349 1489 2686 1560 dignoscitur
2704 1487 2828 1556 jure
2856 1501 3201 1542 concessum:
3227 1484 3478 1540 videlicet
3505 1492 3646 1538 utne
3667 1481 3752 1537 vel

2166 1599 2228 1638 ea
2284 1597 2404 1652 qua:
2456 1581 2538 1636 sui
2574 1581 2715 1650 juris
2769 1579 2881 1649 jam
2927 1587 3082 1634 erant
3128 1576 3212 1631 vel
3267 1577 3522 1646 deinceps
3572 1575 3751 1629 futura
3819 1629 3830 1652 .

480 1657 658 1728 egisse
671 1656 1048 1721 convinceret;
1075 1657 1162 1711 ille
1188 1667 1367 1712 autem
1393 1657 1793 1727 privilegioruu:
1822 1666 2061 1710 tenorem
2087 1705 2134 1743 ,β
2169 1684 2344 1740 erant,
2373 1674 2637 1743 quispiam
2665 1673 2933 1727 violentus
2959 1670 3235 1724 invaderet
3259 1708 3274 1730 ,
3303 1667 3396 1722 sed
3428 1681 3522 1720 sua
3565 1665 3747 1718 omnia

483 1763 549 1822 ac
589 1749 784 1802 seriem
827 1751 890 1802 'se
928 1747 1127 1817 legisse
1173 1749 1254 1804 vel
1291 1750 1580 1820 agnovisse
1623 1747 2061 1803 constantissime

2178 1774 2350 1819 rector
2374 1764 2626 1818 Ecclesiae
2652 1761 2706 1816 in
2739 1763 2890 1831 pacis
2919 1776 2982 1816 ac
3010 1757 3418 1828 tranquillitatis
3445 1755 3556 1810 otio
3583 1755 3752 1824 possi-

398 1899 416 1910 .
485 1836 850 1908 propulsaret;
887 1837 1124 1901 tandem,
1149 1849 1338 1893 sancto
1363 1839 1687 1892 decernente
1712 1836 1982 1898 concilio,‘
1995 1835 2061 1888 ad

486 1927 628 1985 hunc
665 1927 961 1984 decisionis
1003 1928 1164 1984 linem
1209 1945 1371 1984 causa
1403 1929 1662 1999 perducta
1694 1938 1800 1992 est,
1833 1936 1890 1982 ut
1929 1943 2066 1999 pra:-

417 2042 422 2047 τ
483 2016 629 2072 fatus
655 2019 941 2090 episcopus
961 2021 1178 2091 propria
1211 2037 1370 2075 manu
1403 2037 1566 2089 super
1596 2019 1798 2080 sanctis
1825 2020 2068 2089 Evange-

484 2107 575 2167 liil
603 2112 940 2182 superposita
966 2113 1193 2182 juraret.
1229 2114 1417 2182 sicque
1453 2114 1601 2168 sedis
1629 2111 1942 2182 apostolicae
1989 2112 2068 2166 le-

485 2197 610 2272 gato
640 2212 941 2273 sanctoque
968 2203 1197 2258 concilio
1222 2201 1583 2258 satisfaceret.

943 2293 1241 2348 [ridiculum
1277 2294 1612 2348 sacramenti.
1945 2353 1954 2360 ο

561 2384 779 2447 Audiat,
812 2385 986 2454 inquit
1029 2385 1254 2455 (scilicet
1297 2385 1506 2438 Matisc.
1553 2386 1883 2454 episcopus),
1917 2384 2071 2438 dom-

489 2490 595 2529 nus
637 2475 830 2531 Petrus
882 2477 1151 2532 Ostiensis
1205 2476 1489 2546 episcopus
1515 2515 1531 2539 ,
1575 2485 1630 2530 et
1671 2475 1848 2530 omnis
1888 2476 2075 2529 sancta

487 2564 772 2637 synodus,
818 2567 942 2636 quia
985 2581 1050 2620 eo
1102 2566 1189 2620 die
1240 2581 1348 2635 quo
1400 2564 1716 2620 Cluniacum
1772 2575 2078 2618 commotus

491 2655 704 2719 adveni,
733 2671 837 2709 non
877 2657 929 2710 in
971 2664 1283 2725 contemptu
1324 2656 1440 2711 sive
1476 2657 1733 2724 despectu
1761 2656 1904 2708 sedis
1945 2671 2078 2722 apo-

489 2746 718 2810 stolicae,
750 2747 831 2802 vel
865 2748 1046 2801 domui
1077 2746 1366 2802 Alexandri
1400 2746 1627 2802 Romani
1663 2745 1941 2815 pontiﬁcis
1973 2745 2074 2799 hoc

491 2836 596 2908 egi.
627 2847 680 2890 et
701 2837 1101 2907 privilegiorum
1130 2847 1369 2892 tenorem
1417 2853 1480 2893 ac
1525 2837 1744 2899 seriem,
1778 2819 1898 2904 qua:
1924 2837 2082 2889 modo

496 2927 549 2981 in
573 2930 772 2982 nostris
800 2929 1022 2984 auribus
1054 2928 1192 2984 lecta
1231 2937 1390 2994 sunt,
1424 2940 1552 2983 tunc
1581 2929 1650 2982 ad
1683 2928 1947 2996 liquidum
1976 2941 2081 2979 non

495 3021 742 3087 cognovi.
784 3021 865 3076 sic
895 3036 981 3077 me
1021 3022 1164 3077 Deus
1195 3020 1437 3091 adjuvet,
1470 3031 1524 3077 et
1556 3022 1656 3076 ista
1689 3031 1874 3076 sancta
1902 3019 2084 3074 Evan-

2168 1855 2338 1911 deret.
2385 1854 2500 1908 Hoc
2543 1854 2724 1923 itaque
2767 1851 3104 1923 privilegium
3160 1862 3348 1903 omnes
3400 1844 3638 1916 episcopi
3691 1843 3744 1900 in

2171 1957 2321 2002 tanto
2342 1946 2572 2002 concilio
2594 1947 2711 2000 sine
2732 1960 2895 2000 causa
2932 1943 3129 1999 lectum
3158 1955 3282 1995 esse
3307 1940 3552 1993 dicentes
3572 1976 3586 1998 ,
3618 1951 3754 1988 uua-

2170 2037 2771 2093 nimiter'decreveruut
2789 2033 2922 2088 nihil
2951 2035 3054 2087 hoc
3079 2028 3432 2100 prmjudicare
3460 2018 3756 2096 privilegiis

2173 2127 2490 2186 monasterii
2516 2171 2528 2186 .
2557 2142 2679 2196 qua:
2718 2123 2893 2194 pridie
2923 2135 3108 2178 coram
3144 2117 3399 2175 omnibus
3456 2115 3594 2170 lecta
3645 2111 3762 2166 fue-

2175 2230 2299 2276 rant
2331 2239 2344 2274 :
2377 2220 2510 2274 nihil
2544 2220 2788 2274 minuere
2823 2217 2998 2270 dehis
3037 2228 3157 2282 qua:
3199 2213 3250 2266 in
3294 2210 3398 2264 illis
3446 2207 3764 2275 legebantur

2173 2314 2242 2368 ab
2263 2312 2581 2383 apostolica:
2610 2311 2754 2364 sedis
2798 2307 3122 2361 liberalitate
3150 2317 3430 2359 concessa.
3459 2299 3550 2354 Sic
3580 2297 3764 2367 itaque

2177 2418 2275 2474 per
2314 2401 2602 2472 synodales
2630 2399 2920 2454 concilium
2950 2404 3204 2466 perpetua
3236 2389 3554 2446 monasterii
3592 2387 3759 2442 liber-

2182 2504 2293 2549 tate
2322 2469 2533 2547 iirmata
2553 2531 2569 2556 ,
2610 2501 2964 2556 sanctumque
3005 2486 3179 2540 locum
3213 2483 3310 2537 soli
3343 2469 3624 2546 subjacere
3647 2479 3758 2531 Bo-

2183 2601 2354 2640 mana:
2403 2581 2660 2638 Ecclesiae
2711 2575 2982 2632 communi
3024 2581 3335 2628 sanctorum
3385 2569 3761 2637 episcoporum

2179 2676 2534 2730 decernentes
2594 2667 2904 2728 sententia,
2963 2677 3091 2716 mox
3143 2661 3286 2714 inter
3343 2657 3652 2726 episcopum
3708 2661 3764 2706 et

2179 2767 2428 2819 abbatem
2457 2759 2634 2814 omnis
2664 2753 3050 2811 controversia:
3075 2747 3292 2819 querela
3322 2746 3550 2815 sopitur,
3581 2741 3763 2796 omnis

2184 2849 2545 2909 animositatis
2591 2855 2755 2914 atque
2786 2840 2990 2896 dissidii
3037 2839 3270 2894 scissura
3296 2832 3646 2914 componitur
3669 2869 3685 2894 ,
3711 2837 3768 2883 et

2185 2944 2328 2999 inter
2355 2950 2644 3007 utrumque
2690 2933 3025 3004 spiritualem
3078 2927 3330 2982 videlicet
3371 2923 3547 2976 virum
3609 2920 3764 2972 lirma

2185 3051 2291 3108 pax
2321 3031 2605 3090 charit-atis
2652 3027 2860 3098 glutino
2901 3023 3248 3078 reformatur.
3300 3014 3425 3070 Haec
3466 3013 3628 3084 igitur
3675 3025 3772 3080 per

496 3109 652 3179 gelia.
696 3110 824 3166 Post
849 3126 978 3166 eum
1025 3127 1242 3184 quoque
1284 3121 1518 3182 quatuor
1547 3111 1801 3168 Ecclesia:
1842 3111 2068 3182 ejusdeir

2187 3125 2434 3182 ordinem
2470 3118 2620 3175 brevi
2668 3129 2918 3172 sermone
2946 3110 3272 3183 digessimus
3301 3147 3316 3172 ,
3363 3113 3422 3158 ut
3469 3101 3773 3173 purissimae

496 3203 676 3258 clerici
704 3207 757 3258 in
792 3218 1085 3274 conspectu
1107 3206 1351 3262 omnium
1381 3214 1769 3268 accesserunt,
1792 3213 1847 3258 et
1882 3201 2088 3272 jurejuc

499 3295 704 3358 ranrlo,
737 3298 876 3366 quod
905 3297 996 3351 ille
1013 3298 1293 3368 juraverat
1321 3340 1334 3362 ,
1368 3313 1533 3367 super
1575 3297 1761 3351 eadem
1795 3294 2086 3364 Evangelia

500 3382 870 3441 ﬁrmaverunt.
906 3386 1019 3442 Duo
1055 3397 1234 3443 autem
1262 3389 1328 3443 de
1354 3389 1660 3458 septenario
1688 3400 1918 3440 numero
1937 3424 1954 3449 ,
1987 3383 2082 3453 qui

406 3510 410 3514 -
501 3473 568 3528 ad
585 3473 878 3542 juraudum
908 3494 939 3532 a
961 3487 1155 3534 sancto
1179 3479 1410 3535 concilio
1438 3477 1691 3547 praeﬁxas
1725 3475 1904 3529 fuerat
1929 3512 1944 3538 ,
1973 3487 2080 3526 non

2188 3215 2471 3275 relationis
2519 3212 2735 3273 rivum,
2773 3221 2933 3277 quem
2969 3201 3169 3257 nostris
3205 3196 3541 3267 temporibus
3587 3191 3772 3246 hausi-

2188 3328 2330 3371 mus.
2367 3311 2421 3364 in
2455 3317 2700 3378 posteros
2741 3303 2905 3355 etiam
2953 3313 3050 3359 per
3099 3294 3344 3352 veritatis
3387 3292 3598 3347 alveum
3632 3285 3772 3342 ﬁdeli

2185 3402 2378 3477 poculo
2409 3394 2868 3454 transfundamus.

503 3617 3734 3678 _____________________________.__________...._____————-

1109 3769 1464 3842 915-916
1520 3779 1952 3860 HYMNUS
2006 3777 2068 3853 ι)

2199 3767 2585 3851 GLORIA
2640 3757 3111 3843 PARADISI

1027 3956 1204 4018 Petri
1237 3955 1549 4027 Damiani,
1585 3947 1932 4014 cardinalis
1962 3945 2299 4018 Ostiensis,
2333 3961 2410 4004 ea:
2441 3939 2630 4001 dictis
2673 3935 2839 4000 beati
2872 3928 3242 4011 Augustini.

512 4219 565 4274 l.
590 4213 668 4269 Ad
695 4209 946 4284 perennis
968 4206 1088 4261 vitae
1113 4203 1318 4258 fontem
1341 4214 1493 4255 meus
1519 4196 1690 4254 sitivit
1717 4195 1892 4263 arida,

583 4307 830 4362 Claustra
852 4299 1035 4357 carnis
1058 4305 1253 4368 praesto
1275 4293 1449 4365 frangi
1473 4291 1657 4348 clausa
1677 4288 1873 4361 qumrit
1891 4287 2096 4343 anima.

583 4394 794 4460 Gliscit,
823 4382 1014 4454 ambit,
1039 4388 1306 4444 eluctatur
1329 4384 1481 4441 exsul
1511 4383 1613 4438 l'rui
1640 4381 1839 4452 patria,

588 4487 725 4541 Dum
755 4480 1028 4551 pressuris
1056 4493 1121 4533 ac
1147 4477 1404 4533 mrumnis
1429 4490 1488 4530 se
1510 4476 1677 4544 gemit
1703 4468 2023 4532 obnoxiam;

584 4577 758 4646 Quam
798 4572 982 4626 amisit
1009 4585 1130 4624 cum
1163 4569 1408 4637 deliquit,
1427 4563 1823 4633 contemplatur
1849 4561 2097 4630 gloriam.

588 4670 836 4725 Praesens
869 4665 1067 4719 malum
1104 4669 1264 4730 auget
1291 4659 1414 4711 boni
1439 4653 1630 4727 perditi
1657 4653 1992 4707 memoriam.

517 4760 575 4817 Ω.
598 4759 730 4813 Nam
754 4758 874 4826 quis
895 4763 1128 4824 promat,
1153 4765 1376 4805 summa:
1395 4747 1544 4817 pacis
1565 4753 1762 4812 quanta
1790 4742 1862 4794 sit
1881 4737 2104 4793 ltetitia?

597 4850 695 4907 Ubi
728 4849 864 4903 vivis
889 4844 1194 4914 margaritis
1224 4848 1452 4908 surgunt
1489 4835 1735 4890 :ediiicia.

590 4945 741 5000 Auro
757 4939 898 4995 celsa
928 4938 1132 4990 micant
1155 4941 1316 4995 tecta,
1344 4930 1555 4984 radiant
1585 4923 1853 4988 triclinia;

593 5033 737 5093 Solis
758 5032 988 5104 gemmis
1014 5025 1264 5096 pretiosis
1289 5023 1405 5077 lucc
1430 5028 1702 5076 structura
1731 5013 1988 5069 nectitur.

595 5129 744 5182 Auro
771 5123 971 5176 mundo
1009 5128 1263 5186 tanquam
1296 5114 1436 5166 vitro
1473 5109 1624 5164 urbis
1652 5107 1737 5160 via
1764 5105 2066 5160 sternitur:

595 5216 764 5273 Abest
791 5213 972 5274 limus,
1000 5209 1148 5262 deest
1180 5204 1359 5264 limus,
1386 5201 1502 5255 lues
1533 5197 1676 5252 nulla
1701 5195 1960 5251 cernitur.

599 5308 782 5362 Hiems
796 5306 1211 5363 horrensaestas
1223 5307 1433 5348 torrens
1449 5292 1554 5345 illic
1569 5303 1841 5358 nunquam
1858 5285 2105 5341 saeviunt.

599 5397 723 5452 Flos
744 5402 1035 5464 perpetuus
1072 5401 1318 5440 rosarum
1347 5397 1441 5435 ver
1471 5380 1582 5449 agit
1608 5386 1946 5447 perpetuum.

527 5485 586 5547 5.
606 5484 853 5542 Candent
878 5482 1004 5541 lilia,
1027 5476 1264 5531 rubescit
1288 5488 1504 5534 crocus.
1530 5474 1687 5524 sudal.
1710 5467 2035 5522 balsamum.

609 5576 794 5631 Virent
819 5581 994 5640 prata,
1016 5574 1248 5622 vernant
1281 5574 1419 5628 sata,
1451 5563 1551 5617 rivi
1587 5559 1762 5615 mellis
1789 5557 2038 5618 inﬂuunt,

607 5667 1011 5737 Pigmentorum
1037 5659 1209 5730 spirat
1235 5656 1392 5723 odor,
1423 5657 1602 5726 liquor
1625 5661 1679 5708 et
1702 5657 2037 5711 aromatum;

2117 4197 2167 4256 ι)
2263 4189 2508 4246 Pendeat
2537 4199 2696 4257 poma
2730 4179 3043 4236 ﬂoridorum
3077 4190 3183 4230 non
3232 4173 3447 4242 lapsura
3478 4183 3792 4238 nemorum.

2272 4277 2390 4335 Non
2421 4277 2653 4331 alternat
2689 4271 2814 4326 luna
2841 4270 3012 4332 vices,
3041 4265 3141 4331 sol,
3172 4263 3254 4318 vel
3285 4275 3478 4317 cursus
3500 4258 3738 4314 siderum
3769 4273 3796 4329 ξ’,

2271 4373 2457 4440 Agnus
2481 4374 2566 4422 est
2588 4364 2764 4419 felicis
2787 4361 2936 4416 urbis
2963 4359 3144 4412 lumen
3171 4351 3540 4409 inocciduum.

2273 4463 2392 4517 Nox
2417 4468 2472 4515 et
2495 4467 2708 4528 tempus
2731 4453 2929 4508 desunt
2965 4451 3040 4515 ei,
3072 4448 3214 4504 diem
3243 4446 3349 4500 fert
3377 4443 3715 4498 continuum.

2275 4553 2411 4608 Nam
2442 4561 2498 4608 et
2515 4548 2687 4606 sancti
2711 4558 2928 4616 quoque
2953 4539 3204 4600 velutsol
3230 4535 3519 4608 praclarus
3541 4531 3797 4608 rutilant,

2211 4645 2260 4699 ι.
2286 4645 2412 4699 Post
2450 4640 2783 4709 triumphum
2816 4631 3060 4689 coronati
3095 4637 3282 4683 mutuo
3324 4625 3683 4696 conjubilant,

2278 4737 2345 4790 Et
2373 4732 2628 4804 prostrati
2660 4741 2865 4798 pugnas
2895 4722 3070 4777 hostis
3096 4719 3210 4788 jam
3260 4720 3437 4772 securi
3474 4720 3794 4784 numerant;

2279 4824 2436 4880 Omni
2469 4821 2589 4874 labe
2610 4815 2878 4877 deftecati,
2915 4811 3099 4866 carnis
3129 4807 3266 4864 bella
3296 4808 3566 4862 nesciunt.

2280 4915 2422 4972 Caro
2461 4911 2603 4965 facta
2653 4903 2974 4975 spiritualis.
3004 4909 3060 4956 et
3086 4914 3238 4955 mens
3267 4912 3433 4951 unum
3461 4893 3718 4949 sentiunt.

2281 5006 2422 5061 Pace
2450 5001 2618 5057 multa
2645 4996 3013 5069 perfruentes,
3051 4991 3308 5049 scandala
3333 5004 3440 5043 non
3469 4985 3745 5058 perferunt
3771 4999 3796 5055 ξ

2283 5095 2628 5153 Mutabilihus
2646 5067 2819 5154 exuti,
2850 5093 3101 5158 repetunt
3123 5083 3414 5154 originem,
3851 5067 3860 5074 ’

2285 5191 2350 5246 Et
2377 5189 2696 5261 praisentem
2723 5184 2970 5242 veritatis
2998 5175 3434 5246 contemplantur
3461 5169 3721 5240 speciem,

2212 5283 2265 5338 5.
2289 5281 2427 5336 Hinc
2457 5281 2672 5335 vitalem
2694 5277 2800 5330 vivi
2832 5273 2994 5328 fontis
3025 5269 3282 5324 hauriunt
3313 5262 3676 5317 dulcedinem.

2283 5376 2413 5430 lude
2445 5381 2645 5432 statum
2676 5383 2892 5437 semper
2920 5365 3080 5418 iidem
3114 5365 3374 5412 exeuntes
3400 5354 3648 5424 capiunt;

2285 5465 2455 5529 Clari,
2481 5463 2664 5524 vividi,
2689 5457 2934 5528 iucundi,
2961 5451 3120 5508 nullis
3156 5456 3339 5518 patent
3365 5445 3578 5499 casibus
3613 5461 3627 5496 :

2289 5560 2501 5612 Absunt
2531 5552 2702 5608 morbi
2734 5563 2948 5617 semper
2978 5544 3146 5606 sanis,
3179 5547 3430 5595 senectus
3450 5534 3766 5607 juvenibus,

2291 5649 2427 5706 Hinc
2453 5656 2690 5716 perenne
2714 5645 2897 5694 tenent
2924 5650 3063 5699 esse,
3090 5647 3212 5687 nam
3238 5628 3470 5685 transire
3500 5625 3717 5693 transiit
3746 5641 3762 5692 :~
