4054 6184
294 253 399 305 ess
1128 255 1353 311 anon.
1392 259 1481 313 AD
1530 258 1696 316 TOM.
1736 258 1800 314 tn
1835 258 1977 317 ore
2032 258 2085 316 5.
2151 260 2355 318 verm
2405 250 2710 318 nanum.
3470 260 3580 322 86s

364 366 492 421 lude
513 366 715 434 virent,
736 368 940 437 vigent,
974 365 1186 433 ﬂorent,
1212 370 1517 439 corruptela
1545 371 1792 437 corruit,
1912 377 1962 433 Α
2064 372 2340 429 lnhiantes
2366 390 2579 444 semper
2607 378 2791 440 edunt,
2824 384 2877 430 et
2902 376 3129 433 edentes
3154 374 3384 432 inhiant.

361 455 729 527 917-918
750 456 1179 523 [inmortalitatis
1201 460 1680 529 vigor,rnortisjus
1700 462 1881 538 διξερε-ε
1994 460 2047 515 7.
2075 460 2251 517 Novas
2286 478 2499 534 semper
2530 465 2842 519 harmonias
2876 481 2977 519 vox
3007 465 3222 521 meloda
3250 476 3539 538 concrepat

1726 530 1886 602 [ῧυίῑο
2063 550 2128 603 Ει
2158 551 2211 604 in
2241 530 2472 620 jubilum
2505 552 2712 621 prolata
2740 554 2981 608 mulcent
3006 571 3168 611 aures
3199 570 3402 623 Organa
3428 573 3443 622 ;

368 617 470 684 Qui
494 618 754 672 scientem
787 626 979 672 cuncta
1003 618 1203 683 sciunt,
1231 622 1323 690 qui
1352 622 1563 677 nescire
1589 631 1884 691 nequeunt;

2061 617 2352 710 Dignavper
2374 617 2531 710 quem
2556 653 2683 698 sunt
2707 645 2941 700 victores
2965 649 3077 717 regi
3106 649 3237 704 dant
3262 617 3552 718 praeconia.

369 709 502 765 Nam
531 720 585 765 et
615 712 851 780 pectoris
882 727 1079 767 arcana
1104 724 1389 781 penetrant
1419 714 1761 769 alterutrum.

2060 729 2210 785 Felix
2238 732 2358 786 caali
2382 748 2500 801 qua:
2529 744 2850 802 praesentem
2880 751 3058 805 regem
3082 740 3255 793 cernit
3279 738 3483 801 anima,

298 799 348 853 6.
373 798 554 894 _U_num
584 799 789 867 volunt,
820 817 985 857 unum
1017 802 1223 867 nolunt,
1254 804 1436 859 unitas
1464 814 1546 857 est
1582 806 1842 858 mentium
1870 821 1885 871 ;
2056 821 2125 876 Ει
2153 823 2251 877 sub
2272 798 2630 894 εραεέρεέωι
2656 825 2787 891 am,
2815 798 2967 882 orbi;
2990 828 3130 883 νοινί
3164 798 3503 893 [numnum

369 892 520 946 Licet
550 894 749 961 cuique
786 895 857 947 sit
883 893 1161 949 diversum
1198 911 1295 964 pro
1331 896 1515 951 labore
1542 896 1813 959 meritum,

2060 913 2266 980 Solem,
2294 914 2509 991 lunam,
2534 927 2588 971 et
2614 916 2829 988 globosa
2858 935 2978 976 cum
3012 920 3243 991 planetis
3278 923 3480 978 sidera.

368 982 620 1037 Charitas
650 984 765 1038 haec
793 999 949 1040 suum
976 983 1127 1050 facit,
1158 985 1301 1055 quod
1328 993 1474 1039 amat
1512 987 1564 1039 in
1606 985 1811 1048 altero;

2062 1005 2277 1060 Christe
2301 990 2501 1076 ,paima
2525 1008 2868 1075 bellatorum,
2898 1012 3000 1065 hoc
3026 1012 3078 1065 in
3111 1012 3470 1085 municipium

366 1073 650 1143 Proprium
675 1076 753 1129 sic
778 1076 1115 1145 singulorum
1143 1091 1431 1131 commune
1465 1076 1524 1129 tit
1548 1076 1811 1130 omnium.

370 1163 470 1219 Ubi
497 1180 716 1234 corpus,
752 1165 858 1219 illic
884 1165 1010 1234 jure
1041 1175 1441 1238 congregantur
1472 1166 1679 1235 Aquilae
1700 1208 1715 1229 ,

368 1253 486 1318 Quo
510 1269 632 1307 cum
662 1256 871 1326 angelis
898 1264 953 1309 et
980 1257 1183 1311 sanctis
1210 1266 1525 1312 recreentur
1554 1258 1768 1312 animas.

376 1346 491 1400 Uno
519 1362 657 1417 pane
686 1349 877 1403 vivunt
902 1349 1050 1404 cives
1072 1350 1357 1420 utriusque
1395 1351 1603 1420 patriae.

373 1438 615 1493 Avidi~et
638 1455 856 1508 semper
879 1440 1043 1509 pleni,
1073 1442 1217 1510 quod
1245 1443 1445 1515 habent
1466 1443 1798 1497 desiderant.

371 1524 487 1581 Non
512 1528 738 1584 satietas
764 1528 993 1597 fastidit,
1021 1546 1197 1602 neque
1233 1532 1405 1588 fames
1432 1533 1644 1587 cruciat
1674 1548 1689 1587 :

2065 1098 2317 1153 Introduc
2349 1114 2435 1153 me
2458 1109 2578 1169 post
2601 1100 2836 1156 solutqu
2867 1103 3102 1158 militare
3122 1103 3396 1174 cingulum
3424 1146 3439 1170 ,

2063 1191 2175 1245 Fac
2202 1202 2509 1248 consortem
2546 1194 2789 1249 donativi
2823 1196 3110 1250 beatorum
3145 1196 3362 1252 civium.

2064 1284 2252 1338 l’rtebe
2277 1285 2420 1339 vires
2448 1286 2772 1341 inexhausto
2801 1286 3068 1342 laboranti
3099 1289 3324 1358 przelio;

2071 1371 2142 1427 Ut
2170 1372 2405 1440 quietem
2444 1384 2565 1444 post
2606 1375 2958 1444 praecinctum
2985 1376 3185 1432 debeas
3207 1376 3431 1432 emerita
3462 1393 3478 1431 :

2068 1465 2253 1535 Teque
2284 1480 2496 1521 merear
2510 1467 2681 1537 potiri
2706 1467 2823 1522 sine
2848 1467 2955 1522 ﬁne
2982 1469 3224 1538 praemio.
3250 1468 3438 1523 Amen.

1177 1681 1358 1741 Finis
1398 1683 1551 1742 tomi
1580 1683 1756 1743 tertii
1787 1683 2058 1762 Operam
2090 1684 2160 1745 Β.
2194 1682 2369 1745 Petri
2394 1685 2712 1747 Damiani.

316 1889 3528 1928 ψ

318 2020 797 2178 ADDITIO
905 2021 1065 2175 ΑΙ)
1172 2022 1575 2179 '1‘0MUM
1654 2017 1919 2178 1H0

1959 2021 2323 2178 nam
2409 2022 2509 2177 s.
2592 2024 2945 2177 ιιιιτιι
3011 2024 3560 2223 υιιιιΑΝι.

901 2342 1081 2552 DE
1170 2437 2154 2575 SEQUENTIBUS
2212 2436 2991 2555 OPUSCULIS

1483 2676 1693 2765 MAI
1770 2672 2390 2767 MONITUM.

712 2866 1057 2938 (Scriptorum
1090 2874 1314 2918 veterum
1342 2862 1589 2918 Collectio
1618 2880 1747 2918 nova
1783 2903 1799 2929 ,
1832 2871 1964 2917 lout.
1994 2856 2088 2929 VI,
2115 2860 2269 2932 praef.
2294 2876 2417 2932 pag.
2455 2877 2647 2929 χχχιιι,
2688 2870 2744 2917 ct
2766 2866 2901 2934 'pag.
2929 2861 3216 2934 195-244.)

1800 3026 2145 3042 -Ψ

388 3173 626 3239 Operum
659 3165 733 3239 S._
753 3166 898 3239 Petri
931 3167 1197 3239 Damiani,
1230 3182 1390 3236 quem
1424 3184 1595 3239 nuper
1622 3168 1732 3224 Leo
1755 3168 1849 3224 Xll
1880 3170 1939 3224 P.
1968 3169 2038 3223 Μ.
2075 3170 2219 3224 inter
2243 3179 2446 3225 sancta:
2477 3169 2734 3225 Ecclesiae
2781 3169 3035 3225 doctores
3060 3168 3284 3225 decreto
3313 3186 3412 3226 suo
3437 3178 3587 3226 retn~

315 3239 399 3307 lit,
440 3237 531 3295 illa
560 3237 987 3310 cumulatissima
1017 3238 1316 3310 editiogest,
1353 3237 1514 3308 quam
1544 3239 1607 3310 in
1634 3248 1868 3308 quatuor
1891 3241 2156 3310 digestam
2203 3250 2378 3295 tomos
2405 3240 2794 3295 Constantinus
2822 3240 3115 3310 Cajetanus
3139 3241 3438 3295 monachus
3458 3242 3588 3296 olim

317 3310 628 3370 adornavit,
649 3317 704 3362 et
732 3309 992 3379 nuperius
1017 3307 1261 3379 Venetiis
1290 3307 1435 3363 anno
1459 3308 1599 3363 1745
1633 3307 2187 3379 τρουδειιῐιίὴειὺθιηιιδ.
2218 3310 2381 3379 Atqui
2412 3311 2549 3365 hanc
2592 3307 2911 3365 editionem'
2934 3325 3057 3365 cum
3112 3325 3213 3379 ego
3265 3310 3331 3364 ad
3377 3311 3592 3365 codices

327 3376 963 3449 Vaticanosconferrem,
993 3378 1321 3449 deprehendi
1354 3379 1614 3434 nonnulla
1646 3382 1846 3449 partim
1883 3378 1941 3434 S.
1979 3380 2217 3449 doctoris
2249 3376 2528 3448 opuscula,
2566 3380 2763 3449 partim
2795 3396 2920 3434 wro
2946 3379 3011 3433 de
3039 3376 3171 3443 ipso'
3191 3381 3413 3449 scripta,
3468 3395 3589 3449 quae

316 3465 580 3509 summam
599 3447 1199 3519 Cajetauidiligeutiatn
1230 3448 1499 3518 fugerunt.
1548 3447 1684 3503 Sunt
1711 3459 1893 3503 autem
1941 3450 1997 3506 1.
2024 3448 2083 3503 S.
2113 3449 2254 3504 l‘etri
2280 3447 2525 3519 Damiani
2567 3447 2679 3503 Iter
2709 3448 2973 3503 Gallicum
3005 3449 3056 3502 in
3088 3464 3270 3504 coaevo
3299 3447 3465 3519 ferme
3487 3447 3580 3502 co-

318 3524 439 3576 dice
470 3522 539 3573 ab
565 3518 682 3588 ejus
707 3518 879 3590 sodali
912 3527 968 3590 et
1003 3518 1215 3590 itineris
1246 3520 1395 3574 socio
1410 3521 1707 3587 scriptum;
1735 3519 2085 3590 quemplaue
2112 3520 2422 3590 suspicarer
2440 3518 2702 3574 Joannem
2748 3534 2870 3590 esse
2922 3520 3273 3590 monachum,
3331 3519 3390 3573 S.
3411 3518 3583 3590 APetri

320 3587 733 3659 extremis'vita:
757 3588 914 3659 annis
952 3588 1291 3659 individuum
1322 3590 1603 3651 comitem;
1633 3589 1724 3643 sed
1756 3587 1883 3659 quia
1909 3587 1961 3642 in
1991 3589 2109 3644 Vita
2132 3587 2293 3659 quam
2316 3590 2487 3643 edidit
2515 3590 2686 3644 sancti
2723 3589 2823 3643 viri
2850 3630 2865 3651 ,
2909 3589 3109 3644 nullam
3140 3589 3355 3643 itineris
3398 3587 3591 3659 Gallici

325 3660 652 3713 mentionem
686 3658 889 3721 intulit,
910 3658 998 3711 vix
1021 3667 1151 3727 puto
1179 3673 1301 3711 eum
1336 3668 1446 3712 tam
1482 3659 1646 3713 fuisse
1671 3658 1990 3713 obliviosum
2019 3668 2080 3713 ut
2114 3660 2305 3714 saltem
2336 3675 2445 3713 suae
2465 3659 2856 3714 lucubrationis
2884 3676 2987 3713 non
3020 3659 3373 3713 meminisset.
3424 3658 3591 3712 Porro

320 3731 437 3799 ejus
487 3727 695 3781 itineris
738 3738 1095 3799 prteterquaut
1127 3728 1269 3799 quod
1318 3728 1371 3781 in
1398 3728 1635 3783 editione
1663 3728 1897 3797 Operum
1929 3727 1988 3782 S.
2021 3728 2164 3784 Petri
2195 3729 2453 3799 memoria
2478 3739 2582 3793 est,
2649 3730 2724 3783 rei
2757 3730 2960 3783 certea
2992 3727 3353 3799 Cluniacensi
3381 3730 3578 3783 abbate

323 3796 584 3853 adversus
609 3796 994 3851 monasterium
1041 3797 1427 3852 Lemovicense
1473 3813 1577 3851 ano
1603 3800 1741 3853 1065
1781 3808 1945 3869 gestae
1975 3799 2105 3921 qquo
2130 3814 2272 3853 anno
2306 3808 2360 3852 et
2386 3798 2577 3853 Petrus
2605 3799 2701 3854 ivit
2730 3800 2780 3852 in
2810 3799 3038 3854 Galliam
3068 3807 3122 3851 et
3143 3800 3209 3853 de
3234 3816 3291 3854 re
3325 3798 3411 3853 illa
3445 3814 3592 3866 quae-

323 3870 550 3921 stionem
583 3867 789 3921 habuitl
819 3868 1059 3921 narratio
1088 3876 1266 3921 exstat
1293 3868 1710 3921 contemnoralis
1739 3872 1879 3921 anud
1906 3869 1978 3921 Ba
2005 3869 2182 3921 uzium
2223 3870 2276 3921 in
2309 3868 2683 3921 Miseellaneis.
2735 3869 2822 3921 ed.
2857 3885 2979 3921 nov.
3015 3877 3143 3921 tom.
3173 3868 3216 3921 l.
3249 3885 3302 3921 n.
3343 3868 3467 3921 125.
3500 3867 3590 3921 ubi

319 3870 550 3940 stionem
568 3867 789 3940 habuit)
819 3868 1059 3940 narratio
1088 3876 1266 3940 exstat
1293 3868 1710 3940 contemporalis
1739 3867 1885 3940 apud,
1906 3867 2182 3940 Baluzium
2223 3870 2279 3940 in
2309 3868 2683 3940 Miscellaneis,
2735 3869 2826 3940 ed.
2857 3885 2979 3925 nov.
3015 3868 3216 3940 tom.l,
3249 3885 3302 3938 ιι.
3343 3868 3467 3934 125,
3500 3867 3590 3940 ubi

321 3940 479 4011 paulo
510 3936 744 4011 iniquius
768 3953 799 3991 a
826 3936 1269 4011 Cluniaeeusibus
1296 3936 1746 4011 actunrvidetur;
1775 3936 1925 3994 'unde
1950 3939 2096 4011 Petri
2129 3938 2376 3993 Damiani
2407 3939 2666 4011 elucescit
2692 3939 2938 4007 aequitas,
2964 3940 3079 4011 Aqui
3109 3936 3596 4011 adversarios__qni—

323 4006 443 4066 item
480 4010 588 4080 avi
612 4006 900 4080 inferenda
930 4008 1309 4080 scandalisque
1334 4007 1634 4080 prohibuit;
1665 4021 1921 4065 ueterum
1953 4009 2018 4063 de
2050 4010 2165 4078 ipso
2191 4008 2711 4077 controversiaejure
2745 4006 3067 4080 sententiam
3117 4007 3263 4063 ferre
3317 4006 3596 4077 ampliavit

320 4080 396 4150 (p.
423 4078 572 4145 206).
605 4078 659 4131 2.
692 4077 960 4150 Expositio
988 4080 1204 4133 canonis
1227 4077 1401 4135 missa:
1435 4080 1487 4134 in
1515 4080 1711 4150 regina:
1730 4080 1939 4135 Suecize
1965 4077 2151 4134 codice
2174 4088 2530 4150 conservata;
2562 4080 2653 4149 qui
2692 4079 3138 4150 commentarius,
3172 4090 3369 4149 prwter
3396 4091 3592 4150 nomen

321 4145 565 4206 auctoris
596 4150 687 4220 bis
702 4148 1038 4220 inscriptum,
1080 4150 1320 4220 ipsarsua
1346 4145 1609 4220 dignitate
1633 4151 1924 4220 genuinum
1952 4164 2011 4203 se
2045 4150 2258 4218 probat.
2289 4149 2350 4220 5(
2382 4145 2711 4220 Collecthnea
2734 4165 2799 4203 ea:
2823 4148 2972 4204 Novo
2993 4145 3392 4220 Testamentg._
3428 4149 3495 4201 de
3530 4145 3587 4201 S.

324 4221 469 4274 Petri
505 4218 723 4287 scriptis
752 4219 819 4271 ab
846 4219 964 4287 ejus‘
990 4218 1254 4287 discipulo
1281 4218 1573 4283 deﬂorata;
1615 4218 1735 4287 qua:
1767 4220 1992 4341 quidem
2024 4220 2299 4274 exstitisse
2340 4219 2622 4289 inscriptio
2648 4229 2803 4273 vetus
2851 4219 3102 4282 docebat,
3155 4220 3247 4272 sed
3300 4218 3592 4284 Cajetanus

324 4291 412 4341 diu
447 4289 670 4341 amesita
701 4302 806 4341 non
841 4288 1060 4341 reperit.
1093 4303 1403 4341 ouanouam
1435 4304 1500 4341 ea
1531 4289 1739 4341 duobus
1814 4288 2042 4341 aticanae
2081 4289 2421 4341 bibliotheca:
2450 4289 2728 4341 codicibus
2769 4289 3206 4341 continebantur.
3267 4288 3320 4341 4.
3348 4287 3592 4341 Denique

322 4291 412 4343 diu
447 4289 670 4358 quaesita
701 4302 822 4358 non
841 4288 1060 4354 reperit,
1093 4303 1403 4358 quanquam
1435 4304 1500 4342 ea
1531 4289 1739 4358 duobus
1767 4287 2042 4341 Vaticana:
2081 4289 2421 4344 bibliotheca:
2450 4287 2728 4345 codicibus
2769 4289 3206 4345 continebantur.
3267 4288 3320 4342 4.
3348 4287 3592 4355 Denique

324 4359 377 4413 'n
410 4354 614 4428 iisdem_
632 4354 908 4428 codicibus
934 4354 1381 4428 epistolteuagliquot
1410 4358 1491 4412 vel
1524 4357 1817 4428 fragmenta
1847 4374 2047 4411 earum.
2087 4358 2181 4413 llis
2211 4374 2311 4427 ego
2343 4359 2594 4414 omnibus
2624 4358 2797 4414 lucem
2829 4359 3031 4413 diutius
3079 4358 3219 4411 haud
3250 4354 3590 4428 invidendam

325 4429 534 4497 putavi.
574 4426 908 4497 Trithemius
938 4441 1057 4495 cap.
1086 4426 1190 4480 555
1217 4426 1410 4480 librum
1449 4426 1665 4496 quoque
1694 4427 1839 4481 Petri
1875 4429 2047 4481 nostri
2078 4428 2157 4482 De
2198 4426 2537 4482 meditatione
2561 4430 2743 4483 mortis
2769 4444 2890 4483 cum
2918 4428 3034 4497 ejus
3064 4428 3223 4481 initio
3263 4426 3591 4497 pensandum

322 4494 419 4569 est,
438 4497 502 4569 in
531 4496 672 4552 serie
700 4494 1248 4569 Operummumerat;
1290 4498 1384 4551 sed
1424 4494 1707 4565 deceptum
1736 4512 1860 4569 esse
1886 4497 2244 4554 Trithemium
2275 4508 2333 4553 ut
2362 4498 2631 4569 peculiare
2668 4494 2960 4569 scriptum'
2983 4507 3243 4569 putaret,
3264 4494 3455 4569 docuit
3507 4509 3592 4547 me

330 4566 632 4638 Vaticanus
652 4563 982 4638 c_od_ex__575.
1017 4566 1069 4618 in
1098 4581 1204 4635 quo
1230 4582 1384 4636 aeque
1423 4563 1667 4621 seorsum
1702 4567 1993 4631 scribitur;
2026 4569 2125 4624 etsi
2152 4583 2342 4638 reapse
2363 4563 2499 4622 nihil
2523 4578 2605 4623 est
2639 4563 2797 4622 aliud‘
2823 4563 2996 4637 quam'
3019 4566 3596 4638 opusculi_quinqua-

323 4637 512 4707 gesimi
549 4634 769 4707 editiad
816 4633 1065 4691 Blancam
1114 4633 1448 4691 comitissam
1485 4638 1780 4707 capitulum
1809 4645 2047 4692 sextum.
2128 4633 2308 4693 Codéx
2341 4639 2468 4693 item
2500 4638 2793 4694 Vaticanus
2842 4633 3076 4693 Urbinas
3128 4637 3230 4692 165
3282 4633 3442 4689 Petro
3476 4635 3596 4707 ‘Da-

327 4704 510 4762 iniano
539 4704 787 4761 inscribit
810 4719 1115 4761 sermonem
1149 4707 1225 4760 De
1262 4704 1670 4775 Absalonefqni
1706 4723 1840 4762 sane
1878 4709 1931 4761 in
1961 4708 2289 4764 cditionibns
2318 4708 2463 4763 Petri
2488 4724 2594 4762 non
2646 4708 2861 4777 legitur,
2893 4707 3123 4777 ejusque
3176 4706 3337 4777 fetus
3375 4704 3597 4777 verissi-

327 4794 450 4832 mus
478 4777 623 4832 credi
662 4785 869 4847 potest;
897 4777 991 4847 sed
1018 4786 1195 4831 tamen
1221 4777 1427 4847 jamdiu
1459 4772 1638 4831 editus
1665 4778 1765 4832 sub
1788 4778 2017 4832 aliorum
2058 4789 2341 4833 auctorum
2368 4778 2678 4847 nominibus
2700 4772 2902 4841 exstat,
2924 4772 3179 4847 'eju'sque
3198 4846 3203 4847 ί
3225 4774 3502 4847 BalleArinii
3542 4772 3594 4825 in

328 4859 474 4918 tomo
498 4847 519 4902 ι
547 4842 783 4918 Opeitim
816 4846 874 4901 S.
916 4845 1113 4918 Leonis
1146 4842 1287 4902 inter
1311 4862 1589 4901 sermones
1622 4847 1834 4903 additos
1866 4848 2131 4903 rationem
2162 4849 2383 4903 habent.
2438 4846 2779 4918 Cmteroquin
2813 4848 2954 4917 quod
2970 4842 3306 4918 i'Casimirus
3354 4842 3599 4899 Ondinus

325 4917 381 4972 in
406 4915 811 4973 Commentario
835 4931 932 4988 suo
962 4916 1036 4971 De
1064 4918 1420 4988 scriptoribus
1446 4918 1580 4988 ecel.
1616 4927 1745 4988 tom.
1790 4919 1851 4982 ll,
1882 4917 1969 4973 ubi
2009 4917 2077 4971 de
2108 4928 2296 4972 nostro
2346 4918 2583 4980 disserit,
2637 4915 2878 4988 C‘ajetaui
2916 4917 3141 4988 editoris
3190 4915 3365 4988 [idem
3409 4926 3596 4981 snspe-

326 4997 471 5058 ctam
512 4988 694 5052 habet,
723 4986 876 5058 quasi
908 4987 952 5040 is
970 4987 1152 5058 multo
1181 4988 1333 5055 plura
1366 4988 1436 5058 S._
1462 4986 1625 5058 Petro
1655 4987 1917 5042 Damiano
1958 4989 2159 5058 scripta
2196 4988 2512 5043 attribuerit
2539 4984 2939 5058 quaﬂveritas
2974 4987 3230 5058 fortasse
3257 4984 3483 5058 patitur,
3545 4987 3599 5034 et

326 5056 555 5112 aliorum
580 5054 759 5112 varios
789 5056 931 5112 fetus
969 5055 1096 5112 huic
1123 5056 1489 5126 supposuerit,
1526 5057 1578 5110 id
1622 5072 1784 5111 omne
1813 5067 2001 5113 contra
2038 5054 2149 5124 est;
2209 5058 2412 5112 etenim
2446 5054 2659 5113 codices
2688 5056 2955 5121 Vaticani,
2998 5056 3090 5126 qui
3123 5054 3276 5126 multi
3307 5062 3455 5126 sunt,
3474 5066 3597 5126 cum

326 5128 565 5254 stitiione
593 5127 840 5252 Cajetani
865 5141 1089 5197 prorsus
1115 5123 1448 5198 conspirant.
1481 5126 1661 5194 Quare
1692 5128 1865 5184 virum
1914 5123 2385 5198 religiosissimum
2430 5135 2487 5183 et
2537 5128 2797 5185 editorem
2852 5123 3097 5198 apprime
3154 5124 3365 5181 ﬁdelem
3417 5123 3599 5192 iniquo

381 5214 414 5254 u
455 5214 580 5254 inus
619 5213 814 5254 accusa
847 5236 861 5250 .

381 5213 580 5255 uulnus
619 5213 861 5256 accusat.
