4054 6184
1434 363 1492 418 S.
1534 365 1736 422 PETRI
1791 369 2073 427 DAMIANI
2113 371 2274 429 [TER
2315 369 2689 434 GALLICUM.

458 553 732 589 πε.-

1112 715 1288 826 DE
1351 717 1955 836 GALLICA
2033 727 3030 848 PROFECTIONE

927 969 1525 1087 DOMNI
1671 980 2244 1096 PETRI
2377 988 3202 1110 DAMIANI

1268 1187 1370 1247 ΕΤ
1423 1189 1607 1251 EJUS
1643 1191 2314 1256 ULTRAMONTANO
2348 1195 2675 1259 ITINERE
2713 1200 2856 1281 (31).

1067 1514 1352 1556 PROLOGUS.

488 1607 538 1662 I.
569 1607 864 1664 Catholicae
892 1610 1014 1666 ﬁdei
1041 1611 1394 1670 fundamento
1419 1616 1726 1675 balbutiens
1766 1621 1995 1678 solidata

401 1703 718 1769 rusticitas,
773 1704 1020 1761 facunda:
1066 1708 1170 1763 sibi
1221 1711 1544 1767 urbanitatis
1594 1716 1994 1784 quodammodo

410 1794 699 1864 participat
723 1797 944 1865 prannia
966 1837 980 1861 ,
1011 1805 1065 1851 et
1087 1798 1275 1854 inculti
1317 1803 1585 1858 sermonis
1625 1807 1952 1876 conscriptio
1975 1849 1991 1872 ,

410 1881 696 1939 luculenta:
725 1889 1008 1956 scripturae
1035 1891 1301 1945 mercedis
1339 1892 1441 1946 sibi
1493 1894 1730 1950 vindicat
1770 1899 1995 1966 partici-

407 1975 584 2048 pium,
613 1979 738 2048 quia
780 1979 935 2050 cujus
986 1982 1233 2038 doctrina
1283 1986 1528 2043 excelsos
1582 1989 1990 2060 Scripturarum

406 2083 620 2128 montes
667 2089 791 2129 cum
844 2077 1022 2132 cervis
1049 2079 1233 2148 nequit
1270 2080 1614 2149 ascendere,
1660 2089 1833 2136 tutum
1885 2084 1988 2139 sibi

403 2178 528 2219 cum
557 2167 746 2220 ericiis
774 2167 824 2221 in
851 2168 1037 2222 humili
1062 2179 1213 2238 petra
1245 2171 1390 2226 valet
1418 2173 1685 2243 refugium
1714 2190 1992 2244 praepara-

403 2271 484 2311 re.
510 2257 783 2312 Balbutiat
815 2260 978 2329 igitur
1008 2270 1195 2315 nostra
1227 2264 1523 2326 rusticitas,
1551 2266 1986 2334 quandoquidem

402 2347 532 2400 mihi
559 2363 666 2401 non
691 2348 842 2402 adest
873 2348 1102 2404 facunda
1145 2353 1457 2417 urbanitas,
1484 2365 1560 2418 et,
1595 2355 1637 2408 si
1676 2355 1844 2425 polito
1873 2373 1988 2412 ser-

397 2452 562 2492 mone
593 2453 851 2507 perorare
873 2455 1106 2509 nequeo,
1139 2441 1506 2514 qualicunque
1549 2447 1709 2501 modo
1753 2447 1984 2502 audeam

398 2527 482 2583 vel
510 2531 729 2586 nmtire.

925 2600 1153 2672 Explicit
1190 2604 1457 2674 prologus.

466 2688 522 2742 2.
565 2689 644 2744 Ad
688 2691 983 2746 multorum
1033 2693 1218 2760 itaque
1254 2695 1668 2751 atdiﬁcationem
1706 2699 1982 2756 credimus

395 2776 777 2846 profuturum,
825 2781 870 2836 si
909 2780 1030 2836 ﬁdis
1081 2781 1381 2837 litterarum
1436 2785 1684 2839 tradatur
1736 2788 1978 2859 apicibus

2027 1530 2076 1589 Α
2108 1513 2358 1566 mebatur
2385 1515 2651 1583 angariis,
2707 1515 2906 1572 nullum
2940 1518 3050 1575 Deo
3101 1523 3434 1598 sacriﬁcium
3472 1527 3689 1588 Israeli-

2105 1599 2242 1693 tiens
2297 1603 2525 1670 populus
2585 1604 2785 1693 legitur
2841 1607 3124 1693 obtulisse.
3188 1615 3392 1672 Divinis
3453 1637 3686 1693 namque

2083 1679 2310 1757 Moyses
2341 1690 2562 1744 vocibus
2584 1689 2866 1746 intonabat
2889 1709 2903 1746 :
2931 1692 3174 1759 Dimitte,
3202 1703 3376 1769 inquit
3401 1679 3678 1776 Dominus,

2094 1781 2345 1850 populum
2379 1800 2570 1848 meum,
2605 1794 2657 1836 ut
2690 1785 2948 1854 sacriﬁcet
2980 1790 3107 1843 milii
3156 1791 3210 1845 in
3257 1793 3476 1850 deserto.
3510 1799 3680 1855 Exeat

2097 1869 2259 1939 igitur
2283 1872 2348 1926 de
2376 1871 2631 1944 IEgypto,
2659 1884 2716 1929 ut
2745 1876 2940 1932 divina:
2985 1880 3262 1937 servitutis
3305 1888 3477 1952 possit
3517 1891 3674 1945 exhi-

2096 1959 2226 2014 bere
2255 1961 2646 2028 ministerium;
2681 1965 2828 2018 nulla
2866 1969 3003 2020 enim
3039 1973 3307 2026 conventio
3335 1971 3530 2032 Christi
3553 1995 3673 2034 cum

2092 2047 2294 2115 Belial,
2325 2052 2470 2106 nulla
2496 2054 2720 2108 societas
2747 2055 2854 2110 luci
2891 2059 2961 2111 ad
2988 2060 3244 2116 tenebras.
3286 2064 3499 2123 Pharao
3519 2083 3670 2133 vero,

2091 2143 2411 2200 verberibus
2435 2148 2752 2217 castigatus,
2795 2157 2856 2204 ut
2893 2151 3070 2206 abiret
3104 2155 3330 2224 pOpnIus
3369 2161 3676 2230 acquievit;

2090 2233 2184 2286 sed
2212 2244 2270 2288 ut
2307 2251 2336 2289 a
2376 2251 2488 2290 sum
2517 2241 2804 2306 potestatis
2837 2241 3075 2297 dominio
3120 2259 3218 2313 per
3255 2247 3527 2320 integrum
3574 2255 3674 2308 tri-

2089 2320 2256 2375 dttum
2297 2334 2669 2394 separaretur,
2713 2329 2876 2382 cruda
2911 2331 3163 2398 superbia
3200 2337 3434 2392 tumidus
3464 2339 3675 2396 refuta-

2088 2410 2198 2474 bat,
2229 2412 2353 2480 quia
2379 2413 2629 2468 inimicus
2660 2414 2768 2480 ille,
2794 2417 2885 2485 qui
2915 2433 3012 2486 per
3044 2419 3380 2478 Pharaonem
3417 2426 3673 2500 intelligi-

2089 2510 2194 2566 tur,
2233 2517 2337 2556 non
2363 2503 2477 2558 vult
2503 2521 2600 2559 nos
2636 2521 2732 2574 per
2761 2507 3029 2578 integrum
3065 2511 3300 2565 triduum
3323 2516 3391 2569 ab
3417 2531 3484 2570 eo
3509 2533 3673 2588 sepa-

2085 2591 2216 2644 rari.
2241 2591 2346 2644 Aut
2373 2591 2516 2646 enim
2544 2595 2864 2662 Operatioue
2883 2635 2898 2660 ,
2929 2607 3021 2651 aut
3049 2597 3352 2666 locutione,
3385 2613 3480 2660 aut
3503 2608 3670 2662 etiam

2084 2679 2444 2748 cogitatione,
2495 2680 2623 2735 lutei
2675 2684 2856 2751 operis
2908 2684 3176 2754 aediﬁcia,
3232 2697 3287 2744 et
3337 2691 3381 2745 si
3413 2707 3522 2748 non
3561 2696 3667 2762 igni

2082 2771 2356 2834 obnoxia,
2411 2787 2624 2841 semper
2683 2783 2742 2826 ut
2799 2785 3185 2832 construamus
3239 2778 3494 2848 imperat.
3558 2784 3665 2838 Sel

394 2866 631 2934 qualiter
693 2869 777 2923 vir
847 2871 1324 2926 reverentissimus
1387 2873 1578 2928 Petrus
1635 2873 1975 2944 Damianus,

2083 2860 2296 2916 lsraelis
2325 2863 2607 2926 liberator,
2641 2863 2861 2935 Egypti
2893 2867 3155 2922 servitute
3192 2869 3474 2940 deposita,
3520 2873 3664 2928 Pha-

392 2953 661 3011 Ostiensis
689 2957 997 3028 episcopus,
1026 2974 1123 3027 pro
1150 2949 1282 3028 pace
1304 2959 1677 3017 Cluniacensis
1711 2974 1979 3020 monaste-

391 3043 459 3097 rii
488 3059 546 3099 se
576 3045 750 3114 ipsmn
781 3049 1107 3118 postposuit,
1136 3058 1189 3104 et
1223 3065 1322 3118 pro
1353 3049 1497 3105 illius
1523 3063 1726 3107 sancta:
1748 3069 1979 3126 congre-

389 3135 625 3204 gationis
651 3137 835 3206 quiete
866 3154 925 3194 se
968 3141 1130 3194 morti
1162 3140 1445 3198 ultroneus
1477 3143 1718 3198 tradidit.
1757 3144 1978 3200 Clunia-

388 3241 547 3282 cense
569 3228 832 3299 siquidem
860 3232 1250 3287 monasterium
1271 3233 1341 3288 ab
1366 3233 1483 3303 ipso
1506 3249 1616 3289 sua:
1643 3232 1976 3292 fundationis

387 3315 572 3380 initio,
607 3316 680 3371 ita
720 3318 901 3373 nativa
949 3327 1004 3374 et
1056 3334 1246 3375 secura
1295 3320 1545 3404 libertate
1594 3332 1811 3377 constat
1854 3340 1974 3390 erae

385 3405 720 3462 liberrimum
740 3449 756 3474 ,
790 3418 869 3475 ut,
906 3419 1104 3480 prteter
1126 3411 1430 3465 Romanum
1459 3412 1770 3482 pontiﬁcem
1793 3455 1807 3479 ,
1842 3415 1969 3472 nulli

384 3497 771 3554 ecclesiasticae
797 3500 881 3556 vel
917 3501 1167 3555 saeculari
1204 3516 1451 3571 persona:
1481 3503 1676 3558 debeat
1697 3518 1818 3558 esse
1843 3505 1972 3558 sub-

383 3591 647 3661 positnm;
699 3592 880 3647 divina
927 3593 1135 3648 scilicet
1176 3593 1500 3663 disponente
1545 3594 1866 3661 clementia,
1912 3605 1972 3651 ut

381 3698 487 3750 quo
509 3682 735 3754 alicujus
767 3693 994 3738 terrena:
1023 3684 1376 3753 subiectionis
1415 3686 1652 3755 pondere
1679 3685 1963 3758 levigatur,

379 3785 446 3824 eo
474 3771 667 3826 divinae
695 3773 944 3827 servituti
977 3772 1185 3843 plenius
1219 3775 1576 3844 mancipetur,
1602 3785 1655 3829 et
1680 3791 1788 3846 quo
1811 3792 1968 3830 mun-

380 3861 535 3916 dana:
591 3861 810 3918 factioni
859 3880 966 3917 non
1019 3864 1289 3933 reperitur
1342 3865 1681 3930 obnoxium,
1737 3881 1803 3921 eo
1850 3882 1967 3922 mo-

378 3955 603 4008 nasticre
629 3953 981 4024 professionis
1011 3970 1236 4025 pensum
1275 3956 1454 4010 valeat
1494 3957 1766 4027 integrum
1807 3960 1965 4013 exhi-

377 4041 528 4095 bere.
559 4042 698 4098 Vere
724 4043 919 4098 nobilis
944 4052 998 4097 et
1029 4043 1258 4112 ingenua
1299 4043 1500 4098 Christi
1541 4045 1808 4110 servitus,
1844 4062 1964 4115 qtne

379 4141 607 4188 terrente
650 4135 930 4190 servitutis
985 4135 1190 4188 nullum
1245 4134 1451 4205 patitur
1505 4135 1957 4192 contubernium!

2084 2952 2266 3006 raonis
2295 2951 2523 3022 imperio
2543 2955 2822 3019 derelicto,
2849 2957 2963 3010 vult
2993 2973 3092 3013 nos
3118 2959 3295 3014 triduo
3320 2961 3389 3016 ab
3418 2977 3483 3017 eo
3506 2979 3666 3034 sepa-

2081 3043 2212 3109 rari,
2249 3052 2304 3097 et
2331 3046 2383 3097 in
2412 3045 2702 3100 solitudine
2729 3047 2815 3101 illa
2848 3047 2950 3102 sibi
2975 3049 3291 3117 sacriﬁcari,
3327 3053 3379 3108 in
3405 3071 3510 3124 qua
3535 3073 3663 3128 pto-

2077 3135 2366 3203 phctarum
2399 3136 2486 3191 ille
2514 3139 2764 3204 eximius,
2788 3141 2903 3210 qni,
2932 3141 2996 3207 in,
3013 3143 3176 3214 regali
3206 3146 3326 3199 aula
3352 3149 3582 3216 positus,
3608 3161 3664 3204 et

2076 3238 2142 3277 ex
2180 3233 2449 3294 potestate
2495 3226 2794 3283 Pharaonis
2840 3241 3067 3299 emlus,
3120 3249 3343 3289 mancus
3396 3239 3653 3296 dicebat:

2077 3312 2213 3366 Ecce
2237 3314 2474 3383 elongavi
2500 3315 2723 3385 fugiens,
2755 3319 2927 3373 mansi
2953 3321 3006 3372 in
3036 3321 3346 3380 solitudine.

2143 3405 2197 3458 3.
2236 3402 2576 3461 Venerabilis
2605 3409 2788 3477 itaque
2831 3409 2920 3464 illa
2960 3409 3334 3469 Cluniacensis
3365 3431 3659 3489 congrega-

2075 3491 2170 3556 tio,
2200 3492 2254 3546 in
2285 3508 2389 3562 qua
2435 3494 2566 3550 nihil
2603 3497 2882 3554 servitutis
2917 3498 3020 3554 sibi
3069 3501 3306 3557 vindicat
3351 3505 3652 3578 sEgyputs.

2072 3582 2277 3636 nullum
2310 3583 2376 3638 de
2407 3585 2584 3642 triduo
2613 3585 2824 3642 Pharao
2853 3587 2955 3642 sibi
2984 3589 3181 3645 retinet
3204 3592 3369 3659 dicm,
3392 3605 3596 3665 quanto
3616 3614 3649 3653 a

2064 3675 2194 3745 jugo
2227 3685 2457 3732 terrente
2490 3678 2874 3737 dominationis
2909 3691 2991 3737 est
3020 3683 3187 3738 libera
3211 3725 3228 3750 ,
3277 3696 3425 3747 tanto
3456 3689 3652 3747 melius

2071 3767 2204 3822 \ivit
2262 3769 2477 3824 devota.
2537 3770 2643 3825 Sed
2689 3773 2944 3842 antiquus
2992 3775 3080 3830 ille
3129 3779 3296 3832 totius
3341 3781 3656 3836 Sanctitatis

2069 3859 2342 3927 inimicus,
2368 3861 2527 3931 hujus
2549 3861 2651 3916 loci
2683 3875 2882 3918 sancta:
2914 3864 3160 3920 invidens
3182 3866 3441 3933 libertati,
3459 3885 3654 3940 quem-

2068 3951 2192 4005 datn
2222 3962 2412 4007 contra
2440 3968 2562 4007 eum
2604 3953 2917 4024 episcopum
2954 3956 3067 4011 suis
3100 3957 3337 4012 stimulis
3383 3959 3649 4017 incitavit.

2067 4041 2241 4096 Droco
2259 4042 2370 4115 (32)
2397 4042 2684 4112 siquidem,
2714 4043 3122 4101 Matisconensis
3145 4048 3391 4104 ecclesia:
3419 4052 3645 4119 praesul,

2068 4134 2121 4187 in
2155 4134 2380 4203 praefato
2401 4135 2695 4190 venerabili
2733 4137 3086 4202 monasterio,
3119 4139 3318 4194 illicita:
3347 4141 3446 4195 sibi
3495 4152 3653 4211 pote-

377 4221 624 4288 Quandiu
653 4224 800 4279 enim
831 4224 930 4281 sub
954 4223 1236 4279 Pharaone
1265 4223 1362 4278 luti
1405 4231 1458 4278 et
1506 4223 1782 4294 palearum
1833 4241 1959 4283 nre-
1988 4222 2034 4284 C
2065 4226 2225 4281 statis
2247 4227 2337 4297 jus
2365 4226 2636 4297 quoddam
2670 4228 2915 4283 tentabat
2961 4229 3204 4303 arripere
3225 4271 3241 4296 ,
3289 4239 3346 4286 et
3392 4232 3645 4288 indebitae

385 4377 415 4447 :_
452 4374 561 4447 (5t)
597 4374 792 4447 Prodit
835 4375 939 4430 hoc
989 4375 1310 4446 Opusculnm
1369 4390 1435 4431 ex
1490 4375 1714 4446 antiquo
1767 4376 1955 4432 conice

374 4444 638 4517 Vaticano
663 4445 828 4508 4920,
861 4444 1233 4514 cujus—recens
1262 4462 1478 4517 quoque
1503 4444 1871 4517 apograplmm
1903 4449 1952 4503 in

371 4514 738 4571 Ottoboniano
786 4517 974 4571 codice
1025 4517 1130 4571 9M
1195 4514 1325 4570 vidi.
1383 4514 1676 4572 Auctore-nt
1710 4514 1954 4572 'constat

371 4586 541 4640 fuisse
565 4600 590 4639 s
611 4585 736 4639 oncti
769 4587 866 4640 viri
897 4588 1102 4656 socium
1135 4587 1188 4641 in
1214 4588 1578 4656 expeditione.
1629 4589 1704 4642 De
1737 4589 1838 4642 hoc
1866 4589 1954 4642 iti-

376 4673 504 4711 nere
533 4671 630 4711 suo
660 4655 897 4724 loquitur
925 4657 1037 4724 ipse
1061 4655 1253 4710 Petrus
1289 4655 1584 4710 Damianus
1609 4656 1660 4709 in
1686 4658 1846 4724 epist.
1881 4658 1952 4711 ad

369 4726 777 4794 Cluniacensem
830 4727 1076 4779 abbatem
1127 4724 1403 4794 Hugoncm
1452 4726 1545 4780 lib.
1605 4741 1678 4790 vr,
1720 4729 1770 4778 1.
1819 4726 1952 4780 Itetn

369 4812 455 4865 cp.
490 4797 546 4848 4.
602 4793 773 4847 Porro
825 4795 878 4847 in
904 4795 1160 4865 editione
1210 4793 1441 4865 (iperum
1490 4796 1807 4865 sanctipviri
1856 4811 1954 4864 per

368 4863 708 4933 (hijctanum,
737 4872 865 4916 tom.
901 4864 997 4936 IV,
1024 4880 1075 4932 p.
1099 4863 1627 4936 45_9isqq._leguntur
1652 4863 1770 4936 ejus
1807 4863 1953 4936 lega-

370 4937 532 4990 tionis
561 4936 906 4998 docutnenta,
937 4933 1224 4987 Alexandri
1257 4934 1464 4988 scilicet
1489 4934 1528 4987 ll
1561 4948 1712 5002 papae
1735 4933 1948 4998 litterae,

372 5009 649 5061 decretum
695 5005 887 5074 synodi
931 5003 1324 5067 Cabilonensis,
1375 5012 1430 5057 et
1484 5004 1727 5058 narratio
1771 5005 1950 5059 brevis

367 5078 609 5144 qmedam
646 5076 720 5128 rei
749 5074 992 5130 Cluniaci
1040 5083 1220 5144 geste.
1250 5074 1600 5144 Legationem
1642 5075 1784 5128 hanc
1827 5089 1949 5144 pcr-

365 5155 545 5200 actam
599 5145 766 5199 fuisse
794 5161 936 5198 anno
963 5144 1100 5198 1065
1121 5159 1245 5198 conv~
1257 5154 1334 5199 tat
1358 5159 1423 5198 ex
1448 5145 1586 5198 actis
1611 5145 1825 5213 synodi.
1851 5145 1950 5198 Se-

369 5231 490 5269 nem
536 5216 703 5270 fuisse
729 5232 794 5269 co
833 5231 976 5269 anno
1008 5215 1248 5278 Petrum,
1292 5214 1668 5284 cognoscimus
1728 5229 1794 5269 ex
1845 5214 1947 5268 hoc

365 5286 626 5354 onuscnlo
656 5329 668 5349 ,
710 5301 829 5355 quae
885 5302 969 5340 res
1016 5284 1300 5340 conﬁrmat
1355 5284 1707 5354 opinionem,
1756 5296 1944 5339 natum

368 5357 534 5411 fuisse
565 5356 783 5410 Petrum
812 5365 935 5409 ante
967 5363 1200 5424 emptum
1239 5355 1440 5409 Christi
1481 5369 1681 5408 annum
1724 5355 1948 5409 millesi-

367 5441 536 5480 mum.
570 5425 846 5494 Superfuit
884 5437 1060 5480 autem
1085 5441 1254 5493 usque
1280 5427 1346 5480 ad
1387 5440 1591 5480 annum
1641 5425 1800 5490 1072,
1835 5440 1944 5494 quo

364 5511 508 5550 anno
532 5496 668 5549 obiit
689 5496 774 5549 die
801 5495 1079 5549 Februarii
1105 5494 1198 5549 22.

437 5566 551 5634 (52)
592 5566 670 5618 Ad
709 5566 808 5619 hoc
837 5567 988 5634 quasi
1027 5581 1217 5620 nomen
1257 5565 1500 5620 alludens
1522 5565 1702 5620 aiebat
1725 5564 1944 5620 Clunia-

363 5636 616 5691 censibus
666 5634 856 5688 Petrus
908 5635 999 5690 lib.
1022 5651 1107 5706 _vr,
1140 5651 1225 5704 ep.
1257 5637 1291 5691 5
1317 5654 1331 5691 :
1361 5651 1457 5690 vos
1507 5635 1795 5691 draconcis
1847 5649 1942 5706 per

365 5721 453 5760 me
485 5707 711 5760 nexibus
733 5706 989 5773 expediti.
1019 5704 1190 5760 Porro
1215 5705 1533 5762 Cluniacum
1571 5707 1794 5762 ditecesi
1832 5704 1939 5760 Ma-

368 5775 657 5830 tisconensi
697 5773 936 5845 (Maeon)
975 5775 1238 5830 contineri
1282 5777 1417 5832 satis
1457 5785 1606 5847 patet
1636 5792 1703 5831 ex
1745 5776 1937 5832 notitia

2059 4380 2331 4504 sﬁquenti,
2361 4393 2524 4450 quam
2547 4393 2613 4434 ex
2645 4379 2752 4436 alio
2789 4389 2846 4436 et
2885 4391 3106 4438 recente
3161 4391 3413 4441 vattcano
3451 4384 3645 4442 codice

2059 4464 2089 4504 e
2128 4465 2291 4504 unus.

2057 4464 2291 4506 cunnus.

2458 4560 2778 4618 CLUNIACI
2816 4562 3243 4619 DESCRIPTIO.

2126 4652 2441 4708 Cluniacum
2473 4655 2523 4708 in
2546 4653 2742 4708 zEduis
2769 4655 2958 4710 Galliae
2985 4655 3227 4719 Celticze,
3253 4655 3305 4709 id
3329 4665 3412 4711 est
3434 4655 3488 4710 in
3513 4655 3644 4711 Bur-

2054 4725 2285 4793 gundia,
2321 4724 2576 4792 oppidum
2631 4724 3076 4786 establatiscoue
3125 4725 3351 4778 civitate
3398 4725 3640 4782 miliibus

2053 4807 2310 4866 passuum
2337 4809 2454 4856 sex,
2472 4793 2732 4866 Cabilone
2763 4793 2976 4866 viginti,
3001 4794 3264 4866 Lugdune
3292 4795 3478 4863 viginti
3505 4810 3556 4866 qi
3578 4811 3638 4850 a.

2056 4871 2178 4934 tuor
2200 4861 2431 4934 distans.
2463 4863 2729 4934 Oppidum
2770 4863 2942 4930 ipsum
2973 4865 3271 4918 dioeceseos
3302 4861 3386 4918 est
3414 4861 3632 4934 quidem

2052 4930 2485 5003 Matisconensis,
2526 4932 2622 4986 sed
2642 4935 3175 5003 _perexemptioncm
3207 4935 3391 4990 abbati
3416 4930 3633 4989 Clunia-

2052 5002 2199 5055 censi
2245 5010 2352 5074 tam
2384 5002 2460 5074 _in
2507 5001 2890 5074 temporalibus
2938 5001 3104 5074 quam
3153 5007 3205 5059 in
3259 5004 3634 5074 spirituaIihus

2051 5073 2254 5145 subest.
2292 5073 2354 5145 In
2384 5071 2486 5145 hoc
2511 5073 2709 5145 oppi._!o
2737 5071 3039 5129 Gulielmus
3091 5071 3450 5145 cognomento
3477 5071 3632 5140 Pius,

2049 5142 2352 5210 Aquitania:
2401 5144 2508 5199 dux
2545 5153 2600 5198 et
2650 5143 2990 5208 Pictavorum
3045 5142 3253 5209 comi-5,
3315 5160 3436 5198 cum
3487 5145 3628 5200 virili

2051 5212 2202 5293 prole
2224 5215 2867 5293 carerel-,lnonasterium
2891 5215 3034 5293 quod
3058 5214 3408 5293 Cluniacense
3428 5213 3632 5293 dicitur

2049 5283 2345 5343 inchoavit,
2361 5284 2769 5338 cniBrtmonem
2799 5287 3040 5338 moribus
3068 5295 3120 5338 et
3154 5285 3398 5338 doctrina
3419 5284 3627 5339 clarum

2048 5353 2299 5422 abbatem
2332 5352 2574 5422 praefecit
2603 5371 2745 5407 anno
2782 5355 2992 5407 Domini
3027 5355 3149 5409 894.
3200 5355 3313 5408 lIoc
3357 5365 3630 5408 monaste-

2050 5421 2419 5488 ritnu,deindc
2441 5433 2656 5478 auctum
2680 5433 2735 5478 et
2758 5423 3161 5492 locupletatum,
3185 5423 3384 5477 multos
3408 5425 3630 5492 protulit

2047 5493 2194 5563 viros
2247 5508 2503 5558 magnos,
2553 5494 2692 5548 inter
2747 5509 2884 5563 quos
2935 5492 3250 5558 Oddonem,
3309 5492 3625 5560 0dilonem,

2046 5561 2333 5634 Quidum,
2368 5563 2676 5634 Hugonem,
2709 5561 3024 5634 sanctorum
3069 5578 3294 5634 numero
3335 5563 3623 5632 ascriptOs.

2049 5631 2184 5704 Tum
2201 5631 2475 5688 Othonem
2491 5634 2836 5704 monachum,
2862 5632 3103 5700 praedicti
3135 5631 3628 5704 Hugonisrdiscfpu-

2046 5702 2176 5784 lum,
2201 5718 2325 5759 mox
2346 5705 2658 5784 episcopum
2675 5703 3004 5784 _Osticnsemt,
3026 5712 3084 5758 et
3103 5704 3317 5784 demum
3348 5702 3621 5781 Urbanum

2046 5773 2206 5843 bujus
2230 5773 2466 5830 nominis
2485 5773 2782 5832 secundum
2818 5772 3132 5845 pontiﬁcem
3161 5773 3482 5842 maximum,
3507 5775 3623 5844 qui,
