4028 6168
399 318 499 375 867

1204 312 1432 391 ADDIT.
1476 317 1566 370 AD
1608 316 1769 374 ΤΟΜ.
1810 318 1874 373 ιιι
1912 318 2058 375 OPP.
2109 318 2165 372 Ξ.
2205 318 2405 375 PETRI
2451 316 2752 372 DAMIANI.

3544 322 3646 376 εδει

400 437 501 487 sibi
533 450 776 489 censurrc
804 434 1031 487 ferulam
1068 447 1228 503 super
1256 434 1500 498 ejusdem
1538 433 1638 489 loci
1682 436 1975 490 monachos
2004 442 2050 498 Α
2079 446 2133 490 et
2177 436 2303 490 huic
2351 434 2503 489 mala:
2544 434 2951 490 consuetudinis
2992 435 3121 490 vitio
3162 435 3369 491 valeret
3413 438 3647 493 obviari.

362 526 697 582 x'tnmlerari.
727 525 810 579 Ad
836 533 1037 577 tantam
1076 523 1265 591 itaque
1287 524 1490 578 fm'oris
1541 526 1820 580 audaciam
1855 527 1974 596 epi-

404 630 599 683 scopus
629 614 717 666 ille
749 614 984 676 devenit,
1007 622 1308 677 ut,armata
1340 632 1498 668 manu
1522 616 1749 668 militum
1777 618 1982 670 consti-

402 711 583 771 patus,
630 701 783 770 quasi
840 702 1162 758 temerarius
1213 704 1448 767 invasor,
1482 705 1549 757 ad
1591 706 1977 759 monasterium

401 810 572 864 usque
599 795 969 863 pervenisset,
1002 796 1282 864 antiquam
1322 797 1480 866 hujus
1524 797 1625 851 loci
1667 797 1977 852 libertatem

400 882 630 953 superbo
666 886 799 953 pede
826 885 1169 947 conculcans,
1194 894 1267 949 et,
1297 887 1603 955 apostolicae
1631 887 1773 941 sedis
1812 888 1978 959 privi-

404 973 538 1043 legia
570 989 669 1042 pro
698 972 869 1047 nihilo
904 976 1131 1036 ducens,
1171 975 1456 1029 ecclesiam
1516 975 1575 1029 S.
1636 976 1814 1029 Maioli
1862 992 1982 1047 quae

402 1065 649 1133 contigua
681 1073 762 1118 est
793 1046 1122 1118 monasterio
1167 1076 1220 1119 et
1251 1066 1431 1134 plures
1458 1067 1629 1135 ipsius
1662 1050 1978 1122 monasterii

402 1158 697 1209 monachos
729 1158 1034 1211 inconsulto
1060 1158 1401 1213 anathemate
1434 1161 1814 1229 praegravavit.

472 1247 525 1298 4.
546 1248 695 1301 Τιιιιο
728 1249 1050 1302 venerabilis
1077 1248 1246 1319 Hugo,
1278 1248 1514 1316 ejusdeut
1546 1251 1857 1304 monasterii
1888 1266 1983 1320 pa-

404 1345 485 1391 ter
518 1338 665 1407 (35),
701 1340 857 1409 hujus
888 1341 1319 1409 praesumptionis
1368 1343 1607 1396 novitate
1655 1357 1759 1396 non
1809 1345 1984 1413 potuit

403 1446 507 1482 non
546 1430 765 1493 dolere;
803 1430 1060 1497 pastorali
1094 1430 1361 1501 siquidem
1397 1430 1609 1484 intuens
1644 1432 1981 1500 providentia

402 1530 454 1574 et
488 1537 516 1572 a
546 1536 655 1574 sua:
680 1521 975 1574 nobilitatis
1001 1530 1140 1575 statu
1171 1522 1343 1575 locum
1376 1536 1479 1576 non
1510 1539 1700 1592 parum
1730 1524 1981 1588 deﬁcere.

401 1619 457 1663 et
488 1612 652 1665 totius
678 1611 1109 1678 congregationis
1134 1612 1344 1661 animus
1370 1609 1584 1662 insolito
1610 1624 1843 1666 interere
1872 1623 1985 1669 tur-

384 1702 468 1752 ‘ba
483 1703 523 1752 ri
552 1714 566 1761 ;
606 1699 699 1752 sed
740 1714 807 1750 ne
846 1698 1006 1765 hujus
1037 1699 1324 1769 pravitatis
1360 1700 1507 1769 lepra
1538 1702 1690 1770 quasi
1718 1718 1815 1772 pro
1845 1720 1980 1759 con-

2081 524 2270 579 Nullus
2300 535 2477 579 tamen
2518 539 2706 578 eorum
2748 540 2886 594 quos
2927 524 3171 579 dictante
3204 524 3421 592 justitia
3465 539 3652 581 aucto-

2080 616 2214 669 ritas
2248 615 2691 675 commendabat.
2722 624 2778 667 et
2806 613 3003 683 quibus
3043 614 3201 681 hujus
3235 630 3413 669 causa:
3453 616 3655 670 decisio

2083 704 2346 759 canonice
2376 704 2747 772 competebat,
2784 713 2890 756 tam
2922 701 3064 772 longi
3102 705 3333 767 itineris,
3359 712 3466 757 tam
3510 705 3657 758 labo-

2082 794 2240 849 riosa:
2261 794 2609 864 profectionis
2641 792 2878 847 laborem
2909 792 3264 861 proﬁtebatur
3286 809 3343 846 se
3375 793 3510 847 velle
3539 808 3656 848 sus-

2083 885 2288 953 cipere-
3122 952 3125 953 ν
3504 867 3521 882 .

2152 973 2204 1027 5.
2247 972 2398 1026 'l'unc
2450 971 2774 1027 venerabilis
2817 971 3011 1027 Petrus
3054 970 3349 1027 Damianus
3393 968 3658 1026 Ostiensis

2082 1064 2396 1133 episcopus,
2428 1052 2547 1127 cui,
2568 1079 2663 1132 pro
2704 1079 2814 1117 sua:
2868 1064 3171 1118 sanctitatis
3222 1066 3554 1129 reverentia,
3603 1075 3657 1118 et

2082 1155 2272 1208 all'ecta
2304 1154 2385 1208 sui
2418 1155 2662 1223 corporis
2692 1155 2999 1218 debilitate,
3031 1164 3084 1207 et
3115 1155 3407 1208 reverenda
3436 1171 3655 1208 suorum

2083 1253 2387 1314 temporum
2436 1245 2775 1302 maturitate,
2824 1258 2923 1297 nec
2962 1258 3095 1312 papa
3141 1258 3240 1297 nec
3280 1245 3653 1312 episcoporum

2082 1337 2165 1391 vel
2195 1336 2555 1391 cardiualium
2586 1335 2812 1404 quilibet
2845 1351 2949 1387 non
2981 1336 3156 1389 dicam
3196 1335 3528 1404 przecipere,
3561 1336 3654 1389 sed

2083 1427 2250 1479 etiam
2282 1440 2573 1495 suggerere
2598 1424 2994 1494 praesumebat,
3027 1424 3169 1478 inter
3197 1434 3422 1480 creteros
3449 1440 3508 1480 se
3534 1441 3657 1495 pro-

2085 1517 2231 1571 tinus
2274 1516 2501 1579 obtulit,
2534 1524 2697 1584 atque
2729 1515 2781 1567 in
2814 1516 2900 1569 die
2931 1514 3053 1568 belli
3085 1531 3182 1584 pro
3213 1516 3371 1571 domo
3399 1515 3558 1571 Israel
3589 1531 3657 1570 ex

2084 1608 2316 1661 adverso
2354 1621 2413 1661 se
2437 1606 2769 1660 militaturus
2810 1605 3075 1675 opposuit.
3113 1604 3225 1659 Hoc
3270 1604 3533 1674 siquidem
3578 1605 3657 1658 di-

2084 1702 2207 1755 vina
2236 1700 2573 1770 providentia
2614 1700 2887 1755 credimus
2927 1709 3297 1768 procuratum.
3342 1700 3496 1765 Nam,
3521 1702 3657 1755 sicut
3740 1712 3746 1717 ‘

409 1790 723 1853 suetudine,
764 1790 905 1843 velut
945 1790 1287 1859 importunus
1331 1806 1526 1844 cancer
1564 1792 1862 1863 inserperet
1881 1835 1895 1859 ,
1932 1806 1987 1851 et
2016 1794 2059 1852 B
2088 1790 2427 1861 postmodum
2458 1789 2626 1860 ipsius
2656 1789 2732 1843 rei
2759 1797 2984 1843 eventus
3014 1790 3227 1853 docuit,
3258 1788 3437 1843 nullus
3462 1799 3659 1858 przeter

405 1884 568 1930 tanta:
592 1877 893 1930 sanctitatis
920 1877 1068 1931 locus
1093 1878 1374 1947 degeneris
1401 1880 1803 1934 consuetudinis
1830 1892 1979 1952 post—

392 1956 618 2021 ‘modum
668 1968 941 2024 laboraret
988 1967 1230 2033 infamia,
1256 1970 1570 2025 monasticae
1598 1971 1893 2043 disciplima
1922 1992 1982 2031 se

407 2063 630 2116 munivit
659 2065 888 2119 consilio
908 2106 922 2129 ,
954 2081 1060 2134 quo
1090 2074 1142 2119 ct
1171 2065 1237 2119 ab
1270 2066 1427 2137 hujus
1454 2066 1712 2121 molestia:
1744 2069 1981 2122 novitate

404 2154 793 2229 monasterium
829 2154 1083 2208 nobiliter
1117 2154 1446 2220 defensavit,
1482 2167 1536 2211 et
1572 2158 1848 2213 saecularis
1882 2176 1979 2229 po-

406 2244 589 2297 tentiae
622 2245 855 2300 vindicta
889 2245 1003 2313 eius
1036 2248 1381 2302 sanctitatem
1414 2264 1519 2303 non
1550 2247 1851 2304 ofl‘uscavit.
1887 2248 1981 2304 Vir

404 2333 584 2403 itaque
622 2334 740 2397 ille,
764 2337 853 2405 qui
884 2352 988 2389 non
1022 2336 1191 2390 solum
1225 2338 1603 2408 religionc,sed
1634 2348 1688 2392 et
1717 2338 1979 2409 pastorali

404 2426 689 2504 prudentia
726 2427 925 2481 incedit
953 2426 1106 2481 valde
1137 2428 1409 2487 munitus.
1442 2427 1592 2494 cuius
1623 2429 1785 2482 etiam
1819 2444 1981 2499 ange-

403 2516 503 2569 lica
552 2514 720 2570 facies
756 2516 1028 2572 interioris
1065 2517 1298 2571 hominis
1338 2518 1543 2572 indicat
1588 2519 1973 2583 sanctitatem,

406 2606 458 2658 in
491 2608 726 2675 praefata:
759 2610 1095 2677 tempestatis
1127 2611 1340 2665 turbine
1371 2589 1728 2676 constitutus,
1759 2623 1978 2682 aposto-

404 2697 520 2752 licae
546 2699 689 2752 sedis
724 2698 964 2753 decrevit
999 2700 1149 2754 adire
1183 2700 1470 2755 concilium
1498 2716 1513 2765 ;
1542 2710 1596 2754 et
1625 2711 1681 2759 ut
1718 2716 1784 2755 ex
1823 2701 1981 2769 hujus

404 2789 829 2857 perturbationis
863 2792 1073 2860 gurgite
1108 2792 1173 2843 ad
1224 2791 1422 2861 quietae
1466 2792 1718 2847 stationis
1764 2803 1977 2862 portum

384 2864 707 2945 perveniret
738 2879 1056 2944 incolumis,
1087 2881 1257 2936 solam
1290 2882 1467 2936 sancti
1506 2881 1653 2938 Petri
1690 2882 1973 2940 festinavit

403 2970 606 3022 intrare
656 2969 975 3024 naviculam.
1030 2971 1183 3026 Tunc
1236 2988 1421 3027 coram
1479 2983 1665 3029 sancto
1709 2977 1973 3043 concilio,

403 3066 563 3124 prout
592 3068 711 3111 erat
740 3057 1005 3113 facundus
1036 3070 1239 3126 orator,
1276 3060 1378 3115 ﬁda
1412 3070 1467 3116 et
1505 3063 1730 3118 honesta
1766 3065 1978 3135 procla-

2064 1894 2309 1934 summre
2338 1879 2482 1933 sedis
2511 1878 2861 1948 episcopum,
2896 1879 3052 1933 istius
3081 1893 3259 1933 causae
3291 1880 3561 1949 negotium
3590 1881 3657 1933 sd

2083 1978 2481 2039 competentem
2513 1969 2775 2038 potuisset
2804 1968 2965 2022 ﬁnem
3004 1970 3299 2037 perducere
3324 2009 3339 2034 ,
3386 1970 3487 2024 nisi
3520 1969 3658 2025 illius

2082 2061 2389 2114 sanctitatis
2430 2060 2714 2129 prudentia
2745 2070 2801 2115 et
2829 2062 2946 2131 ejus
2977 2060 3207 2116 facunda
3238 2071 3293 2116 et
3320 2062 3659 2132 incompara-

2062 2150 2208 2205 bilis
2234 2151 2590 2207 interveniret
2611 2150 2952 2219 eloquentia;
2981 2166 3141 2221 quem
3168 2150 3386 2220 quidem
3410 2167 3514 2205 non
3540 2160 3653 2203 tan-

2082 2256 2195 2299 tum
2222 2259 2320 2314 pro
2335 2244 2644 2315 apostolicae
2665 2244 2811 2299 sedis
2833 2244 3134 2298 reverentia
3149 2253 3409 2312 quantum
3427 2258 3527 2314 pro
3542 2242 3657 2312 ejus

2080 2334 2387 2390 sanctitatis
2430 2333 2723 2388 reverenda
2766 2333 3052 2403 praesentia
3085 2342 3194 2386 tota
3227 2332 3405 2387 Gallia
3434 2348 3655 2387 venera-

2081 2427 2257 2479 batur.
2291 2424 2384 2479 Vir
2415 2424 2597 2493 itaque
2622 2424 2722 2478 iste
2749 2421 3026 2477 mirandus
3055 2432 3110 2477 et
3142 2422 3436 2476 imitandus
3464 2432 3651 2491 sponte

2083 2526 2211 2570 tunc
2238 2516 2420 2585 gravis
2446 2516 2766 2569 obedientia:
2794 2515 3003 2583 pondus
3029 2514 3230 2579 subiit,
3260 2515 3352 2583 qui
3387 2514 3652 2583 quondam

2080 2606 2312 2659 celebris
2339 2605 2659 2659 obedientia:
2690 2620 2886 2659 munus
2916 2604 3117 2659 invitus
3145 2606 3401 2674 suscepit.
3435 2606 3510 2657 Ad
3540 2604 3650 2674 epi-

2080 2690 2313 2768 scopalis
2341 2712 2575 2767 namque
2602 2697 2852 2751 culminis
2879 2698 3194 2770 dignitatem
3222 2708 3466 2763 vocatus,
3496 2713 3649 2752 excu-

2079 2789 2316 2842 sationes
2347 2788 2629 2857 practendit
2658 2788 2952 2858 plurimas,
2985 2804 3045 2843 se
3079 2789 3387 2859 indignant,
3420 2789 3652 2843 moribus

2076 2882 2417 2946 inornatum,
2470 2881 2761 2936 virtutibus
2812 2897 3040 2937 vacuum
3092 2890 3257 2950 atque
3307 2882 3432 2937 huic
3482 2881 3652 2935 ofﬁcio

2078 2972 2340 3043 imparem
2372 2987 2428 3027 se
2454 2987 2574 3027 esse
2602 2972 2951 3035 clamitabat;
2983 2971 3048 3025 ad
3092 2970 3315 3027 Gallica:
3359 2986 3487 3025 vero
3530 2987 3649 3040 pro-

2077 3065 2328 3120 fectionis
2356 3064 2593 3118 laborem
2613 3105 2627 3130 ,
2657 3063 2798 3117 nulla
2827 3063 3177 3118 excusatione
3202 3063 3479 3132 pramrissa
3497 3101 3513 3125 ,
3545 3076 3644 3114 non

403 3149 672 3215 inatione,
702 3152 773 3204 ita
803 3166 911 3205 sua:
942 3153 1403 3209 incommoditatis
1433 3155 1705 3224 querelam
1733 3156 1979 3228 deposuit
2003 3141 2052 3205 c
2072 3150 2305 3212 ‘vocatus
2334 3155 2579 3211 accessit.
2611 3153 2767 3211 Verae
2798 3154 3014 3225 quidem
3041 3155 3362 3210 obedientize
3391 3155 3492 3208 ista
3524 3162 3644 3208 sunt

408 3252 463 3296 et
494 3242 649 3296 istius
678 3242 875 3313 negotii
902 3259 1121 3299 causam
1143 3285 1156 3310 ,
1188 3254 1346 3315 prout
1375 3256 1652 3313 evenerat,
1683 3250 1978 3317 peroravit,

402 3343 460 3387 ut
490 3334 558 3388 ad
590 3329 1017 3389 misericordiam
1050 3346 1106 3391 et
1136 3336 1398 3390 auxilium
1436 3339 1599 3391 corda
1640 3338 1974 3394 audientium

401 3435 740 3492 provocaret.
779 3425 980 3484 Omnes
1011 3443 1203 3497 nempe
1245 3429 1337 3499 qui
1368 3414 1552 3498 'hujus
1582 3430 1683 3486 loci
1714 3432 1976 3489 sanetita-

394 3512 515 3568 ‘tem
556 3515 636 3568 vel
672 3516 789 3570 visu
830 3510 1050 3586 proprio
1085 3518 1167 3571 vel
1208 3517 1351 3572 Fama
1383 3520 1669 3575 nuntiante
1706 3538 1975 3593 cognove-

404 3614 642 3669 rant,ex
687 3616 792 3661 tam
856 3608 1081 3662 sinistro
1119 3624 1340 3664 rumore
1376 3611 1754 3680 turbabantur,
1795 3622 1850 3668 et
1884 3629 1981 3671 no-

401 3709 519 3750 vam
550 3697 692 3751 ilius
718 3699 952 3769 episcopi
986 3700 1271 3753 factionem
1305 3701 1517 3770 publice
1543 3703 1973 3761 detestabantur.

390 3778 466 3844 'Et
503 3806 568 3842 ne
610 3799 773 3847 tanta:
809 3790 1113 3845 sanctitatis
1151 3800 1421 3863 tantaeque
1461 3792 1729 3848 libertatis
1760 3794 1909 3850 locus
1946 3813 1974 3850 a

399 3896 511 3935 suae
538 3878 802 3934 libertatis
829 3879 1043 3934 tramite
1070 3880 1149 3934 vel
1178 3896 1365 3952 parum
1394 3882 1674 3948 deﬁceret,
1702 3884 1803 3953 pize
1830 3901 1978 3940 eom-

394 3962 673 4044 passtonis
707 3964 901 4025 intuitu
932 3982 1214 4041 crepet-unt
1250 3972 1442 4043 singuli
1480 3975 1717 4043 c0gitare
1747 3992 1851 4044 qua
1884 3992 1975 4030 ra-

389 4064 581 4142 _tiouc,
633 4078 807 4133 qu0ve
846 4064 1025 4129 modo,
1066 4071 1252 4117 sancto
1288 4063 1405 4118 loco
1435 4066 1698 4133 potuisset
1740 4068 1973 4134 consuli,

397 4214 588 4271 iisdem
623 4215 733 4268 fere
776 4215 1139 4282 temporibus,
1187 4216 1380 4284 quibus
1418 4216 1794 4273 Cisterciensis
1841 4221 1975 4277 ordo

400 4288 621 4355 initium
646 4284 878 4355 habuit,
906 4286 1433 4355 inultainonasteria
1475 4297 1529 4340 et
1570 4289 1838 4355 prioratus
1864 4306 1974 4346 suae

395 4354 752 4424 professionis
778 4351 1188 4424 diviﬁeuedicti
1229 4354 1280 4407 in
1316 4351 1589 4410 meliorem
1624 4358 1834 4412 vivendi
1860 4361 1973 4414 for-

398 4421 542 4477 inam
579 4423 844 4491 redigens,
864 4421 1213 4476 Cluniacensi
1240 4426 1567 4479 monasterio
1597 4428 1819 4490 addixit,
1841 4429 1971 4482 Ciu—

2081 3247 2401 3301 documeuta
2447 3243 2682 3298 salubria
2712 3285 2727 3309 ,
2770 3252 2828 3299 ut
2870 3254 2924 3299 et
2966 3244 3243 3316 dignitatis
3293 3243 3648 3300 obedientiam

2081 3334 2282 3391 invitus
2330 3334 2528 3405 aliquis
2564 3336 2785 3402 subeat,
2822 3344 2877 3389 et
2911 3334 3032 3390 vilis
3076 3335 3397 3390 obedientia:
3444 3336 3650 3405 pondus

2079 3426 2253 3481 libens
2297 3426 2576 3496 suscipiat.
2617 3424 2777 3480 lstius
2812 3441 3044 3497 namque
3084 3427 3186 3480 viri
3235 3427 3469 3481 discreta
3520 3426 3649 3480 obe-

2078 3510 2279 3572 dientia
2322 3519 2552 3572 duorum
2592 3516 2833 3573 cmlestis
2876 3519 3043 3573 curia:
3086 3518 3315 3573 militum
3356 3518 3495 3573 facta
3526 3534 3651 3589 pro-

2079 3609 2166 3663 cul
2218 3609 2382 3664 dubio
2434 3609 2698 3664 imitatur.
2751 3610 2963 3681 Moyses
3006 3611 3205 3682 quippe
3258 3620 3316 3665 ut
3351 3611 3647 3667 Israelitico

2077 3708 2333 3770 praeesset
2366 3700 2561 3770 populo
2590 3709 2673 3754 est
2696 3702 2883 3772 jussus
2920 3717 2949 3757 a
2980 3702 3249 3768 Domino;
3283 3701 3482 3758 Paulus
3521 3718 3650 3759 vero

2078 3799 2138 3844 ut
2170 3791 2595 3862 Hierosolymam
2641 3801 2893 3865 pergeret
2935 3793 3193 3848 divinitus
3219 3803 3302 3850 est
3328 3794 3651 3849 admonitus.

2078 3882 2156 3937 llli
2207 3891 2268 3936 ut
2315 3882 2594 3955 dignitatis
2643 3885 2904 3939 honorem
2951 3886 3254 3955 susciperet
3311 3887 3646 3958 imperatur;

2079 3972 2182 4027 iste
2211 3984 2267 4026 ut
2297 3973 2640 4028 adversitatis
2683 3975 2955 4029 sarcinam
3002 3977 3271 4047 acciperet
3310 3976 3650 4031 admonetur.

2080 4063 2189 4118 Sed
2222 4062 2342 4129 ille,
2370 4064 2457 4119 cui
2489 4064 2724 4134 dignitas
2757 4065 3156 4135 imponebatur,
3186 4065 3431 4121 facundae
3461 4066 3650 4139 loqua-

2037 3774 2069 3791 νδ

2078 4227 2290 4294 runtse
2319 4219 2570 4294 habuisse
2603 4222 2915 4294 pontifices,
2947 4222 3265 4294 Gregorium
3304 4223 3391 4278 VII
3410 4264 3423 4287 ,
3471 4223 3652 4277 Victo-

2078 4305 2194 4344 rem
2217 4288 2299 4350 ΙΙΙ.
2330 4288 2615 4365 Urbanum
2637 4291 2700 4365 ll,
2727 4300 2782 4347 ct
2809 4288 3123 4365 Pasc_halein
3152 4295 3215 4357 ll,
3234 4296 3331 4365 qui
3380 4294 3543 4348 etiam
3597 4296 3648 4365 in

2076 4373 2141 4413 eo
2162 4360 2495 4415 monasterio
2529 4362 2769 4428 sepultus
2789 4372 2894 4416 est.
2934 4362 3161 4418 Protulit
3193 4360 3332 4417 idem
3374 4360 3645 4416 monasteJ

2077 4430 2215 4481 rium
2247 4440 2301 4482 et
2327 4429 2460 4485 alios
2488 4430 2635 4485 viros
2664 4447 2784 4485 cum
2819 4433 3013 4487 litteris
3041 4444 3152 4488 tum
3198 4434 3320 4488 vitae
3365 4435 3650 4487 sanctitate

398 4496 823 4568 niacensemque
847 4491 1088 4544 ordinem
1132 4493 1394 4568 nominari
1426 4495 1623 4560 voluit,
1683 4498 1972 4568 multisque
1999 4492 2047 4551 D
2074 4499 2269 4559 clarus,
2320 4499 2462 4553 inter
2507 4514 2643 4568 quos
2692 4501 2911 4557 Petrum
2948 4512 3003 4557 et
3036 4503 3326 4558 Renerium
3384 4503 3606 4555 ahbates
3629 4543 3645 4565 ,

394 4574 451 4637 et
483 4562 816 4637 admirandis
840 4563 1176 4637 ornamentis
1207 4572 1261 4615 et
1291 4562 1408 4637 plus
1445 4581 1605 4637 quam
1648 4562 1969 4637 episcopali-

396 4631 510 4706 bus
558 4633 811 4685 abbatem
886 4631 1300 4706 Cluniacensem
1356 4631 1648 4706 insignivit.
1681 4631 1850 4691 'Naui
1912 4649 1969 4693 et

392 4704 631 4776 chrisma
658 4710 973 4776 consecrat,
992 4712 1046 4756 et
1082 4704 1402 4776 baptismum
1432 4704 1757 4776 ordinesque
1785 4724 1972 4763 sacros

396 4775 648 4827 Oumihus
676 4774 726 4826 in
754 4789 849 4827 sua
882 4773 1085 4827 ditione
1110 4784 1167 4827 et
1194 4775 1384 4828 ordine
1405 4773 1711 4831 constitutis
1732 4779 1966 4842 confert,

399 4859 620 4915 regnum
646 4854 771 4915 ante
808 4859 868 4897 se
894 4844 1194 4915 prtemittit,
1244 4846 1514 4913 pontiﬁcis
1557 4848 1747 4913 instar,
1792 4852 1971 4906 multis

396 4912 788 4988 episcopalibus
835 4912 1185 4988 mitrisuhinc
1236 4912 1356 4967 inde
1405 4918 1694 4983 vallatum,
1736 4912 1963 4988 pallium

396 4982 559 5056 etiam
590 4997 741 5056 more
768 4982 1301 5056 metropolitanorum
1335 4997 1542 5053 gestat,
1588 4997 1642 5040 et
1680 4982 1877 5056 pil'eum
1910 4999 1966 5042 ut

394 5051 699 5126 cardinales
728 5051 1027 5121 insignibus
1047 5051 1426 5126 suis‘impotiit,
1451 5072 1617 5126 seque
1637 5051 1964 5112 cardinalem

396 5125 769 5203 presbyterum
802 5131 1019 5203 natura,
1056 5122 1191 5174 tituli
1227 5132 1430 5203 sanctae
1460 5122 1714 5203 Caeciliae,
1772 5127 1967 5203 litteris

400 5191 681 5253 inscribit,
723 5192 864 5258 quod
893 5191 993 5244 sibi
1021 5201 1071 5244 et
1107 5194 1508 5250 successoribus
1551 5213 1580 5248 a
1618 5197 1833 5250 Gelasio
1873 5213 1966 5251 se-

397 5264 573 5315 cundo
595 5262 847 5331 pontilice
866 5276 1202 5325 concessum,
1215 5275 1268 5315 et
1291 5278 1320 5317 a
1336 5265 1558 5319 Callisto
1579 5266 1701 5318 item
1724 5270 1967 5322 secundo

396 5334 748 5400 approbatum
778 5341 1072 5405 asseverat,
1104 5341 1157 5384 et
1195 5332 1449 5403 pleraque
1478 5335 1581 5387 alia
1608 5351 1727 5404 qua:
1746 5337 1961 5405 longum

395 5412 547 5475 esset
568 5417 841 5475 enarrare.
866 5401 1025 5475 _Nani
1049 5401 1417 5475 consecrando
1462 5401 1639 5458 abbati
1687 5401 1958 5475 sceptrum

396 5470 583 5541 glucale
614 5482 665 5522 et
694 5472 839 5523 ensis
856 5470 1099 5541 justitiae
1123 5473 1331 5541 insigne
1364 5476 1666 5535 exhibetur.
1717 5470 1955 5531 et'cele-

394 5537 619 5611 bratur-1)
649 5537 920 5606 sceptrum
970 5537 1273 5609 praefertur,
1319 5558 1380 5595 ex
1432 5544 1635 5597 Callisti
1688 5547 1958 5611 pontiﬁcis

395 5618 552 5684 antea
581 5607 899 5684 Burgumlize
935 5607 1147 5665 comitis
1186 5628 1427 5676 munere,
1466 5623 1520 5666 et
1551 5607 1712 5667 ruber
1749 5616 1951 5684 pileus,

395 5678 537 5751 quali
566 5678 866 5751 cardinales
894 5690 1138 5751 utuntur,
1178 5697 1283 5736 non
1333 5685 1612 5751 prat'ertur
1648 5678 1806 5739 modo
1859 5678 1952 5741 sed

2069 4584 2298 4643 quorum
2330 4569 2396 4622 de
2428 4570 2695 4642 theologia
2725 4574 2984 4641 praeclara
3036 4575 3234 4643 scripta
3286 4583 3537 4643 exstant,
3592 4584 3649 4626 et

2069 4639 2308 4706 ipsorum
2336 4654 2563 4707 corpora
2597 4639 2779 4696 multis
2819 4653 3107 4697 coruscant
3137 4639 3432 4699 miraculis.
3475 4641 3649 4695 liabet

2067 4708 2439 4782 Cluniacensis
2466 4712 2635 4782 abbas
2665 4713 2715 4765 in
2746 4713 3130 4781 temporalibus
3160 4713 3390 4782 plurima
3417 4722 3471 4766 et
3492 4713 3649 4765 ditis-

2067 4780 2201 4833 sima
2235 4780 2429 4847 oppida
2455 4780 2553 4833 sibi
2580 4782 2814 4845 sul-lita.
2844 4780 2899 4837 et
2926 4780 3495 4837 barones'innumeros
3519 4798 3646 4834 vas-

2067 4850 2249 4913 sallos,
2282 4850 2371 4915 qui
2399 4850 2569 4918 ipsius
2603 4853 2872 4907 utandatis
2907 4861 3127 4921 parent;
3167 4864 3359 4921 estque
3390 4851 3645 4905 Matisco-

2069 4921 2152 4972 nis
2180 4920 2415 4973 civitatis
2444 4936 2627 4975 comes
2653 4931 2708 4974 et
2738 4922 2870 4977 baro
2888 4920 2915 4985 :7
2934 4924 2986 4977 in
3007 4920 3377 4992 spiritualibus
3403 4937 3531 4976 vero
3574 4922 3644 4975 l6

2070 4992 2423 5063 monasteria,
2455 5004 2687 5059 quorum
2709 4994 2933 5049 abbates
2956 4994 3171 5047 mitram
3194 5000 3432 5063 gestant,
3467 4993 3643 5063 incre-

2067 5058 2393 5126 dibilemque
2422 5058 2757 5129 prioratuum
2804 5077 3089 5117 numerum
3132 5058 3453 5116 in'diversis
3480 5060 3642 5115 Chri-

2066 5129 2233 5201 stiani
2259 5129 2781 5201 orbisircgionihus;
2808 5134 3155 5201 succeditque
3186 5133 3359 5186 barres
3379 5132 3642 5186 deceden-

2068 5197 2668 5284 tibustainabbatibus
2696 5198 2874 5284 quam“
2886 5197 3160 5284 prioribus
3198 5213 3251 5256 et
3281 5202 3493 5256 caeteris
3526 5215 3642 5251 mo-

2068 5268 2263 5321 nachis
2291 5270 2371 5342 sui
2404 5269 2631 5342 ordinis.
2662 5268 2903 5341 etprimi
2925 5274 3049 5326 anui
3076 5282 3369 5342 proventus
3388 5285 3642 5340 quorum-

2067 5352 2277 5409 cunque
2309 5338 2693 5393 beneﬁciorum
2714 5338 2955 5409 percipit.
2993 5362 3010 5393 ι

2141 5406 2265 5461 Hau:
2291 5409 2356 5460 ad
2386 5410 2666 5481 historiam
2695 5406 3092 5478 praeteritorum
3139 5421 3441 5481 temporum
3474 5424 3641 5479 perti-

2066 5487 2243 5600 nenti
2279 5493 2422 5531 llllllc
2474 5479 2617 5531 enim
2678 5481 2918 5535 Uuniaci
2983 5479 3369 5536 monasterium
3432 5482 3639 5535 nullum

2066 5555 2168 5599 est.
2244 5562 2298 5599 Β.

2064 5555 2168 5599 est.
2201 5548 2298 5599 En.

2135 5617 2247 5686 (35)
2286 5617 2364 5671 Ad
2404 5618 2549 5672 hunc
2586 5628 2802 5674 exstant
2844 5620 2903 5673 S.
2950 5621 3091 5676 Petri
3135 5620 3192 5674 ῐ).
3243 5621 3454 5676 litterae.
3492 5620 3638 5676 lslem

2062 5684 2463 5760 hujus'hortatu
2498 5687 2670 5743 Vitam
2702 5690 2759 5745 S.
2793 5690 3038 5747 Odilonis
3059 5707 3118 5747 se
3140 5692 3430 5760 scripsisse
3451 5701 3638 5746 narrat

394 5756 451 5803 et
471 5747 624 5801 altari
656 5747 964 5817 imponitur.
1000 5749 1076 5805 Ex
1107 5752 1218 5805 suis
1249 5747 1527 5808 monachis
1550 5764 1779 5823 quatuor
1804 5773 1969 5811 assem
2058 5747 2263 5815 PetruS.
