4028 6168
469 291 574 348 869

1459 289 1758 349 5.ῬΕΤΒΙ
1802 295 1883 349 DA
1896 295 2033 350 ΜΙΑῖ

2132 293 2278 353 [TER
2318 294 2689 355 GALLICUM.
3623 302 3725 359 870

470 407 653 462 citatis
691 406 978 459 occasione
1020 408 1314 475 praemissa,
1342 415 1397 461 et
1446 410 1803 477 impeditioris
1848 411 2044 481 lingua:
2072 426 2120 480 Α
2149 416 2237 483 qui
2274 430 2371 468 suo
2411 415 2549 469 ﬁdeli
2585 414 2782 469 famqu
2810 420 2891 468 sic
2921 414 3207 475 promisit:
3238 414 3349 484 Ego
3379 427 3497 469 ante
3529 428 3575 471 tc
3613 425 3717 484 ibo,

468 495 787 566 allegatione
814 496 1085 563 deposita,
1118 498 1250 550 tanti
1280 499 1559 566 regitninis
1584 501 1809 569 gloriam
1838 501 2049 572 fugiens
2082 530 2089 539 ο

384 626 387 629 .
465 589 724 654 expavit;
774 585 898 648 iste,
945 587 1031 639 cui
1074 588 1210 639 tanti
1237 588 1435 642 laboris
1463 592 1672 658 pondus
1702 592 2051 661 przecipieba-

467 686 573 741 tur,
625 690 730 729 non
776 675 947 729 solum
990 692 1095 760 non
1145 680 1381 748 respuit,
1424 682 1518 734 sed
1564 684 1728 736 etiam
1770 685 1899 753 quid
1945 687 2047 740 sibi

393 808 396 813 .
466 762 856 832 Hierosolymis
899 765 1176 831 eveniret,
1218 782 1312 835 per
1342 770 1659 837 prophetam
1688 772 1932 841 Agabum
1964 790 2049 828 re-

464 868 832 924 cognoscens,
868 855 1063 908 mentis
1100 857 1335 925 puritate
1377 859 1644 923 conlisus,
1688 861 1761 914 ita
1809 865 2047 932 gaudens

422 957 428 993 ῖ
464 946 717 1005 dicebat:
759 944 874 1014 Ego
912 950 1089 999 autem
1129 963 1232 1000 non
1270 948 1439 1001 solum
1478 949 1721 1019 alligari,
1760 954 1849 1006 sed
1888 955 2045 1006 etiam

463 1036 594 1089 mori
643 1047 864 1104 paratus
908 1053 1026 1089 sum
1075 1054 1169 1105 pro
1218 1039 1425 1092 nomine
1472 1039 1709 1106 Christi;
1757 1057 1861 1094 non
1907 1043 2044 1095 enim
2084 1062 2087 1063 ν

394 1164 405 1172 .
463 1128 601 1195 facio
641 1127 1000 1195 pretiosiorem
1044 1129 1272 1180 animum
1314 1145 1482 1181 meam
1526 1146 1682 1199 quam
1721 1146 1820 1183 me.
1864 1131 2041 1195 Ecce,
2086 1156 2091 1163 <

461 1219 546 1271 vir
572 1218 675 1272 iste
706 1217 758 1271 in
785 1220 1127 1285 episc0patus
1159 1216 1411 1287 fugiendo
1442 1218 1675 1272 culmine
1702 1236 1871 1273 novus
1898 1220 2045 1292 Moy-

459 1328 548 1368 ses
590 1314 743 1367 nobis
790 1314 1138 1379 declaratur;
1184 1314 1235 1366 in
1276 1317 1457 1368 votivo
1501 1330 1629 1368 vero
1675 1315 1857 1370 labore
1899 1315 2039 1383 longi

460 1402 700 1465 itineris,
754 1403 921 1468 alter,
970 1404 1161 1457 doctor
1209 1403 1482 1473 gentium,
1534 1403 1732 1458 Paulus
1784 1403 2040 1458 Ecclesiae

461 1500 897 1561 repraesentetur.

889 1597 954 1635 DE
981 1597 1319 1638 INCGZPTIONE
1346 1598 1611 1655 ιτιμειιιε.

528 1674 579 1727 6.
620 1674 835 1728 Interea
877 1683 1077 1727 sanctae
1107 1674 1556 1744 peregrinationis
1577 1674 1728 1727 labor
1751 1674 2029 1742 incipitur,

2149 515 2195 557 et
2219 504 2469 572 gloriosos
2492 516 2643 557 terrrc
2675 502 2981 555 liumiliabo.
3023 504 3137 571 Ipsa
3176 506 3337 559 etiam
3367 504 3587 559 Joviana
3607 508 3722 578 jam

2150 592 2297 645 dicta
2341 601 2397 645 et
2442 606 2583 660 saepe
2630 592 2855 646 dicenda
2906 592 3161 658 pericula,
3209 608 3327 662 qua:
3358 594 3443 647 vix
3487 612 3721 666 unquam

2148 691 2357 736 eoustat
2410 681 2573 736 fuisse
2619 683 2840 751 pervia,
2894 698 3013 749 qua!
3061 684 3223 736 etiam
3276 687 3463 740 mortis
3515 689 3723 743 ruinam

2150 775 2556 827 transeuntibus
2586 788 2797 842 semper
2828 776 3120 837 minantur,
3154 775 3368 841 nullius,
3413 788 3471 830 ut
3502 780 3717 844 dicitur,

2148 864 2413 918 Marrouis
2451 864 2565 935 t5?)
2613 864 2900 918 subvectus
2951 864 3174 927 auxilio,
3226 881 3329 919 non
3376 868 3724 935 pedetentim,

2149 963 2206 1006 ut
2252 968 2369 1008 mos
2411 964 2493 1008 est
2538 954 2680 1007 illius
2727 954 2973 1019 itineris,
3024 957 3360 1021 pert-exisse,
3412 958 3504 1011 sed
3547 961 3728 1028 potius

2146 1042 2377 1097 vidimus
2419 1044 2746 1096 cucurrisse.
2798 1043 2903 1095 Sed
2957 1045 3188 1112 qualiter
3232 1061 3315 1097 νη-
3367 1047 3466 1100 iste
3511 1049 3561 1100 iu
3613 1058 3722 1102 tam

2145 1132 2283 1185 duro
2328 1133 2522 1186 itinere
2568 1148 2686 1185 sese
2727 1133 2977 1186 habuerit
3021 1134 3307 1187 utillimum
3336 1147 3498 1201 esset,
3533 1139 3574 1191 si
3608 1139 3724 1207 ejus

2145 1236 2277 1291 pace
2326 1223 2584 1290 potuisset
2629 1222 2782 1288 ﬁeri,
2818 1225 3061 1293 qumdam
3110 1228 3176 1279 de
3224 1228 3339 1295 ejus
3391 1230 3723 1285 continentia

2143 1311 2403 1372 scribere,
2438 1327 2535 1380 pro
2563 1309 2775 1364 illortuu
2813 1312 3003 1366 saltem
3026 1315 3385 1371 azditicatione
3417 1320 3532 1387 qui,
3566 1337 3720 1374 arre—

2141 1412 2232 1470 pta
2260 1404 2549 1457 occasione
2576 1402 2808 1471 alicujus
2849 1405 3080 1470 itineris,
3110 1417 3309 1461 statuta
3357 1410 3557 1464 silentii
3599 1414 3720 1482 jura

2142 1491 2514 1559 confringunt,
2579 1495 2823 1548 consueti
2881 1496 3071 1564 jejnnii
3141 1499 3379 1566 regulam
3443 1501 3722 1565 deserunt,

2092 1601 2101 1608 ο
2141 1580 2458 1650 ρεθιωυώω
2487 1595 2703 1649 quoque
2741 1595 2796 1634 et
2833 1590 2995 1635 totius
3026 1602 3163 1651 pene
3201 1593 3517 1645 monasticae
3565 1595 3725 1648 disci-

2140 1672 2300 1740 plina:
2326 1686 2608 1725 censuram
2631 1673 2782 1739 quasi
2809 1670 3035 1726 licenter
3066 1672 3426 1728 confundunt.
3459 1678 3563 1731 Sed
3592 1684 3718 1747 quia

455 1777 507 1821 et
537 1767 619 1820 via
647 1767 766 1821 duri
796 1767 1003 1820 itineris
1031 1766 1349 1830 festinatur;
1383 1776 1439 1820 et
1467 1768 1592 1835 quia
1635 1767 1875 1820 Charitas
1926 1782 2031 1819 ηοη
2062 1768 2105 1825 Β
2133 1761 2249 1831 ejus
2283 1761 2584 1815 sanctitatis
2604 1761 2861 1815 ollensam
2892 1761 3169 1818 incurrere
3210 1765 3393 1828 timeo,
3420 1768 3611 1823 melius
3640 1779 3725 1823 est

454 1873 570 1925 qua:
591 1873 687 1909 sua
709 1865 830 1909 sunt
854 1856 1065 1926 φιίυνὶι,
1104 1857 1193 1909 sed
1217 1873 1333 1926 qua:
1347 1856 1474 1909 Jesu
1501 1856 1721 1923 Christi,
1756 1868 2032 1911 monaste-

455 1949 533 2003 ria
591 1948 805 2003 noviter
839 1950 907 2001 ab
941 1962 1006 2000 eo
1036 1947 1276 2016 plantata
1332 1949 1604 2018 irrigatori
1645 1949 1865 2003 Christo
1891 1967 2035 2004 rom-

454 2040 705 2101 mittens,
745 2048 801 2093 ct
830 2054 1021 2093 omnes
1058 2053 1271 2094 eremos
1305 2055 1442 2108 quas
1477 2040 1560 2094 vel
1586 2039 1788 2094 fecerat
1818 2040 1900 2094 vel
1929 2055 2028 2095 suo

406 2126 429 2167 Γ
455 2130 756 2197 patrocinio
776 2128 1143 2200 gubernabat,
1178 2132 1457 2195 deserens,
1485 2133 1871 2186 monachorum
1896 2149 2033 2201 quo-

452 2235 558 2290 que
608 2222 823 2291 agmina
862 2234 982 2288 quas
1020 2221 1133 2289 ipse
1172 2222 1238 2272 ad
1290 2221 1577 2289 ingenuam
1614 2220 1821 2274 Christi
1859 2222 2032 2275 servi-

412 2356 413 2359 η
455 2322 619 2366 tutem
662 2311 984 2377 adduxerat,
1014 2313 1416 2383 derelinquens,
1440 2313 1898 2366 ultratuontannm
1929 2313 2035 2367 iter

413 2432 421 2439 ›
453 2402 629 2456 tribus
657 2412 867 2455 tantum
905 2401 1187 2470 discipulis
1215 2404 1600 2456 comitantibus
1633 2402 1865 2457 festinus
1894 2403 2034 2456 arri-

410 2528 413 2531 .
452 2491 591 2558 puit.
628 2489 693 2542 Et
722 2489 851 2558 quia
878 2488 1029 2557 {ortis
1059 2499 1134 2543 est
1176 2500 1227 2541 ut
1273 2506 1414 2542 mors
1457 2490 1689 2552 dilectio,
1744 2505 1851 2544 non
1906 2504 2031 2544 eum

416 2578 691 2633 .Joviana:
741 2579 927 2647 Alpes,
985 2594 1091 2633 non
1145 2578 1372 2637 Joviana
1420 2580 1657 2647 pericula
1692 2588 2029 2644 terruerunt,

454 2687 559 2723 non
588 2671 751 2723 etiam
785 2680 1050 2723 terrarum
1101 2670 1266 2732 invia,
1318 2683 1427 2725 non
1459 2669 1625 2722 multa
1666 2679 1720 2723 et
1753 2668 2033 2723 mortifera

454 2764 773 2835 praecipitia,
804 2780 910 2818 non
943 2763 1162 2833 insuper
1195 2764 1383 2833 cycnei
1411 2764 1605 2832 capitis
1628 2773 1899 2833 aspectus,
1920 2779 2029 2840 non

422 2874 431 2907 :
451 2854 631 2911 debile
674 2864 730 2909 et
760 2853 1107 2908 macilentum
1150 2868 1367 2924 corpus,
1412 2869 1519 2908 non
1549 2866 1678 2909 eum
1718 2853 2021 2924 grandaeva:

422 2946 746 3003 senectutis
790 2945 1002 3015 pondus
1032 2947 1101 3000 ab
1128 2944 1323 2999 itinere
1356 2954 1721 3000 removerunt.
1776 2945 2029 3000 Cadaloi-

424 3050 573 3089 cum
599 3035 761 3092 etiam
825 3035 1163 3104 pravipendit
1204 3034 1466 3098 furorem,
1511 3036 1603 3105 qui
1637 3035 1800 3089 veluti
1834 3037 2023 3090 orbata

2128 1866 2247 1905 sua}
2277 1851 2510 1906 lucernae
2540 1852 2719 1906 lumen
2748 1853 2924 1907 adhuc
2950 1854 3049 1907 sub
3074 1853 3290 1907 silentio
3322 1865 3526 1925 tegere,
3557 1872 3720 1927 quam

2133 1943 2249 2011 ejus
2298 1943 2667 2012 indignatione
2713 1958 2876 2011 super
2923 1943 3303 1998 candelabrum
3341 1962 3557 2014 ponere.
3612 1948 3718 2002 Sed

2134 2034 2343 2087 obedire
2382 2044 2580 2102 Oportet
2607 2034 2714 2086 Deo
2747 2036 2911 2103 magis
2948 2051 3104 2105 quant
3145 2037 3469 2099 hominibus,
3512 2048 3566 2092 et
3606 2038 3725 2108 ejus

2132 2124 2390 2180 offensam
2439 2128 2611 2196 magis
2667 2142 2827 2195 quam
2879 2126 3107 2196 alicujus
3157 2130 3402 2184 mortalis
3452 2134 3710 2186 convenit

2133 2220 2571 2286 perhorrescere.
2609 2218 2861 2271 Veritatis
2902 2221 3046 2272 enim
3078 2234 3173 2273 ore
3210 2220 3281 2272 ita
3308 2219 3567 2287 jubetur:
3602 2221 3713 2275 Lu-

2110 2318 2247 2361 ‘ceat
2287 2308 2379 2360 lux
2418 2318 2587 2360 uestra
2620 2324 2796 2361 coram
2842 2308 3160 2374 hominibus,
3203 2321 3256 2362 ut
3300 2304 3506 2364 u‘deattt
3548 2324 3720 2369 vestra

2108 2401 2267 2452 'boua
2291 2415 2468 2468 opera,
2500 2407 2547 2452 et
2576 2400 2864 2468 gloriﬁcent
2903 2400 3112 2453 Putrem
3129 2414 3353 2455 vestrum
3381 2406 3469 2473 qui
3498 2406 3549 2457 in
3578 2406 3721 2463 cwlis

2132 2500 2228 2544 est.
2261 2491 2517 2556 Quaedam
2548 2496 2677 2562 ergo
2708 2492 2869 2552 illius,
2900 2492 3053 2561 quasi
3086 2496 3389 2548 communia
3421 2507 3475 2548 et
3503 2498 3724 2551 minime

2133 2579 2387 2634 abscondi
2420 2578 2784 2648 debentiaJita
2810 2582 3085 2636 succincte
3115 2584 3416 2638 scribamus
3445 2596 3711 2654 quatenus

2134 2670 2335 2725 nullius
2383 2673 2618 2725 rumoris
2652 2687 2823 2735 naevo,
2856 2673 3057 2728 nullius
3106 2674 3283 2728 laudis
3327 2677 3560 2741 macula,
3606 2678 3723 2747 ejus

2132 2769 2392 2815 sanctitas
2418 2760 2730 2826 oll‘uscetur,
2771 2775 2827 2816 et
2852 2764 3186 2817 audientium
3219 2765 3307 2833 pia
3338 2766 3553 2821 devotio
3601 2785 3715 2823 me-

2131 2848 2377 2915 lioretut‘,
2404 2859 2458 2905 et
2481 2850 2730 2905 Christus
2757 2866 2851 2921 per
2876 2869 2996 2907 cum
3026 2853 3377 2922 gloriﬁcetur.

2130 2979 2399 3028 ρολιιτειι
2448 2978 2654 3019 υοκκυς
2702 2981 2904 3019 νετιιυδ
2959 2981 3017 3018 SE
3068 2981 3338 3021 IIABUERI‘I’
3378 2983 3430 3021 IN
3479 2982 3707 3025 ολιιιςο

2821 3049 3062 3090 ITINERE.

452 3127 607 3198 tigris
638 3126 757 3195 ejus
801 3128 1127 3197 sanguinem
1166 3127 1325 3180 anxie
1359 3127 1612 3188 sitiebat;
1650 3136 1835 3181 contra
1868 3143 2027 3198 quem
2058 3117 2103 3177 C
2204 3125 2259 3180 8.
2284 3124 2340 3179 In
2371 3125 2490 3196 ipso
2512 3140 2745 3193 namque
2788 3126 2977 3180 :estivo
3017 3135 3279 3196 tempore,
3312 3143 3419 3197 quo
3464 3128 3578 3183 dies
3604 3128 3722 3198 plus

450 3219 765 3285 Cadaloum,
798 3220 1150 3275 Parmensem
1175 3219 1383 3274 scilicet
1414 3219 1752 3288 episcopum,
1777 3220 1867 3288 qui
1899 3231 2027 3274 tunc

434 3326 603 3380 papae
624 3326 820 3366 nomen
844 3321 899 3365 et
944 3311 1060 3379 ejus
1099 3311 1331 3381 insignia
1370 3311 1580 3365 adulter
1619 3310 1930 3378 usurpabat,
1967 3312 2032 3364 ll-

452 3406 607 3457 brum
638 3404 833 3474 praesul
862 3404 965 3459 iste
1002 3405 1424 3474 conscripserat,
1450 3405 1501 3458 in
1534 3420 1641 3474 quo
1675 3404 2029 3461 deridendam

448 3498 566 3568 cjus
607 3500 908 3564 vesaniam,
937 3506 992 3553 ct
1018 3515 1170 3553 suam
1196 3498 1480 3553 nefandam
1517 3499 1844 3570 apostasiam
1878 3497 2028 3552 Seri-

452 3598 730 3657 pturarum
762 3590 1085 3644 testimoniis
1133 3590 1532 3645 condemnavit.
1588 3589 1759 3658 Ipsius
1815 3605 2029 3661 quoque

451 3680 691 3746 perversi
716 3681 951 3734 nominis
986 3680 1513 3750 interpretationem,
1543 3690 1595 3734 et
1618 3680 1745 3749 quid
1778 3680 1830 3733 in
1870 3680 2029 3748 hujus

451 3772 885 3841 prtesumptionis
917 3758 1061 3825 exitu
1098 3770 1361 3834 latitabat,
1394 3770 1465 3823 ita
1497 3771 1811 3840 prophetico
1840 3786 2027 3840 prom-

450 3864 557 3932 psit
585 3861 756 3931 elogio
786 3861 923 3930 (34),
957 3862 1100 3930 quod
1148 3862 1326 3915 divina
1362 3861 1715 3930 inspiratione
1759 3861 2031 3915 credimus

448 3958 863 4027 conscripsisse,
890 3958 1016 4027 quia
1048 3958 1192 4025 quod
1230 3957 1913 4024 scripserat;postmodum
1952 3957 2032 4010 vi-

448 4050 629 4103 dimus
668 4050 911 4103 evenisse
961 4047 1096 4117 (55).
1134 4046 1279 4100 Inter
1310 4055 1505 4100 czetera
1560 4060 1771 4114 quoq-ne
1800 4062 1920 4114 quae
1964 4047 2031 4100 de

452 4142 594 4195 illius
633 4141 822 4194 canina
859 4139 1007 4193 rabie
1035 4137 1309 4191 luculento
1356 4151 1606 4190 sermone
1641 4136 2028 4207 descripserat,

450 4233 662 4287 eximite
702 4230 1081 4300 profunditatis
1109 4238 1164 4283 et
1198 4230 1347 4282 mine
1383 4227 1803 4297 pulchritudinis
1838 4242 2028 4282 versus

451 4324 566 4392 ipse
590 4323 918 4391 composuit;
947 4336 1084 4390 quos
1107 4321 1178 4375 ob
1206 4319 1364 4374 istius
1395 4318 1603 4373 laudem
1633 4326 1688 4371 et
1712 4317 1857 4370 illius
1877 4315 2030 4386 igno-

451 4415 674 4467 miniam
699 4414 786 4467 hic
812 4428 1037 4467 exarare
1061 4411 1369 4467 studuimus
1397 4408 1530 4481 (56).

2120 3217 2293 3272 solito
2336 3216 2673 3286 protelantur
2710 3224 2763 3269 et
2816 3216 3017 3285 gulosis
3060 3217 3343 3270 monachis
3392 3220 3545 3286 quasi
3598 3219 3717 3275 sine

2135 3309 2364 3366 termino
2389 3324 2511 3364 esse
2540 3309 2812 3371 videntur,
2844 3307 2917 3360 ita
2958 3322 3069 3361 sua:
3116 3307 3447 3375 operationis
3473 3309 3719 3363 ordinem

2132 3400 2417 3462 retinebat,
2448 3406 2507 3451 ut
2546 3411 2643 3450 nec
2675 3395 2983 3465 psalmodia:
3013 3395 3096 3449 vel
3141 3394 3444 3464 vigiliarum
3487 3412 3719 3453 consue-

2133 3488 2377 3543 tudinem
2419 3486 2871 3557 praetermitteret,
2902 3500 2999 3540 uec
3029 3486 3356 3555 jejuniorum
3402 3487 3483 3542 vel
3518 3488 3715 3543 silentii

2131 3592 2414 3633 censuram
2437 3585 2799 3647 postponeret.
2828 3574 3066 3641 Qualiter
3107 3585 3286 3629 autem
3328 3591 3425 3629 nos
3476 3578 3565 3645 qui
3617 3594 3715 3631 suo

2131 3672 2284 3726 lateri
2329 3669 2533 3741 jugiter
2555 3669 2975 3731 adbarseramus,
3006 3668 3058 3721 in
3084 3682 3183 3720 suo
3216 3665 3445 3734 jejunio,
3478 3676 3533 3719 ut
3560 3676 3718 3737 puta«

2130 3768 2307 3830 batur,
2330 3765 2563 3835 decepit,
2587 3780 2691 3817 non
2718 3778 2956 3831 possum,
2981 3761 3103 3829 quia
3130 3776 3229 3815 nec
3253 3760 3442 3825 debeo,
3461 3763 3714 3815 reticere.

2129 3860 2281 3928 Apud
2312 3856 2493 3911 Gallos
2523 3869 2753 3923 namque
2804 3853 2903 3907 ista
2939 3851 3257 3906 universalis
3285 3852 3428 3920 viget
3489 3867 3715 3907 consue-

2133 3948 2262 4001 tudo
2293 3955 2351 4000 nt
2382 3944 2588 3998 vinaria
2629 3941 2845 3995 vascula
2897 3940 3223 3994 intrinsecus
3253 3940 3403 4009 prius
3441 3940 3559 4008 pice
3594 3955 3716 4009 per-

2132 4038 2377 4100 fundant,
2408 4045 2463 4091 et
2493 4034 2755 4089 servanda
2780 4034 2899 4085 vina
2931 4033 3009 4085 sic
3056 4032 3106 4084 in
3138 4046 3200 4084 ea
3254 4030 3595 4100 postmodum
3627 4046 3713 4085 re-

2129 4128 2394 4193 condant;
2434 4140 2553 4196 qua:
2603 4124 2745 4178 illius
2787 4133 2940 4176 terra:
2970 4122 3233 4191 indigena:
3276 4121 3426 4189 quasi
3480 4121 3711 4190 quodam

2129 4221 2402 4292 pigmento
2427 4218 2617 4272 dicunt
2642 4230 2763 4269 esse
2794 4214 3030 4276 condita,
3066 4213 3160 4266 sed
3191 4211 3546 4266 adventantes
3596 4212 3716 4283 plu-

2129 4311 2251 4366 rimi
2281 4318 2607 4364 nauseantes
2635 4315 2895 4374 respuunt
2913 4303 3063 4372 quasi
3089 4304 3206 4373 pice
3243 4312 3521 4373 corrupta.
3548 4301 3721 4359 Nobis

2129 4400 2433 4470 ltujnstnodi
2469 4400 2649 4453 vinum
2674 4398 2912 4466 pruritns
2939 4395 3077 4465 gulae
3105 4394 3264 4449 citius
3293 4395 3721 4458 commendavit;

521 4503 572 4556 7.
626 4503 717 4558 His
740 4504 898 4571 igitur
944 4503 1226 4557 verborum
1256 4502 1377 4556 telis
1400 4462 1507 4556 ille,
1546 4500 1881 4565 vulneratus,
1915 4515 2026 4555 imo
2056 4462 2106 4523 θ
2131 4494 2218 4547 ille
2243 4506 2370 4545 vero
2402 4490 2561 4550 ﬁdeli,
2590 4498 2649 4541 ut.
2680 4489 3026 4556 putabamus,
3056 4486 3373 4553 deceptione
3415 4485 3488 4538 ita
3518 4487 3724 4540 exhor-

451 4593 853 4662 Scripturarum
893 4591 1178 4662 aggeribus
1232 4591 1385 4644 vivus
1430 4591 1699 4651 humatus,
1760 4589 2019 4657 compita,

450 4683 763 4738 diverticula
778 4721 793 4745 ,
811 4682 989 4735 itineri
1013 4693 1244 4748 qumque
1266 4678 1477 4748 pervia,
1502 4694 1599 4748 per
1624 4693 1750 4732 suos
1768 4678 2029 4732 satellites

449 4772 806 4833 observabat,
838 4777 1109 4836 quatenus
1148 4768 1229 4820 vel
1263 4783 1386 4821 eum
1418 4768 1761 4831 occiderent,
1806 4767 1886 4822 vel
1916 4768 2029 4822 suis

450 4860 728 4916 obtutibus
768 4859 947 4911 vivum
991 4863 1463 4926 repraesentarent.
1510 4855 1614 4909 Sed
1648 4855 1738 4908 ille
1767 4857 2025 4924 prudens,

448 4972 602 5026 quasi
653 4969 734 5008 reo
774 4953 1086 5014 conﬁdens,
1151 4950 1358 5004 itineris
1400 4949 1608 5002 diversa
1657 4948 1938 5018 pericula,
1976 4956 2031 5003 et

451 5028 594 5102 illius
622 5045 851 5100 furtivas
885 5044 1129 5109 insidias,
1162 5051 1363 5097 sauctzc
1407 5041 1676 5111 superbiae
1704 5041 1841 5109 pede
1875 5041 2026 5109 parvi

452 5139 690 5208 pendens
714 5136 962 5192 calcavit.
1007 5133 1270 5188 Nimirum
1302 5131 1443 5186 illius
1472 5130 1637 5186 fultus
1661 5140 1777 5186 erat
1804 5130 2025 5195 auxilio,

464 5259 471 5265 ’
522 5264 734 5335 (54)]νι
775 5260 1023 5335 opusculo
1066 5258 1683 5335 inscriptohdisceptatio
1730 5256 2025 5335 synotlalis,

450 5328 576 5388 toni.
607 5333 724 5395 Ill,
764 5328 815 5403 ρ.
840 5333 931 5396 34,
961 5332 1037 5403 ait
1056 5330 1243 5385 Petrus
1266 5347 1284 5385 :
1311 5328 1578 5403 Cadalous
1608 5345 1659 5403 Aa
1681 5328 2028 5403 cadendo‘d‘i-

452 5416 593 5468 ctus,
632 5397 839 5457 ruinam
880 5401 1058 5473 populi
1089 5408 1281 5473 sonat;
1314 5397 1558 5473 Pressius
1599 5398 1691 5473 ηρ.
1718 5414 1755 5459 t,
1783 5413 1890 5473 cp.,
1921 5397 2025 5450 20:

454 5467 625 5544 prima
659 5489 783 5543 pars
814 5467 972 5544 hujus
1016 5471 1249 5544 numinis
1300 5467 1587 5544 manifeste
1617 5467 1901 5544 denuntiat
1949 5484 2030 5521 ca-

450 5537 590 5606 sum,
622 5537 857 5598 secunda
883 5537 1169 5612 populum;
1206 5540 1321 5612 laos
1353 5538 1618 5612 siquidem
1644 5537 1883 5612 populus.

521 5614 639 5737 p735)
672 5612 794 5667 Rem
822 5607 977 5665 habet
1029 5611 1169 5691 apud
1192 5609 1404 5691 Petrum
1429 5610 1483 5661 in
1507 5608 1760 5689 opusculo
1787 5607 1869 5669 l8,
1899 5615 2028 5660 tom.

564 5726 577 5737 .
619 5701 669 5737 υ.
696 5682 821 5737 206.
846 5680 981 5736 Item
1017 5690 1163 5737 epist.
1193 5678 1280 5733 tib.
1318 5693 1364 5737 t,
1391 5678 1481 5732 20.
1509 5677 1833 5731 [arationes
1854 5684 2028 5729 autem

457 5677 577 5751 111,
696 5682 821 5738 206.
846 5680 981 5736 Item
1017 5677 1163 5750 epist.
1193 5678 1280 5733 tib.
1318 5693 1364 5743 t,
1391 5678 1481 5732 20.
1509 5677 1833 5731 [arationes
1854 5684 2029 5729 autem

2133 4585 2240 4636 rnit
2263 4591 2320 4635 ut
2343 4595 2441 4634 nec
2467 4579 2631 4634 etiam
2658 4579 2932 4641 convivio,
2961 4577 3014 4629 in
3055 4590 3161 4643 quo
3189 4575 3406 4637 aderat,
3453 4575 3725 4635 interesse:

2129 4671 2381 4725 voluerit.
2420 4669 2511 4723 Sic
2540 4683 2636 4737 per
2666 4676 2832 4720 totam
2860 4665 3088 4721 Galliam
3117 4664 3349 4716 districti
3396 4662 3584 4732 jejunii
3635 4673 3724 4716 te-

2131 4762 2248 4815 nuit
2270 4773 2579 4820 censuram,
2610 4758 2734 4825 quia
2762 4768 3104 4824 nequaquam
3137 4753 3389 4822 precibus
3419 4754 3719 4821 impetrare

2130 4851 2402 4921 pomimns
2424 4856 2483 4902 ut
2504 4846 2593 4901 vel
2624 4860 2843 4915 parvam
2868 4847 2979 4913 ipse
3003 4843 3159 4912 hujus
3189 4842 3295 4896 vini
3326 4854 3563 4897 sumeret
3596 4859 3720 4898 sor—

2134 4940 2506 4996 bitiunculam.
2531 4939 2682 5009 Aqua
2714 4953 2843 4994 vero
2869 4937 3009 4993 illius
3034 4939 3230 5007 patris
3260 4937 3343 4990 vix
3389 4936 3585 4991 alicubi
3643 4936 3719 4989 adt

2134 5032 2423 5087 bibendum
2461 5028 2656 5084 habilis
2680 5028 2967 5083 invenitur.
3005 5027 3189 5083 Pisces
3215 5042 3427 5097 quoque
3466 5038 3518 5079 et
3550 5040 3713 5079 accu-

2133 5132 2281 5178 ratos
2310 5122 2461 5177 cibos
2480 5122 2767 5177 occasione
2797 5120 3035 5190 qualibet
3054 5121 3266 5191 penitus
3288 5118 3590 5188 respuebat.
3620 5117 3718 5173 Sic

2133 5256 2479 5311 acerbissima:
2503 5253 2650 5310 Petri
2688 5256 2743 5309 in
2764 5253 3062 5308 Cadaloum
3098 5252 3301 5322 passim
3344 5252 3406 5304 iit
3420 5266 3543 5319 ejus
3576 5253 3712 5304 scri-

2130 5326 2515 5400 ptis_l_egitntur.

2200 5388 2325 5467 (56)
2338 5394 2562 5467 Exstant
2585 5396 2695 5467 hare
2715 5395 2949 5467 carmina
2980 5403 3117 5467 inter
3145 5400 3332 5447 (cetera
3364 5388 3707 5467 P._D_amiani

2130 5462 2429 5543 adultam:
2456 5465 2484 5518 I
2503 5465 2565 5531 V,
2589 5482 2641 5532 ρ.
2774 5468 2975 5543 βιαφςε
2995 5465 3083 5543 hi?
3108 5480 3168 5518 ea
3190 5462 3654 5543 praetermittitur”.

2100 5570 2103 5571 ν
2137 5605 2170 5613 Α
2202 5537 2315 5613 (5η
2367 5530 2643 5613 homines
2671 5530 2899 5613 Alpium
2928 5532 3114 5590 incola:
3159 5530 3376 5603 quidem
3397 5571 3413 5599 ,
3464 5540 3523 5587 ut
3550 5530 3712 5588 docet

2130 5603 2362 5678 Cangius
2395 5606 2448 5660 in
2471 5603 2768 5660 Glossario.
