4028 6168
385 267 479 322 871

1225 266 1449 322 ADDIT.
1493 268 1583 322 AD
1621 266 1785 323 TOM.
1825 264 1887 321 lll
1926 259 2075 319 OPP.
2120 260 2179 316 S.
2220 259 2424 315 PETRI
2465 258 2766 315 DAMIANI.

3555 263 3662 317 872

382 384 599 453 quidem
623 390 676 438 et
696 382 865 440 :estivi
890 382 1085 439 caloris
1100 383 1346 439 ardorem
1367 386 1666 441 sustinebat
1683 401 1778 457 per
1795 384 1962 450 diem,

2070 378 2331 434 Dominus
2366 379 2442 433 ait
2473 396 2486 433 :
2531 376 2699 432 Nemo
2720 378 2957 432 accendit
2986 380 3253 433 lucernam
3291 388 3338 433 et
3374 381 3517 450 pauit
3544 400 3659 435 eum

382 484 436 529 ct
471 475 773 546 vigiliarum
820 491 918 547 per
950 485 1159 531 noctem
1210 493 1316 532 non
1373 478 1656 533 deserebat
1700 477 1963 532 laborem.

385 560 491 617 Sed
546 579 649 617 non
710 564 831 618 sine
879 562 1237 619 admiratione
1272 563 1471 620 intueri
1526 564 1702 630 valeo,
1731 580 1853 619 cum
1884 565 1968 618 vir

382 635 483 709 iste
504 654 571 708 ad
595 652 850 724 synodale
899 653 1227 709 militaturus
1258 655 1585 725 properabat
1621 655 1886 725 prmlium,
1912 663 1966 710 et

383 758 479 811 pro
503 743 780 812 ereptione
803 742 1094 796 multorum
1113 742 1260 797 solus
1284 752 1618 813 pugnaturus
1638 753 1963 806 accesserat,

382 834 608 888 utvires
658 834 756 889 sibi
790 848 914 888 sero
935 834 1326 901 subtrahebat;
1368 844 1422 889 et
1460 846 1519 888 ut
1565 833 1966 903 prtedicationis

378 926 478 980 sibi
538 926 799 979 tribueret
836 925 1065 994 copiam,
1102 927 1357 980 continua
1408 925 1718 979 macerabat
1770 938 1967 993 corpus

380 1013 576 1077 inedia,
604 1023 660 1066 et
707 1028 773 1067 ue
804 1013 1033 1081 alicujus
1076 1014 1512 1083 reprehensionis
1543 1020 1825 1068 notaretur
1852 1028 1970 1065 Ina-

377 1103 516 1174 qula,
534 1104 683 1173 prius
709 1104 760 1158 in
778 1118 888 1158 sua:
909 1103 1240 1173 operationis
1262 1103 1455 1173 pagina
1477 1102 1681 1174 legerat
1704 1116 1822 1171 qua:
1843 1099 1967 1155 aliLs

378 1193 571 1247 melius
591 1193 717 1261 quia
741 1193 1006 1262 duplicius
1027 1194 1370 1262 praedicabat.
1388 1192 1723 1261 Castigabat,
1748 1202 1806 1245 ut
1827 1190 1969 1260 Apo-

375 1282 569 1345 stolus,
608 1297 806 1353 corpus
830 1282 1077 1337 servituti
1106 1283 1409 1347 subdendo,
1437 1297 1504 1337 ne
1536 1281 1675 1336 forte
1701 1282 1814 1352 ipse
1842 1281 1964 1336 aliis

376 1375 682 1443 praedicans
713 1374 1051 1429 inveniretur
1078 1375 1361 1445 reprobus.

445 1465 498 1518 9.
530 1464 887 1535 Comparetur
913 1481 1056 1520 nunc
1086 1466 1239 1519 istius
1268 1465 1369 1520 viri
1394 1473 1579 1520 sancta
1610 1464 1799 1519 militia
1824 1463 1967 1519 illius

372 1558 614 1611 victoriae
653 1572 968 1627 pugnaeque,
999 1572 1119 1625 qua:
1164 1557 1263 1611 sub
1291 1556 1511 1609 Gedeon
1549 1556 1718 1609 fuisse
1756 1555 1964 1609 descri-

374 1648 540 1701 bitur.
570 1647 786 1699 Gedeou
818 1654 1007 1699 contra
1062 1644 1383 1700 Madianitas
1422 1645 1713 1701 dimicasse
1742 1646 1960 1716 legitur,

2066 469 2161 524 sub
2207 471 2403 535 modio,
2443 471 2532 524 sed
2576 485 2735 538 super
2781 466 3179 523 candelabrum.
3236 468 3352 524 Non
3389 471 3533 525 enim
3561 488 3659 542 pro

2070 558 2355 627 temporali
2412 558 2698 613 commodo
2750 557 2931 611 lumen
2964 558 3370 627 praedicationis
3397 568 3482 615 est
3502 561 3660 614 dt-se-

2068 650 2325 712 reudum,
2365 650 2458 702 sed
2513 662 2675 718 super
2703 646 3088 702 candelabrum
3118 649 3298 717 potius
3328 652 3657 720 ponendum,

2067 745 2334 804 quatenus
2362 752 2578 806 semper
2603 751 2765 807 supra
2786 752 2973 792 curam
2995 738 3243 807 corporis
3272 740 3454 810 vigeat
3482 742 3654 811 gratia

2068 826 2489 892 praedicationis.

2141 916 2226 971 10.
2255 915 2348 970 His
2389 917 2556 988 igitur
2590 917 2848 973 virtutum
2876 919 3001 975 telis
3030 919 3114 975 vir
3140 920 3242 977 iste
3264 922 3514 989 vallatus,
3539 922 3654 979 ubi-

2067 1022 2281 1076 cunque
2314 1020 2374 1061 se
2416 1008 2632 1063 occasio
2685 1010 3010 1078 praebuerat.
3069 1010 3239 1065 divini
3273 1011 3424 1065 verbi
3469 1026 3653 1067 semen

2067 1098 2376 1166 spargebat,
2405 1105 2461 1150 et
2482 1099 2738 1151 virtutum
2768 1098 2994 1154 arbores
3034 1099 3085 1152 in
3119 1108 3262 1154 terra
3292 1101 3510 1155 humani
3532 1115 3656 1155 cor-

2068 1188 2151 1242 dis
2180 1186 2481 1257 plantabat,
2509 1203 2649 1258 quas
2676 1186 3018 1257 postmodum
3060 1190 3307 1246 fecundis
3328 1193 3655 1246 exhortatio-

2070 1276 2227 1332 nibus
2258 1277 2537 1348 irrigabat.
2570 1278 3013 1349 Quandocuuque
3039 1281 3344 1351 episcopus,
3372 1283 3539 1338 abbas
3560 1291 3655 1336 aut

2067 1364 2298 1434 alicujus
2329 1366 2656 1422 conditionis
2704 1366 2887 1432 homo,
2914 1368 3107 1423 debita:
3144 1371 3459 1425 reverentia:
3489 1386 3653 1425 causa

2068 1459 2134 1512 ad
2162 1474 2284 1513 eum
2324 1458 2647 1522 conﬂuebat,
2688 1474 2905 1529 semper
2924 1476 3035 1515 suxe
3058 1462 3339 1531 sapientia:
3367 1463 3653 1517 recedebat

2066 1546 2179 1602 sale
2248 1548 2538 1613 conditus,
2593 1558 2797 1603 sanctae
2843 1550 3242 1619 praedicationis
3301 1553 3654 1606 medicamine

2066 1635 2236 1701 fotus,
2275 1636 2515 1693 fraterna
2556 1638 2925 1694 admonitione
2951 1640 3229 1705 delinizus,
3252 1650 3413 1710 atque
3442 1643 3494 1696 in
3533 1658 3649 1695 om-

372 1738 467 1792 sed
493 1738 708 1797 milites.
748 1753 884 1806 quos
910 1753 1103 1807 aquam
1143 1737 1380 1791 ﬂuminis
1413 1738 1659 1792 hausisse
1689 1737 1843 1793 ﬂexis
1866 1753 1962 1806 ge-
1991 1745 2038 1803 Β
2066 1727 2224 1781 nihtts
2264 1727 2335 1782 ita
2384 1728 2695 1783 melioratus
2726 1729 2870 1798 quod
2902 1730 3056 1784 valde
3091 1739 3250 1786 antea
3279 1746 3386 1786 non
3437 1730 3650 1786 venisse

372 1830 534 1884 uibus
560 1831 862 1899 conspexit,
903 1845 934 1884 a
986 1830 1246 1885 bellorum
1289 1830 1569 1900 procinctu
1600 1832 1848 1901 protinus
1886 1848 1966 1887 re-

372 1919 572 1989 movit;
603 1934 739 1988 quos
772 1934 899 1973 vero
928 1929 1077 1974 recto
1105 1934 1242 1990 genu
1266 1934 1463 1988 aquam
1506 1920 1691 1976 bibere
1728 1921 1961 1985 viderat,

371 2024 556 2062 secum
591 2008 656 2062 ad
690 2008 935 2078 praelium
985 2009 1215 2064 insolitis
1265 2011 1433 2065 artuis
1481 2012 1732 2067 muniens
1781 2012 1961 2067 duxit.

371 2098 617 2164 Nam,ut
677 2099 785 2154 illic
842 2100 1060 2165 dicitur,
1090 2116 1197 2155 non
1251 2111 1509 2157 consueta
1566 2102 1772 2158 bellicte
1830 2104 1965 2158 artis

374 2191 674 2244 munitione
705 2206 797 2246 eos
822 2192 1076 2256 armavit,
1104 2195 1196 2247 sed
1228 2192 1280 2246 in
1314 2193 1534 2248 dextera
1575 2194 1752 2257 tubas,
1786 2194 1839 2249 in
1889 2196 1967 2249 si-

371 2281 546 2333 nistra
592 2290 781 2335 contra
814 2282 1049 2335 hostium
1075 2282 1471 2337 multitudinem
1502 2282 1746 2353 lagonam
1771 2294 1958 2341 tenue-

372 2379 526 2435 runt;
557 2381 613 2424 et
639 2372 741 2435 sic,
762 2371 852 2425 Dei
870 2372 1253 2443 omnipotentis
1280 2373 1655 2442 dispositione,
1677 2374 1763 2428 bis
1780 2389 1963 2430 armo-

370 2476 491 2514 rum
515 2463 805 2532 generibus
830 2463 1014 2518 hostes
1053 2463 1224 2518 territi
1256 2464 1323 2519 ad
1344 2462 1481 2535 fugae
1508 2465 1873 2535 patrocinium
1896 2482 1958 2523 se

370 2557 619 2624 protinus
671 2566 1080 2612 converterunt.
1111 2557 1203 2613 Sic
1232 2558 1314 2612 vir
1362 2558 1466 2613 iste
1518 2558 1745 2614 bellicus
1774 2568 1830 2616 et
1861 2560 1964 2617 sub

367 2645 739 2701 ecclesiastico
784 2648 1185 2716 campidoctore
1248 2648 1505 2714 nutritus,
1537 2649 1638 2703 sub
1685 2649 1823 2705 duce
1863 2665 1962 2706 suo

364 2732 495 2791 Jesu
526 2750 759 2807 pergens
790 2736 856 2789 ad
905 2735 1180 2807 praslium,
1215 2750 1409 2805 aquant
1437 2736 1673 2793 ﬂuminis
1701 2736 1843 2794 ﬂexo
1869 2754 1965 2809 po-

367 2829 495 2898 plite
544 2829 768 2885 minime
818 2831 1067 2900 sumpsit,
1125 2831 1250 2899 quia
1301 2831 1603 2887 doctrinam
1653 2835 1949 2904 sapientiae,

366 2934 529 2986 quam
571 2918 638 2971 de
660 2918 1068 2987 Scripturarum
1098 2917 1263 2974 ﬂuvio
1303 2920 1580 2975 sitibundo
1609 2933 1828 2990 pectore
1859 2925 1959 2978 tui-

366 3009 615 3065 rabiliter
645 3008 845 3073 hausit,
874 3018 1022 3064 recta
1065 3010 1183 3077 ejus
1213 3012 1456 3081 operatio
1482 3013 1802 3069 nobilitavit.
1837 3015 1959 3071 lllo-

2067 1816 2413 1872 tristabatur.
2447 1818 2543 1873 Sic
2571 1820 2789 1889 quidem
2829 1818 3057 1875 fecundo
3083 1820 3266 1876 labore
3288 1822 3521 1887 itineris,
3560 1823 3651 1892 qui

2063 1910 2133 1964 ad
2187 1910 2348 1965 unius
2407 1912 2722 1967 monasterii
2756 1912 2985 1967 salutem
3036 1912 3274 1968 fervidus
3339 1915 3648 1979 auhelalat,

2063 1998 2358 2055 multorum
2391 2001 2799 2058 inﬁrmitatibus
2845 2004 3023 2059 obiter
3077 2004 3410 2074 providebat.
3442 2004 3500 2060 In
3551 2006 3651 2060 hoc

2064 2104 2256 2160 nempe
2282 2106 2553 2146 summum
2577 2093 2894 2164 magistrum
2927 2093 3122 2149 nobilis
3152 2095 3449 2166 discipulus
3475 2096 3650 2150 imita-

2064 2179 2249 2235 batur.
2284 2182 2535 2237 Salvator
2556 2186 2758 2255 quippe
2796 2185 2981 2239 mundi
3013 2200 3110 2255 pro
3138 2185 3545 2257 arcbisynagogi
3589 2186 3651 2240 ﬁ-

2064 2270 2148 2326 lize
2179 2275 2597 2332 resuscitatione
2642 2277 2922 2348 pergebat,
2972 2278 3067 2332 sed
3124 2277 3176 2331 in
3237 2278 3355 2348 ipso
3401 2278 3647 2333 itinerea

2063 2361 2241 2418 ﬂuxus
2265 2367 2531 2434 sanguine
2565 2367 2837 2437 quandam
2868 2366 3124 2422 feminam
3153 2383 3265 2423 suae.
3291 2369 3456 2423 vestis
3483 2369 3645 2423 medi-

2063 2456 2277 2512 camine
2304 2457 2591 2524 liberavit;
2620 2468 2674 2514 et
2699 2460 2826 2514 dum
2856 2460 2939 2515 sui
2978 2461 3225 2530 corporis
3245 2461 3529 2531 pmsentia
3590 2460 3651 2514 il-

2063 2544 2170 2600 lam
2197 2548 2463 2604 suscitare
2487 2548 2739 2620 diguams
2765 2558 2871 2618 est,
2910 2549 3059 2620 prius
3109 2551 3269 2606 istam
3296 2549 3409 2606 sola
3439 2549 3646 2605 limbria

2062 2636 2295 2693 liberare
2318 2638 2507 2693 voluit.

2241 2744 2307 2783 DE
2346 2744 2524 2785 DOHNO
2562 2745 2808 2786 ADBALDO
2844 2746 3177 2788 BREHB'I‘ENSI
3219 2747 3447 2788 ΔΒΒΑτι.

2138 2815 2224 2874 ll.
2251 2820 2577 2876 Adhmrebat
2622 2834 2883 2892 prazterea
2919 2832 3109 2879 nostro
3127 2826 3406 2880 comitatui
3431 2824 3644 2895 quidam

2061 2912 2390 2967 venerabilis
2417 2913 2609 2981 abbas,
2640 2914 2911 2970 Adraldus
2935 2916 3158 2972 nomine
3182 2916 3318 2987 (58),
3357 2918 3451 2987 qui
3475 2932 3647 2988 quon-

2061 3001 2183 3056 dam
2213 3012 2419 3057 sanctae
2448 3005 2614 3059 vestis
2637 3005 2879 3059 habitum
2909 3005 3168 3063 Cluniaco
3197 3018 3503 3078 sumpserat
3531 3023 3645 3065 mo-

372 3117 492 3156 rum
532 3101 676 3156 enim
714 3101 945 3156 militum
975 3103 1309 3157 consortium
1338 3104 1492 3160 miles
1522 3105 1624 3161 iste
1656 3107 1769 3177 jam
1807 3123 1960 3179 spre-

2064 3092 2328 3155 nasterio,
2360 3102 2417 3146 et
2440 3091 2721 3159 cujusdam
2776 3092 2893 3163 ejus
2941 3097 3259 3152 monasterii
3291 3137 3308 3162 ,
3336 3097 3641 3154 Paterniaci

370 3201 546 3256 verat,
584 3192 783 3260 quibus
815 3189 1012 3247 Paulus
1043 3192 1255 3247 dicebat
1288 3210 1300 3246 :
1333 3191 1633 3248 Dissolutas
1684 3212 1871 3250 manus
1908 3206 1958 3252 et

361 3299 532 3354 genua
593 3281 786 3335 debilia
831 3283 1090 3337 roborate.
1147 3282 1429 3353 Nunquam
1469 3286 1617 3341 enim
1674 3287 1956 3344 debilitate

361 3389 582 3443 operum
610 3373 906 3444 spiritualis
926 3375 1104 3428 hausit
1130 3373 1329 3429 ﬂuenta
1354 3375 1635 3432 doctrinae.
1662 3378 1954 3434 Dexteram

363 3479 493 3517 vero
531 3479 683 3518 suam
732 3464 882 3530 tuba,
934 3464 1209 3518 sinistram
1245 3476 1428 3520 autem
1465 3466 1653 3537 lagena
1698 3470 1948 3536 munivit,

364 3554 491 3622 quia
542 3552 943 3623 prmdicatiouis
977 3552 1234 3617 oﬂicium,
1263 3570 1383 3624 quae
1410 3571 1507 3625 per
1545 3556 1726 3612 tubam
1756 3560 1955 3615 intelli-

364 3643 529 3713 gitur,
547 3642 789 3697 fervidus
814 3643 1132 3707 exercebat;
1166 3645 1412 3713 corporis
1435 3659 1561 3699 vero
1585 3646 1949 3716 fragilitatem,

363 3749 485 3800 qtae
517 3734 569 3786 in
603 3732 792 3804 lagena
827 3732 1187 3803 signiﬁcatur,
1220 3734 1376 3803 quasi
1402 3750 1501 3804 pro
1530 3736 1697 3792 nihilo
1727 3738 1950 3808 ducens,

361 3824 514 3893 parvi
556 3822 839 3891 pendebat.
872 3823 929 3875 lu
972 3826 1190 3878 dextera
1220 3824 1382 3893 igitur
1413 3827 1618 3892 tubam,
1653 3828 1706 3882 in
1733 3829 1952 3887 sinistra

362 3912 572 3966 ferebat
624 3911 891 3985 lagonam,
923 3914 1049 3984 quia
1102 3915 1338 3970 sinistra:
1364 3916 1490 3970 vitae
1538 3920 1951 3989 prosperitatem

362 4020 625 4072 respuens
663 4005 730 4059 ad
757 4006 995 4061 dexterae
1018 4007 1143 4060 vita:
1169 4008 1362 4078 gaudia
1389 4008 1696 4066 medullitus
1723 4013 1951 4068 anhela-

362 4095 471 4148 bat.
521 4094 669 4147 Unde
716 4103 771 4148 et
813 4095 936 4149 huic
991 4096 1128 4150 bene
1165 4112 1466 4168 congruere
1512 4100 1759 4155 cernitur
1806 4102 1950 4172 quod

360 4186 655 4240 electorum
685 4200 816 4238 voce
846 4186 1047 4239 dicitur
1090 4204 1103 4238 :
1143 4185 1301 4240 Ltcva
1336 4187 1449 4255 eius
1478 4189 1573 4242 sub
1603 4191 1773 4259 capite
1813 4208 1948 4258 meo,

358 4287 407 4330 et
449 4278 664 4328 dextera
695 4275 838 4328 illius
878 4276 1265 4345 aniplexabitur
1303 4293 1419 4344 me;
1458 4279 1583 4346 quia
1613 4281 1948 4350 prosperita-

362 4378 469 4421 tem
526 4366 692 4429 laevre,
744 4381 861 4433 qua:
902 4367 954 4419 in
1001 4368 1255 4435 pra-senti
1286 4369 1396 4421 vita
1453 4370 1721 4435 subsistit,
1749 4373 1950 4428 mentis

2062 3182 2281 3238 nomine
2307 3223 2323 3245 .
2347 3184 2649 3253 primatum
2683 3185 3020 3256 aliquantum
3055 3199 3289 3244 rexerat.
3334 3190 3430 3245 Vir
3448 3191 3643 3263 quippe

2060 3273 2214 3328 valde
2247 3273 2549 3329 litterarum
2598 3275 2792 3332 studiis
2822 3277 3070 3332 eruditus
3095 3286 3153 3333 et
3203 3277 3507 3335 liberalium
3554 3297 3640 3336 ar-

2059 3364 2193 3419 tium
2224 3366 2421 3434 perltia
2446 3376 2765 3431 exornatus,
2784 3367 3069 3438 religiosus
3094 3370 3144 3423 in
3174 3384 3358 3440 opere,
3385 3373 3642 3427 facundus

2059 3454 2382 3509 mirabiliter
2423 3455 2476 3510 in
2513 3469 2784 3523 sermone,
2812 3456 3082 3514 celebrem
3130 3470 3185 3515 et
3231 3460 3464 3530 regalem
3520 3472 3643 3518 tunc

2058 3546 2321 3617 temporis
2349 3548 2646 3612 abbaliam,
2678 3547 3083 3605 Bremetensem
3130 3552 3361 3617 scilicet,
3383 3554 3641 3623 pastorali

2055 3638 2400 3708 providentia
2424 3638 2779 3709 gubernabat.
2825 3639 2928 3706 Qui
2956 3642 3175 3710 quidem
3215 3643 3269 3698 in
3313 3645 3489 3713 primo
3531 3661 3640 3700 sua:

2055 3720 2384 3801 cognitionis
2433 3732 2619 3786 limine
2656 3731 2812 3802 quasi
2866 3732 3117 3789 ans'terus
3168 3744 3223 3789 et
3253 3734 3639 3791 inconveniens

2046 3822 2352 3893 judicatur;
2379 3825 2501 3891 sed,
2528 3835 2816 3895 postquam
2851 3826 2903 3881 in
2952 3824 3067 3894 ejus
3090 3826 3477 3885 familiaritatis
3518 3831 3638 3884 aula

2054 3913 2286 3983 coeperis
2315 3914 2574 3980 residere,
2605 3924 2731 3972 tunc
2758 3915 2960 3983 subito,
2993 3919 3146 3987 quasi
3179 3919 3461 3986 alteratus,
3486 3921 3637 3977 beni-

2051 4017 2210 4072 gnus,
2234 4005 2492 4074 prudens,
2529 4006 2829 4063 tractabilis
2859 4007 3152 4063 invenitur.
3187 4009 3293 4066 Sed
3330 4013 3471 4067 inter
3516 4013 3637 4083 plu-

2051 4095 2187 4149 rima
2219 4095 2376 4150 istius
2411 4095 2512 4150 viri
2558 4096 2699 4151 dona
2753 4097 3039 4165 virtutum,
3086 4108 3171 4155 est
3221 4103 3464 4170 quaadam
3519 4117 3637 4171 qua:

2052 4184 2359 4241 hominibus
2382 4186 2533 4241 illum
2561 4188 2716 4243 valde
2767 4193 3117 4245 commendat
3153 4201 3209 4247 et
3259 4194 3311 4247 in
3340 4192 3634 4247 umltorum

2050 4276 2245 4331 devota
2269 4278 2557 4334 dilectione
2579 4280 2809 4336 validius
2833 4282 3048 4337 solidat.
3074 4283 3191 4339 Non
3216 4287 3360 4339 enim
3372 4288 3439 4340 ad
3462 4287 3635 4341 instar

2051 4368 2429 4425 Cluniacensis
2458 4371 2861 4437 munificentiae,
2903 4388 3080 4444 neque
3113 4375 3341 4447 alicujus
3381 4392 3491 4431 suae
3533 4391 3630 4446 pa-

359 4459 657 4513 iutcntioue
682 4454 956 4521 calcabat;
981 4466 1151 4511 totqu
1170 4472 1228 4511 se
1257 4458 1308 4512 in
1337 4458 1546 4528 gremio
1574 4470 1793 4515 aeterna:
1821 4459 1949 4516 bea-
1976 4448 2026 4509 υ
2054 4464 2171 4517 tria:
2195 4463 2320 4528 viri,
2356 4464 2454 4519 sed
2492 4464 2645 4541 quasi
2675 4450 2833 4520 nobis
2869 4475 3060 4520 natura
3088 4466 3304 4522 ltalicus
3350 4470 3634 4523 muniﬁcus

362 4548 631 4611 titu.liuis,
662 4563 783 4616 qua}
813 4562 910 4617 per
954 4547 1234 4603 dexteram
1286 4550 1573 4621 accipitur,
1624 4553 1944 4611 collocabat.

360 4642 490 4694 Erat
518 4641 700 4712 igitttr,
733 4650 791 4695 ut
821 4640 1076 4696 Salomon
1109 4642 1239 4700 dicit
1279 4660 1294 4698 :
1336 4642 1633 4715 Longitudo
1656 4647 1860 4702 dierum
1891 4651 1951 4708 in.

357 4736 570 4788 dextera
602 4733 736 4803 ejus,
772 4734 824 4786 in
868 4734 1081 4787 sinistra
1121 4751 1242 4788 vero
1276 4735 1422 4789 illius
1452 4736 1645 4792 dicitite
1669 4747 1717 4793 et
1752 4739 1944 4809 gloria.

360 4826 649 4879 Incedebat
684 4839 815 4895 ergo
854 4826 1010 4879 miles
1068 4826 1169 4879 iste
1199 4826 1383 4881 taliter
1410 4838 1655 4884 armatus
1686 4846 1699 4882 :
1726 4839 1850 4884 erat
1887 4831 1943 4884 in

359 4920 581 4971 dextera
611 4916 745 4987 ejus,
783 4924 843 4969 ut
872 4916 1090 4982 dicitur,
1128 4917 1283 4986 ignea
1315 4917 1430 4982 lex;
1460 4927 1572 4972 erat
1604 4934 1836 4975 canorus
1888 4930 1943 4976 et

360 5009 621 5065 terribilis
649 5010 789 5063 tuba:
818 5010 1063 5073 sonitus,
1095 5011 1245 5078 parvi
1296 5011 1564 5079 pendebat
1608 5028 1824 5082 corpus,
1858 5030 1944 5067 ro-

359 5102 585 5157 Lorabat
639 5102 889 5171 spiritum
922 5139 938 5165 ,
979 5104 1297 5156 attenuabat
1344 5117 1566 5157 carnem
1602 5141 1620 5167 ,
1663 5104 1944 5174 saginabat

356 5204 615 5257 tuentem,
643 5192 965 5249 exteriorem
996 5193 1268 5247 hominem
1294 5194 1610 5263 castigabat,
1627 5194 1939 5250 interiorem

358 5286 563 5340 viribus
590 5284 908 5348 roborabat,
938 5284 1138 5338 nullius
1175 5283 1383 5338 timoris
1412 5285 1495 5339 vel
1524 5286 1724 5340 amoris
1748 5285 1941 5340 iutuittt

356 5394 467 5436 sua:
506 5381 902 5451 prtedicationis
932 5380 1211 5435 lucernam
1240 5380 1643 5451 exstinguebat,
1684 5381 1837 5451 quia,
1882 5390 1942 5437 ut

430 5573 540 5642 (ες)
586 5571 660 5627 De
705 5573 809 5628 hoc
857 5570 1079 5628 homine
1114 5570 1308 5625 Petrus
1363 5570 1477 5641 ipse
1531 5571 1825 5628 Damianus
1879 5574 1933 5630 in

354 5658 542 5713 Opusc.
558 5658 746 5709 xxxiv,
760 5642 815 5708 5,
828 5645 908 5697 sic
924 5661 936 5696 :
961 5641 1178 5696 Adraldi
1192 5641 1473 5713 prudentis
1488 5651 1542 5697 et
1556 5643 1788 5714 religiosi
1808 5644 1930 5713 viri,

2050 4563 2107 4609 et
2138 4553 2323 4624 largus
2347 4568 2560 4623 semper
2588 4553 2833 4611 habetur.
2884 4554 2997 4611 Hoc
3038 4571 3271 4626 namque
3322 4568 3632 4613 nostrorum

2050 4646 2378 4702 famulorum
2404 4662 2499 4702 ora
2542 4655 2833 4711 testantur,
2881 4663 3016 4717 quos
3070 4665 3176 4704 non
3224 4650 3470 4717 haedinis,
3523 4666 3629 4705 non

2048 4738 2244 4799 ovinis,
2282 4738 2377 4792 sed
2406 4738 2639 4807 vulpinis
2666 4738 2895 4807 pellibus
2927 4739 3082 4793 texit.
3123 4739 3442 4810 Quanquam
3488 4756 3629 4809 mea,

2049 4837 2110 4883 ut
2133 4829 2352 4890 dicitur,
2386 4827 2719 4895 impediente
2749 4826 2984 4892 fortuna,
3013 4837 3258 4884 tenacem
3281 4828 3469 4884 Gallia:
3508 4845 3629 4884 mo-

2042 4937 2154 4977 rem
2210 4920 2265 4974 in
2318 4933 2405 4973 me
2455 4918 2570 4972 solo
2618 4919 2889 4982 servavit;
2947 4919 3040 4973 sed
3089 4934 3196 4974 non
3242 4920 3416 4974 debeo
3469 4918 3628 4986 hujus

2040 5015 2144 5069 viri
2177 5025 2356 5069 tacere
2384 5013 2658 5083 praeconia
2683 5052 2700 5077 ,
2732 5014 2944 5068 tametsi
2987 5013 3119 5068 mihi
3152 5014 3297 5069 nulla
3337 5014 3630 5071 contulerit

2041 5106 2284 5177 praemia.

2113 5198 2405 5266 Postquam
2448 5196 2531 5249 vir
2556 5195 2662 5250 iste
2689 5194 2859 5249 nostri
2903 5196 3112 5251 itineris
3151 5198 3315 5267 coepit
3347 5196 3463 5252 ﬂeri
3502 5209 3632 5267 par-

2050 5291 2220 5360 ticeps
2250 5298 2307 5344 et
2335 5286 2500 5343 totius
2532 5300 2732 5345 nostra:
2759 5288 3150 5343 convenientiae
3187 5304 3474 5344 couunune
3516 5302 3629 5343 cte-

2048 5384 2129 5450 pit
2162 5381 2365 5436 habere
2409 5379 2764 5444 consortium,
2797 5389 3015 5447 cuncta,
3064 5395 3185 5450 qua:
3233 5381 3436 5451 agenda
3469 5388 3630 5434 erant

2042 5574 2136 5698 {lui
2192 5572 2525 5628 Bremetensi
2580 5570 2865 5643 prazminet
2920 5570 3270 5639 monasterio,
3325 5572 3490 5629 didici
3540 5586 3633 5627 re-

2063 5656 2259 5698 attone.

2063 5656 2259 5699 attone.
