4028 6168
370 329 476 388 873

1366 331 1426 386 S.
1469 328 1672 386 PETRI
1711 325 1992 384 DAMIANI
2033 325 2190 383 ITER
2245 326 2612 383 GALLlClIH.

3536 307 3637 364 ὃτι

367 448 484 514 ejus
511 445 742 500 consilio
767 444 1128 500 credebantur
1151 442 1374 514 ejusque
1399 443 1736 512 dispositioni
1767 441 1946 496 omnia
1977 445 2022 502 Α
2051 441 2326 493 servitutis
2361 438 2536 494 cilicia
2565 441 2640 524 ita
2669 439 2808 509 apud
2837 455 2930 496 eos
2971 442 3206 510 provide~
3225 443 3632 514 distinguuntur

369 537 742 593 tradebantur.
777 536 894 606 Ipse
916 551 1132 606 quoque
1155 534 1530 590 Cluniacensis
1573 534 1742 590 abbas
1783 534 1858 586 ita
1892 533 1946 584 in

365 628 483 696 ejus
513 629 614 681 viri
648 628 934 696 prudentia
965 627 1271 681 confidebat
1321 635 1378 680 ιιι
1423 625 1620 680 nullius
1662 626 1738 678 rei
1782 639 1948 692 nego-

367 721 502 773 tium
533 720 653 773 sine
701 716 816 785 ejus
845 719 1074 772 consilio
1101 733 1262 788 agere
1316 719 1646 787 disponeret.
1708 717 1946 770 Tandem

365 819 486 879 post
511 810 730 864 mstivos
759 809 1006 871 sudores,
1039 817 1158 879 post
1193 809 1459 864 maximos
1483 817 1538 862 et
1563 808 1762 862 multos
1799 807 1950 860 Iaho-

365 915 474 964 res,
507 908 628 969 post
658 899 822 952 multa
871 908 925 952 et
979 900 1189 953 diversa
1225 899 1483 968 pericula,
1517 907 1638 967 post
1691 899 1948 952 immania

363 991 628 1044 montium
658 999 706 1042 et
739 987 1292 1065 Alpiumlprmcipitia,
1321 991 1386 1042 ad
1417 997 1821 1058 exspectantem
1847 1004 1946 1042 nos

363 1081 612 1134 venimus
641 1078 978 1133 Cluniacum.
1011 1079 1087 1132 De
1119 1087 1378 1148 apparatu
1407 1086 1588 1132 autem
1639 1076 1944 1144 processio-

362 1170 448 1224 nis
471 1180 524 1223 et
562 1183 774 1222 summa
806 1169 1091 1222 devotione
1132 1177 1332 1222 nostrae
1380 1167 1708 1235 receptionis
1759 1180 1946 1235 super-

365 1276 592 1316 vacuum
625 1269 710 1314 est
740 1259 1002 1320 scribere,
1047 1273 1170 1312 cum
1210 1273 1331 1312 eum
1366 1255 1480 1324 jam
1525 1257 1738 1310 devotis
1772 1255 1944 1308 maui-

361 1347 462 1402 bus
483 1361 805 1418 praesentem
829 1348 1215 1416 suscipiebant,
1239 1363 1400 1417 quem
1441 1361 1538 1416 pro
1571 1345 1714 1398 illius
1759 1359 1944 1398 mona-

361 1443 510 1495 sterii
539 1441 794 1496 libertate
829 1440 918 1494 ditt
959 1440 1070 1510 jam
1123 1440 1408 1493 advenisse
1459 1437 1642 1490 multis
1691 1437 1944 1506 precibus

359 1531 693 1601 ﬂagitabant.
728 1529 880 1584 Tunc
901 1529 1174 1585 communi
1221 1528 1448 1584 consilio
1489 1527 1754 1595 coepimus
1801 1540 1942 1594 qure-

358 1635 484 1676 rere
539 1622 668 1694 quid
718 1637 882 1690 super
925 1622 1186 1676 vocandis
1232 1621 1300 1674 ad
1358 1619 1623 1689 synodum
1676 1616 1942 1686 episcopis

359 1713 524 1767 statui
565 1711 809 1766 deberet.
842 1711 976 1765 Nam
1001 1713 1288 1782 cpiscopus
1324 1709 1412 1764 ille
1466 1709 1622 1778 cujus
1650 1707 1940 1760 temerario

2050 540 2212 598 atque
2235 531 2317 598 pia
2343 546 2406 584 ex
2450 531 2716 584 industria
2748 531 3107 600 proiciantur,
3151 541 3207 586 nt
3243 550 3343 588 nec
3373 529 3628 604 longiorit

2048 621 2154 675 diei
2185 623 2400 692 aliquod
2428 623 2660 692 spatium
2700 639 2729 677 a
2770 623 2952 676 divino
2982 639 3176 678 vacare
3213 627 3382 692 possit
3417 611 3638 690 emero;

2049 712 2124 766 ita
2153 713 2300 766 enim
2333 713 2384 766 in
2416 715 2807 768 ecclesiasticis
2851 724 3156 769 atteruntur
3185 716 3380 772 ofﬁciis
3427 729 3488 772 ut
3540 721 3631 772 vix

2048 802 2370 860 claustrensi
2399 815 2454 858 ct
2485 805 2708 860 honesta
2742 805 3034 868 locutione,
3073 807 3176 860 nisi
3225 808 3416 878 signis.
3457 812 3628 877 possit

2047 893 2184 950 alter
2210 895 2364 948 alteri
2393 895 2593 964 aliquid
2623 897 2906 959 intimare;
2950 913 3070 966 qua:
3116 899 3332 968 quidem
3363 900 3435 954 ita
3471 913 3628 956 canta

2047 993 2100 1040 et
2129 988 2432 1042 necessaria
2459 985 2712 1041 omnibus
2732 987 2783 1041 iii
2809 987 2942 1042 locis
2969 989 3110 1042 facta
3150 979 3636 1058 deprehenduntur

2046 1083 2105 1126 ut
2141 1076 2342 1130 nullius
2395 1077 2652 1142 levitatis,
2695 1079 2892 1133 nullius
2934 1081 3372 1150 reprehensi-ouis
3415 1083 3624 1138 valeant

2045 1165 2253 1218 macula
2307 1167 2574 1220 deputari.
2643 1169 2719 1222 De
2773 1169 3018 1224 ciborum
3072 1187 3200 1228 vero
3263 1172 3346 1228 vel
3397 1174 3624 1232 vestium

2042 1256 2378 1324 :equalitate,
2414 1261 2479 1312 de
2511 1259 2596 1328 pia
2647 1260 2985 1316 infirmorum
3041 1264 3417 1333 compassione
3465 1275 3624 1334 atque

2042 1346 2284 1401 oumitun
2330 1364 2617 1404 causarum
2672 1365 2910 1422 congrua
2963 1352 3338 1408 distributione
3387 1355 3622 1410 seribere

2042 1440 2386 1506 supersedeo,
2415 1457 2536 1496 cum
2571 1458 2670 1498 nec
2695 1444 2808 1512 ipse
2833 1446 3002 1502 abbas
3022 1447 3102 1500 vel
3133 1450 3389 1518 sospitate
3415 1450 3622 1520 vigens,

2041 1529 2124 1584 vcl
2158 1531 2472 1589 infirmitate
2495 1545 2774 1606 gravatus,
2799 1523 3038 1608 aliquam
3072 1539 3174 1593 sibi
3217 1554 3492 1594 cameram
3542 1541 3622 1595 vel

2041 1620 2187 1676 aliud
2222 1623 2350 1692 quid
2379 1628 2712 1693 praecipuum
2743 1639 3036 1684 consuetus
3066 1631 3138 1684 sit
3157 1631 3454 1686 vindicare.

2112 1711 2198 1770 15.
2244 1711 2289 1768 0
2338 1714 2532 1768 nobilis
2567 1723 2624 1768 ct
2665 1715 2962 1771 Israelitica
2996 1715 3202 1771 Christi
3235 1721 3460 1780 familia,
3503 1737 3624 1786 qua:

358 1817 493 1857 ausu
543 1802 700 1857 istius
727 1817 906 1856 causa
938 1802 1212 1872 negotium
1245 1800 1542 1870 agebatur,
1570 1804 1735 1866 prout
1779 1796 1941 1850 habet
1969 1799 2016 1859 Β
2043 1805 2366 1874 degenerem
2415 1804 2636 1878 Egypt;
2679 1807 2940 1863 deserens
2987 1808 3324 1870 servitutem,
3369 1817 3426 1861 ει
3476 1822 3624 1861 ηυδε-θ

357 1891 635 1948 saecularis
658 1892 880 1955 astutia,
921 1901 1208 1962 postquam
1239 1897 1482 1944 nostrum
1516 1888 1655 1942 fama
1686 1885 1940 1942 nuntian-

359 1991 414 2038 te
443 1984 693 2054 cognovit
736 1984 1047 2046 adventum,
1077 1981 1204 2050 quia
1253 1995 1360 2034 non
1419 1979 1564 2034 illius
1610 1986 1772 2032 terrae
1819 1983 1942 2036 erat

357 2073 631 2144 indigena,
661 2089 772 2144 quo
801 2072 1040 2127 futurum
1067 2070 1356 2126 conciliut
1387 2067 1678 2142 occasione
1699 2064 1936 2135 quadam

355 2167 528 2236 vitare
557 2166 839 2236 potuisset,
869 2164 1010 2233 apud
1038 2178 1167 2218 suos
1195 2162 1404 2230 longius
1430 2173 1730 2229 properans
1761 2157 1940 2211 latita-

355 2235 468 2312 bat.
513 2235 618 2312 sed
647 2257 888 2325 nequivit
917 2242 1052 2324 fuga:
1099 2254 1403 2323 patrocinio
1429 2249 1796 2306 Cabillonensi
1829 2264 1938 2304 non

356 2351 624 2403 interesse
669 2347 922 2400 concilio.
977 2344 1262 2416 Syaodalis
1305 2357 1540 2410 namque
1569 2340 1832 2394 terminus
1863 2339 1936 2392 ita

354 2440 580 2510 provide
605 2439 866 2492 statuitur
891 2437 1034 2506 quod
1063 2435 1338 2504 longinqui
1367 2441 1422 2486 et
1453 2431 1774 2486 remotiores
1801 2445 1942 2500 prae-

353 2534 502 2589 sules
529 2533 738 2586 naviter
761 2533 1023 2590 interesse
1058 2527 1354 2599 potuerint.
1389 2525 1538 2579 Tunc
1565 2541 1630 2579 ex
1673 2522 1936 2593 apostoli-

353 2641 433 2680 ca:
478 2624 623 2679 sedis
696 2623 1020 2690 auctori-tate
1065 2617 1494 2674 common-horia:
1538 2615 1604 2668 ad
1657 2613 1940 2683 episcopos

351 2715 660 2785 diriguntur
689 2712 953 2781 epistolae,
988 2707 1500 2764 debitam-Romano
1529 2703 1770 2776 lmntitici
1811 2703 1942 2758 obe-

352 2806 612 2860 dientiam
639 2805 992 2874 imperantes,
1023 2811 1078 2859 et
1113 2799 1493 2856 inobetlientia:
1520 2798 1814 2852 vindictam
1846 2811 1938 2852 ea-

353 2897 545 2950 nnuicc
581 2897 948 2960 intentantes,
983 2893 1162 2948 locum
1209 2903 1426 2961 quoque
1470 2898 1526 2944 et
1578 2889 1720 2942 diem
1767 2885 1938 2944 futuri

353 2988 566 3042 concilii
592 2987 814 3046 nutttian
825 2997 924 3042 tes.

351 3135 486 3176 LAUS
521 3135 900 3176 CLUNIACENSIS
933 3133 1391 3186 CONGREGATIONIS
1425 3131 1653 3180 EJUSQUB
1689 3129 1930 3170 ABBATIS.
1964 3149 2010 3209 Ο

425 3253 511 3306 η.
547 3253 758 3308 Interea
787 3263 912 3307 octo
939 3253 1146 3307 dierum
1192 3253 1368 3322 spatio
1393 3251 1693 3306 mansimus
1720 3249 1938 3305 Clunia-

351 3363 438 3404 co.
473 3348 754 3402 Veraeiter
785 3347 856 3401 ibi
881 3346 1078 3404 multos
1101 3347 1277 3414 reperi
1307 3345 1528 3408 Paulos,
1555 3343 1815 3413 plurimos
1829 3341 1936 3396 vidi

353 3440 641 3504 Antonios,
673 3439 764 3506 qui
809 3437 910 3491 etsi
943 3437 1254 3491 solitudinis
1297 3436 1686 3490 habitationem
1715 3447 1822 3488 nou
1853 3435 1940 3490 in-

355 3529 566 3593 colunt,
594 3529 1044 3582 anachoritanutn
1073 3527 1352 3596 prannium
1381 3525 1684 3579 imitatione
1711 3538 1936 3593 operum

357 3635 466 3674 non
497 3621 776 3672 amittunt.
803 3617 936 3674 Cum
971 3619 1115 3672 enim
1141 3617 1280 3671 illius
1305 3616 1746 3687 congregationis
1792 3617 1941 3672 ordi-

354 3731 480 3769 nem
507 3723 761 3768 accurate
789 3714 928 3783 οωρί
957 3713 1292 3783 perspicere,
1319 3720 1374 3765 et
1405 3719 1606 3765 mutua:
1637 3711 1942 3768 dilectionis

354 3807 496 3861 inter
515 3821 612 3860 eos
633 3819 854 3860 inancrc
877 3804 1308 3860 benevolentiam
1337 3811 1392 3858 et
1434 3805 1790 3858 monasticam
1821 3819 1940 3858 om-

353 3900 504 3954 niunt
559 3913 846 3952 causarum
903 3896 1106 3965 pollere
1145 3895 1602 3960 convenientiam,
1633 3895 1818 3949 statim
1869 3894 1938 3948 ad

354 3988 497 4042 illius
529 3988 814 4057 priniitivm
858 3985 1112 4038 Ecclesia!
1161 3999 1316 4038 mens
1367 3985 1598 4038 recurrit
1653 3983 1938 4046 familiam,

357 4081 426 4134 de
454 4079 605 4146 cujus
632 4079 788 4130 laude
817 4077 890 4130 ita
923 4076 1098 4130 Lucas
1121 4075 1362 4144 loquitur
1387 4092 1402 4127 :
1437 4075 1794 4128 Multitudinis
1825 4090 1940 4126 cre-

353 4171 586 4222 dentium
613 4179 726 4221 erat
761 4183 852 4220 cor
881 4181 1044 4219 una»:
1081 4175 1131 4218 et
1168 4167 1346 4218 anima
1377 4181 1502 4228 una,
1551 4175 1600 4219 et
1639 4177 1786 4220 erant
1833 4165 1938 4218 illis

355 4263 532 4314 onmia
559 4261 879 4314 communia.
926 4259 1006 4312 Ad
1059 4260 1232 4312 instar
1259 4259 1404 4312 enim
1456 4258 1596 4312 illius
1653 4258 1940 4327 primitivte

356 4355 598 4418 fatuilim,
625 4354 798 4408 dicam
841 4353 1022 4423 potius
1049 4351 1288 4406 ccclesiis
1319 4352 1530 4422 patriai,
1580 4367 1684 4405 non
1731 4359 1816 4406 est
1867 4351 1938 4406 ibi

356 4444 581 4512 alicujus
609 4453 782 4497 metus
810 4443 1022 4511 inopiae,
1057 4442 1382 4511 nonpondus
1403 4441 1628 4512 alicujus
1665 4440 1894 4495 miseria:
1917 4457 1934 4492 :

2045 1893 2286 1950 Rubrum
2332 1895 2628 1954 submersis
2662 1898 2910 1956 hostibus
2943 1897 3224 1954 incolumis
3254 1897 3624 1966 pcrtransivit,

2042 1993 2098 2042 et
2133 1985 2420 2056 superbam
2451 1987 2690 2054 Iericho,
2735 1989 2948 2044 Domini
2978 1987 3368 2044 circumferens
3416 2004 3624 2054 arcam,

2043 2078 2272 2136 devicit!
2315 2080 2684 2150 Importunum
2733 2095 2948 2150 quoque
2993 2079 3370 2146 Nabuzardan,
3416 2081 3624 2136 intesti-

2042 2184 2170 2224 num
2209 2171 2416 2226 scilicet
2445 2170 2653 2226 hostem
2687 2173 2900 2226 ratione
2937 2171 3286 2236 moderantis:
3325 2172 3538 2236 stravit,
3572 2181 3623 2226 et

2039 2264 2372 2332 petulantem
2405 2263 2805 2331 lloluphernum
2835 2263 2990 2332 quasi
3017 2277 3152 2318 nova
3181 2262 3363 2316 .Iudith
3387 2261 3624 2317 funditus

2035 2353 2322 2424 iugulavit.
2359 2353 2516 2406 Nunc
2559 2353 2772 2408 cunctis
2813 2353 3027 2421 regibus
3055 2352 3346 2422 superatis,
3379 2351 3624 2406 hostibus

2042 2447 2198 2516 quasi
2223 2445 2458 2514 quadam
2487 2443 2922 2514 repromissionis
2951 2452 3094 2498 terra
3122 2443 3312 2506 utitur,
3339 2442 3406 2496 de
3430 2457 3536 2512 qua
3555 2444 3624 2496 ad

2041 2551 2228 2603 veram
2273 2536 2414 2590 lacte
2459 2542 2514 2588 et
2565 2534 2722 2590 melle
2760 2543 3070 2592 manantem
3107 2533 3358 2603 operibus
3403 2547 3623 2588 currere

2043 2626 2277 2682 festinat.
2307 2626 2406 2681 Est
2433 2641 2649 2695 quoque
2680 2625 2820 2680 illius
2847 2624 2950 2680 loci
2983 2625 3132 2695 larga
3157 2637 3454 2692 pauperum
3479 2623 3623 2678 elec-

2043 2735 2302 2791 tnosyna,
2360 2719 2634 2787 hospitum
2681 2725 2737 2773 et
2789 2715 3192 2770 adventantium
3245 2729 3454 2768 summa
3501 2713 3636 2774 (ηιμ,

2041 2809 2260 2880 gentia;
2294 2807 2469 2862 nullus
2515 2807 2660 2860 enim
2702 2819 2906 2875 pauper
2936 2803 3217 2860 famelicus
3246 2802 3330 2860 vel
3367 2803 3630 2874 immunis

2042 2901 2168 2955 inde
2216 2899 2451 2962 recedit;
2525 2899 2702 2954 nullus
2749 2897 3240 2967 supervenientium
3303 2895 3622 2968 insalutatus

2040 2991 2352 3061 suscipitur,
2399 2989 2482 3044 vel
2522 2989 2876 3044 inhonoratus
2919 2987 3072 3044 abire
3117 2985 3472 3058 permittitur.
3517 2986 3624 3044 Sed

2041 3083 2202 3152 hujus
2221 3091 2428 3137 sanctis
2445 3081 2774 3150 operationis
2791 3079 2984 3134 ﬂuvius
3005 3093 3072 3134 ex
3085 3078 3188 3135 illo
3207 3077 3356 3134 fonte
3379 3077 3623 3148 proﬂuit,

2043 3189 2202 3244 quem
2233 3174 2288 3227 in
2311 3187 2467 3227 sacro
2492 3179 2712 3240 pectore
2740 3169 2956 3228 abbatis
2981 3167 3220 3238 Spiritus
3245 3167 3419 3224 sancti
3447 3169 3624 3238 gratia

2043 3265 2370 3337 propinavit.
2403 3264 2481 3318 Ex
2524 3263 2614 3318 illo
2661 3262 2804 3318 enim
2851 3261 3144 3330 purissimo
3181 3259 3326 3315 fonte
3370 3261 3624 3316 hauriunt

2041 3357 2184 3426 quod
2211 3355 2292 3410 sic
2317 3353 2652 3408 abundanter
2675 3349 2866 3416 ﬂuunt,
2888 3360 2942 3406 et
2975 3352 3030 3406 in
3059 3351 3201 3406 illius
3227 3350 3407 3422 operis
3435 3359 3490 3404 et
3523 3366 3624 3406 cx-

2041 3446 2368 3504 hortationis
2417 3442 2739 3510 bibliotheca
2795 3441 2980 3512 legunt
3023 3427 3282 3511 qualiter.
3323 3443 3626 3498 monastice

2041 3538 2246 3600 vivant,
2277 3535 2512 3604 qualiter
2541 3533 2735 3590 divinae
2773 3532 3103 3602 operationis
3147 3533 3392 3598 ordinem
3446 3543 3628 3600 casto:

2041 3627 2210 3682 diam.
2253 3626 2350 3682 Est
2388 3626 2530 3681 enim
2579 3641 2676 3680 sua
2721 3624 3026 3680 humilitate
3073 3623 3342 3688 amabilis,
3381 3625 3626 3680 moribus

2040 3719 2252 3795 cunctis
2291 3717 2594 3772 tractabilis
2639 3725 2694 3770 et
2723 3730 2913 3771 serena
2956 3716 3040 3770 sui
3071 3714 3251 3772 vultus
3297 3715 3626 3785 proceritate

2041 3811 2295 3866 erunibus
2324 3807 2600 3865 notabilis.
2637 3808 2806 3876 Quem
2861 3809 3002 3864 Deus
3035 3808 3380 3878 omnipotens
3409 3808 3485 3863 ita
3523 3823 3628 3864 suo

2043 3903 2236 3956 timore
2277 3901 2576 3962 subditum,
2617 3909 2672 3954 ct
2708 3915 2894 3954 amore
2943 3897 3230 3962 fervidum,
3257 3909 3316 3953 et
3363 3899 3628 3960 virtutum

2041 3993 2262 4049 floribus
2298 3993 2472 4048 voluit
2509 4007 2632 4047 esse
2661 3992 3036 4061 conspicuum,
3066 4000 3126 4046 ut
3175 3991 3320 4048 illius
3369 3991 3626 4048 Ecclesiae

2041 4085 2312 4155 pastorale
2358 4085 2459 4153 ipsi
2497 4083 2868 4140 committeret
2896 4081 3148 4138 cilicium.
3187 4082 3430 4138 Dicerem
3460 4085 3626 4138 etiam

2041 4176 2218 4230 adhuc
2243 4175 2310 4228 dc
2346 4174 2598 4228 extraria:
2624 4183 2678 4228 et
2709 4171 2984 4227 srecularis
3024 4172 3100 4227 rei
3132 4172 3288 4241 hujus
3319 4171 3418 4228 loci
3452 4173 3626 4228 abun-

2043 4267 2248 4328 dantia,
2297 4266 2415 4320 sine
2456 4281 2560 4334 qua
2603 4279 2840 4335 praesens
2891 4263 3002 4318 vita
3051 4263 3275 4318 minime
3311 4265 3625 4333 quempiam

2045 4357 2278 4410 transire
2315 4356 2536 4425 patitur,
2585 4353 2856 4423 quomodo
2887 4364 3096 4409 cunctae
3139 4353 3365 4423 lapidea:
3397 4353 3626 4410 oﬂicinre

2048 4449 2350 4502 tuonastico
2375 4446 2648 4516 dispositu:
2675 4455 2802 4501 sunt
2831 4445 3052 4510 ordine;
3099 4446 3371 4514 quomodo
3399 4446 3629 4500 ecclesia

355 4537 426 4589 iiii
459 4537 698 4590 charitas
723 4543 934 4605 regnat,
969 4533 1249 4603 spirituale
1277 4535 1534 4603 gaudium
1563 4533 1634 4588 ibi
1657 4533 1939 4602 triputliat,
1971 4511 2018 4570 υ
2047 4540 2280 4594 maxima
2307 4548 2362 4593 cl
2391 4511 2632 4602 arcuata,
2665 4537 2912 4607 plurimis
2949 4511 3156 4594 munita
3185 4537 3468 4602 altaribus,
3507 4553 3631 4596 san.

355 4641 461 4696 pax
491 4635 719 4679 cunctos
753 4623 946 4685 nectit,
973 4637 1164 4675 omnes
1191 4622 1454 4690 patientia
1490 4621 1680 4675 tolerat
1705 4661 1722 4687 ,
1753 4621 1940 4690 longa.

356 4721 580 4776 niutitas
615 4720 738 4772 illos
787 4716 1094 4780 tnodilicat,
1124 4729 1250 4784 spes
1302 4713 1485 4784 erigit,
1533 4713 1670 4766 fides
1721 4712 1936 4772 solidat,

357 4813 587 4868 interius
618 4819 674 4863 et
719 4808 962 4862 exterius
1010 4807 1237 4861 castitas
1293 4805 1536 4867 mundat,
1578 4803 1772 4856 devota
1821 4801 1940 4854 illos

358 4903 663 4961 obetlientia
695 4911 910 4971 purgat,
939 4909 1138 4953 sanctze
1161 4907 1216 4951 et
1249 4896 1561 4952 monasticze
1591 4893 1938 4950 consuetudi~

361 4999 444 5053 nis
465 4995 600 5056 ordo
628 4995 950 5048 inconcusse
979 4997 1246 5052 servatur,
1279 4989 1456 5042 vivida
1485 4986 1830 5041 mortificatio
1883 4993 1941 5038 et

359 5085 625 5156 regularis
661 5085 734 5139 ibi
789 5081 1054 5137 districtio
1101 5095 1319 5149 semper
1366 5080 1626 5133 habetur.
1681 5077 1818 5144 Quid
1875 5077 1940 5130 de

361 5177 584 5234 claustri
614 5175 857 5230 custodia
885 5173 967 5228 vel
1014 5158 1398 5227 taciturnitatis
1423 5185 1558 5241 opus
1583 5179 1666 5222 est
1711 5183 1940 5224 censura

359 5269 688 5332 describere,
717 5285 838 5323 cum
869 5281 964 5323 nec
987 5266 1170 5333 etiam,
1205 5275 1404 5336 prteter
1449 5261 1676 5331 alicujus
1719 5261 1794 5315 rei
1841 5275 1935 5313 ne-

359 5373 696 5433 cessitatem,
719 5369 858 5423 infra
883 5369 1053 5438 ipsum
1085 5365 1378 5418 claustrum
1419 5371 1582 5410 ausus
1623 5361 1706 5410 est
1742 5352 1938 5422 aliquis

363 5463 609 5535 spatiari,
641 5477 740 5516 nec
785 5461 900 5514 sine
948 5453 1368 5524 interrogatione
1396 5465 1457 5504 os
1492 5448 1559 5502 ad
1610 5445 1938 5513 loquendum

363 5534 529 5606 audet
557 5552 664 5606 ullo
717 5551 872 5604 modo
915 5545 1240 5616 aperire?!“
1269 5542 1500 5596 vestium
1561 5551 1690 5590 vero
1739 5534 1939 5588 vilitate

364 5655 527 5712 atque
565 5641 882 5698 lectulorum
911 5637 1255 5692 extremitate
1279 5633 1426 5689 nullo
1452 5629 1610 5684 modo
1640 5625 1809 5696 patris
1838 5623 1944 5676 Be-

367 5735 566 5790 nedicti
615 5731 1084 5802 transgrediuntur
1112 5737 1456 5797 praeceptum.
1495 5721 1696 5776 Divina:
1734 5731 1947 5788 quoque

728 5823 1000 5882 ΡΑἰίιοιη
1041 5826 1144 5884 (ΤΧ
1161 5827 1282 5887 LV.

2045 4637 2260 4683 ctorum
2295 4627 2538 4696 reliquiis
2565 4643 2668 4681 non
2709 4626 2920 4680 modice
2947 4627 3186 4690 condita,
3223 4628 3477 4680 thesauro
3511 4627 3629 4697 plu-

2043 4719 2186 4772 rimo
2231 4727 2286 4770 et
2335 4718 2550 4771 diverso
2577 4715 2862 4777 ditissima;
2914 4715 3186 4782 quomodo
3211 4715 3508 4770 claustrum
3543 4717 3629 4770 iu-

2045 4824 2176 4878 getis
2199 4817 2254 4862 et
2299 4808 2414 4876 ipsa
2454 4809 2534 4860 sui
2565 4805 2962 4874 pulchritudine
3006 4805 3074 4862 ad
3115 4803 3522 4860 inhabitandam
3570 4821 3629 4860 se

2043 4900 2196 4967 quasi
2227 4898 2524 4951 monachos
2554 4896 2786 4950 invitare
2807 4895 3036 4958 videtur,
3061 4896 3332 4964 quomodo
3351 4896 3624 4954 sufﬁciens

2044 4999 2130 5043 est
2158 4987 2556 5051 dormitorium,
2585 4995 2638 5040 et
2663 5002 2776 5055 pra:
2803 4985 3060 5042 continuo
3091 4987 3256 5042 trium
3281 4988 3622 5046 lucernarum

2047 5079 2248 5133 lumine
2275 5079 2476 5148 aliquid
2505 5093 2738 5147 unquam
2781 5077 3030 5132 nocivum
3074 5078 3126 5132 in
3155 5093 3222 5134 eo
3259 5080 3440 5149 peragi
3471 5081 3627 5149 quasi

2045 5174 2114 5228 ab
2141 5187 2208 5228 eo
2232 5173 2566 5242 prohibetur;
2595 5171 2866 5240 quomodo
2896 5169 3240 5226 refectorium
3273 5171 3414 5226 nulla
3439 5187 3632 5242 supcr-

2047 5264 2270 5318 stitione
2297 5261 2588 5331 depictum.
2629 5261 2720 5314 sed
2759 5268 2948 5314 sancta
2991 5261 3334 5314 extremitate
3378 5272 3633 5318 constru-

2047 5363 2218 5417 ctum,
2265 5352 2470 5420 largum
2511 5351 2876 5406 reticientihus
2931 5347 3190 5406 fratribus
3246 5351 3450 5418 prtebet
3501 5367 3630 5407 cons

2041 5457 2286 5505 sessum;
2331 5442 2599 5512 quomodo
2648 5455 2743 5509 per
2770 5447 2999 5494 cunctas
3033 5437 3274 5494 ollicinas
3319 5440 3628 5512 ubicunque

2047 5550 2186 5602 aqua
2223 5534 2528 5588 necessaria
2561 5533 2837 5600 qumritur.
2869 5546 2966 5599 per
2991 5529 3232 5586 occultos
3265 5545 3474 5588 meatus
3507 5545 3622 5588 Sta-

2049 5628 2142 5680 tim
2177 5625 2494 5680 mirabilitcr
2539 5633 2729 5692 sponte
2765 5621 2976 5674 (.liﬂluit.
3008 5621 3134 5675 Haec
3166 5631 3219 5675 et
3253 5624 3357 5676 alia
3397 5625 3462 5678 de
3487 5640 3627 5693 pne-

2051 5715 2194 5770 dicto
2225 5714 2554 5768 monasterio
2583 5713 2840 5774 dicerem,
2885 5711 2978 5766 sed
3026 5711 3150 5779 quia
3185 5711 3620 5768 Lcmmiccnscm

3066 5803 3144 5862 :28
