4028 6168
415 293 520 354 875'

1254 280 1493 348 amur.
1523 294 1613 350 AD
1652 293 1815 351 rom.
1854 293 1918 349 tu
1957 291 2105 349 opr.
2151 290 2209 347 s.
2253 290 2455 347 PETRl
2495 290 2795 345 parum.

3581 295 3685 350 876

411 391 660 473 laborem
690 408 852 480 hujus
876 409 1255 480 descriptionis
1286 412 1456 483 stylus
1485 427 1714 468 exarare
1762 412 2006 478 festinat,
2035 412 2086 472 Α
2112 410 2280 466 nostri
2329 411 2591 464 adventus
2632 425 2817 463 rumor
2853 409 3259 474 monachorum,
3292 411 3381 481 qui
3416 428 3684 469 inonaste-

414 504 621 559 laboris
647 500 843 559 intuitu
876 501 1001 555 talia
1030 502 1269 556 scribere
1296 502 1520 557 devitat.

839 609 905 647 DE
938 608 1293 648 LEUOVICENSI
1333 608 1558 648 ιΑΒοιιΕ.

486 686 573 740 14.
600 684 658 740 ln
690 683 1062 740 Lemovicensi
1090 700 1322 755 namque
1350 686 1571 741 civitate
1600 685 1829 750 celebre,
1847 686 2005 740 devo-

413 780 682 835 tissimum
721 787 885 848 atque
929 780 1258 834 ditissimum
1308 781 1361 834 in
1402 781 1609 835 honore
1644 781 1817 835 sancti
1855 779 2000 834 Mar—

412 872 557 926 tialis
586 872 856 941 quoddam
888 879 973 926 est
1002 872 1413 938 monasterium,
1448 872 1588 940 quod
1626 870 1999 929 Cluniacensis

412 961 581 1017 abbas
610 963 824 1015 noviter
859 961 1218 1029 acquisierat;
1263 962 1355 1015 sed
1395 962 1517 1032 quia
1554 961 1695 1016 illius
1740 960 1840 1015 loci
1882 977 1997 1014 mo-

410 1049 570 1105 nachi
602 1049 704 1105 sibi
745 1065 851 1103 non
886 1049 1350 1118 obtemperabant,
1394 1051 1628 1103 maxima
1679 1051 1730 1104 in
1765 1065 1829 1105 eo
1870 1060 1998 1105 tunc

411 1139 669 1208 temporis
697 1138 965 1193 discordia
994 1138 1329 1192 versabatur.
1363 1138 1530 1209 Hujus
1559 1154 1792 1210 namque
1818 1139 1998 1208 acqui-

406 1230 621 1286 sitionis
644 1230 861 1295 intuitu,
892 1238 947 1283 et
977 1228 1218 1299 ejusdem
1243 1229 1453 1283 abbatis
1480 1229 1623 1292 odio,
1650 1237 1811 1298 prout
1839 1236 1995 1281 erant

407 1323 696 1379 szeculares
742 1321 1013 1385 monachi,
1062 1338 1091 1374 a
1133 1322 1462 1377 monasterio
1513 1322 1847 1384 recedentes,
1899 1333 1997 1389 per

405 1411 520 1480 ejus
560 1411 779 1467 cellulas
819 1412 1082 1482 hospitari
1130 1420 1442 1480 coeperunt,
1498 1419 1553 1465 et
1601 1410 1991 1464 monasterium

405 1501 674 1556 hostiliter
703 1501 1090 1571 impugnabant
1127 1510 1181 1554 et
1216 1500 1625 1565 monachorum,
1655 1515 1792 1569 quos
1822 1498 1893 1553 ibi
1929 1499 1994 1552 de

404 1592 661 1646 Cluniaco
705 1600 983 1661 posuerat,
1015 1591 1333 1656 sanguinem
1363 1590 1638 1641 sitiebant.
1668 1588 1748 1641 Ad
1787 1596 1989 1642 tantam

406 1698 619 1748 quoque
645 1692 855 1731 vesana:
888 1677 1084 1731 mentis
1127 1677 1405 1731 audaciam
1443 1678 1692 1732 monachi
1726 1678 1824 1748 ipsi
1865 1694 1991 1748 pro-

2106 502 2245 556 rium
2285 500 2636 565 infestabant,
2673 503 2835 555 corda
2862 512 3209 557 concusserat
3243 513 3297 557 et
3330 520 3423 560 eos
3454 507 3688 561 circum-

2103 607 2317 662 quaque
2344 607 2442 660 per
2468 580 2779 647 diverticula
2810 591 3013 647 fecerat
3039 593 3272 649 latitare.
3305 595 3411 649 Sed
3448 612 3593 664 mox,
3625 606 3686 653 ut

2102 684 2368 747 venimus,
2402 681 2507 737 illis
2544 682 2736 738 littera:
2762 683 3100 737 destinantur
3128 694 3394 753 quatenus
3429 686 3681 743 Romana

2101 775 2245 829 sedis
2276 774 2450 845 legato
2480 790 2538 830 se
2565 784 3015 845 reprzesentarent
3039 785 3094 831 et
3122 776 3498 847 allegationem
3526 778 3683 847 hujus

2102 866 2323 933 negotii,
2354 866 2395 918 si
2419 862 2619 932 justam
2650 872 2953 933 sperarent,
2986 865 3101 918 sine
3133 864 3360 933 alicujus
3389 869 3683 921 contrarie-

2101 955 2229 1009 tatis
2273 956 2581 1025 suspicione
2618 953 2844 1022 justitia:
2892 956 3103 1009 ratione
3128 955 3505 1021 defenderent;
3552 959 3685 1013 alio-

2097 1047 2227 1115 quin
2277 1047 2377 1100 sub
2426 1046 2654 1115 imperio
2702 1047 2914 1099 abbatis
2964 1046 3219 1115 deinceps
3266 1047 3528 1102 viverent.
3576 1049 3682 1104 Sed

2096 1136 2222 1206 quia
2257 1137 2497 1206 pristime
2522 1136 2773 1190 factionis
2798 1137 2999 1191 vermis
3026 1151 3212 1191 eorum
3251 1138 3456 1192 viscera
3493 1155 3682 1194 corro-

2098 1226 2289 1289 debat,
2337 1234 2391 1279 et
2424 1225 2831 1280 Ciuniacensem
2878 1226 3122 1280 ordinem
3164 1228 3383 1282 omnino
3408 1231 3682 1300 suscipere

2095 1315 2412 1381 renuebant,
2446 1316 2511 1368 ad
2548 1316 2921 1370 denuntiatum
2952 1317 3292 1371 ratiocinium
3320 1320 3503 1372 venire
3532 1335 3681 1387 spreo

2095 1417 2318 1470 verunt,
2359 1406 2506 1460 illum
2539 1408 2641 1461 sibi
2686 1423 2918 1477 praeesse
2949 1408 3198 1463 abbatem
3251 1410 3464 1478 penitus
3511 1412 3679 1466 inter—

2094 1494 2366 1548 dixerunt.
2413 1495 2563 1549 Tunc
2603 1495 2747 1550 illius
2792 1497 3027 1550 civitatis
3072 1497 3325 1566 episc0po
3372 1500 3681 1569 comileque

2093 1585 2360 1649 consulto,
2388 1587 2453 1639 ad
2483 1586 2641 1656 hujus
2668 1586 2995 1641 definitionis
3022 1587 3284 1641 calculum
3318 1603 3404 1641 res
3428 1589 3527 1641 ista
3562 1606 3677 1659 ρει-κ

2092 1676 2345 1729 trahitur.
2370 1675 2427 1729 In
2452 1675 2609 1743 hujus
2629 1691 2859 1745 namque
2881 1678 3221 1746 episcopatus
3242 1677 3490 1743 ecclesia,
3514 1694 3677 1748 quam

402 1779 686 1840 ruperant,
715 1778 772 1823 ut
801 1769 1052 1840 burgum,
1077 1769 1129 1822 in
1162 1783 1269 1837 quo
1298 1770 1682 1824 monasterium
1712 1777 1817 1834 est,
1855 1786 1989 1825 con-
2017 1760 2068 1821 Β
2093 1764 2283 1818 devota
2308 1762 2607 1834 frequentia
2633 1766 2949 1836 populorum
2974 1767 3295 1836 repleverat,
3316 1768 3524 1823 illorum
3549 1786 3678 1825 con-

401 1867 733 1923 cremarent,
763 1867 818 1912 et
865 1866 1083 1923 cuncta,
1114 1873 1233 1927 quae
1264 1859 1410 1913 circa
1439 1860 1827 1914 manusterium
1870 1858 1989 1914 fue-

401 1955 548 2010 rant,
580 1946 793 2018 ignibus
820 1947 1186 2013 devastarent,
1215 1956 1270 2001 et
1298 1947 1400 2002 nisi
1426 1946 1666 2002 Romana
1695 1948 1991 2002 auctoritas

402 2039 751 2094 interveniret
792 2048 847 2093 et
888 2054 954 2094 ex
1003 2039 1297 2110 apostolica
1356 2040 1485 2095 sedc
1530 2041 1825 2095 reverenda
1886 2040 1988 2095 sibi

400 2144 631 2200 persona
675 2139 1041 2194 succurreret,
1093 2130 1381 2185 videbatur
1431 2130 1580 2185 locus
1627 2131 1986 2200 pessumdari.

402 2220 543 2288 Quid
565 2236 727 2292 super
754 2220 857 2275 hoc
877 2220 1091 2289 negotio
1120 2220 1286 2276 abbas
1314 2220 1518 2277 faceret
1547 2222 1849 2294 ignorabat,
1879 2238 1988 2293 quo

397 2328 457 2368 se
498 2320 737 2367 verteret
788 2311 1083 2377 nesciebat,
1133 2311 1292 2381 hujus
1324 2313 1534 2368 itineris
1580 2315 1790 2385 pondus
1828 2315 1986 2369 nobis

397 2415 687 2471 suggerere
714 2401 1085 2456 verecundans
1110 2400 1352 2463 timebat,
1379 2417 1596 2457 causam
1621 2403 1808 2473 perﬁci
1828 2403 1987 2459 aliter

397 2504 556 2561 posse
603 2490 825 2545 minime
866 2492 1141 2555 sperabat.
1175 2491 1413 2547 Tandem
1463 2493 1639 2562 erupit
1686 2495 1741 2549 in
1796 2510 1982 2550 vocent

401 2581 544 2650 quod
573 2581 817 2637 scatebat
849 2581 904 2636 in
932 2592 1135 2648 mente,
1164 2592 1219 2638 et
1245 2598 1351 2653 quo
1381 2582 1470 2638 ille
1508 2584 1753 2640 doluerat
1778 2592 1837 2639 ut
1864 2600 1982 2640 meo

395 2673 672 2728 dicaretur
707 2673 904 2728 oravit.
946 2673 1059 2729 Hoc
1089 2674 1206 2743 ipse
1240 2674 1407 2728 abbas
1444 2676 1690 2744 rogabat,
1737 2676 1840 2731 hoc
1871 2684 1981 2730 tota

400 2765 748 2834 congregatio
780 2763 1033 2834 precibus
1062 2763 1357 2835 flagitabat.

466 2857 554 2912 15.
595 2857 748 2911 Tunc
789 2863 973 2910 noster
996 2855 1260 2911 Ostiensis
1287 2856 1571 2926 episcopus
1596 2856 1741 2911 hunc
1763 2856 1863 2911 sibi
1897 2855 1979 2910 la-

393 2946 583 3000 borem
637 2945 1078 3015 superimponere
1132 2944 1407 3015 paululum
1462 2946 1729 3001 limsitavit
1778 2956 1834 3000 et
1891 2948 1978 3001 vix

393 3048 571 3109 posse
597 3033 856 3103 perlicere
895 3032 1143 3088 credidit.
1188 3033 1295 3087 Sed
1341 3033 1466 3103 quia
1516 3049 1615 3104 pro
1662 3036 1835 3090 salute
1862 3034 1979 3104 ejus

397 3126 709 3183 monasterii
737 3134 978 3192 venerat,
1006 3125 1168 3180 citius
1192 3126 1481 3196 acquievit,
1508 3138 1562 3181 et
1588 3128 1641 3182 in
1670 3128 1783 3183 suis
1809 3143 1968 3184 mem-
2002 3132 2049 3197 ο

395 3217 508 3273 bris
548 3218 973 3287 circumquaque
1011 3216 1202 3286 positis
1248 3216 1348 3287 ipsi
1397 3217 1646 3272 auxiliari
1691 3217 1975 3288 disposuit.

395 3309 499 3365 Sed
547 3318 672 3365 ante
716 3308 885 3377 ipsius
931 3308 1283 3377 profectionis
1324 3307 1558 3374 initium,
1602 3310 1814 3365 cunctis
1852 3326 1976 3365 cum

390 3401 651 3456 fratribus
695 3401 747 3455 in
775 3399 1011 3469 capitulo
1040 3400 1303 3462 residens.
1334 3410 1556 3469 peracto
1582 3414 1853 3468 sermone,
1891 3410 1974 3456 to-

392 3501 477 3546 tus
517 3492 572 3545 in
610 3500 751 3545 terra
793 3491 1179 3560 prosternitur,
1226 3501 1281 3547 et
1323 3501 1381 3546 ut
1423 3493 1525 3547 sibi
1558 3493 1974 3559 auxiliarentur,

390 3580 576 3636 multis
634 3581 915 3652 requisivit
975 3582 1245 3650 precibus,
1302 3598 1670 3654 gyrovagum,
1727 3585 1974 3641 sarabai-

391 3680 501 3725 tam
530 3671 641 3742 (59)
672 3682 745 3737 et,
774 3681 834 3726 ut
859 3681 1235 3738 consueverat,
1266 3688 1324 3727 se
1366 3674 1621 3729 miserum
1649 3677 1973 3731 monachum

390 3760 723 3815 clamitabat.
752 3761 900 3815 Inter
928 3762 1043 3816 ιιωε
1071 3771 1214 3815 tanta
1245 3763 1342 3832 ipsi
1370 3763 1583 3819 caelitus
1611 3764 1973 3837 lacrymarum

390 3851 648 3907 tribuitur
691 3852 865 3923 capia,
909 3853 1053 3923 quod
1097 3867 1286 3908 omnes
1321 3869 1353 3908 a
1393 3855 1557 3911 fundo
1586 3857 1769 3912 cordis
1813 3858 1972 3930 longa

388 3951 607 3999 traxere
641 3943 897 4013 suspiria,
932 3953 988 3999 et
1025 3946 1396 4016 unusquisque
1432 3946 1649 4002 sibimet
1683 3950 1974 4019 displicens

387 4034 468 4089 sic
508 4034 878 4103 proclamabat
906 4052 920 4088 :
962 4034 1007 4092 0
1033 4036 1173 4091 boue
1199 4035 1347 4103 Jesu,
1385 4037 1428 4091 si
1470 4037 1630 4093 homo
1660 4039 1781 4106 iste,
1811 4056 1971 4110 quem

388 4126 535 4181 ultra
574 4128 821 4184 homines
848 4129 1139 4196 credimus,
1179 4130 1256 4184 sic
1296 4130 1525 4184 ubertim
1559 4130 1868 4203 lacrytnans
1900 4134 1970 4188 ti-

389 4225 520 4281 met,
548 4218 676 4286 quid
706 4233 804 4271 nos
837 4217 1097 4273 faciemus
1120 4219 1256 4272 aridi
1281 4227 1337 4272 et
1371 4220 1434 4272 ad
1466 4219 1581 4287 ejus
1610 4223 1971 4291 comparatio-

389 4320 514 4360 nem
541 4305 831 4359 virtutibus
858 4305 1053 4360 alieni?
1083 4305 1216 4359 Nam
1242 4307 1382 4361 sicut
1405 4309 1593 4375 abbas,
1621 4327 1708 4366 me
1735 4320 1967 4380 astante,

386 4395 732 4464 postmodum
773 4395 976 4459 retulit,
1007 4394 1234 4450 multum
1281 4396 1397 4450 ista:
1443 4398 1694 4469 lacrymae
1719 4404 1973 4459 omnibus

386 4484 746 4554 profuerunt,
797 4484 1130 4538 audientium
1183 4485 1607 4545 melioraverunt
1656 4494 1867 4548 animos
1917 4480 2049 4549 etD

334 4562 337 4563 7
387 4584 600 4633 mentes
652 4577 1110 4648 prospectantium
1158 4577 1542 4634 solidat-erunt.
1601 4582 1752 4640 Tunc
1803 4585 1970 4641 abbas

389 4668 664 4724 communi
690 4668 920 4723 fratrum
948 4669 1175 4725 consilio
1202 4672 1390 4725 statuit
1420 4682 1480 4726 ut
1506 4673 1703 4730 abhinc
1726 4691 1825 4747 pro
1850 4677 1969 4749 ejus

386 4776 571 4817 amore
596 4776 814 4832 semper
847 4778 986 4817 unus
1018 4777 1220 4833 panper
1243 4774 1555 4832 pasceretur
1575 4777 1631 4821 et
1654 4770 1963 4838 vestiretur,

382 4861 438 4907 et
469 4867 607 4906 unus
641 4868 857 4922 semper
885 4868 985 4923 pro
1012 4868 1077 4907 eo
1112 4853 1349 4921 psalmus
1383 4854 1438 4908 in
1471 4860 1742 4912 communi
1777 4870 1964 4915 canta-

384 4953 562 5007 retur;
598 4955 677 5009 et,
714 4945 1033 4999 denuntiato
1067 4945 1169 4999 sibi
1198 4945 1314 5012 ejus
1339 4948 1512 5012 obitu,
1538 4962 1753 5018 semper
1777 4952 1831 5005 in
1866 4965 1963 5005 sun

382 5033 757 5088 anniversario
799 5033 1095 5087 solemnem
1143 5034 1195 5086 in
1244 5047 1509 5090 conventu
1554 5038 1775 5093 missam
1825 5041 1963 5095 cele-

381 5123 560 5188 brare,
587 5120 830 5178 festivam
858 5138 1144 5193 corporum
1171 5126 1520 5182 refectionem
1549 5128 1809 5188 fratribus
1832 5145 1966 5201 prte-

379 5230 595 5286 parare,
642 5224 698 5273 et
743 5214 1002 5285 quidquid
1052 5231 1082 5269 a
1114 5232 1299 5270 mensa
1336 5222 1679 5285 remanserit,
1725 5235 1821 5290 pro
1849 5222 1964 5291 ejus

379 5305 573 5359 animae
619 5304 793 5363 salute
839 5306 1164 5376 pauperibus
1212 5309 1403 5362 statuit
1448 5324 1676 5379 erogare
1702 5312 1837 5383 (40).
1870 5314 1964 5369 Sic

379 5398 617 5450 omnium
660 5396 887 5453 fratrum
938 5400 1196 5454 societate
1243 5400 1432 5454 muniti
1481 5410 1547 5455 et.
1582 5402 1732 5471 pacis
1773 5404 1959 5460 osculo

379 5489 708 5555 confirmati,
732 5490 799 5545 ad
822 5500 1068 5545 sanctum
1091 5491 1403 5547 devenimus
1416 5491 1959 5551 MartialemJnterea

453 5623 561 5703 (39)
598 5622 901 5703 §nrabaim,
950 5626 1248 5703 monachus
1299 5642 1463 5698 vagus
1510 5636 1562 5682 et
1614 5625 1786 5683 exlex.
1822 5627 1956 5686 Vide

378 5694 562 5762 Cangii
593 5693 964 5748 GlossariumJ

2093 1862 2359 1910 tumacem
2387 1856 2684 1910 absentiam
2716 1871 2899 1910 coram
2926 1858 3176 1912 omnibus
3206 1858 3401 1927 praesul
3429 1858 3531 1914 iste
3552 1875 3680 1913 nar-

2093 1956 2305 2000 raverat
2334 1946 2567 2014 qualiter
2593 1947 2901 2017 apostolica!
2930 1950 3073 2003 sedis
3109 1947 3285 2019 legato
3316 1952 3674 2007 reverentiam

2090 2044 2145 2091 et
2194 2035 2373 2091 abbati
2421 2036 2657 2090 debitam
2711 2037 3072 2093 obedientiam
3131 2039 3470 2093 recusabant.
3522 2037 3674 2097 Tunc

2090 2126 2383 2196 apostolica
2413 2127 2751 2190 auctoritate,
2796 2127 2993 2197 populo
3021 2128 3378 2196 collaudante,
3420 2131 3675 2201 prmeepit

2075 2226 2149 2271 .ut
2175 2217 2280 2271 nisi
2306 2218 2394 2270 illa
2421 2217 2635 2272 hostilis
2658 2218 2880 2273 audacia
2908 2234 2938 2272 a
2969 2220 3281 2274 monasterii
3309 2230 3362 2274 et
3384 2223 3674 2277 monacho-

2090 2323 2208 2362 rum
2239 2307 2456 2363 ltesione
2481 2318 2749 2374 cessaret,
2781 2309 3329 2364 excommunicationi
3358 2312 3545 2381 procul
3574 2312 3671 2367 du-

2087 2398 2176 2453 hio
2201 2398 2562 2468 subjacerent.
2590 2399 2765 2470 Super
2792 2400 2894 2456 hoc
2922 2416 3049 2456 vero
3071 2402 3212 2472 quod
3238 2402 3419 2457 abbati
3451 2403 3669 2460 obedire

2087 2492 2370 2555 nolebant,
2398 2491 2730 2546 delinitivam
2779 2492 2987 2548 distulit
3030 2491 3276 2566 proferre
3323 2496 3663 2551 sententiam.

2085 2581 2191 2636 Isto
2225 2581 2388 2650 igitur
2433 2581 2647 2651 negotio
2690 2580 2869 2635 taliter
2912 2582 3134 2638 definito
3160 2592 3216 2637 et
3247 2584 3575 2640 monasterio
3609 2584 3666 2640 in

2085 2670 2476 2742 tranquillitate
2519 2671 2632 2741 jam
2682 2672 2893 2743 posito,
2949 2689 3018 2728 ne
3065 2689 3095 2728 a
3145 2675 3340 2730 divina:
3387 2677 3665 2732 servitutis

2082 2761 2257 2818 ofﬁcio
2282 2775 2408 2832 pars
2438 2762 2608 2816 nostri
2651 2763 2864 2819 itineris
2892 2764 3075 2841 aliqua
3108 2775 3358 2832 vacaret,
3391 2768 3662 2823 redeundo

2083 2852 2329 2907 venimus
2366 2850 2750 2907 Silvaniacum.

2135 2981 2203 3021 ηε
2239 2981 2667 3022 CONSECRATIONE
2708 2982 2995 3031 ECCLBSLE,
3034 2984 3103 3023 ετ
3144 2984 3330 3025 SANC'I‘I
3371 2986 3612 3028 οοιιοιίις

2564 3052 2801 3092 CORPORE
2840 3053 3093 3094 COIIUTA
3101 3055 3187 3095 ΤΟ.

2152 3128 2237 3182 16.
2280 3125 2615 3183 Silvaniacus
2669 3143 2862 3198 nempe
2916 3130 3305 3186 mercationum
3359 3131 3659 3201 frequentia

2080 3220 2229 3274 dives
2277 3229 2332 3274 et
2383 3220 2532 3275 locus
2575 3229 2662 3275 est
2708 3219 3132 3287 famosissimus,
3180 3233 3493 3280 sanctorum
3535 3239 3663 3283 vero

2078 3312 2393 3381 corporibus
2423 3311 2575 3366 valde
2605 3312 3007 3367 devotissimus.
3036 3311 3317 3379 Quoddam
3344 3329 3579 3385 namque
3606 3315 3663 3372 in

2076 3415 2142 3456 eo
2167 3409 2539 3455 constructum
2582 3410 2665 3456 est
2695 3403 3102 3469 monasterium,
3152 3404 3205 3458 in
3247 3419 3355 3475 quo
3384 3405 3661 3462 beatorum

2076 3494 2277 3549 Christi
2319 3488 2691 3551 confessorum
2732 3494 2907 3549 Maioli
2946 3496 3155 3551 scilicet
3188 3506 3244 3553 et
3275 3497 3520 3553 Odilonis
3543 3512 3661 3554 cor—

2076 3601 2206 3655 pora
2236 3586 2646 3656 conquiescunt.
2684 3586 2837 3653 Quod
2867 3588 3085 3658 quidem
3121 3590 3511 3644 monasterium
3548 3590 3660 3660 epio

2077 3673 2278 3743 scopali
2317 3674 2494 3727 adhuc
2527 3674 2902 3747 benedictione
2934 3676 3157 3731 minime
3184 3677 3250 3731 ad
3278 3677 3495 3747 plenum
3530 3694 3658 3733 eou-

2076 3762 2348 3816 ﬁrmatum
2384 3762 2583 3817 fuerat.
2629 3762 2850 3818 Interim
2886 3764 3157 3835 synodalis
3188 3766 3449 3822 terminus
3484 3766 3658 3821 immi-

2077 3854 2256 3907 nebat.
2311 3850 2463 3908 Tunc
2514 3853 2698 3909 multis
2750 3854 3235 3912 intervenientibus
3288 3857 3556 3927 episcopis
3604 3867 3659 3912 et

2076 3944 2454 4001 innumerabili
2520 3946 2838 4015 populorum
2893 3946 3196 4017 frequentia
3223 3988 3237 4015 ,
3290 3965 3482 4019 magna
3533 3963 3657 4003 cum

2074 4036 2422 4090 veneratione
2466 4037 2693 4092 ecclesia
2737 4047 3086 4104 consecrata,
3129 4049 3186 4094 et
3232 4039 3375 4094 beati
3418 4038 3657 4095 Odilonis

2073 4138 2302 4193 corpore
2326 4134 2656 4180 commutato
2683 4134 2737 4181 et
2764 4126 2923 4181 altari
2958 4142 3057 4183 suo
3085 4128 3291 4183 nomini
3317 4129 3652 4198 consignato,

2072 4216 2465 4272 Cabillonensis
2488 4217 2744 4272 Ecclesia:
2771 4219 2966 4288 praesul
2995 4232 3207 4274 summa
3228 4234 3350 4274 cum
3373 4219 3656 4276 devotione

2073 4320 2172 4360 nos
2203 4306 2501 4361 honoriﬁce
2530 4308 2786 4376 suscepit.

2512 4414 2578 4452 DE
2616 4414 2960 4455 CONGREGATA
3000 4416 3219 4456 SYNODO.

2148 4490 2232 4544 l'l.
2275 4489 2484 4545 interea
2518 4492 2754 4560 synodus
2789 4503 3169 4562 congregatur,
3198 4493 3370 4549 vocati
3401 4492 3655 4562 praesules

2076 4582 2294 4646 adsunt,
2332 4596 2440 4635 non
2468 4582 2675 4636 modica
2708 4584 2861 4637 turba
2896 4585 3174 4638 hominum
3197 4585 3388 4639 devote
3414 4584 3651 4639 festinat.

2076 4671 2487 4728 Matisconensis
2521 4688 2735 4742 quoque
2767 4674 3052 4743 episcopus
3087 4689 3193 4728 non
3218 4674 3413 4729 dubius
3442 4682 3534 4727 aut
3560 4688 3650 4727 se-

2073 4766 2193 4834 gnis
2221 4764 2490 4829 occurrit;
2535 4765 2587 4817 in
2629 4779 2725 4817 sua
2766 4779 2998 4833 namque
3036 4763 3320 4833 prudentia
3366 4766 3467 4833 (est
3507 4767 3651 4817 enim

2071 4855 2269 4909 litteris
2297 4864 2349 4909 et
2380 4869 2629 4908 scrtnone
2659 4855 2871 4923 potens)
2902 4863 2956 4908 et
2985 4855 3337 4923 quorumdatn
3370 4854 3649 4924 episcopo-

2072 4960 2192 4998 rum
2218 4945 2372 5014 quasi
2408 4945 2809 5013 conspiratione
2840 4946 3096 5008 conlisus,
3135 4943 3291 5011 hujus
3312 4959 3487 4998 causa:
3517 4944 3649 4997 ami-

2069 5036 2299 5091 cabilem
2323 5036 2744 5089 transactioaem
2783 5049 3060 5104 respuens.
3089 5036 3154 5089 ad
3185 5035 3493 5105 synodalem
3522 5048 3651 5087 eon-

2068 5126 2271 5181 ﬂictum
2304 5119 2457 5194 quasi
2491 5126 2919 5194 triumphaturus
2946 5123 3188 5179 fervidus
3210 5121 3440 5180 bellator
3460 5139 3653 5178 occur-

2069 5215 2158 5270 rit.
2204 5214 2348 5268 Pene
2384 5215 2529 5268 enim
2571 5229 2759 5268 omnes
2799 5215 3056 5283 episcopi,
3100 5216 3190 5283 qui
3234 5225 3362 5269 tunc
3402 5215 3648 5275 aderant,

2064 5317 2265 5379 pneter
2294 5309 2759 5379 archiepiscopum
2783 5309 3135 5380 Bysuntinum
3159 5310 3524 5365 venerabilem
3546 5308 3655 5363 sci-

2065 5397 2194 5453 licet
2222 5406 2277 5453 et
2304 5398 2805 5467 etoquentissimum
2839 5401 3041 5463 vitum,
3086 5400 3428 5453 Cluniacensi
3461 5415 3647 5454 mona-

2068 5490 2235 5546 sterio
2273 5490 2583 5546 invidebant
2626 5492 2850 5562 ejusque
2892 5507 3137 5555 causam,
3188 5505 3450 5561 quantum
3494 5502 3651 5547 caute

2138 5626 2398 5703 (amnem
2413 5630 2550 5685 hanc
2578 5642 2963 5686 comtncmorat
2993 5630 3311 5703 ipsel‘etrus
3330 5631 3483 5703 epist.
3513 5630 3547 5683 l.
3571 5644 3648 5694 vi,

2060 5701 2250 5755 Seu.
