4028 6168
509 379 609 434 8.77

1537 383 1595 438 S.
1636 376 1840 439 PETRI
1879 384 2158 439 DAMIAM
2199 377 2356 440 ITER
2397 385 2768 446 GALLICUM.

3668 405 3770 460 378

506 504 773 567 poterant,
812 495 1223 564 conculcahant,
1268 508 1322 555 et
1365 508 1423 554 ut
1462 499 1620 566 hujus
1668 500 1866 571 negotii
1918 500 2087 570 magis
2117 508 2161 565 Α
2192 501 2586 570 parvipendcns
2635 505 2764 560 illud
2808 508 3093 579 subjugarc
3136 527 3354 583 sumque
3405 516 3593 573 Citioni
3641 523 3772 575 sub-

506 587 856 641 infortuniutn
889 604 1048 656 quam
1079 589 1408 658 triumphum
1436 591 1604 645 abbas
1637 593 1960 656 incurreret,
1993 607 2087 644 oc-

505 678 665 732 cultis
683 679 1172 736 machinationibus
1192 681 1546 737 fabricabant.
1565 683 1699 738 Nam
1723 684 2089 753 unusquisque

505 785 722 824 causam
748 785 902 824 suam
933 770 985 824 in
1009 771 1215 840 judicio
1235 774 1322 843 agi
1344 775 1617 838 credebat,
1641 792 1762 830 cum
1787 775 2088 845 coepiscopi

504 859 777 928 negotium
802 860 1042 914 Romana
1064 862 1332 917 discussio
1354 865 1666 930 ventilabat,
1693 866 1816 934 quia
1839 866 1882 919 si
1906 864 2086 920 abbati

505 950 665 1022 hujus
699 951 777 1004 rei
806 951 1034 1005 victoria
1076 955 1418 1022 proveniret,
1463 956 1688 1025 quilibet
1716 957 2089 1026 episcoporum

505 1041 579 1096 illi
610 1041 841 1113 amplius
870 1042 1125 1097 resistere
1152 1059 1257 1097 non
1289 1045 1529 1100 auderet.
1571 1045 1742 1114 IIujus
1772 1047 1935 1116 igitur
1962 1063 2087 1101 cau-

505 1134 623 1190 telae
648 1135 826 1190 studio
849 1136 1158 1206 constipati,
1192 1136 1338 1191 illum
1363 1139 1689 1208 adjuvaturi,
1721 1148 1778 1192 ut
1804 1139 2092 1194 obsisteret

505 1227 821 1280 incitabant.
861 1227 967 1282 Sed
1004 1238 1188 1282 noster
1217 1230 1491 1286 Romanus
1526 1231 1867 1301 belligerator
1896 1233 2086 1286 horum

506 1319 906 1374 machinatione
946 1329 998 1374 ct
1028 1337 1133 1374 non
1179 1323 1330 1390 parvi
1377 1323 1656 1392 pendenda
1687 1324 2089 1392 conspiratione

503 1407 825 1476 praedoctus,
877 1409 957 1462 sic
1004 1411 1342 1478 postmodum
1390 1412 1546 1480 hujus
1595 1428 1772 1467 causa:
1816 1414 2090 1480 peroravit

504 1497 800 1567 negotium,
829 1505 886 1550 ut
908 1512 1042 1567 quos
1065 1498 1401 1553 illeoccultos
1421 1500 1534 1568 jam
1557 1503 1772 1555 tenebat
1792 1502 2087 1572 adjutores,

503 1596 718 1654 apertos
765 1589 1106 1656 postmodum
1147 1579 1258 1642 sua:
1303 1607 1477 1645 causa:
1526 1593 1776 1646 habuerit
1817 1595 2090 1647 contradi-

503 1688 702 1732 ctores.
731 1679 863 1732 Nam
890 1680 941 1732 in
964 1679 1322 1754 Cabillonensi
1349 1683 1575 1738 ecclesia
1601 1697 1797 1738 cuncto
1820 1686 2089 1739 residente

504 1769 754 1829 concilio,
795 1781 1100 1837 postquam,
1143 1779 1200 1823 ut
1241 1771 1497 1826 Romana:
1532 1773 1719 1844 synodi
1753 1775 2087 1828 consuetudo

2195 591 2407 645 mittere
2431 594 2583 661 quasi
2616 598 2934 653 temerarius
2972 601 3150 656 studet
3195 605 3425 660 iuvasor.
3467 607 3618 663 Tunc
3647 610 3772 677 ille,

2192 680 2446 750 quiajmn
2477 699 2588 738 sua:
2624 687 2881 755 nequitia:
2905 699 3066 760 caput
3100 695 3342 748 attritum
3370 704 3424 751 et
3459 698 3656 754 mentis
3700 702 3775 756 ri-

2190 787 2372 842 gorem
2394 772 2506 841 jam
2529 791 2665 844 pene
2683 779 2851 832 sensit
2868 791 3192 845 emortuum,
3225 800 3405 839 coram
3426 798 3621 844 cuncto
3645 807 3772 844 con-

2193 863 2318 918 cilio
2343 881 2560 919 causam
2607 879 2927 924 narraturus
2971 874 3226 943 assurgit.
3260 875 3380 930 Mox
3429 894 3495 932 ex
3544 890 3772 948 utraque

2193 964 2344 1023 parte
2372 971 2532 1011 causa
2562 961 2870 1028 exponitur,
2919 973 2972 1016 et
3001 966 3282 1035 utriusque
3325 969 3494 1036 partis
3522 969 3773 1036 alfegatio

2191 1044 2501 1099 ventilatur.
2539 1046 2794 1104 Romamn
2833 1037 3090 1107 Ecclesia:
3137 1054 3273 1109 lecta
3324 1067 3450 1111 sunt
3495 1059 3773 1130 privilegia

2192 1145 2378 1189 contra
2424 1151 2542 1204 qua:
2589 1139 2872 1209 episcopus
2910 1142 3085 1211 egisse
3130 1157 3452 1212 accusatur;
3489 1165 3652 1204 causa
3683 1152 3774 1204 dc-

2191 1223 2448 1291 fenditur,
2477 1227 2631 1298 culpa
2660 1230 2972 1298 imponitur,
3005 1237 3368 1291 controversia
3398 1239 3608 1294 meritis
3639 1256 3768 1308 par-

2194 1316 2325 1369 tium
2349 1319 2711 1372 exaruiuatur.
2743 1319 2983 1375 Tandem
3007 1332 3126 1393 post
3148 1325 3343 1380 multas
3372 1328 3768 1394 contentiones.

2190 1417 2311 1476 post
2335 1409 2614 1479 utriusque
2640 1411 2808 1480 partis
2837 1412 3011 1467 varias
3037 1415 3388 1485 olijectiones,
3410 1417 3534 1486 quia
3563 1418 3770 1487 episco-

2193 1514 2291 1567 pus
2321 1511 2506 1553 contra
2536 1494 2813 1572 privilegia
2845 1518 2903 1558 se
2931 1520 3035 1558 non
3076 1506 3253 1574 egisse
3286 1522 3518 1577 purgare
3539 1523 3644 1561 non
3675 1523 3772 1578 po-

2193 1599 2354 1654 terat,
2381 1589 2453 1643 ‘ad
2483 1591 2639 1656 hujus
2666 1593 2956 1649 decisionis
2997 1595 3262 1650 calculum
3303 1613 3389 1651 res
3423 1597 3524 1651 ista
3569 1599 3769 1667 perdu-

2193 1681 2350 1733 citur.
2399 1680 2808 1750 Interrogantur
2854 1685 3134 1752 episcopi,
3181 1687 3226 1737 si
3271 1687 3577 1752 apostolica:
3626 1687 3771 1743 sedis

2195 1778 2310 1823 rata
2340 1769 2695 1825 decernerent
2737 1771 3016 1842 privilegia
3063 1783 3117 1826 et
3162 1775 3213 1828 in
3259 1789 3357 1829 suo
3406 1787 3608 1841 tenore,
3652 1794 3773 1847 quae

504 1860 765 1928 deposcit,
801 1865 1201 1932 praedicationis
1234 1867 1455 1920 verbum
1503 1867 1706 1932 ﬁnivit,
1742 1868 1849 1921 tale
1899 1868 2085 1923 riteto-
2120 1881 2163 1938 Β
2192 1861 2326 1916 lecta
2367 1873 2515 1926 sunt.
2547 1863 2666 1918 sine
2689 1864 2906 1919 laesione
2937 1867 3204 1920 durantia.
3235 1867 3434 1923 Omnes
3464 1878 3580 1944 rata
3607 1881 3664 1924 ct
3688 1869 3773 1925 in-

503 1951 629 2004 ricte
669 1951 952 2006 locutionis
980 1970 1207 2008 exorsus
1239 1965 1324 2008 est
1364 1957 1706 2026 prommium,
1739 1958 1881 2026 quod
1911 1958 2086 2012 inten-

504 2050 586 2096 tos
615 2042 774 2096 simul
804 2054 856 2097 et
887 2044 1174 2099 benevolos
1199 2044 1405 2100 faceret
1434 2047 1728 2101 auditores.

786 2150 1102 2190 ιιιιιςτυιιιωε
1135 2152 1452 2194 ιοευτιοκιε
1487 2154 1804 2194 ιίιοωωυυ.

577 2227 662 2281 18.
689 2226 768 2280 Ad
808 2238 1020 2288 vestrae,
1048 2228 1238 2297 inquit,
1285 2229 1644 2285 fraternitatis
1690 2230 1946 2284 auxilium
1977 2228 2087 2285 Ro-

502 2333 661 2370 mana
692 2332 788 2370 nos
819 2317 1087 2387 delegavit
1115 2320 1432 2385 auctoritas,
1471 2331 1525 2374 et
1553 2321 1705 2390 quasi
1745 2322 1812 2375 ad
1838 2321 2092 2375 charissi-

505 2422 624 2461 mos
647 2408 844 2460 fratres
867 2416 1050 2461 nostra
1077 2410 1377 2464 communis
1400 2419 1574 2464 mater
1597 2410 1886 2465 destinavit
1906 2410 2096 2465 Eccle-

504 2497 604 2550 sia.
666 2497 858 2551 VeSIra
909 2513 1142 2568 namque
1197 2500 1298 2554 sibi
1352 2501 1533 2556 debita
1587 2510 1772 2556 sancta
1836 2503 2094 2558 fidelitate

505 2587 734 2653 conlisa,
762 2603 924 2658 quam
973 2590 1137 2644 etiam
1170 2590 1223 2644 in
1263 2591 1536 2646 nonnullis
1580 2592 1694 2646 suis
1724 2592 1953 2663 negotiis
2000 2607 2093 2646 cx-

505 2689 658 2749 perta
679 2689 762 2733 est
790 2679 1077 2750 profuisse,
1110 2681 1370 2752 quidquid
1399 2682 1453 2737 in
1481 2683 1601 2738 istis
1619 2683 1862 2753 partibus
1886 2683 2094 2754 injuria:

505 2774 735 2843 patitur,
790 2782 972 2828 vestra
1021 2790 1119 2830 nos
1145 2775 1433 2844 adjuvante
1473 2777 1836 2847 providentia,
1880 2777 1982 2833 sibi
2036 2785 2095 2830 ut

507 2862 824 2918 emendetur
854 2874 1092 2934 exoptat.
1127 2865 1230 2920 Per
1260 2882 1358 2920 nos
1391 2867 1656 2936 siquidem
1683 2883 1866 2922 coram
1909 2876 2090 2922 vestra

508 2955 797 3009 sanctitate
823 2954 1065 3009 Romana
1093 2955 1418 3010 lamentatur
1443 2957 1700 3018 Ecclesia,
1731 2957 1874 3027 quod
1900 2956 2096 3012 multo-

510 3059 628 3098 rum
668 3045 944 3100 hominum
977 3045 1262 3100 insolentia
1309 3046 1506 3101 titultas
1551 3048 1692 3101 inter
1733 3061 1826 3100 vos
1854 3047 2093 3116 quotidie

510 3137 714 3206 patitur
742 3137 1114 3192 contumelias.
1148 3138 1533 3194 Verumtamen
1564 3138 1704 3193 inter
1744 3124 1947 3193 cratera
1971 3155 2091 3210 qua:

2191 1971 2451 2010 concussa
2485 1972 2707 2012 nimere
2758 1956 3030 2011 definitiva
3079 1958 3348 2012 sententia
3396 1957 3774 2016 decreverunt.

2192 2043 2341 2100 Tunc
2380 2045 2496 2114 ipse
2553 2044 2960 2101 Matisconensis
3019 2046 3302 2117 episcopus
3361 2061 3484 2101 cum
3534 2047 3773 2118 quinque

2189 2135 2428 2206 ejusdem
2456 2135 2710 2191 Ecclesia»
2737 2136 2951 2190 clericis
2982 2137 3196 2206 propria
3227 2150 3389 2191 manu
3407 2135 3609 2205 juravit
3630 2137 3770 2209 (4‘2),

2191 2225 2316 2295 quia
2351 2228 2492 2296 quod
2522 2235 2711 2280 contra
2737 2224 3126 2280 monasterium
3153 2240 3211 2280 se
3251 2228 3429 2296 egisse
3479 2226 3770 2292 recolebat,

2192 2330 2367 2384 neque
2410 2317 2478 2370 ad
2519 2316 2772 2386 injuriam
2821 2315 3129 2385 apostolica:
3177 2317 3340 2379 sedis,
3389 2333 3564 2387 neque
3603 2319 3774 2390 ipsius

2192 2425 2344 2481 papa:
2367 2408 2592 2474 fecerat,
2619 2424 2794 2480 neque
2815 2410 2989 2465 adhuc
3016 2410 3417 2480 privilegiorum
3442 2421 3683 2469 tenorem
3705 2415 3776 2470 ad

2193 2499 2451 2568 liquidum
2491 2507 2734 2554 noverat.
2765 2497 2881 2552 Tali
2915 2499 3073 2554 modo
3109 2499 3252 2554 inter
3279 2500 3534 2555 domnum
3562 2503 3774 2570 episco-

2194 2605 2319 2660 pum
2346 2596 2401 2644 et
2431 2589 2680 2644 abbatem
2715 2587 2872 2657 hujus
2902 2604 3078 2644 causa:
3117 2590 3392 2662 negotium
3420 2601 3634 2647 constat
3658 2609 3780 2651 esse

2192 2683 2426 2753 sopitum
2473 2693 2524 2737 et
2555 2682 2726 2752 plena:
2763 2681 3063 2737 deﬁnitioni
3107 2683 3386 2738 traditum.
3431 2682 3590 2740 Pacis
3636 2685 3780 2740 inter

2193 2789 2288 2829 eos
2317 2771 2518 2828 foedera
2543 2772 2897 2838 collocantur,
2946 2772 3237 2828 simultatis
3260 2772 3442 2844 jurgia
3469 2774 3775 2844 propellun-

2193 2877 2301 2917 tur.
2329 2862 2385 2917 In
2411 2863 2602 2918 eadem
2649 2877 2866 2933 quoque
2907 2862 3114 2934 synodo
3146 2864 3394 2934 quaedam
3445 2873 3573 2919 sunt
3612 2865 3781 2922 eccle.

2193 2952 2409 3011 siaslica
2453 2941 2682 3006 censura
2733 2959 2999 3017 correcta,
3039 2952 3283 3021 quredam
3335 2952 3610 3008 canonica:
3653 2970 3780 3009 san-

2195 3044 2390 3098 ctionis
2417 3043 2599 3114 vigore
2624 3051 2849 3108 statuta,
2894 3053 2948 3098 et
2978 3046 3106 3099 dum
3150 3060 3248 3115 pro
3280 3046 3439 3101 unius
3485 3062 3663 3105 causa:
3697 3047 3781 3106 in-

2193 3137 2331 3191 tuitu
2363 3137 2600 3207 synodus
2631 3147 2956 3208 congregata
3002 3137 3168 3194 fuisse
3219 3141 3560 3209 decernitur,
3598 3143 3783 3204 multis

511 3227 612 3281 sibi
661 3228 906 3282 evenisse
936 3228 1265 3294 considerat,
1310 3245 1477 3284 unum
1527 3229 1654 3300 quid
1685 3245 1881 3284 novum
1911 3239 1966 3284 et
2013 3231 2091 3285 in-
2121 3239 2164 3300 ρ
2197 3228 2539 3297 postmodum
2562 3228 2740 3283 causis
2775 3237 2987 3283 constat
3008 3228 3176 3284 fuisse
3206 3231 3522 3299 prolicuam.

514 3327 786 3386 speratum
816 3335 936 3372 eam
967 3335 1073 3372 non
1103 3319 1372 3373 modicum
1396 3320 1750 3389 perturbavit.
1783 3318 1917 3373 Cum
1950 3321 2092 3374 enim

512 3409 675 3480 hujus
717 3410 924 3464 sinistri
955 3412 1190 3466 rumoris
1219 3409 1360 3464 fama
1411 3411 1574 3465 totius
1610 3411 1836 3465 Romani
1882 3409 2093 3465 concilii

513 3504 723 3558 noviter
746 3503 1070 3573 percellerct'
1111 3503 1342 3568 auditus,
1373 3517 1561 3558 omnes
1586 3503 1788 3572 pariter
1818 3503 1870 3556 in
1895 3518 2092 3555 mmro-

512 3607 625 3648 rem
661 3594 821 3649 simul
850 3605 904 3648 et
942 3593 1350 3648 admirationem
1387 3592 1633 3647 conversi
1678 3601 1820 3645 sunt.
1849 3590 2097 3660 Cumque

513 3689 603 3744 diu
633 3697 908 3758 protracta
939 3687 1341 3749 deliberatione,
1375 3701 1555 3755 quem,
1600 3683 1812 3754 qualem
1841 3695 1895 3739 et
1920 3700 2096 3754 quan-

513 3789 626 3834 tum
658 3794 756 3848 pro
788 3787 951 3832 tanta:
979 3777 1054 3832 rei
1075 3777 1494 3847 pra-sumptione
1518 3775 1790 3830 destinare
1817 3773 2094 3839 deberent,

513 3885 612 3926 nos
635 3872 848 3925 demum
866 3870 1084 3924 mittere
1106 3869 1477 3924 decreverunt.
1502 3867 1558 3920 ln
1574 3867 1672 3921 hoc
1687 3881 2101 3934 namquequan-

515 3971 628 4016 tum
660 3976 821 4031 super
844 3961 946 4015 hoc
976 3960 1214 4014 Romana
1241 3958 1384 4013 dolet
1409 3957 1646 4012 Ecclesia
1672 3996 1686 4021 ,
1732 3957 1929 4010 fratres
1969 3955 2097 4018 mei,

514 4053 852 4122 perpendite,
892 4051 1017 4121 quia
1044 4066 1151 4104 non
1189 4049 1575 4103 subdiaconum
1601 4088 1615 4112 ,
1648 4063 1757 4102 non
1784 4046 2096 4110 diaconum,

516 4158 620 4199 n0a
654 4143 1009 4197 cardinalium
1044 4140 1341 4212 quemlibet
1372 4140 1482 4211 (tl)
1516 4139 1732 4194 mittere
1766 4137 2099 4208 procuravit.

588 4236 674 4291 l9.
704 4236 854 4290 Tunc
879 4235 1114 4306 episcopi
1149 4247 1338 4288 omnes
1373 4247 1439 4287 ex
1489 4232 1765 4301 praemissa
1813 4231 2099 4284 verborum

516 4327 797 4382 dulcedine
824 4327 979 4380 valde
1001 4324 1263 4387 benevoli,
1295 4334 1350 4378 et
1376 4338 1439 4376 ex
1471 4337 1650 4376 causa!
1688 4321 2102 4392 exaggeratione

519 4434 624 4472 non
663 4433 850 4486 parum
888 4417 1102 4482 intenti,
1139 4414 1524 4485 exspectabant
1573 4422 1632 4466 ut
1661 4412 1774 4483 jam
1819 4427 1978 4466 causa
2013 4412 2102 4466 illa

519 4520 900 4580 exponeretur,
931 4527 1028 4579 pro
1056 4526 1162 4581 qua
1195 4518 1375 4562 tantus
1404 4517 1458 4562 ct
1489 4506 1613 4560 talis
1635 4506 1798 4561 homo
1827 4521 1855 4558 a
1884 4504 2103 4559 Latera-

2766 3335 2831 3372 ΒΕ
2861 3335 3208 3376 REVERSIONE.

2269 3413 2364 3466 :20.
2405 3411 2616 3464 Interea
2675 3411 2933 3465 redeundi
2994 3428 3148 3466 amcr
3194 3413 3456 3482 occurrit,
3507 3417 3782 3485 repetendi

2201 3501 2410 3556 itineris
2449 3500 2603 3554 labor
2641 3499 2923 3553 incumbit.
2959 3499 3203 3555 Licentia
3235 3502 3460 3572 petitur,
3489 3503 3582 3557 sed
3615 3501 3782 3557 licen-

2200 3593 2272 3646 tia
2315 3590 2634 3661 protelatur.
2669 3590 2785 3660 Ipse
2812 3591 2956 3645 enim
3006 3591 3176 3646 abbas
3223 3607 3347 3647 cum
3387 3593 3498 3647 suis
3547 3601 3785 3648 tractare

2200 3683 2363 3751 coepit
2390 3681 2659 3751 quomodo
2682 3681 2818 3735 tanti
2848 3681 3002 3737 labor
3036 3682 3249 3739 itineris
3272 3681 3500 3751 alicujus
3539 3684 3785 3739 muneris

2201 3773 2640 3844 compensatione
2701 3771 3057 3844 levigaretur;
3103 3776 3310 3831 sciebat
3333 3776 3478 3832 enim
3510 3777 3654 3832 bunc
3687 3777 3788 3832 ho-

2202 3865 2400 3918 minem
2452 3865 2739 3934 pecuniam
2767 3880 2874 3920 non
2899 3864 3100 3931 amare,
3131 3881 3357 3922 munera
3385 3883 3662 3938 spernere,
3694 3883 3783 3922 so-

2201 3955 2304 4009 lius
2338 3954 2554 4023 pietatis
2577 3953 2772 4012 intuitu
2809 3964 3017 4010 tantum
3053 3957 3346 4027 sumpsisse
3372 3958 3633 4012 laborem.
3670 3957 3780 4012 τει-

2202 4046 2273 4100 lia
2302 4045 2464 4117 igitur
2490 4045 2730 4099 decrevit
2752 4044 2948 4100 oil’erre
2979 4061 3224 4112 munera,
3257 4062 3376 4117 qum
3399 4061 3506 4101 non
3533 4047 3657 4117 ipsi,
3689 4047 3784 4102 sed

2202 4152 2300 4207 per
2319 4151 2442 4189 eum
2463 4134 2573 4190 Deo
2603 4137 3015 4200 transmitteret,
3047 4145 3129 4200 ut,
3154 4135 3280 4191 dum
3303 4136 3405 4190 sibi
3458 4135 3644 4200 nollet,
3677 4137 3788 4194 Deo

2203 4226 2396 4282 saltem
2428 4226 2711 4280 tribueret.
2739 4225 3016 4295 Capellam
3040 4226 3186 4280 enim
3211 4236 3524 4294 argenteam
3556 4227 3788 4281 deaura-

2206 4329 2334 4384 tam,
2363 4334 2483 4372 cum
2514 4318 2683 4373 sacris
2714 4319 2859 4372 vasis
2887 4326 2942 4372 et
2969 4319 3231 4383 vestibus,
3277 4318 3453 4388 palliis
3494 4329 3548 4374 et
3584 4320 3788 4374 utensio

2203 4413 2347 4468 libus
2375 4411 2592 4468 obtulit.
2618 4411 2841 4483 Accipe,
2870 4412 3064 4483 inquit,
3090 4411 3366 4483 magister,
3396 4412 3554 4466 istam
3578 4427 3791 4469 sacram

2205 4513 2408 4560 vestem
2435 4512 2492 4559 et
2517 4514 2702 4560 sancta
2731 4520 2878 4569 vasa,
2905 4519 3026 4575 quae
3060 4503 3170 4559 Deo
3201 4503 3558 4573 omnipotenti
3602 4503 3793 4558 tribui-

519 4601 672 4655 nensi
701 4601 850 4654 curia
881 4601 1206 4655 devenisset.
1237 4599 1359 4654 Mox
1387 4608 1588 4656 autem.
1620 4607 1678 4650 ut
1702 4597 1814 4650 suis
1845 4597 2022 4651 verbis
2046 4596 2101 4650 il-
2134 4595 2180 4652 Ι)
2207 4610 2326 4650 mus
2360 4605 2413 4649 et
2441 4595 2624 4650 divino
2651 4595 2758 4648 ritu
2816 4595 3172 4664 tuancipanda
3229 4610 3325 4663 per
3356 4603 3408 4648 te
3438 4597 3543 4648 tuis
3584 4596 3792 4650 sanctis

518 4690 692 4745 lorum
736 4691 1050 4745 bcnevolam
1091 4689 1418 4744 audientiam
1453 4689 1647 4742 adesse
1688 4687 1990 4756 conspexit,
2022 4688 2103 4740 sic

519 4780 685 4849 coepit
717 4794 972 4832 enarrare
1009 4779 1381 4847 propositum:
1432 4777 1786 4832 Cluniaccnse
1829 4786 2102 4830 monaste-

521 4870 662 4926 rium
687 4869 943 4924 Romana:
972 4870 1137 4922 curia:
1165 4882 1284 4923 esse
1311 4868 1584 4921 subditum
1613 4865 1788 4919 nullus
1836 4875 2102 4929 vestrum,

521 4964 740 5030 fratres,
771 4963 1001 5032 ignorat,
1053 4960 1278 5030 etquod
1329 4960 1459 5014 nulli
1505 4959 1594 5013 alii
1625 4973 1870 5028 persona:
1912 4967 2106 5027 praeter

524 5061 825 5114 Romanum
853 5055 1158 5126 pontificem
1207 5055 1259 5107 in
1301 5054 1488 5108 eodem
1520 5052 1847 5106 monasterio
1889 5051 1978 5118 jus
2009 5051 2107 5103 ali-

523 5151 665 5219 quod
687 5147 923 5218 pertinet
949 5144 1128 5199 nullus
1160 5143 1458 5206 addubitat,
1491 5141 1634 5211 quod
1681 5141 1896 5210 quidem
1943 5155 2104 5208 supra

523 5240 703 5296 omnia
751 5239 850 5294 sibi
901 5236 1226 5307 pertinentia
1277 5235 1448 5304 diligit
1505 5233 1869 5294 inonasteria;
1925 5231 2106 5286 multis

525 5347 738 5401 quoque
777 5329 1084 5399 apostolica:
1110 5327 1252 5381 sedis
1280 5323 1576 5394 privilegiis
1606 5331 1818 5377 constat
1837 5339 1956 5376 esse
1984 5338 2100 5375 tuu-

527 5422 718 5477 nitum.
747 5421 878 5489 Quae
902 5419 1083 5474 omnia
1132 5418 1361 5473 domnus
1393 5413 1799 5469 Matisconensis
1821 5413 2106 5482 episcopus

595 5535 709 5604 (tl)
741 5536 918 5590 lunuit
943 5551 976 5587 ν
1000 5550 1027 5588 r
1052 5541 1271 5588 sanctus
1299 5529 1608 5604 Alexandri
1623 5544 1774 5604 papa:
1797 5527 2011 5604 litteras
2033 5528 2098 5581 ad

524 5599 1047 5683 prmsulesGallizein
1069 5604 1264 5672 quibus
1286 5601 1491 5683 aiebat:
1519 5619 1536 5651 ι
1567 5599 1748 5683 Talem
1764 5599 1912 5652 vobis
1926 5600 2098 5677 virum

526 5676 798 5736 destinare
827 5676 1148 5736 curavimus,
1188 5689 1295 5741 quo
1333 5676 1583 5725 nimirum
1629 5678 1748 5741 post
1793 5676 2103 5741 nos_major

529 5749 584 5804 in
610 5749 847 5802 Itotnazxa
887 5745 1122 5798 Ecclesia
1155 5738 1446 5796 auctoritas
1477 5757 1581 5794 non
1611 5740 1854 5799 habetur,
1885 5738 2099 5791 Petrum

529 5819 774 5876 videlicet
811 5816 1124 5870 Damianum
1159 5815 1457 5868 Ostiensem
1510 5811 1842 5880 episcopum,
1882 5809 1970 5879 qui
2015 5807 2101 5864 ni-

2206 4686 2338 4742 locis
2369 4686 2807 4738 transmittimus.
2838 4684 2990 4738 Tunc
3029 4684 3080 4737 in
3115 4685 3286 4753 prima
3311 4683 3489 4738 fronte
3521 4686 3790 4754 receptio-

2209 4777 2292 4829 nis
2315 4776 2468 4842 quasi
2501 4775 2718 4843 palliata
2749 4774 3023 4827 locutione
3050 4772 3332 4839 deceptus,
3359 4788 3582 4826 rnunera
3609 4789 3704 4843 per
3728 4789 3786 4826 se

2209 4868 2318 4921 Deo
2346 4867 2541 4920 tradita
2565 4880 2669 4917 non
2697 4872 2779 4917 est
2801 4871 3141 4931 aspernatus.
3169 4862 3388 4916 Interim
3412 4863 3528 4916 dies
3551 4861 3745 4916 transit
3768 4879 3783 4926 ;
3875 4893 3880 4910 ε

2207 4952 2441 5022 peractis
2468 4951 2808 5016 necessariis,
2832 4953 3072 5013 membra
3096 4951 3264 5022 quieti
3287 4951 3553 5006 dedimus.
3577 4949 3787 5006 Interea
3872 4943 3877 4949 ’

2218 5046 2556 5098 diversarum
2581 5044 2969 5114 cogitationum
2997 5043 3277 5098 conﬂictus
3303 5044 3539 5096 animum
3565 5057 3792 5112 rapuere

2212 5134 2377 5189 illius.
2404 5133 2689 5204 Cogitabat
2718 5149 2786 5188 ne
2809 5134 2908 5206 sub
2949 5131 3106 5204 hujus
3156 5132 3480 5201 receptionis
3506 5132 3682 5202 specie
3713 5130 3793 5188 vi-

2217 5229 2346 5282 tium
2379 5228 2594 5296 aliquod
2624 5227 2884 5289 latitaret,
2911 5242 2976 5280 ne
3004 5227 3147 5297 quod
3171 5241 3269 5296 pro
3297 5227 3494 5278 futurae
3519 5222 3791 5279 mercedis

2209 5319 2406 5373 intuitu
2455 5315 2818 5381 laboraverat,
2877 5325 3095 5371 terreno
3136 5329 3360 5370 munere
3400 5313 3694 5384 deperiret,
3737 5322 3794 5366 et

2209 5409 2430 5471 fructus,
2461 5425 2597 5479 quos
2627 5419 2870 5462 maturos
2915 5407 3243 5460 manducare
3280 5404 3557 5462 debuerat.
3600 5401 3789 5458 obstu—

2207 5526 2402 5580 mirum
2433 5534 2485 5578 et
2515 5532 2700 5579 noster
2737 5531 2821 5578 est
2861 5521 3050 5577 oculus
3077 5530 3132 5576 et
3169 5521 3474 5590 apostolica:
3500 5520 3647 5576 sedis
3691 5519 3795 5574 im.

2209 5596 2406 5651 mobile
2443 5595 2861 5649 firmamentum.
2895 5611 2912 5642 ι
3440 5648 3448 5656 ,

2280 5665 2394 5736 (42)
2429 5666 2616 5720 Exstat
2642 5665 2799 5736 huius
2832 5660 3182 5736 jurisjurandi
3213 5661 3437 5736 formula
3467 5660 3519 5715 in
3550 5656 3793 5721 mitione

2211 5731 2447 5806 ()p'rrua:
2475 5738 2536 5790 ὅ.
2569 5731 2724 5792 Ρειιυῑ
2745 5734 2804 5786 υ.
2838 5743 2968 5788 tom.
3000 5731 3085 5793 Ill.
3111 5749 3160 5801 p.
3192 5734 3250 5791 9t
3270 5733 3312 5788 Ι,
