4028 6168
215 363 317 420 8Ί9

1033 356 1260 412 ADDIT.
1301 355 1393 410 AD
1433 354 1596 411 ΤΟΜ.
1639 351 1892 408 ΠΓΟΡΡ.
1936 350 1992 404 S.
2037 346 2241 403 PETRI
2284 316 2584 401 DAMIA‘RI.

3375 331 3482 392 883

213 473 556 546 pescenlibus
578 470 829 527 dentibus
853 469 1078 526 acerbos
1105 468 1217 538 ipse
1241 473 1609 522 consumeret.
1639 463 1792 534 Cogi-
1819 467 1870 527 Α
1896 460 2050 530 sequi
2090 458 2369 522 debemus,
2417 453 2622 509 sanctis
2664 449 2780 520 ejus
2835 446 3056 546 auribus
3088 444 3374 546 inculcavi.
3407 446 3483 505 De

216 567 366 621 tabat
393 563 742 633 quia'beatius
763 571 837 616 est
857 561 983 614 dare
1001 577 1158 630 quam
1185 559 1453 630 accipere;
1484 566 1538 613 et
1563 577 1575 611 :
1601 555 1797 610 Beatus

212 656 304 725 qui
328 651 591 707 subtrahit
617 667 802 704 manus
851 665 976 703 suas
1022 648 1086 701 ab
1125 649 1267 702 omni
1316 663 1551 700 munere.
1586 645 1711 700 [huc
1744 655 1800 700 et

217 745 323 799 alia
347 751 537 799 saneto
568 741 764 796 mentis
805 741 1055 796 examine
1088 740 1357 794 trutinans
1387 738 1794 808 compensahat.

217 839 374 892 Mane
412 845 592 890 autem
641 834 807 897 facto,
859 847 945 887 me
992 833 1226 902 primum
1280 830 1468 885 adesse
1522 829 1798 899 praecepit.

219 928 373 983 Tune
393 927 494 982 sibi
527 925 709 980 dilecti
742 924 985 978 Baruntii
1027 923 1363 987 memoriam,
1397 931 1555 993 prout
1605 921 1802 990 sacpius

218 1028 600 1082 consueverat,
624 1017 790 1090 coepit
818 1015 1038 1071 habere.
1071 1012 1136 1080 Ο,
1175 1014 1371 1084 inquit,
1403 1013 1448 1066 si
1479 1012 1566 1068 ille
1591 1012 1804 1067 charis-

217 1113 386 1167 silnus
415 1109 583 1163 frater
606 1117 789 1162 uoster
811 1107 1023 1162 adesset
1043 1105 1336 1160 Baruntius
1368 1103 1507 1175 (43),
1533 1102 1800 1159 salutiferi

218 1201 428 1256 consilii
459 1199 616 1254 nobis
645 1197 989 1267 propinasset
1014 1195 1297 1266 poculum!
1332 1193 1616 1264 Nunquam
1655 1192 1800 1248 enim

220 1291 352 1345 mihi
376 1296 434 1343 ut
462 1287 763 1358 acciperem
792 1285 1085 1356 persuasit,
1108 1285 1218 1338 imo
1248 1291 1310 1338 ut
1346 1292 1561 1338 terrena
1585 1295 1801 1351 sperne-

221 1395 334 1434 rem
367 1393 582 1449 semper
619 1376 905 1446 suggessit.
949 1375 1168 1430 Munera
1196 1375 1322 1439 ista,
1349 1389 1469 1443 qua:
1521 1373 1614 1426 tali
1654 1371 1800 1426 vcla-

220 1480 404 1526 lncnto
440 1471 597 1526 nobis
618 1469 958 1536 deferuntur,
994 1484 1098 1523 non
1129 1483 1249 1524 esse
1295 1451 1605 1536 accipienda
1651 1480 1804 1520 reco-

220 1563 329 1633 gito
349 1561 649 1631 ;justitiam
675 1561 820 1616 enim
855 1560 950 1615 Dei
979 1560 1269 1615 occasione
1301 1559 1542 1628 qualibet
1565 1558 1802 1620 vendere

221 1652 419 1718 timeo;
450 1660 786 1706 terrenarum
816 1665 995 1706 rerum
1035 1649 1342 1717 negotiator
1389 1661 1508 1700 esse
1555 1662 1660 1700 non
1707 1647 1802 1701 de-

218 1745 339 1799 beo.
369 1743 507 1807 Quid
541 1743 635 1793 tibi
663 1753 825 1808 super
852 1739 955 1792 hoc
977 1738 1223 1793 videatur
1257 1737 1475 1792 edicito.
1510 1737 1801 1806 Postquam

1900 569 2008 625 quo
2033 552 2249 624 quidem
2302 546 2528 604 consilio
2575 557 2687 598 sum
2733 537 3073 611 paternitatis
3123 551 3276 591 amor
3303 537 3355 590 in
3397 551 3483 593 me

1901 646 2072 710 nasci,
2108 643 2188 697 vel
2215 641 2416 714 potius,
2449 632 2506 692 ut
2530 644 2679 706 puto,
2739 630 2905 699 C(Bpit
2934 627 3140 699 augeri,
3171 643 3481 697 quanquam

1901 739 2163 793 hactenus
2194 748 2292 788 nec
2339 730 2406 784 ad
2452 727 2559 783 mei
2607 724 2690 779 vel
2736 719 2966 788 alicujus
3025 718 3272 773 notitiam
3332 732 3485 771 amor

1903 835 2018 905 ipse
2046 828 2388 902 pervenerit;
2422 825 2573 897 quasi
2602 823 2747 879 enim
2778 819 3016 891 quodam
3048 816 3168 886 gelu
3213 816 3388 870 adhuc
3429 813 3482 869 ill

1904 939 2116 996 gemma
2146 920 2495 983 constrictus,
2533 932 2633 970 nec
2657 914 2724 968 ad
2775 911 3050 966 fructuum
3092 907 3482 969 maturitatem,

1904 1030 2004 1071 nec
2033 1015 2098 1070 ad
2129 1012 2276 1066 floris
2305 1006 2743 1068 teneritudinem,
2779 1017 2879 1058 nec
2905 1000 3069 1054 etiam
3097 998 3166 1052 ad
3213 997 3483 1052 frondium

1903 1105 2237 1159 viriditatem
2260 1100 2457 1170 erupit.
2492 1096 2731 1152 Tandem
2761 1107 2828 1148 ne
2865 1099 3081 1145 interna:
3109 1086 3486 1142 retributionis

1906 1198 2113 1252 fructus
2134 1194 2312 1263 aliquo
2343 1190 2496 1248 nobis
2520 1202 2741 1243 munere
2767 1182 3060 1254 deperiret,
3088 1190 3142 1234 et
3175 1177 3487 1248 temporalis

1904 1286 2104 1342 oblatio
2134 1283 2414 1354 prmmium
2446 1291 2705 1334 aeternum
2735 1281 3102 1336 consumeret,
3147 1280 3405 1325 renuente
3434 1279 3487 1322 et

1904 1376 2310 1432 contradicente
2341 1373 2557 1435 abbate,
2585 1367 2841 1439 prmdicta
2872 1379 3094 1418 munera
3132 1361 3305 1416 eidem
3333 1358 3489 1414 dimi-

1905 1473 2098 1533 simus,
2126 1477 2180 1523 et
2208 1465 2512 1534 huiusmodi
2559 1461 2796 1531 pondere
2839 1472 2938 1512 nos
2990 1469 3220 1510 onerare
3272 1452 3484 1522 penitus

1908 1560 2206 1621 renuiinus,
2239 1556 2478 1625 nihilque
2504 1553 2570 1607 ab
2599 1569 2684 1616 eo,
2730 1559 2928 1621 printer
2971 1548 3126 1602 nobis
3159 1543 3485 1609 necessaria,

1911 1663 1967 1708 et
1995 1667 2114 1720 quin
2142 1649 2353 1705 itineris
2389 1645 2673 1717 prolixitas
2703 1641 3031 1712 requirebat,
3079 1654 3177 1693 nos
3215 1636 3490 1706 accepisse

1907 1747 2109 1802 recolo.
2141 1745 2232 1800 Sic
2265 1743 2456 1798 olliciis
2482 1739 2826 1796 salutationis
2850 1753 2914 1791 ex
2939 1745 3169 1806 utraque
3215 1747 3369 1804 parte
3398 1748 3493 1787 ex-

220 1847 352 1887 vero
383 1833 541 1902 huius
578 1831 710 1886 mihi
739 1831 954 1886 consilii
991 1847 1180 1885 ausum
1227 1831 1434 1893 tribuit.
1472 1846 1576 1883 non
1608 1829 1804 1895 solum.
1838 1825 1881 1883 Β
1911 1837 2120 1902 hibitis,
2160 1833 2376 1902 levigati
2403 1840 2459 1886 et
2489 1831 2696 1885 alacres
2725 1829 2790 1882 ad
2831 1827 3013 1882 dilecti
3040 1823 3490 1882 funtissolitudi-

219 1923 347 1993 quia
381 1922 644 1984 voluerat,
675 1921 912 1987 laudavi,
947 1921 1041 1976 sed
1070 1931 1128 1975 ut
1158 1920 1361 1975 faceret
1408 1919 1591 1974 multis
1625 1919 1802 1989 preci-
1835 1911 1865 1933 '

218 2015 320 2070 bus
344 2013 633 2084 postulavi,
655 2013 872 2084 etquod
910 2028 1204 2083 pauperem
1231 2013 1508 2068 Christum
1537 2027 1801 2082 pauperes

294 2126 409 2197 (45)
432 2124 491 2180 S.
517 2124 712 2197 Petrus
735 2125 795 2197 D.
829 2125 883 2180 in
911 2125 1276 2197 disputatione
1303 2125 1388 2197 De
1402 2125 1568 2197 variis
1592 2123 1805 2197 apparif

229 2193 528 2270 tionibusct
543 2195 966 2270 miraculiscap.
983 2193 1031 2258 ἱ,
1052 2196 1128 2270 ait
1144 2215 1156 2249 :
1175 2196 1464 2270 Baruntius
1483 2193 1642 2270 plane
1669 2193 1799 2270 mihi

221 2264 393 2325 frater
420 2265 690 2321 unanimis
735 2275 792 2320 et
829 2266 882 2320 ill
908 2264 1141 2322 iamoris
1199 2267 1455 2336 praecipui
1487 2264 1797 2320 dulcedine

227 2468 816 2493 w—

1912 1944 2036 1985 neln
2069 1927 2361 1982 redivilnus
2391 1922 2635 1979 Avellani
2659 1919 2792 1992 (si).

1909 2123 2219 2194 singularis,
2253 2132 2362 2180 etc.

1982 2189 2266 2265 (“Mulio
2289 2194 2428 2265 1065
2451 2191 2538 2247 die
2549 2191 2744 2265 5,_ante
2764 2191 2885 2249 Kal.
2909 2191 3248 2248 Novembris.
3272 2189 3492 2249 Confer.

1905 2262 2050 2320 Petri
2074 2262 2136 2319 Ι).
2163 2265 2326 2334 epist.
2354 2263 2450 2319 lib.
2483 2278 2557 2328 vl,
2581 2263 2635 2317 5.

706 2631 1474 2748 EXPOSITIO
1589 2629 2211 2746 CANONIS
2323 2628 2794 2764 MISSAS
2856 2607 2972 2681 (‘5’

1280 2850 1655 2911 SECUNDUM
1697 2850 1986 2908 PETRUM
2030 2850 2319 2909 DAMIANI
2357 2851 2496 2925 (46).

1683 3008 2040 3028 ﬂ

296 3120 347 3176 ι.
381 3117 486 3186 Qui
516 3115 684 3188 pridie
715 3130 875 3185 quam
894 3119 1178 3184 pateretur.
1211 3110 1370 3176 Ecce,
1398 3125 1525 3165 cum
1559 3125 1703 3166 nunc
1729 3110 1796 3166 ad
1824 3112 1870 3175 C
1901 3109 2182 3164 multitudo
2207 3108 2443 3179 ﬁliorum
2467 3107 2640 3166 Israel
2671 3111 2740 3165 ad
2767 3126 3054 3181 vesperam.
3090 3111 3159 3166 Et
3191 3121 3398 3167 sument
3430 3111 3495 3166 de

226 3210 420 3268 summi
458 3206 780 3265 sacramenti
811 3205 1065 3260 virtutem
1106 3204 1452 3269 accedamus,
1491 3201 1674 3258 deﬁcit
1703 3204 1811 3262 liu-

229 3319 357 3375 gua,
381 3315 560 3359 sermo
581 3300 841 3370 disparet,
865 3307 1154 3368 superatur
1175 3296 1473 3369 ingenium,
1492 3297 1816 3368 Oppi-imiter

227 3394 557 3450 intellectus.
587 3391 718 3460 Quis
743 3389 886 3446 enim
926 3390 1076 3446 novit
1116 3390 1362 3445 ordinem
1404 3389 1528 3446 cteli
1564 3401 1618 3446 et
1652 3401 1818 3461 ponat

231 3485 496 3540 rationem
525 3483 642 3554 ejus
681 3483 733 3536 in
769 3481 952 3536 terra?
987 3480 1094 3537 Sed
1121 3481 1400 3553 pulsemus
1425 3483 1493 3538 ad
1516 3483 1736 3550 ostium,
1769 3484 1816 3539 si

233 3573 375 3631 forte
412 3573 582 3630 clavis
621 3573 837 3643 aperire
874 3573 1148 3644 dignetur,
1177 3583 1236 3627 ut
1264 3574 1636 3629 accommodet
1662 3577 1818 3632 nobis

233 3673 342 3720 tres
364 3679 553 3735 panes,
585 3663 679 3734 qui
708 3663 943 3719 maxime
968 3663 1248 3718 nobiscum
1282 3671 1442 3718 erunt
1477 3664 1530 3718 ill
1560 3665 1663 3720 hoc
1686 3681 1818 3722 con-

229 3756 374 3830 vivio
413 3755 726 3812 necessarii.
760 3754 923 3810 Fides
964 3755 1111 3810 enim
1153 3755 1288 3825 petit
1327 3764 1384 3809 et
1423 3756 1654 3827 accipit;
1694 3773 1819 3827 spes

229 3837 424 3920 quairit
447 3853 504 3902 et
532 3844 768 3912 invenit;
797 3844 1039 3901 charitas
1069 3845 1252 3916 pulsat
1287 3855 1335 3901 et
1362 3848 1567 3922 aperit;
1605 3847 1741 3916 petit
1765 3857 1826 3910 et

230 3938 428 4008 accipit
465 3937 669 4003 vitam;
713 3936 910 4008 quaerit
966 3946 1022 3992 et
1069 3937 1276 3994 invenit
1317 3938 1493 4005 viam;
1540 3939 1724 4009 pulsat
1766 3949 1823 3996 et

231 4013 407 4104 aperit
457 4032 744 4096 veritatem
782 4048 795 4084 :
834 4030 884 4086 Is
917 4031 1062 4086 enim
1106 4032 1190 4086 via
1226 4041 1330 4098 est,
1368 4035 1573 4090 veritas
1603 4042 1657 4090 et
1686 4034 1818 4090 vita.

233 4123 337 4198 Qui
365 4124 648 4194 pridie,“
683 4123 806 4178 luna
839 4124 1009 4194 prima
1040 4125 1263 4192 mensis,
1294 4141 1415 4196 quis
1451 4134 1576 4183 tunc
1612 4129 1822 4183 exstitit

231 4224 382 4276 sexta
421 4214 578 4281 feria,
609 4230 802 4284 passus
833 4225 919 4270 est
953 4215 1233 4282 Dominus,
1263 4226 1318 4270 et
1355 4218 1610 4287 praedicta
1641 4229 1818 4287 nocte,

231 4305 479 4362 videlicet
503 4323 593 4370 xlv
621 4305 746 4360 luna
776 4307 946 4376 prima
973 4308 1175 4362 mensis
1203 4307 1272 4362 ad
1300 4323 1572 4378 vesperas,
1604 4319 1669 4363 ut-
1689 4311 1821 4380 legis

236 4397 436 4468 ﬁguras
480 4395 762 4465 impleret,
796 4403 918 4464 post
957 4396 1191 4466 typicum
1242 4397 1440 4465 pascha
1481 4399 1726 4468 corporis
1764 4409 1819 4454 et

237 4487 517 4560 sanguinis
543 4486 626 4542 sui
661 4495 1060 4541 sacramentum
1091 4486 1346 4548 instituit,
1375 4497 1426 4541 et
1456 4487 1677 4542 calicem
1709 4498 1817 4542 tra-
1848 4474 1894 4532 Ῑ)

237 4579 376 4636 didit
408 4576 878 4648 frequentandum.
913 4575 1005 4631 Sic
1038 4575 1180 4629 enim
1215 4574 1390 4629 fuerat
1417 4576 1815 4647 prtuliguratum

236 4670 289 4724 in
316 4668 531 4724 Exodo:
556 4666 770 4721 Decima
793 4668 876 4722 die
895 4668 1051 4736 primi
1079 4667 1270 4721 mensis
1295 4667 1442 4722 tollat
1466 4672 1819 4740 unusquisque

239 4774 432 4830 agnum
461 4775 554 4828 per
589 4758 770 4812 domos
799 4769 845 4811 et
877 4757 1136 4827 familias,
1171 4767 1218 4812 et
1254 4759 1476 4812 servabit
1510 4775 1626 4814 eum
1659 4777 1820 4831 usque

237 4847 305 4900 ad
331 4863 418 4902 ιιγ
446 4847 582 4901 diem
605 4847 796 4901 mensis
816 4846 992 4916 hujus,
1023 4846 1414 4918 immolabitque
1435 4865 1550 4902 eum
1581 4851 1821 4904 universa

310 5039 423 5164 (Α,Ξέ
464 5038 760 5119 Egregium
789 5039 891 5119 l_loc
919 5039 1258 5108 ieriuSCllltltil
1298 5042 1350 5095 ill
1397 5042 1632 5098 editione
1682 5042 1824 5113 Ope-

310 5127 354 5164 m
431 5150 442 5161 .
472 5108 618 5164 Petrl
659 5108 903 5162 Damlani
943 5125 1038 5164 lter
1074 5110 1258 5164 Const.
1287 5108 1600 5164 Caietannm
1635 5124 1821 5164 curata

236 5108 442 5197 ruinis.
472 5108 625 5197 rem
659 5108 906 5197 Damiani
943 5110 1258 5197 per-Const.
1287 5108 1600 5197 Caietauum
1635 5108 1821 5169 curata

239 5180 599 5243 desideratur,
640 5193 814 5248 neque
857 5179 908 5233 id
947 5179 1281 5234 'l‘ritllenlius
1320 5182 1478 5236 aliive
1535 5199 1626 5236 seu
1670 5194 1822 5238 vctu-

240 5249 434 5304 stiores
457 5265 552 5304 seu
569 5249 897 5304 recentiores
922 5249 1279 5319 bibliographi
1312 5253 1525 5307 novisse
1548 5254 1818 5308 videntur.

239 5319 429 5384 Exstat
459 5328 634 5374 tamen
667 5319 719 5372 in
753 5319 1008 5373 Vaticano
1045 5322 1191 5389 regio
1229 5322 1416 5376 codice
1447 5323 1552 5376 524
1578 5340 1699 5377 cum
1733 5339 1818 5378 re-

239 5389 407 5442 citato
429 5405 455 5442 a
482 5389 636 5444 uoltis
669 5389 1073 5458 titulo,quitum
1098 5391 1272 5458 initio,
1303 5401 1413 5446 tum
1438 5394 1598 5447 etiam
1628 5394 1680 5446 ill
1709 5393 1816 5448 line

240 5460 482 5527 opusculi
532 5459 807 5528 scribitur.
859 5459 1008 5516 Unus
1062 5460 1514 5528 Montfauconins,
1564 5463 1813 5516 bibliotll.

240 5543 393 5601 mss.,
413 5543 464 5601 p.
492 5527 557 5581 16
577 5529 750 5601 e168,
778 5541 1041 5584 memorat
1067 5532 1168 5584 hoc
1200 5532 1256 5585 S.
1284 5532 1427 5586 Petri
1454 5534 1513 5586 υ.
1548 5532 1813 5601 scriptum

239 5613 304 5650 ex
340 5599 512 5671 indice
541 5599 1078 5671 COlliClllllﬁSCllBUHiS
1109 5601 1334 5664 Petavii,
1366 5617 1503 5671 quos
1527 5599 1817 5671 plerosque

239 5683 428 5722 omnes
457 5667 508 5720 in
543 5667 742 5736 regium
777 5668 962 5723 Svecai
989 5667 1557 5734 bibliotltecatn,'nnnc
1592 5667 1810 5725 Vatiea-
1853 5689 1862 5697 ι

244 5753 394 5799 nam,
442 5738 754 5793 traltsivisse
798 5739 1016 5793 scimus.
1063 5739 1329 5816 Existimo
1369 5741 1531 5812 igitur
1571 5750 1815 5797 nostrum

1917 3201 2170 3280 sanguine
2200 3218 2263 3255 ac
2290 3211 2480 3271 ponent
2507 3218 2662 3272 super
2691 3213 2968 3272 utrumque
2996 3214 3192 3273 postem
3223 3207 3277 3259 iu
3313 3221 3512 3271 supcr-

1917 3291 2248 3347 liminaribus
2281 3293 2580 3358 domorum,
2613 3294 2667 3347 in
2699 3294 2887 3365 quibus
2920 3295 3188 3349 comedent
3222 3297 3390 3350 illum.
3427 3295 3496 3349 Et

1917 3387 2067 3441 edent
2117 3402 2300 3441 carnes
2343 3398 2490 3442 nocte
2524 3388 2618 3442 illa
2658 3404 2806 3442 assas
2840 3388 2968 3459 igni,
3001 3398 3047 3442 et
3083 3405 3297 3460 azyma:
3339 3405 3510 3460 panes.

1919 3494 2036 3532 cum
2078 3477 2297 3533 lactucis
2341 3479 2651 3549 agrestibus.
2697 3479 2763 3534 Et
2808 3491 2927 3550 post
2968 3496 3139 3550 pauca
3177 3499 3189 3535 :
3231 3479 3326 3536 Est
3360 3482 3513 3536 enim.

1920 3569 2124 3636 Phase,
2175 3572 2230 3625 id
2278 3582 2352 3627 est
2400 3573 2654 3628 transitus
2710 3571 2939 3628 Domini.
2990 3573 3292 3627 Transitum
3343 3575 3496 3634 istum

1918 3667 2154 3724 Joannes
2177 3668 2487 3722 determinat
2517 3668 2694 3722 dicens
2721 3683 2739 3722 :
2769 3669 2902 3723 Ante
2927 3669 3067 3722 diem
3090 3667 3312 3721 Pascha'
3332 3667 3512 3722 sciens:

1919 3763 2076 3818 Iesus
2093 3764 2219 3834 quia
2244 3763 2376 3817 venit
2401 3763 2530 3816 liora
2557 3772 2611 3817 ut
2637 3773 2868 3816 transeat
2889 3762 2954 3816 de
2974 3764 3072 3818 hoc
3096 3762 3290 3820 mundo
3311 3760 3380 3816 ad
3394 3756 3500 3812 Pa-

1921 3861 2075 3918 trem,
2105 3869 2225 3906 cum
2261 3851 2528 3906 dilexisset
2566 3869 2722 3917 suos,
2764 3852 2818 3906 in
2863 3852 3021 3921 ﬁnem
3059 3851 3241 3906 dilexit
3281 3867 3387 3904 eos.
3429 3845 3497 3901 Et

1921 3945 2062 4014 facta
2113 3961 2299 4010 mna,
2347 3944 2638 4016 complevit
2688 3959 2752 4000 ea
2811 3959 2931 4012 qua;
2981 3942 3197 3998 fuerant
3248 3943 3512 4016 figurata-

1921 4035 2190 4108 Egyptus
2205 4045 2290 4092 est
2305 4039 2563 4102 mund-us;
2586 4037 2995 4099 exterminatur,
3012 4035 3286 4100 diabolus;
3307 4047 3498 4104 agnus,

1921 4129 2206 4195 Christus;
2239 4129 2460 4198 sanguis
2486 4129 2639 4200 agni,
2666 4114 2850 4198 passio
2889 4128 3121 4193 Christi;
3165 4127 3356 4182 domus
3379 4128 3513 4182 ani-.

1923 4235 2155 4282 marum,
2179 4235 2438 4288 corpora;
2464 4218 2679 4274 familiae
2701 4220 2910 4282 domus,
2927 4217 3281 4289 cogitationes
3299 4215 3497 4271 cordis.

1924 4309 2036 4363 lloc
2068 4309 2331 4379 sanguine
2359 4309 2616 4379 tingimur
2646 4323 2742 4376 per
2767 4308 3035 4378 passionis
3059 4306 3250 4370 fidem;
3283 4305 3372 4360 illo
3398 4305 3502 4358 tin-

1923 4399 2104 4469 ginlur
2127 4415 2218 4467 per
2243 4399 2508 4468 passionis
2525 4399 2902 4462 imitationem,
2922 4399 3133 4468 signum
3155 4397 3336 4451 crucis
3361 4396 3502 4449 intus

1921 4498 1977 4542 et
2015 4489 2148 4541 foris
2187 4498 2518 4556 opponentes
2562 4499 2748 4542 contra
2798 4489 3140 4548 adversarius
3186 4494 3498 4556 potestates.

1920 4577 2162 4645 Denique
2197 4590 2390 4630 carnes
2435 4577 2556 4646 agni
2599 4577 2932 4632 comedimus
2965 4592 3085 4630 cum
3137 4577 3186 4629 ill
3235 4575 3503 4629 sacriﬁcio

1921 4682 2119 4736 corpus
2151 4667 2350 4723 Christi
2386 4669 2743 4738 suscipimus,
2772 4679 2825 4723 et
2861 4685 3082 4739 azylnos
3121 4682 3307 4736 panes,
3339 4666 3389 4719 id
3418 4671 3505 4720 est

1925 4759 2134 4812 sincera
2170 4773 2356 4828 opera,
2399 4774 2520 4813 cum
2556 4759 2785 4827 lactucis
2822 4759 3142 4828 agrestibus,
3187 4757 3239 4810 id
3268 4765 3354 4810 est
3381 4767 3501 4808 cum

1927 4848 2308 4902 amaritudine.

1926 5046 2166 5100 codicem
2219 5045 2326 5100 5'24
2358 5045 2531 5113 ipsum
2561 5059 2684 5101 esse
2713 5043 3088 5108 Petavianum,
3117 5049 3244 5097 nota
3271 5048 3504 5096 tantum-

1928 5118 2086 5186 lnodo
2117 5116 2396 5169 immutata
2433 5115 2720 5168 numerali.
2746 5116 3080 5186 Opusculunl
3109 5113 3324 5186 quidan
3345 5125 3504 5186 com-

1926 5185 2269 5241 mendatione
2294 5201 2409 5239 mea
2436 5202 2540 5238 non
2566 5181 2926 5255 indigetftum
2953 5188 3020 5236 ob
3042 5181 3281 5255 auctoris
3309 5181 3505 5252 glorio-

1926 5270 2044 5309 sum
2079 5271 2300 5317 nomen,
2339 5266 2449 5309 tum
2483 5254 2702 5324 prepter
2729 5257 3063 5311 reconditam
3099 5254 3420 5322 theologiam
3450 5257 3507 5305 et

1929 5323 2191 5393 religiosae
2219 5327 2433 5394 pietatis
2459 5323 2650 5380 sensus
2675 5327 2926 5380 eximios.

1994 5396 2107 5466 (46)
2151 5393 2561 5466 υάηιίαηὲγιιυιι
2616 5395 2934 5450 Damianum
2989 5394 3149 5466 habet
3199 5393 3399 5466 code},
3451 5396 3507 5466 ei

1922 5461 2138 5533 quidem
2177 5468 2377 5520 scimus
2415 5465 2632 5520 Petrum
2674 5469 2878 5520 dictum
2927 5465 3191 5523 Datniuni,
3236 5464 3285 5515 ill
3321 5461 3508 5514 fratris

1921 5535 2154 5589 benivoli
2191 5536 2438 5603 gratiam.
2473 5538 2723 5589 Attamen
2761 5539 2960 5590 sodalis
2991 5537 3135 5589 ιδεμ-ί
3182 5536 3234 5588 itt
3267 5533 3508 5587 deseri-—

1922 5607 2106 5729 [Bionis
2147 5606 2356 5662 itineris
2388 5605 2567 5676 gallic'-
2594 5622 2648 5660 n.
2673 5607 2730 5672 2,
2756 5607 2953 5677 aliique
2984 5617 3234 5660 auctores
3261 5603 3516 5658 scribunt

1978 5692 2238 5729 amianus.

1978 5692 2238 5730 amtanus.
