4018 6182
488 378 586 435 881

1629 373 1994 432 EXPOSITIO
2033 375 2115 432 CA
2127 375 2327 432 NONIS
2367 375 2612 432 Μιδςέε.

3652 386 3760 441 882

557 492 614 545 2.
646 486 858 557 Accepit
885 505 1092 559 partem.
1127 489 1252 544 Ideo
1283 505 1472 560 panem
1501 501 1556 546 et
1589 491 1773 546 vinum
1816 493 1870 546 in
1907 493 2072 547 sacri-
2102 500 2148 558 Α
2177 495 2319 564 quod
2347 502 2460 549 est:
2492 509 2554 548 ac
2583 493 2736 564 longe
2763 496 2934 564 majus
2961 505 3043 550 est
3074 499 3214 565 quod
3246 477 3350 552 non
3379 509 3460 552 est
3493 500 3558 551 de
3589 499 3758 556 nihilo
3817 483 3824 486 ’

491 582 676 636 ﬁcium
727 579 974 648 corporis
1011 590 1064 632 et
1091 581 1372 651 sanguinis
1399 581 1482 635 sui
1523 581 1775 637 Christus
1823 583 2075 646 instituit,

489 673 634 743 quod
663 673 808 726 sicut
845 687 956 741 pra:
997 675 1211 728 caeteris
1252 673 1389 728 cibis
1431 675 1806 743 corporalibus
1841 674 1992 743 panis
2023 683 2078 730 et

489 767 676 819 vinum
711 763 987 826 reﬁciunt,
1026 764 1098 816 ita
1146 779 1346 833 corpus
1381 776 1436 819 et
1477 765 1697 834 sanguis
1730 765 1928 822 Christi
1966 781 2078 835 pra:

489 855 703 911 caeteris
733 855 870 910 cibis
900 865 956 910 et
995 855 1208 925 potibns
1235 856 1609 924 spiritualibns
1639 857 1950 911 interiorem
1982 857 2080 912 bo-

490 946 694 1000 miuem
719 944 968 1000 reﬁciunt
995 954 1052 1000 et
1075 945 1346 1015 saginam.
1379 945 1554 1012 Unde,
1581 963 1704 1000 caro
1727 963 1841 1001 mea
1865 963 1980 1002 rere
2001 959 2076 1004 est

489 1037 655 1099 cibus,
702 1044 752 1090 et
801 1037 1018 1105 sanguis
1073 1051 1218 1090 meus
1270 1053 1383 1090 uere
1425 1045 1498 1090 cst
1549 1047 1720 1106 potus.
1765 1035 1903 1102 Quia
1947 1052 2076 1094 vero

487 1127 740 1183 Christus
765 1127 977 1197 accepit
1005 1141 1199 1196 panem
1229 1135 1286 1182 et
1313 1127 1536 1182 calicem
1565 1127 1620 1182 in
1649 1137 1870 1181 sanctas
1898 1141 1960 1180 ac
1988 1137 2078 1180 ve-

489 1219 762 1273 nerabiles
799 1235 992 1273 manus
1031 1234 1188 1284 snas;
1217 1227 1272 1273 et
1309 1219 1562 1274 sacerdos
1589 1219 1840 1288 exemplo
1873 1218 2076 1274 Christi

483 1325 710 1364 saniem
739 1320 796 1364 et
825 1311 1139 1380 sanguinem
1167 1311 1218 1364 in
1245 1326 1438 1366 manus
1461 1311 1753 1381 accipiens,
1786 1321 2078 1381 utrumque

481 1415 588 1471 per
611 1415 670 1454 se
701 1401 974 1454 benedicit
1001 1401 1178 1457 crucis
1204 1401 1502 1472 signaculo.
1529 1402 1692 1457 Panis
1719 1402 2076 1457 fermentatus

489 1507 596 1545 non
636 1491 798 1546 debet
829 1491 1013 1546 otl‘erri
1053 1493 1106 1546 in
1133 1493 1485 1558 sacriﬁcium,
1515 1501 1626 1546 tum
1673 1494 1881 1548 ratione
1921 1491 2072 1557 facti,

491 1594 604 1638 tum
653 1584 868 1638 ratione
911 1584 1176 1653 mysterii.
1217 1585 1308 1640 Sic
1347 1585 1543 1654 legitur
1592 1585 1644 1638 in
1686 1585 1892 1640 Exodo.
1945 1583 2076 1638 Fer-

488 1684 730 1730 mentutn
769 1676 933 1730 etiam
972 1677 1376 1745 corruptionem
1415 1677 1708 1746 signiﬁcat,
1753 1687 1891 1732 teste
1932 1675 2077 1746 Apo-

485 1766 627 1822 stolo
651 1782 668 1820 :
691 1767 958 1820 modicum
981 1767 1296 1836 fermentum
1319 1777 1482 1821 totum
1505 1783 1734 1823 massam
1764 1769 2071 1836 corrumpit.

2183 597 2372 639 creare
2395 601 2556 654 quam
2580 585 2721 655 quod
2737 595 2820 639 est
2841 587 2893 640 in
2922 587 3064 641 aliud
3091 598 3470 642 transmittare.
3490 589 3544 642 Si
3568 591 3764 646 dixerit

2181 675 2415 746 aliquis:
2443 675 2640 732 Certus
2677 692 2796 731 sum
2835 691 2934 747 ego
2973 678 3197 732 omnino
3229 679 3371 748 quod
3413 675 3621 746 valeat,
3657 698 3761 736 non

2179 783 2300 823 sum
2341 777 2522 824 certus
2563 769 2706 839 quod
2739 768 2899 834 velit;
2936 770 2981 824 si
3023 770 3234 824 dubitat
3265 788 3392 841 ergo
3430 775 3604 841 quod,
3638 792 3760 828 cum

2177 857 2430 914 Christus
2459 860 2760 928 accepisset
2785 875 3000 929 panem,
3031 861 3321 921 benedixit.
3351 864 3447 915 hoc
3474 875 3546 916 est
3574 882 3762 934 corpus

2177 967 2374 1015 meum,
2399 951 2616 1006 Veritas
2644 951 2746 1006 hoc
2776 951 2929 1016 dicit,
2955 961 3010 1006 et
3035 952 3155 1007 ideo
3180 967 3367 1008 verum
3407 964 3488 1010 est
3515 959 3760 1011 omnino.

2179 1040 2246 1094 Et
2271 1040 2398 1094 alibi
2427 1040 2510 1093 :N
2517 1041 2584 1094 isi
2607 1041 3047 1096 manducaveritis
3069 1060 3282 1097 carnem
3311 1042 3438 1098 Filii
3463 1047 3687 1101 hominis
3719 1061 3762 1101 et

2179 1129 2412 1184 biberitis
2441 1131 2556 1200 ejus
2579 1132 2909 1201 sanguinem,
2939 1149 3042 1186 non
3067 1134 3319 1188 habebitis
3342 1135 3497 1188 vitam
3525 1137 3576 1189 in
3599 1138 3741 1189 robis

2179 1220 2246 1275 Et
2266 1223 2333 1274 ad
2357 1221 2620 1290 majorem
2641 1223 2892 1278 veritatis
2913 1223 3317 1293 expressionem
3333 1228 3415 1296 adj
3427 1229 3578 1282 unxit
3595 1247 3606 1282 :
3624 1227 3760 1282 Caro

2177 1327 2294 1366 mea
2334 1329 2450 1367 rere
2487 1323 2559 1366 est
2587 1314 2765 1379 cibus,
2805 1323 2854 1368 et
2893 1317 3107 1386 sanguis
3148 1334 3294 1370 meus
3337 1335 3450 1372 vere
3489 1330 3562 1372 est
3583 1329 3760 1387 potus.

2247 1403 2300 1458 ι.
2343 1403 2456 1476 Ego
2482 1419 2614 1460 vero
2641 1407 2732 1475 qui
2759 1405 2922 1460 vitam
2947 1417 3204 1463 alternam
3253 1407 3453 1463 habere
3480 1409 3755 1476 desidero,

2177 1509 2398 1550 carnem
2425 1495 2628 1551 Christi
2659 1498 2929 1552 veraciter
2961 1499 3184 1554 comedo
3214 1507 3269 1553 et
3293 1499 3612 1570 sanguinem
3643 1499 3760 1567 ejus

2175 1585 2447 1656 veraciter
2474 1587 2623 1651 bibo,
2663 1587 2810 1642 illam
2845 1587 3030 1656 utique
3054 1603 3275 1642 carnem
3308 1605 3467 1658 quam
3501 1590 3668 1644 traxit
3694 1591 3762 1645 de

2177 1671 2420 1744 Virgine,
2450 1683 2506 1729 et
2533 1675 2679 1729 illum
2703 1676 3034 1746 sanguinem
3073 1692 3231 1746 quem
3265 1675 3450 1730 effudit
3490 1679 3540 1730 in
3575 1693 3758 1733 cruce.

2177 1763 2331 1821 Sicut
2362 1773 2416 1818 et
2449 1765 2608 1819 vidua
2650 1763 2992 1835 Sarephtana
3047 1766 3288 1833 quotidie.
3323 1765 3674 1830 comedebat,
3707 1773 3763 1822 et

485 1855 663 1912 (ἓνωεί
699 1866 882 1911 tamen
925 1858 977 1911 in
1017 1873 1114 1913 suo
1149 1860 1457 1928 pertinaces
1493 1875 1682 1914 errore
1712 1861 1780 1915 de
1809 1859 2074 1914 fermento
2103 1859 2149 1921 B
2177 1871 2282 1910 non
2313 1855 2720 1911 diminnebatnr
2745 1857 2923 1910 farina
2963 1858 3029 1912 de
3067 1857 3280 1928 hydria,
3312 1867 3366 1912 et
3390 1857 3567 1911 oleum
3602 1857 3742 1914 dele

487 1946 799 2002 conﬁciunt.
843 1947 1074 2003 Elecatis
1119 1949 1282 2004 oculis
1324 1951 1378 2003 in
1423 1950 1628 2004 castum.
1685 1950 1812 2006 Htec
1851 1950 2070 2020 quidem

483 2036 650 2091 verba
687 2035 866 2091 nullos
893 2037 1224 2107 evangelista
1260 2040 1536 2096 describit.
1573 2041 1706 2109 Quis
1743 2057 1873 2112 ergo
1905 2048 2072 2096 tanta:

481 2129 918 2199 praesumptionis
961 2131 1174 2200 exstitit
1213 2141 1308 2185 aut
1355 2134 1702 2212 audacitn.ut
1745 2134 1864 2189 haec
1903 2134 1970 2189 de
2013 2147 2072 2188 se

481 2220 752 2289 exponat?
785 2219 928 2275 Sane
959 2222 1118 2277 istam
1149 2221 1380 2277 formam
1413 2227 1480 2279 ab
1521 2227 1640 2294 ipso
1669 2224 1890 2280 Christo
1917 2240 2070 2281 acce-

481 2318 680 2380 perunt
717 2311 980 2380 apostoli,
1011 2321 1065 2366 et
1093 2314 1159 2366 ab
1193 2313 1324 2382 ipsis
1355 2315 1620 2370 Ecclesia.
1659 2314 1822 2369 Multa
1849 2316 2068 2386 quidem

483 2410 594 2454 tam
631 2403 700 2458 de
724 2403 905 2458 verbis
941 2419 1105 2472 quam
1130 2405 1196 2458 de
1227 2405 1386 2460 factis
1412 2407 1877 2475 praetermiserunt
1904 2421 2072 2462 evan-

481 2496 710 2565 gelistte,
749 2511 870 2565 qua:
910 2507 1086 2550 tamen
1120 2497 1348 2566 apostoli
1384 2498 1804 2568 suppleverunt;
1843 2506 2070 2568 possunt

455 2599 666 2668 οιειιῐιειι
731 2590 847 2642 haec
897 2603 964 2642 ex
1013 2587 1132 2643 aliis
1188 2589 1320 2644 locis
1371 2588 1644 2660 Evangelii
1701 2587 2066 2660 comprobari.

480 2681 716 2736 Joannes
755 2683 900 2737 enim
941 2682 1136 2738 Lazari
1183 2684 1592 2738 suscitationem
1624 2681 1942 2739 describens
1989 2691 2070 2738 te-

481 2785 660 2831 statur
679 2777 820 2844 quod
837 2777 992 2831 Iesus
1007 2777 1218 2831 elevatis
1242 2793 1454 2831 sursum
1481 2775 1648 2831 oculis
1675 2777 1810 2831 dixit
1835 2791 1852 2829 :
1880 2773 2065 2842 Pater,

480 2867 680 2934 gratias
719 2881 818 2935 ago
857 2865 946 2918 tibi
977 2868 1227 2936 quoniam
1259 2866 1459 2919 audisti
1493 2883 1596 2922 me.
1633 2867 1762 2922 Item
1796 2865 1962 2922 alibi:
1997 2863 2068 2920 Et

481 2955 760 3010 sublevem
785 2957 838 3010 iu
871 2957 1055 3011 caelum
1091 2957 1258 3012 oculis
1290 2959 1464 3012 dixit:
1489 2955 1672 3024 Pater,
1708 2959 1944 3028 clariﬁca
1974 2957 2070 3013 Fi-

481 3045 610 3100 lium
635 3058 802 3100 tuum.
832 3046 938 3103 Sed
967 3048 1108 3103 sicut
1137 3049 1190 3103 in
1214 3049 1410 3104 ctelnm
1438 3050 1624 3107 oculos
1649 3049 1846 3105 levavit
1874 3050 1940 3106 ad
1965 3049 2070 3106 Pa-

485 3149 656 3206 trem,
710 3155 834 3194 cum
883 3141 1118 3196 animam
1169 3139 1362 3196 Lazari
1411 3151 1693 3198 revocaret
1735 3141 1800 3196 ad
1845 3157 2067 3212 corpus,

483 3242 688 3298 quanto
727 3232 898 3301 magis
937 3233 1266 3288 credendum
1301 3243 1386 3290 est
1423 3235 1565 3304 quod
1605 3243 1736 3290 tunc
1771 3211 1960 3291 oculos
1998 3235 2068 3290 ad
2093 3211 2140 3274 Ο

483 3320 706 3377 Patrem
729 3321 783 3376 in
808 3322 1004 3378 coelum
1029 3321 1312 3388 levaverit,
1341 3337 1464 3376 cum
1497 3339 1692 3394 panem
1717 3333 1770 3377 ct
1795 3323 1980 3379 vinum
2013 3323 2066 3377 in

484 3427 680 3482 corpus
717 3415 996 3485 proprium
1040 3409 1683 3469 couzmutabatiﬂratias
1721 3431 1900 3484 agens.
1933 3411 2070 3468 ilinc

485 3520 700 3574 quoque
743 3505 1015 3577 colligitur
1063 3505 1206 3559 unde
1252 3505 1581 3560 sacriﬁcium
1629 3505 1819 3559 laudis.
1853 3504 2070 3560 Gratias

485 3598 680 3666 agebat
715 3611 821 3650 non
863 3611 960 3666 pro
999 3611 1080 3662 sc,
1119 3597 1211 3652 sed
1245 3613 1344 3667 pro
1377 3595 1749 3668 redemptione
1789 3596 2068 3652 hominum

485 3689 562 3740 sic
592 3685 794 3741 futura.

555 3777 610 3832 3.
640 3778 938 3833 Benedirit.
968 3778 1195 3846 Quidam
1222 3780 1476 3834 dixerunt
1497 3779 1638 3850 quod
1665 3777 1912 3834 Christus
1941 3793 2070 3833 con-

485 3869 615 3926 fecit
654 3885 777 3926 cum
821 3873 1117 3935 benedixit,
1152 3872 1390 3926 litteram
1428 3879 1803 3926 construentes
1846 3871 1947 3924 hoc
1981 3887 2065 3924 or-

485 3961 610 4015 c’ine
637 3979 648 4014 :
680 3964 878 4031 accepit
905 3979 1090 4032 panem
1121 3972 1166 4015 et
1191 3961 1482 4026 benedixit;
1508 3962 1938 4016 subaudiendum
1964 3969 2067 4026 est,

485 4061 664 4105 arcens
687 4067 708 4107 :
739 4049 854 4105 Hoc
876 4063 948 4106 est
978 4069 1166 4122 corpus
1201 4069 1392 4106 nicum.
1433 4051 1590 4106 Prius
1619 4068 1747 4122 ergo
1773 4053 1857 4105 illa
1883 4063 2071 4122 protu-

491 4143 584 4208 lit,
614 4151 670 4196 ut
701 4143 780 4198 eis
809 4143 916 4197 vim
943 4143 1268 4198 conﬁciendi
1303 4145 1594 4208 tribueret;
1625 4144 1819 4200 deinde
1847 4143 2072 4212 protulit

486 4235 706 4297 eadem,
756 4241 813 4288 ut
857 4235 1129 4303 apostolos
1177 4233 1406 4288 formam
1457 4233 1778 4288 conﬁciendi
1823 4233 2067 4289 doceret.

487 4325 632 4398 Sane
664 4325 766 4380 dici
799 4335 978 4394 potest
1000 4326 1141 4394 quod
1172 4325 1422 4380 Christus
1449 4326 1649 4379 virtute
1674 4325 1854 4380 divina
1887 4323 2072 4380 confe-

485 4419 624 4472 cerit
653 4433 852 4488 corpus
886 4434 948 4472 ca
979 4417 1152 4472 forma
1181 4433 1435 4488 expressa
1469 4419 1569 4473 sub
1607 4433 1710 4488 qua
1743 4419 1944 4488 posteri
1978 4419 2070 4474 be-

487 4511 826 4574 nedicerent;
871 4514 982 4582 ipse
1018 4527 1250 4582 namque
1281 4529 1378 4582 per
1413 4529 1470 4569 se
1507 4515 1708 4568 virtute
1734 4514 1952 4584 propria
1979 4515 2072 4568 be-

487 4601 724 4666 nedixit;
755 4618 852 4655 nos
876 4611 1054 4656 autem
1080 4619 1146 4656 ex
1175 4602 1261 4655 illa
1285 4603 1486 4657 virtute
1506 4619 1670 4672 quam
1697 4603 1865 4656 edidit
1889 4603 2063 4657 nobis.

395 4707 438 4718 "
486 4691 620 4768 Cum
661 4707 790 4762 ergo
831 4693 1088 4748 sacerdos
1129 4693 1218 4746 illa
1257 4693 1458 4747 Christi
1504 4694 1668 4747 verba
1711 4693 2066 4759 pronuntiat:

489 4781 606 4837 Hoc
629 4793 703 4836 est
733 4801 922 4852 corpus
953 4801 1148 4847 meum,
1179 4786 1264 4838 hic
1287 4795 1360 4837 est
1392 4786 1606 4854 sanguis
1637 4801 1804 4848 meus,
1838 4784 1992 4854 [fanis
2016 4790 2072 4838 et

485 4874 670 4928 vinum
698 4875 748 4928 in
774 4891 992 4930 carnem
1017 4884 1068 4930 et
1099 4876 1415 4946 sanguinem
1440 4875 1773 4929 convertitur
1796 4874 1882 4927 illa
1913 4872 2072 4928 Verbi

487 4965 688 5020 virtute
727 4982 830 5034 qna
875 4965 1096 5020 Verbum
1140 4983 1265 5019 caro
1305 4965 1503 5033 factum
1539 4973 1612 5019 est
1653 4975 1700 5018 et
1738 4961 1988 5018 habitavit
2018 4963 2072 5018 in

453 5095 458 5100 -
489 5057 667 5122 nobis;
697 5071 802 5128 qua
837 5059 968 5111 dixit
1003 5067 1050 5111 et
1081 5058 1226 5128 facta
1265 5068 1420 5123 sunt;
1451 5073 1554 5127 qua
1587 5055 1842 5111 femindm
1877 5057 1928 5110 in
1967 5065 2072 5110 sta-

489 5157 634 5203 tuam
681 5151 940 5215 mutavit;
976 5167 1080 5219 qna
1121 5151 1326 5219 virgam
1365 5150 1630 5204 convertit
1670 5149 1722 5202 in
1749 5147 2068 5212 colubrum;

485 5253 592 5308 qna
621 5235 1056 5294 fontes'mntavit
1089 5239 1140 5292 in
1171 5241 1522 5310 sanguinein;
1561 5255 1664 5309 qua
1700 5255 1891 5308 aquam
1927 5255 2070 5292 com-

485 5329 714 5383 mutavit
741 5331 794 5384 in
827 5331 1031 5384 vinum.
1060 5329 1190 5384 Nam
1223 5329 1266 5384 si
1298 5331 1520 5382 verbum
1545 5327 1672 5382 Elia:
1698 5327 1868 5398 potuit
1893 5329 2070 5398 ignem

486 5419 553 5474 de
607 5419 746 5477 cualo
800 5422 1142 5492 depromere,
1175 5421 1398 5476 verbum
1445 5419 1644 5474 Christi
1705 5437 1808 5472 non
1870 5419 2064 5488 poterit

487 5525 681 5578 panem
739 5511 790 5565 in
851 5526 1074 5566 carnem
1116 5512 1360 5566 mutare?
1393 5509 1526 5578 Quis
1571 5511 1670 5564 hoc
1717 5509 1914 5563 audeat
1970 5525 2076 5578 pn-

487 5611 608 5658 tare
637 5603 701 5658 de
735 5619 800 5657 eo
848 5603 934 5659 Cui
973 5603 1178 5658 nullum
1211 5603 1430 5659 verbum
1472 5611 1553 5658 est
1600 5600 1950 5671 impossibile,
1980 5617 2074 5668 per

486 5710 638 5760 quem
680 5695 858 5748 omnia
891 5693 1032 5762 facta
1072 5704 1222 5760 sunt,
1253 5697 1364 5748 sine
1404 5711 1506 5763 quo
1551 5693 1748 5762 factum
1793 5702 1866 5745 est
1906 5691 2073 5744 nihil?

489 5785 652 5839 Certe
681 5785 856 5854 magis
886 5795 970 5839 est
999 5799 1184 5840 creare
1213 5783 1354 5854 quod
1395 5799 1500 5838 non
1545 5793 1628 5837 cst
1669 5798 1832 5852 quant
1862 5791 2070 5834 mutare

2173 1948 2364 2018 cytho;
2393 1947 2474 2004 sic
2509 1948 2760 2003 universa
2784 1947 3026 2004 Ecclesia
3063 1949 3305 2018 quotidie
3328 1951 3519 2012 sumit,
3549 1958 3604 2003 et
3628 1966 3752 2004 nun-

2171 2053 2334 2106 quam
2367 2038 2642 2094 consumit
2664 2053 2885 2094 carnem
2917 2047 2972 2093 et
2997 2040 3316 2109 sanguinem
3352 2039 3560 2094 Domini
3587 2040 3758 2094 uestri

2169 2127 2297 2184 Jesu
2329 2129 2554 2185 Christi.
2587 2130 2788 2186 Verum
2821 2146 2888 2184 an
2925 2139 3111 2200 partes
3149 2131 3201 2185 in
3241 2140 3440 2199 partes,
3479 2147 3546 2184 an
3589 2139 3758 2186 totum

2170 2221 2224 2277 in
2268 2231 2440 2277 totum
2487 2229 2762 2290 transeat,
2809 2223 2958 2277 novit
3003 2222 3095 2278 ille
3137 2222 3228 2292 qui
3276 2213 3433 2286 facit;
3475 2237 3575 2292 ego
3615 2225 3760 2292 quod

2171 2313 2446 2367 residuum
2483 2321 2570 2367 est
2609 2312 2734 2382 igne
2767 2313 3049 2378 comburo,
3078 2329 3204 2367 nam
3229 2315 3452 2368 credere
3482 2312 3758 2382 jubemur,

2170 2403 2506 2472 distinguere
2540 2403 2916 2474 prohibemur.
2958 2403 3067 2460 Sed
3102 2404 3228 2476 quia
3268 2405 3432 2460 instat
3465 2405 3757 2474 qnarcntis

2171 2493 2515 2565 improbitas,
2543 2493 2690 2549 salva
2733 2494 2837 2550 ﬁde
2867 2495 3226 2550 concedemus
3267 2495 3408 2564 quod
3456 2495 3576 2549 talis
3603 2498 3758 2566 panis

2169 2584 2226 2640 in
2255 2585 2359 2640 tale
2381 2600 2578 2656 corpus
2599 2593 2990 2650 commutatur,
3015 2600 3117 2640 nec
3137 2599 3263 2656 pars
3286 2585 3338 2640 in
3363 2594 3595 2655 partem.
3616 2585 3759 2642 Reor

2173 2687 2374 2746 tamen,
2398 2679 2548 2735 salva
2573 2681 2696 2735 ﬁdei
2723 2679 3024 2750 majestate,
3050 2681 3220 2751 quod,
3245 2681 3332 2736 ubi
3360 2682 3514 2752 panis
3535 2691 3618 2737 est
3639 2697 3760 2737 con.

2169 2781 2440 2839 secratus,
2456 2781 2602 2828 totus
2623 2781 2708 2828 est
2725 2773 2977 2829 Christus
2997 2773 3052 2827 in
3079 2781 3186 2828 tota
3209 2774 3392 2843 specie
3413 2771 3590 2843 panis.
3616 2781 3762 2828 totus

2170 2865 2271 2922 sub
2296 2861 2524 2936 singulis
2543 2863 2803 2935 partibus,
2832 2873 2976 2920 totus
3003 2863 3059 2920 in
3083 2879 3299 2937 magno,
3326 2873 3468 2919 totus
3490 2864 3543 2918 in
3565 2879 3756 2933 parvo,

2171 2964 2319 3011 totus
2359 2955 2412 3010 in
2451 2955 2682 3026 integro,
2713 2962 2862 3010 totus
2904 2953 2960 3008 in
3007 2953 3204 3010 fracto.
3239 2951 3366 3010 Scio
3398 2963 3576 3008 tamen
3609 2955 3753 3024 quod

2170 3046 2372 3102 dicitur
2407 3061 2439 3101 a
2481 3046 2806 3116 quibusdam
2837 3064 2850 3100 :
2891 3045 3142 3114 Quandiu
3178 3047 3387 3117 species
3415 3047 3623 3118 integra
3652 3055 3760 3112 est,

2121 3153 2128 3176 ί
2173 3138 2274 3193 sub
2316 3137 2468 3194 totali
2502 3137 2684 3207 specie
2714 3137 2880 3192 totale
2909 3153 3110 3208 corpus
3139 3137 3356 3203 existit;
3396 3135 3485 3192 ubi
3517 3131 3760 3192 vero'di-

2171 3229 2396 3291 viditur,
2429 3229 2483 3282 in
2515 3227 2747 3298 singulis
2783 3227 3142 3282 divisionibus
3183 3227 3373 3297 incipit
3403 3241 3523 3282 esse
3561 3236 3760 3290 totum.

2172 3317 2314 3373 sicut
2341 3318 2396 3372 in
2428 3317 2668 3389 speculo,
2700 3317 2827 3372 dum
2851 3327 2938 3372 cst
2967 3317 3261 3387 integrum,
3293 3332 3398 3371 una
3428 3327 3636 3371 tantum
3663 3333 3754 3386 ap-

2171 3417 2326 3478 paret
2353 3407 2690 3477 inspicientis
2717 3406 2924 3477 imago;
2952 3407 3067 3471 sed,
3099 3407 3217 3476 ipso
3250 3405 3446 3472 fracto,
3481 3415 3558 3460 tot
3586 3422 3722 3476 appa

2165 3505 2294 3554 'rent
2331 3498 2594 3569 imagines
2627 3507 2758 3564 quot
2788 3505 2916 3552 sunt
2949 3497 3223 3551 fracturae.
3255 3496 3528 3564 Quaeritur
3566 3507 3752 3550 utrum

2172 3603 2367 3659 corpus
2395 3588 2733 3642 Dominicum
2766 3587 2836 3642 sit
2871 3587 3062 3652 locale,
3109 3597 3288 3641 utrum
3331 3587 3492 3642 faciat
3523 3587 3752 3642 loculum

2171 3680 2509 3744 distantiam,
2541 3689 2720 3734 utrum
2750 3678 2852 3732 dici
2894 3677 3088 3733 debeat
3125 3679 3266 3747 quod
3291 3679 3437 3748 jacet
3477 3687 3570 3732 aut
3601 3681 3755 3734 sedet

2172 3780 2264 3824 aut
2285 3779 2422 3835 stat;
2446 3772 2538 3825 sed
2562 3779 2614 3823 et
2635 3770 2738 3823 alia
2765 3769 2930 3824 multa
2955 3771 3099 3825 circa
3121 3780 3440 3840 praesentem
3465 3769 3755 3825 articulum

2172 3862 2372 3932 inquiri
2403 3869 2618 3931 possent
2639 3903 2652 3926 ,
2683 3877 2802 3929 qum
2831 3859 3022 3914 melius
3053 3861 3254 3914 intacta
3287 3860 3407 3914 volo
3449 3859 3757 3928 relinquere

2172 3968 2332 4023 quam
2359 3962 2560 4006 temere
2586 3951 2842 4016 deﬁnire;
2874 3967 2996 4003 nam
3029 3950 3190 4004 bestia
3211 3967 3328 4018 qua:
3357 3949 3578 4020 tetigerit
3609 3967 3756 4002 mon-

2172 4051 2272 4096 tem
2303 4041 2642 4111 lapidabitur.
2672 4041 2863 4094 Tutius
2892 4051 2974 4094 est
3005 4041 3056 4094 in
3097 4041 3298 4094 talibus
3324 4041 3457 4094 citra
3487 4042 3750 4094 rationem

2171 4133 2467 4187 subsistere
2498 4147 2660 4200 quam
2690 4131 2826 4184 ultra
2859 4130 3124 4184 rationem
3160 4131 3446 4194 excedere,
3487 4145 3552 4186 ne
3587 4129 3744 4186 forte.

2171 4224 2312 4295 quod
2339 4224 2500 4288 absit,
2517 4237 2638 4278 ossa
2660 4223 2803 4293 regis
2827 4223 3072 4276 ldninrete
3092 4223 3406 4294 redigantur
3421 4222 3472 4275 in
3489 4222 3750 4276 cinerem.

2241 4315 2293 4369 5.
2325 4312 2528 4384 Fregit.
2557 4313 2706 4368 Solet
2735 4328 2764 4366 a
2801 4313 2984 4368 multis
3015 4313 3240 4383 inquiri,
3265 4311 3358 4367 sed
3394 4329 3422 4366 a
3451 4313 3639 4382 paucis
3665 4311 3752 4366 in-

2174 4403 2360 4475 telligi,
2393 4405 2520 4473 quid
2567 4403 2837 4473 frangitur
2871 4404 2964 4468 ibi,
3007 4405 3135 4474 quid
3176 4419 3207 4457 a
3243 4417 3396 4459 mure
3424 4403 3752 4471 corraditur,

2177 4501 2306 4570 quid
2334 4499 2457 4554 inde
2480 4491 2757 4554 crematur
2781 4515 2902 4554 cum
2932 4508 3330 4552 sacramentum
3355 4507 3753 4553 concrematur-

2179 4594 2500 4665 Responsio.
2543 4591 2700 4646 Sicut
2733 4587 3055 4643 miraculose
3086 4585 3422 4640 convertitur
3459 4585 3762 4639 substantia

2180 4687 2233 4742 in
2256 4701 2454 4755 corpus
2479 4683 2814 4740 Dominicum
2839 4689 2893 4733 et
2915 4679 3099 4748 incipit
3124 4693 3242 4732 esse
3265 4679 3363 4731 sub
3386 4687 3759 4739 sacramento;

2179 4777 2258 4831 sic
2295 4771 2695 4844 quodammodo
2729 4768 3054 4823 miraculose
3093 4765 3402 4830 revertitur,
3427 4781 3548 4818 cum
3589 4766 3761 4834 ipsum

2180 4867 2249 4922 ibi
2285 4865 2488 4921 desinit
2515 4879 2654 4918 esse.
2687 4861 2753 4916 Et
2781 4875 2887 4915 non
2918 4857 3060 4914 valet
3095 4858 3165 4913 ibi
3199 4857 3346 4912 locus
3377 4871 3406 4910 a
3439 4855 3760 4926 coniugatis,

2179 4959 2269 5014 hic
2300 4965 2380 5012 est
2408 4955 2575 5020 calor,
2609 4969 2789 5024 sapor,
2815 4951 3047 5022 qualitas
3076 4959 3128 5005 et
3154 4949 3450 5020 quantitas,
3477 4963 3600 5003 cum
3631 4947 3763 5001 nihil

2179 5053 2247 5106 ab
2277 5051 2538 5104 alterutro
2575 5047 2647 5101 sit
2681 5045 2978 5100 coloratum
3013 5051 3105 5098 aut
3141 5050 3487 5112 soporatum,
3534 5039 3660 5109 quid
3702 5053 3766 5092 ac

2180 5144 2338 5214 quale
2377 5139 2733 5196 miraculum?
2779 5137 2987 5206 Quippe
3042 5136 3210 5190 vincit
3255 5145 3534 5196 naturam,
3571 5139 3625 5184 et
3663 5130 3765 5200 legi

2180 5235 2415 5291 detrahit
2443 5229 2805 5301 dispensatio;
2831 5243 2932 5282 nec
2954 5225 3204 5282 debueris
3237 5238 3480 5293 quaerere
3517 5233 3764 5276 naturam

2181 5327 2234 5381 in
2261 5325 2457 5396 gratia,
2489 5338 2588 5377 nec
2624 5317 3072 5374 consuetudinem
3098 5317 3150 5370 in
3183 5313 3464 5369 miraculo.
3499 5313 3644 5368 Sane
3671 5330 3766 5367 na-

2184 5427 2301 5472 tura
2341 5415 2434 5469 Dei
2472 5421 2556 5468 est
2595 5409 2864 5475 Trinitas,
2903 5407 3153 5462 videlicet
3189 5403 3370 5470 Pater,
3411 5413 3463 5459 ct
3483 5403 3674 5468 Filius,
3713 5413 3766 5460 et

2183 5509 2419 5578 Spiritus
2445 5518 2688 5578 sanctus.
2729 5502 2786 5556 In
2827 5499 3105 5574 liyliostasi
3135 5493 3256 5552 Filii
3298 5503 3351 5553 et
3399 5497 3614 5555 trinitas
3640 5497 3768 5552 snb-

2181 5599 2539 5662 stantiarnm,
2589 5593 2841 5648 videlicet
2874 5589 3068 5653 deitas,
3113 5603 3308 5658 corpus
3349 5597 3400 5643 et
3457 5591 3664 5654 anima;
3711 5591 3766 5644 in

2183 5695 2524 5745 sacramento
2561 5683 2806 5754 corporis
2835 5679 3035 5738 Christi
3077 5689 3160 5734 est
3193 5679 3406 5734 trinitas
3441 5681 3762 5748 specierum,

2185 5783 2432 5838 videlicet
2457 5781 2626 5850 panis,
2653 5781 2862 5843 vinum,
2885 5783 2938 5830 et
2964 5789 3124 5845 aqua.
3149 5771 3206 5828 ιιι
3231 5781 3422 5827 natura
3441 5771 3532 5826 Dei
3555 5785 3662 5822 non
3685 5775 3766 5821 est
