4028 6168
248 373 349 427 887i

1231 376 1293 432 τ.
1334 380 1430 434 AD
1477 381 1746 466 TOM..III
1782 379 1932 439 OPP.
1977 385 2032 440 S.
2074 386 2278 444 PETRI
2317 383 2618 440 DAMIANI.

3401 383 3502 440 ειει

247 489 500 547 accidens
527 488 580 542 in
605 489 1368 550 stilistantia.nacsubstantia
1392 493 1492 547 sub
1517 494 1822 559 accidente;
1853 505 1898 555 Λ
1930 494 2044 550 Non
2076 497 2193 551 ideo
2221 507 2397 550 tamen
2438 506 2521 551 est
2547 494 2986 550 calmnniandmn
3018 493 3272 550 Ecclesia:
3301 496 3442 564 quod
3477 513 3505 549 a
3595 512 3598 514 ‘

251 581 306 635 in
339 582 608 652 hypostasi
637 577 756 636 Filii
785 591 865 635 est
892 582 1144 638 accidens
1181 583 1232 635 in
1265 585 1584 649 substantia,
1610 594 1663 640 et
1693 586 1821 639 sub-

249 675 448 727 stantia
476 673 576 726 sub
596 673 888 726 accidente.
921 671 1170 727 Dicamus
1194 688 1321 742 ergo
1341 676 1406 728 ad
1429 677 1658 744 primum
1680 675 1823 744 quod

251 766 421 822 forma
451 765 604 834 panis
630 764 897 835 frangitur
915 775 969 816 et
995 765 1268 826 atteritur,
1292 765 1385 819 sed
1407 781 1600 834 corpus
1623 766 1822 821 Christi

252 858 487 912 sumitur
510 863 563 910 et
595 855 913 919 comeditur,
943 871 1005 909 ea
1035 872 1153 924 qua:
1181 865 1370 910 notant
1399 860 1823 927 corruptionem,

253 951 321 1004 ad
354 949 584 1004 formam
630 949 1160 1020 Panis_referentes;
1201 963 1264 1002 ea
1305 965 1433 1004 vero
1480 965 1599 1019 quae
1642 959 1830 1004 notant

253 1041 647 1111 acceptionem,
683 1042 749 1095 ad
783 1057 982 1110 corpus
997 1040 1232 1094 ‘Christi.

323 1133 374 1188 6.
420 1132 588 1186 Dedit.
629 1133 898 1200 Quzeritur
924 1145 1104 1186 utrum
1141 1148 1340 1201 corpus
1385 1148 1540 1188 suum
1579 1133 1632 1187 in
1673 1148 1831 1188 coena

254 1222 461 1278 dederit
495 1223 718 1278 mortale
747 1240 814 1278 an
848 1208 1175 1288 immortale,
1206 1224 1457 1292 passibile
1487 1241 1554 1278 an
1591 1225 1834 1294 impassi—

253 1310 402 1364 bile?
445 1310 702 1366 Suﬂicere
755 1313 921 1365 credo.
965 1312 1009 1366 si
1043 1313 1286 1366 dicatur:
1331 1313 1438 1367 tale
1482 1313 1631 1366 dedit
1676 1312 1836 1381 quale

255 1398 453 1465 voluit;
489 1409 662 1470 potest
693 1412 867 1456 tamen
902 1403 1146 1464 concedi,
1191 1403 1335 1457 salva
1375 1404 1497 1467 ﬁde,
1542 1404 1685 1474 quod
1732 1404 1838 1458 tale

259 1489 409 1551 dedit
436 1491 593 1562 quale
623 1501 750 1552 tunc
786 1493 994 1556 habuit,
1027 1494 1256 1548 mortale
1289 1494 1538 1549 videlicet
1566 1504 1617 1550 et
1661 1494 1837 1564 passi-

260 1579 388 1644 bile,
416 1597 521 1634 non
565 1589 744 1635 tamen
779 1582 921 1655 quod
950 1595 1132 1652 posset
1173 1585 1283 1652 pati
1327 1585 1427 1639 sub
1476 1594 1838 1648 sacramento,

259 1672 356 1731 sed
383 1671 504 1740 quia
533 1669 634 1724 sub
663 1681 1002 1729 sacramento
1029 1681 1239 1740 poterat
1265 1669 1400 1742 'pati,
1432 1673 1701 1743 passibilis
1721 1689 1843 1728 cre-

263 1762 494 1815 debatur
525 1775 622 1814 nec
650 1759 961 1814 lmdcbatur.
1000 1761 1301 1830 Discipulis.
1334 1762 1483 1816 Solet
1515 1762 1746 1815 dubitari
1776 1777 1842 1815 an

1917 584 2114 654 jejunis
2148 588 2450 655 accipitur;
2484 585 2683 654 placuit
2713 584 2857 638 enim
2893 583 3120 653 Spiritui
3149 595 3341 639 sancto
3371 593 3428 638 ut
3457 587 3506 639 in

1924 677 2184 732 honorem
2219 677 2352 730 tanti
2393 675 2718 730 sacramenti
2752 675 2984 744 primum
3012 689 3074 728 os
3101 674 3400 729 Christiani
3432 675 3510 727 iu-

1927 776 2114 822 traret.
2153 769 2424 837 Accipiens
2455 753 2502 820 et
2531 768 2668 820 hunc
2701 766 3016 836 prwctarum
3057 768 3293 820 calicem.
3324 766 3512 821 Conti-

1927 875 2062 914 ncns
2091 859 2449 929 metonymice
2474 859 2691 927 ponitur
2714 873 2812 927 pro
2835 865 3109 911 contento.
3143 856 3245 910 Hic
3270 867 3346 910 est
3373 859 3514 911 calix

1927 953 2200 1020 sanguinis
2233 952 2352 1015 mei,
2392 951 2510 1004 novi
2545 960 2592 1003 et
2634 949 2818 1004 aeterni
2853 950 3182 1010 testamenti,"
3222 948 3272 1002 id
3303 959 3388 1004 est
3422 949 3515 1002 ﬁr-

1931 1046 2102 1099 matio
2140 1061 2290 1099 nova:
2337 1055 2555 1098 aeternae
2593 1041 2990 1112 promissionis.
3023 1040 3296 1107 Quaeritur
3339 1049 3516 1095 utrum

1931 1152 2070 1205 aqua
2104 1152 2225 1190 cum
2259 1137 2386 1190 vino
2431 1142 2782 1188 convertatur
2817 1133 2868 1187 in
2916 1131 3279 1200 sanguinem?
3312 1131 3520 1186 Dicitur

1932 1229 2076 1282 enim
2099 1229 2239 1296 quod
2267 1243 2404 1298 aqua
2429 1227 2699 1295 signiﬁcat
2724 1225 2998 1296 populum,
3022 1233 3077 1278 et
3099 1224 3520 1291 vinomiseetur,

1934 1328 1995 1373 ut
2017 1319 2233 1374 Christo
2255 1318 2481 1388 populus
2506 1317 2768 1371 admistus
2795 1315 3154 1387 signiﬁcetur.
3176 1313 3307 1370 Dico
3329 1329 3524 1382 aquam

1939 1411 2171 1468 transire
2203 1409 2252 1462 in
2283 1410 2484 1468 vinum.
2518 1423 2641 1462 cum
2672 1406 2843 1461 multo
2871 1405 2999 1459 vino
3035 1404 3303 1458 modicum
3337 1403 3518 1459 inl'un-

1939 1504 2100 1558 datur
2127 1514 2300 1568 aquae.
2333 1496 2601 1562 Quaeritur
2628 1511 2694 1548 an
2723 1510 2920 1547 vanum
2951 1494 3022 1547 sit
3050 1492 3192 1561 quod
3221 1492 3448 1563 geritur,
3475 1491 3522 1546 si

1940 1594 2080 1648 forte
2111 1605 2250 1660 aqua
2288 1587 2772 1659 prsetermittatur?
2819 1585 2973 1646 Dico,
3013 1585 3058 1638 si
3090 1584 3394 1653 ignorantia
3442 1583 3523 1638 vel

1943 1685 2213 1740 oblivione
2239 1696 2432 1751 aquam
2461 1679 2808 1750 praetermisit
2831 1679 3048 1747 aliquis,
3079 1678 3317 1746 graviter
3342 1677 3532 1746 punia-

1947 1781 2073 1837 tur;
2128 1785 2233 1824 non
2290 1778 2470 1822 tamen
2517 1767 2588 1820 sit
2635 1767 2800 1821 etiam
2844 1766 3059 1820 irritum
3109 1775 3527 1820 sacramentum.

265 1849 429 1907 Iudas
453 1853 738 1921 acceperit.
770 1851 920 1920 Quod
949 1851 1177 1915 videtur,
1209 1867 1330 1906 cum
1364 1852 1507 1905 dicat
1538 1866 1552 1904 :
1590 1851 1759 1905 Bibite
1780 1868 1844 1905 ea:

1971 1863 2147 1916 fribus
2168 1877 2233 1916 ex
2263 1861 2443 1916 causis
2466 1867 2864 1914 sacramentum
2897 1858 3144 1925 corporis
3169 1865 3226 1912 et
3257 1856 3534 1924 sanguinis

265 1949 363 1996 hoc
384 1960 584 1997 omnes.
618 1942 727 1996 Sed
756 1943 1015 2014 qureritur
1042 1957 1146 2015 qua
1197 1943 1403 1995 ratione
1437 1943 1674 1996 medicus
1702 1941 1846 1996 salu-

269 2032 405 2089 taris
434 2032 752 2087 medicinam
779 2031 942 2085 dabat
960 2039 1182 2100 aegroto,
1211 2048 1369 2105 quam
1400 2033 1446 2087 ei
1472 2034 1678 2087 sciebat
1705 2047 1850 2087 mor-

270 2125 524 2180 tiferam?
570 2123 650 2179 Ad
691 2125 791 2178 hoc
831 2123 1035 2178 scilicet
1079 2123 1264 2187 dabat,
1314 2135 1371 2176 ut
1419 2137 1517 2176 suo
1567 2123 1852 2179 doceretur

271 2217 519 2293 exemplo
537 2219 678 2288 quad
709 2217 962 2278 sacerdos
983 2231 1087 2270 non
1115 2217 1274 2270 debet
1301 2215 1391 2269 ulli
1418 2215 1849 2271 communionem

269 2323 490 2379 negare,
509 2309 668 2378 cuius
695 2307 925 2372 crimen,
951 2306 1051 2360 etsi
1075 2305 1173 2359 sibi
1203 2305 1274 2359 sit
1303 2313 1510 2368 uotum,
1542 2319 1645 2357 non
1674 2313 1853 2360 tamen

270 2398 551 2462 Ecclesia),
591 2415 660 2459 ne
706 2397 845 2452 forte
886 2413 992 2451 non
1023 2397 1093 2451 sit
1125 2404 1424 2458 corrector,
1458 2395 1552 2450 sed
1590 2395 1851 2464 proditor.

272 2492 504 2556 Accipite
535 2500 582 2545 et
626 2491 960 2544 manducata.
993 2486 1110 2542 Non
1157 2497 1239 2543 est
1277 2486 1681 2558 intelligendum
1713 2485 1855 2555 quod

275 2591 546 2650 sumptum
578 2595 775 2650 corpus
802 2578 870 2634 de
900 2593 1064 2634 manu
1107 2578 1316 2633 Domini
1348 2579 1449 2631 sibi
1482 2577 1726 2647 discipuli
1764 2577 1857 2630 ad-

277 2672 680 2731 ministrarent,
741 2670 835 2725 sed
865 2670 956 2738 qui
1005 2669 1368 2731 consecravit,
1401 2667 1542 2720 idem
1592 2675 1647 2721 et
1697 2666 1858 2720 mini-

279 2769 496 2823 atravit.
533 2766 806 2821 Fortassis
847 2764 1023 2819 adhuc
1068 2762 1322 2832 cegitatio
1371 2760 1546 2830 pulsat
1594 2760 1858 2824 animum,

280 2873 530 2928 quaerens
563 2856 690 2928 quid
722 2854 817 2909 ﬁat
861 2855 926 2908 de
956 2868 1181 2922 corpore
1209 2851 1407 2906 Christi
1439 2862 1723 2919 postquam
1764 2849 1863 2903 {nit

284 2961 556 3018 sumptum
585 2957 640 3002 et
668 2945 1004 3000 comestum?
1032 2944 1279 2999 Christus
1309 2942 1376 2996 de
1416 2957 1510 2995 ore
1561 2941 1755 2994 transit
1795 2940 1862 2995 ad

285 3056 416 3104 cor;
465 3039 655 3096 melius
685 3043 770 3094 est
808 3045 868 3090 ut
902 3037 1159 3106 procedat
1199 3036 1250 3088 in
1288 3044 1524 3089 mentem
1565 3049 1726 3102 quam
1773 3034 1864 3088 de-

287 3132 512 3190 scendat
537 3131 588 3187 in
621 3127 1061 3185 ventrem.Cibus
1081 3127 1168 3182 hic
1189 3144 1293 3184 non
1319 3127 1520 3190 carnis,
1549 3126 1642 3181 sed
1671 3126 1863 3181 animae

285 3219 438 3275 venit
461 3228 520 3275 ut
547 3219 883 3282 comedatur,
923 3233 1028 3271 non
1066 3225 1125 3270 ut
1163 3223 1542 3275 consumatur;
1597 3196 1652 3268 ut
1685 3201 1868 3284 guste-

289 3322 400 3377 tur,
426 3326 530 3368 non
562 3320 622 3364 ut
648 3309 1053 3378 incorporetur;
1079 3321 1175 3363 ore
1201 3305 1523 3365 comeditur,
1555 3305 1646 3359 sed
1678 3319 1781 3358 non
1814 3304 1866 3357 in

293 3402 573 3464 stomacho
615 3399 905 3472 digeritur;
942 3396 1113 3452 reﬁcit
1158 3397 1418 3459 animum,
1466 3410 1573 3448 non
1609 3392 1780 3449 eﬁlnit
1817 3392 1869 3445 in

293 3508 585 3549 secessum.
620 3490 774 3559 Quod
817 3490 860 3543 si
893 3489 1030 3544 forte
1069 3502 1314 3545 secessus
1353 3496 1446 3540 aut
1492 3486 1723 3540 vomitus
1752 3491 1874 3551 pust
1913 3502 1922 3511 ν

292 3583 464 3643 solam
509 3581 862 3636 Eucharistia:
909 3578 1294 3633 comestionem
1339 3577 1614 3639 evenerit,
1663 3576 1714 3628 in
1772 3574 1875 3628 hoc

296 3675 504 3742 species
560 3672 628 3726 ad
681 3670 1066 3740 preprietatem
1128 3667 1308 3722 sensui
1374 3665 1692 3726 famulatur,
1755 3680 1874 3734 quae

298 3772 560 3834 quantum
589 3761 656 3816 ad
689 3776 788 3815 nos
818 3767 998 3814 servat
1026 3772 1121 3827 per
1145 3757 1326 3811 omnia
1370 3754 1739 3825 corruptibilis
1767 3755 1874 3809 cibi

299 3854 721 3914 similitudinem.
742 3853 835 3907 sed
862 3859 1122 3922 quantum
1151 3852 1218 3904 ad
1244 3863 1304 3903 se
1333 3864 1438 3902 non
1465 3847 1668 3902 amittit
1703 3847 1879 3902 invio—

301 3948 482 4014 labilis
512 3948 756 4017 corporis
793 3947 1096 4000 veritatem.
1150 3943 1372 4015 Species
1420 3943 1634 4013 quidem
1687 3958 1878 3997 corro-

302 4042 450 4103 ditur
473 4051 529 4105 et
565 4040 888 4104 maculatur,
927 4039 1020 4094 sed
1070 4039 1270 4092 veritas
1323 4051 1596 4107 nunquam
1632 4050 1881 4092 corrum-

303 4140 450 4208 pitur
476 4147 570 4194 aut
616 4137 1016 4207 coinquinatur.
1061 4132 1338 4203 Siquando
1372 4131 1478 4186 tale
1508 4131 1635 4200 quid
1661 4129 1880 4191 videris,

308 4228 442 4282 nihil
463 4228 592 4282 time
614 4226 687 4280 illi
713 4243 728 4290 ;
759 4225 852 4279 sed
874 4232 990 4278 esto
1012 4222 1275 4277 sollicitus
1300 4220 1415 4285 tibi,
1445 4236 1511 4274 ne
1536 4229 1590 4273 tu
1624 4219 1762 4273 forte
1791 4217 1885 4272 la:-

312 4320 481 4381 daris,
509 4319 552 4373 si
578 4317 716 4371 male
741 4313 1059 4370 credideris.

384 4413 438 4464 7.
467 4407 581 4464 Hoc
608 4418 682 4462 est
706 4423 893 4475 corpus
915 4421 1104 4458 meum.
1123 4403 1392 4470 Quaaritur
1412 4402 1538 4471 quid
1559 4401 1893 4455 demonstret

314 4500 569 4562 sacerdos
595 4513 694 4569 per
734 4497 835 4551 hoc
885 4506 1182 4560 pronomen
1228 4492 1365 4545 hoc?
1400 4491 1455 4545 Si
1503 4505 1719 4559 panem,
1765 4488 1888 4563 pani

315 4607 590 4662 nunquam
623 4587 869 4657 congruit
913 4601 1035 4641 esse
1063 4599 1258 4653 corpus
1285 4582 1507 4646 Christi,
1549 4582 1643 4636 sed
1673 4583 1894 4635 demon-

316 4691 455 4742 strat
492 4695 688 4750 corpus
724 4677 957 4741 Christi;
997 4675 1090 4730 sed
1137 4674 1352 4744 quando
1402 4672 1675 4741 profertur
1721 4671 1892 4739 ipsum

316 4788 636 4844 pronomen,
683 4771 919 4828 nondum
957 4776 1038 4823 est
1068 4763 1618 4820 transsubstautiatio.
1650 4762 1896 4831 Respon-

319 4866 514 4923 detur,
563 4861 706 4937 quod
746 4859 999 4914 sacerdos
1043 4873 1150 4911 non
1194 4857 1554 4913 demonstrat,
1613 4869 1735 4906 cum
1793 4851 1898 4906 illis

319 4955 500 5010 verbis
532 4968 636 5008 non
682 4959 866 5006 utatur
896 4948 1227 5003 enunt'ative
1253 4945 1348 5000 sed
1377 4944 1676 5008 recitative,
1707 4958 1898 5012 quem-

322 5045 610 5102 admodum
661 5056 784 5104 cum
838 5039 948 5093 ait:
1007 5037 1118 5105 Ego
1155 5053 1269 5088 sum
1320 5037 1436 5089 vitis
1468 5050 1616 5096 vera,
1688 5015 1778 5097 ego
1809 5031 1902 5085 tua:

326 5135 539 5204 mundi,
593 5143 650 5187 et
695 5130 860 5185 multa
911 5128 1035 5190 alia.
1085 5125 1254 5182 Simili
1296 5125 1470 5184 modo.
1522 5124 1635 5179 Sub
1681 5133 1908 5192 utraque

329 5231 509 5301 specie
535 5227 739 5283 scilicet
774 5224 927 5295 panis
957 5232 1013 5276 et
1051 5221 1158 5275 vini
1188 5229 1494 5290 utrumque,
1525 5220 1574 5274 id
1600 5229 1683 5274 est
1711 5233 1909 5289 corpus

327 5326 386 5374 et
417 5317 660 5389 sanguis,
687 5322 1066 5377 consecratur;
1095 5319 1281 5365 neutra
1315 5319 1492 5364 tamen
1524 5308 1819 5378 superﬂuit,
1853 5319 1913 5363 ut

328 5410 645 5466 ostendatur
676 5406 818 5476 quod
845 5404 1096 5460 Christus
1125 5412 1291 5455 totam
1332 5401 1623 5454 humanam
1658 5408 1906 5460 naturam

335 5497 646 5565 assumpsit,
679 5504 739 5549 ut
772 5503 937 5551 totam
967 5492 1292 5560 redimeret;
1321 5489 1473 5558 panis
1503 5489 1645 5542 enim
1678 5486 1912 5541 refertur

335 5587 401 5652 ad
441 5603 660 5657 corpus,
687 5587 871 5640 vinum
915 5585 982 5638 ad
1023 5583 1280 5637 animam.
1329 5580 1614 5650 Postquam
1653 5589 1910 5656 cognatum

335 5689 430 5738 est.
457 5675 586 5730 Post
606 5690 816 5729 caenam
842 5673 986 5728 dedit
1012 5673 1115 5726 hoc
1137 5670 1558 5734 sacramentum,
1583 5677 1641 5722 ut
1664 5668 1909 5721 ultimum

341 5766 615 5825 testatoris
637 5765 944 5824 mandatum
970 5765 1168 5817 arctius
1193 5761 1463 5817 memoria:
1485 5761 1908 5816 commendaret.

1950 1954 2032 2008 sui
2073 1953 2172 2006 sub
2202 1950 2304 2005 alia
2336 1949 2517 2018 specie
2557 1946 2879 2002 sumendum
2924 1945 3194 2002 instituit:
3230 1945 3296 1997 ad
3331 1961 3533 2014 augen-

1951 2044 2077 2099 dum
2100 2041 2378 2101 meritum,
2407 2039 2473 2092 ad
2503 2037 2791 2092 fovendum
2820 2051 3042 2090 sensum
3063 2045 3117 2088 et
3161 2034 3228 2088 ad
3260 2034 3535 2088 vitandum

1953 2137 2272 2200 ridiculum;
2323 2135 2388 2188 ad
2429 2132 2736 2202 augendum
2778 2131 3049 2190 meritum,
3095 2128 3219 2197 quia
3272 2127 3418 2180 aliud
3465 2127 3536 2180 ibi

1953 2228 2216 2290 cernitur,
2249 2234 2302 2280 et
2348 2203 2490 2278 aliud
2533 2221 2807 2285 creditur;
2846 2221 2912 2274 ad
2960 2217 3247 2272 fovendum
3296 2231 3537 2276 sensum,

1955 2336 2023 2374 ne
2054 2319 2374 2374 abhorreret
2399 2315 2611 2368 animus
2638 2312 2778 2382 quod
2818 2318 3070 2366 cerneret
3096 2307 3319 2372 oculus;
3363 2307 3429 2360 ad
3460 2307 3538 2360 vi-

1957 2413 2179 2466 tandum
2210 2408 2517 2469 ridiculum,
2551 2422 2616 2460 nc
2645 2403 2932 2458 insultaret
2958 2415 3196 2471 paganus
3217 2399 3264 2452 si
3287 2399 3339 2452 id
3364 2406 3544 2467 ageret

1955 2479 2318 2557 Christianus.
2371 2496 2677 2566 Mysterium
2735 2492 2878 2560 ﬁdei.
2936 2489 3246 2562 Mysterium
3306 2487 3540 2546 dicitur,

1958 2595 2084 2663 quia
2126 2592 2272 2646 aliud
2304 2589 2571 2652 cernitur,
2613 2586 2757 2639 aliud
2797 2584 3057 2640 creditur.
3102 2580 3204 2646 Qui
3247 2595 3338 2648 pro
3370 2579 3544 2632 multis

1959 2674 2259 2756 e/fundetur
2291 2683 2344 2736 in
2375 2680 2728 2734 remissionem
2767 2685 3124 2746 peccatorum.
3160 2671 3265 2725 Pro
3295 2669 3424 2725 solis
3450 2670 3544 2723 de-

1961 2775 2179 2831 stinatis
2209 2771 2410 2828 ellusus
2450 2779 2534 2824 est
2579 2766 2758 2838 quoad
2788 2762 3116 2825 ellicaciam;
3161 2775 3261 2817 uro
3300 2759 3548 2815 omnibus

1960 2867 2139 2939 quoad
2171 2863 2571 2922 sufﬁcientiam.

2005 2991 2007 2994 ι
2033 2961 2085 3012 8.
2115 2956 2242 3010 ﬂare
2261 2955 2666 3026 quotiescunque
2689 2949 2936 3020 feceritis.
2958 2947 3074 3002 Non
3095 2959 3382 3017 possumus
3401 2941 3548 2997 exire

1966 3050 2032 3104 de
2061 3049 2295 3118 Egypto
2343 3045 2449 3099 nisi
2503 3041 2832 3098 celebrando
2859 3039 3065 3102 Phase;
3115 3052 3246 3106 ergo
3283 3044 3343 3089 ut
3392 3033 3550 3087 deva-

1969 3145 2148 3195 stante
2173 3135 2364 3208 angelo
2393 3142 2762 3206 protegamur,
2792 3145 2988 3202 agnum
3014 3129 3257 3184 edamus.
3289 3123 3394 3180 Sed
3421 3136 3552 3191 quo-

1973 3229 2107 3284 ties?
2152 3226 2486 3299 Augustinus
2529 3223 2661 3278 dicit
2691 3240 2704 3275 :
2743 3221 2994 3288 Quotidie
3024 3233 3239 3273 sumere
3268 3230 3367 3270 nec
3396 3213 3551 3268 laudo

1969 3333 2073 3374 nec
2109 3319 2376 3386 vitupero.
2427 3315 2502 3370 De
2552 3311 2778 3368 lachmo
2820 3318 2874 3364 ct
2923 3307 3242 3365 centurione
3281 3303 3548 3374 legimus:

1971 3410 2123 3464 Alter
2150 3409 2388 3478 gaudens
2413 3404 2650 3472 suscepit
2674 3402 2950 3458 Christum
2981 3399 3032 3452 in
3063 3399 3223 3452 domo
3240 3411 3364 3458 sua;
3399 3393 3551 3454 alter,

1975 3500 2216 3564 Domine,
2249 3515 2351 3551 non
2381 3512 2496 3550 sum
2525 3495 2714 3565 dignus
2748 3503 2802 3547 ut
2831 3493 2990 3544 intres
3019 3491 3115 3543 sub
3139 3497 3326 3554 tectum
3367 3499 3553 3538 meum.

1976 3588 2090 3644 Non
2137 3588 2271 3642 alter
2301 3587 2456 3642 alteri
2509 3601 2568 3640 se
2615 3583 2926 3654 praeposuit.
2962 3580 3148 3638 Faciat
3189 3574 3556 3644 unusquisque

1978 3680 2119 3750 quod
2149 3679 2294 3747 pium
2321 3676 2615 3732 crediderit
2649 3689 2769 3728 esse
2798 3672 3136 3736 faciendum;
3166 3670 3356 3722 hortor
3381 3674 3555 3719 tamen

1978 3770 2229 3826 omnibus
2258 3769 2446 3824 diebus
2475 3767 2768 3824 Dominicis
2790 3781 2910 3819 esse
2939 3762 3281 3822 sumendum,
3310 3758 3355 3812 si
3381 3766 3556 3811 tamen

1981 3876 2134 3915 mens
2150 3875 2254 3916 non
2272 3859 2343 3912 sit
2365 3859 2416 3912 in
2441 3856 2633 3912 all'ectu
2651 3855 2930 3926 peccandi.
2949 3853 3014 3907 In
3037 3852 3135 3906 mei
3159 3848 3460 3904 memoriam
3477 3844 3558 3913 fa—

1983 3952 2149 4008 cietis.
2177 3952 2234 4007 Si
2258 3952 2377 4020 quis
2399 3965 2623 4021 peregre
2645 3947 3016 4018 proﬁciscens,
3047 3942 3260 4012 aliquod
3290 3941 3484 4010 pignus
3509 3936 3559 3991 ei

1985 4059 2146 4113 quem
2187 4043 2361 4112 diligit
2408 4040 2683 4109 relinquit,
2725 4047 2784 4092 ut
2830 4038 3041 4107 quoties
3080 4033 3210 4088 illud
3263 4028 3554 4099 aspexerit,

1988 4134 2132 4189 illius
2181 4133 2372 4187 debeat
2425 4129 2695 4184 amicitias
2723 4140 3046 4189 memorare,
3083 4124 3128 4177 is
3160 4121 3403 4192 profecto
3447 4116 3564 4170 sine
3613 4114 3619 4118 ’

1988 4224 2116 4278 ﬂetu
2156 4237 2220 4278 ac
2263 4221 2535 4274 desiderio
2595 4218 2782 4287 nequit
2835 4215 2965 4269 illud
3011 4212 3273 4281 aspicere.
3321 4205 3468 4260 Unde
3518 4211 3566 4256 et

1991 4331 2266 4370 memores.
2298 4313 2431 4380 Quia
2463 4312 2724 4366 Dominus
2752 4310 2866 4379 ipse
2911 4312 3243 4377 prtecepcrat
3272 4309 3331 4355 ut
3366 4300 3467 4353 hoc
3515 4297 3568 4350 in

1996 4408 2079 4462 sui
2102 4405 2419 4460 memoriam
2469 4403 2797 4465 faceremus,
2847 4399 3050 4453 idcirco
3091 4397 3191 4452 tria
3245 4402 3572 4449 commemo-

1999 4498 2162 4552 randa
2189 4494 2440 4566 proponit
2490 4492 2756 4554 Ecclesia,
2797 4489 3002 4545 scilicet
3031 4486 3356 4556 passionem,
3389 4493 3570 4534 resur-

1999 4589 2319 4648 rectionem,
2351 4583 2752 4643 ascensionem;
2787 4594 3016 4649 quorum
3070 4576 3304 4645 primum
3351 4567 3576 4641 pullulat

1999 4678 2343 4739 charitatem,
2375 4673 2676 4728 secundum
2711 4671 2931 4723 roborat
2960 4668 3142 4728 ﬁdem,
3185 4664 3402 4718 tertium
3435 4657 3575 4712 lteti-

2002 4769 2127 4823 ﬁcat
2156 4783 2324 4837 spem.
2364 4765 2501 4832 Quid
2534 4764 2586 4816 in
2620 4761 2774 4815 nobis
2825 4758 2996 4826 magis
3031 4755 3352 4810 charitatem
3379 4743 3573 4804 accen-

2001 4863 2092 4914 dat
2113 4874 2273 4926 qnam
2303 4855 2443 4926 quod
2478 4854 2688 4923 proprio
2713 4867 2808 4904 suo
2843 4847 2984 4902 Filio
3011 4863 3111 4901 non
3147 4843 3368 4913 pepercit
3421 4840 3574 4895 Deus,

2002 4952 2092 5006 sed
2120 4967 2212 5017 pro
2243 4949 2388 5001 nobis
2416 4947 2655 4999 omnibus
2688 4941 2907 4995 tradidit
2948 4937 3128 4993 illum?
3157 4935 3292 5002 Quid
3333 4933 3384 4987 in
3427 4927 3581 4984 nobis

2008 5041 2179 5109 magis
2227 5038 2385 5098 ﬁdem
2433 5035 2738 5093 conﬁrmet,
2788 5046 2949 5099 quam
2993 5027 3136 5098 quod
3189 5023 3437 5077 Christus
3464 5031 3581 5072 sur-

2012 5133 2151 5186 rexit
2195 5146 2224 5183 a
2267 5127 2514 5190 mortuis,
2572 5123 2823 5191 primitia:
2881 5115 3261 5172 dormientium
3313 5121 3368 5165 et
3405 5121 3583 5163 resur—

2012 5223 2180 5278 rectio
2207 5213 2745 5273 mortuorum?Sicut
2775 5212 2828 5264 in
2858 5210 3027 5262 Adam
3068 5221 3242 5260 omnes
3268 5201 3580 5256 moriuntur.
3674 5247 3678 5256 ,

2012 5313 2086 5365 ita
2113 5311 2168 5362 in
2198 5307 2407 5362 Christo
2436 5318 2613 5357 omnes
2658 5299 3078 5367 vivificabuntur.
3123 5291 3262 5359 Quid
3322 5286 3492 5356 magis
3530 5283 3584 5336 in

2012 5399 2167 5454 nobis
2189 5396 2477 5463 ampliﬁcet
2535 5407 2682 5460 spem
2730 5405 2892 5458 quam
2937 5385 3076 5455 quod
3123 5381 3362 5436 Christus
3402 5390 3583 5430 ascen-

2013 5490 2138 5542 dens
2162 5488 2214 5541 in
2240 5486 2402 5539 altum
2433 5483 2689 5551 captivam
2713 5480 2861 5531 duxit
2881 5475 3245 5546 captiritatem,
3279 5467 3420 5521 dedit
3449 5465 3587 5517 dona

2015 5579 2330 5640 hominibus,
2355 5585 2412 5627 ut
2443 5573 2532 5627 ubi
2556 5581 2640 5626 est
2671 5571 2776 5632 ille,
2814 5569 2922 5622 illic
2968 5567 3037 5621 sit
3075 5575 3128 5620 et
3158 5562 3404 5616 minister
3433 5552 3589 5624 ejus?

2014 5669 2147 5735 Quia
2181 5681 2307 5719 vero
2338 5663 2466 5717 dicit
2519 5674 2577 5714 se
2624 5672 2917 5711 memorem
2971 5652 3262 5708 flaminica:
3302 5643 3586 5718 passionis,

2015 5757 2194 5811 statim
2257 5751 2590 5806 acerbiorem
2651 5747 2819 5815 ipsius
2882 5743 3145 5812 passionis
3206 5741 3595 5793 commemorat
