4028 6168
384 251 489 310 883

1513 246 1880 316 EXPOSITIO
1918 257 2214 316 CANONIS
2257 258 2505 316 MISSA'I.

3539 259 3652 325 886
3668 274 3670 278 '

382 364 666 440 [partem],
697 366 946 426 recolens
966 369 1021 426 in
1049 370 1290 441 quinque
1318 372 1568 428 crucibus
1587 373 1821 444 quinque
1843 373 1952 443 pla-
1985 376 2036 435 Α
2063 382 2179 430 tum
2207 373 2274 428 ad
2308 374 2502 431 stolam
2552 373 2763 441 carnis;
2806 382 2853 429 et
2882 368 3100 442 culicem
3145 376 3332 431 salutis
3362 389 3645 449 perpetua,

377 473 491 529 gas.
521 459 726 516 Deinde
756 477 855 532 per
879 470 988 517 tres
1015 472 1196 534 partes
1226 464 1517 520 Dominicae
1542 466 1809 535 passionis
1837 481 1963 535 pro-

376 550 644 619 sequitur,
694 551 835 606 sicut
865 555 1255 623 subsequenter
1293 571 1360 610 ex
1406 556 1522 626 ipso
1575 557 1959 612 declarabitur.

376 640 591 694 Abhinc
621 642 784 711 igitur
814 657 982 712 usque
1016 645 1143 699 dum
1171 647 1454 715 corporale
1480 647 1711 717 desuper
1735 648 1961 703 calicem

377 740 705 795 removetur,
739 735 948 788 Domini
991 737 1171 806 passio
1217 749 1690 795 commemoratur.
1720 740 1855 795 Nam
1903 749 1965 796 ut

378 822 514 876 dicit
569 825 849 887 sacerdos,
900 827 1124 881 hostiam
1168 845 1377 897 puram,
1423 830 1649 884 hostium
1701 841 1961 897 sanctam,

376 914 606 969 hostium
632 913 1052 982 immaculatum,
1095 935 1282 987 panem
1315 929 1555 977 sanctum
1584 921 1704 974 vita:
1732 930 1960 987 (sternte,

375 1015 424 1057 et
455 1004 671 1056 calicem
694 1004 880 1059 salutis
910 1017 1194 1076 perpetuen.
1222 1025 1385 1063 unum
1422 1011 1598 1065 crucis
1627 1011 1960 1082 signaculum

376 1095 708 1166 imprimitur
736 1112 898 1170 super
945 1099 1202 1168 oblatam,
1251 1102 1564 1174 significans
1592 1105 1680 1159 illa
1734 1107 1966 1163 viventis

376 1195 543 1255 pett-:e
570 1185 864 1253 foramina,
897 1189 950 1242 in
990 1191 1186 1259 quibus
1237 1193 1442 1248 residet
1495 1195 1839 1252 immaculata
1867 1213 1965 1254 co-

375 1271 557 1330 lumba
587 1274 862 1333 fructuose
891 1279 1196 1336 nidificans.
1244 1283 1378 1338 Tres
1421 1294 1604 1340 autem
1624 1302 1815 1342 cruces
1838 1287 1966 1344 facit

377 1367 582 1435 pariter
609 1382 773 1438 super
797 1368 1034 1425 oblatam
1061 1382 1115 1427 et
1152 1372 1400 1439 calicem,
1428 1376 1685 1444 quoniam
1710 1377 1764 1432 in
1788 1379 1964 1434 tribus

378 1459 566 1514 verbis
592 1461 784 1530 primis
813 1471 1044 1532 utraque
1073 1464 1282 1534 species
1310 1465 1654 1537 intelligitur;
1687 1483 1963 1538 nunquam

377 1561 560 1606 autem
594 1553 646 1607 in
672 1554 854 1609 crucis
883 1555 1162 1626 signaculo
1186 1557 1343 1627 panis
1373 1568 1660 1629 separatur
1699 1575 1730 1614 a
1771 1559 1962 1626 calice,

386 1642 490 1698 nisi
519 1658 640 1698 cum
669 1645 962 1714 separatim
991 1647 1326 1702 nominatur.

2066 472 2328 534 quantum
2372 465 2437 520 ad
2467 465 2659 520 stolam
2708 465 2921 520 animas.
2965 464 3143 534 Supra
3165 484 3284 537 quia
3333 469 3555 538 propitio
3583 483 3646 523 ac

2063 558 2243 611 sereno
2272 555 2436 621 vultu,
2463 557 2514 610 id
2541 565 2626 612 est
2649 566 2896 626 respectu
2946 556 3200 627 placabili
3231 557 3461 628 digneris
3492 560 3647 629 respi-

2065 665 2212 713 cere;
2243 665 2349 703 non
2381 649 2522 718 quod
2550 647 2728 703 vultus
2777 648 2896 718 ejus
2941 641 3182 704 mutetur
3213 649 3518 718 aliquando,
3553 649 3672 704 sed

2065 747 2194 793 tunc
2218 738 2360 794 Deus
2388 738 2592 794 vultum
2620 755 2774 794 suum
2807 755 2970 810 super
2998 754 3096 793 nos
3133 738 3401 792 illuminat
3423 747 3478 792 et
3507 753 3654 793 sere-

2063 841 2179 894 nat,
2211 846 2333 886 cum
2363 833 2787 887 misericordiam
2839 847 2992 886 stram
3023 847 3184 901 super
3211 847 3312 886 nos
3355 832 3575 886 exhibet
3599 841 3655 886 et

2065 923 2306 978 declarat
2330 923 2462 998 (48),
2492 925 2787 980 secundum
2817 923 2948 996 illud
2998 918 3506 993 psalmizllluminet
3537 921 3654 978 vul-

2065 1025 2174 1070 tum
2199 1033 2356 1070 suum
2377 1033 2531 1086 super
2552 1033 2647 1071 nos
2676 1026 2728 1070 et
2781 1000 3097 1069 misereatur
3134 1001 3318 1069 nostri.
3360 1013 3528 1069 Sicuti
3557 1030 3652 1068 ac-

2068 1113 2214 1174 cepta
2244 1101 2432 1158 habere
2477 1105 2724 1174 dignatus
2776 1120 2830 1159 es
2872 1119 3090 1159 munera
3123 1102 3268 1168 Abel,
3313 1111 3419 1159 etc.
3447 1103 3656 1157 Adver-

2030 1221 2044 1232 ο
2065 1195 2213 1250 bium
2239 1194 2384 1250 istud
2412 1192 2568 1266 sicuti
2600 1195 3008 1250 similitudinem
3034 1195 3232 1260 innuit,
3263 1209 3370 1249 non
3393 1192 3655 1264 exprimit

2066 1286 2454 1356 quantitatem;
2489 1284 2660 1342 multo
2681 1285 2898 1356 quidem
2927 1284 3201 1356 acceptius
3243 1293 3327 1340 est
3352 1285 3454 1339 hoc
3483 1283 3657 1338 sacri-

2067 1376 2248 1432 ﬁcium
2276 1391 2439 1447 quam
2467 1376 2611 1446 quod
2637 1375 2832 1431 obtulit
2864 1375 3021 1442 Abel,
3047 1376 3346 1441 Abraham,
3376 1373 3656 1430 Melchise-

2066 1469 2238 1534 dech;
2284 1468 2427 1522 valet
2477 1468 2622 1523 enim
2679 1483 2766 1523 res
2817 1466 2936 1538 plus
2980 1481 3142 1536 quam
3188 1467 3401 1532 umbra,
3451 1466 3656 1522 veritas

2067 1575 2228 1630 quam
2263 1559 2452 1630 figura.
2493 1557 2796 1614 Oﬂ‘eramus
2846 1573 2976 1629 ergo
3037 1558 3178 1613 sicut
3224 1557 3388 1622 Abel,
3411 1557 3503 1627 qui
3559 1571 3659 1612 cor

2069 1669 2224 1708 suum
2251 1652 2464 1718 obtulit,
2495 1659 2549 1706 et
2581 1665 2641 1706 se
2688 1658 2861 1704 totum
2892 1650 3002 1704 Deo
3045 1647 3303 1712 subdidit,
3333 1657 3388 1702 et
3433 1649 3554 1704 ideo
3579 1647 3658 1703 di-

449 1736 504 1790 9.
547 1736 644 1791 Hic
672 1738 850 1792 oritur
888 1754 993 1794 non
1044 1741 1416 1810 praztereunda
1449 1742 1663 1798 silentio
1711 1743 1960 1814 quaestio,
1991 1720 2040 1781 Β
2068 1742 2143 1798 cit
2174 1757 2190 1796 :
2226 1742 2472 1812 Respexit
2515 1741 2662 1797 Deus
2689 1741 2758 1796 ad
2809 1739 2934 1795 Abel
2967 1750 3016 1795 et
3041 1739 3110 1793 ad
3154 1756 3374 1793 munera
3399 1739 3533 1808 ejus,
3561 1738 3660 1794 sed

377 1839 549 1894 quare
570 1841 732 1896 super
759 1827 994 1882 hostiam
1035 1829 1373 1884 benedictam
1404 1839 1461 1885 et
1485 1831 1799 1901 plenissime
1829 1847 1962 1887 con-

380 1923 650 1969 secratam
683 1917 862 1972 adhuc
913 1918 1310 1975 benedictionis
1350 1921 1565 1992 signum
1608 1922 1968 1992 exprimitur?

379 2005 492 2060 lmo
521 2007 645 2061 talia
694 2017 820 2062 sunt
857 2011 1102 2078 quautam
1154 2010 1440 2081 subiuncta
1487 2015 1540 2068 in
1591 2029 1820 2080 canone,
1847 2031 1968 2088 quae

381 2097 633 2151 videntur
662 2098 909 2164 innuere,
938 2103 1081 2170 quod
1105 2104 1342 2158 nondum
1370 2105 1443 2159 sit
1468 2107 1808 2162 consecratio
1838 2123 1969 2162 cono

378 2201 672 2243 summata.
705 2189 762 2243 In
815 2205 1025 2245 canone
1075 2193 1341 2261 siquidem
1377 2195 1520 2248 aliud
1570 2196 1732 2250 verba
1761 2196 1968 2268 signiﬁ-

379 2288 530 2344 cant,
561 2280 707 2334 aliud
755 2281 907 2350 signa
962 2285 1290 2350 portendunt
1339 2286 1474 2356 (t7).
1515 2287 1690 2342 Verba
1733 2304 1970 2359 namque

379 2370 754 2440 principaliter
797 2381 1044 2442 spectant
1078 2374 1142 2427 ad
1193 2374 1585 2432 Eucharistiam
1637 2393 1968 2436 consecran-

381 2461 527 2524 dam,
563 2461 718 2531 signa
740 2477 869 2516 vero
899 2463 1268 2532 principaliter
1292 2467 1567 2534 pertinent
1594 2468 1661 2523 ad
1687 2469 1968 2524 historiam

381 2547 749 2604 recolendam.
784 2548 897 2605 Hoc
925 2551 1220 2620 capitulum
1255 2555 1347 2623 qui
1379 2555 1548 2624 pridie
1585 2571 1746 2626 quam
1767 2566 1974 2627 patere-

382 2650 473 2694 tur
492 2641 547 2696 in
577 2640 684 2697 fine
705 2645 932 2698 canonis
959 2645 1151 2715 subjici
1199 2646 1496 2713 debuisset,
1532 2649 1792 2721 quoniam
1823 2649 1876 2704 in
1905 2663 1972 2706 eo

385 2733 728 2787 consecratio
752 2743 1195 2800 consummatur;
1225 2736 1317 2788 sed
1367 2737 1622 2804 quoniam
1640 2737 1974 2807 .impedisset

388 2821 636 2876 ordinem
667 2822 928 2888 historiae,
962 2824 1117 2892 quasi
1171 2824 1403 2893 quadam
1449 2826 1772 2881 necessitate
1821 2840 1972 2882 com-

385 2913 574 2984 pulsus
594 2916 892 2987 capitulum
921 2916 1048 2970 illud
1077 2917 1229 2986 quasi
1271 2931 1366 2972 cor
1394 2918 1637 2983 canonis,
1669 2919 1740 2974 ita
1777 2917 1838 2974 in‘
1861 2933 1975 2973 Ine-

387 3007 477 3062 dio
500 3007 808 3076 collocavit,
832 3017 891 3063 ut
912 3025 1028 3079 quae
1050 3019 1350 3079 sequuntur
1377 3010 1747 3080 intelligantur
1771 3026 1974 3081 praece-

387 3098 540 3162 dere,
568 3099 864 3154 secundum
894 3068 1038 3166 illam
1094 3068 1317 3172 figuram
1343 3117 1444 3170 qua
1472 3068 1613 3171 saepe
1655 3102 1734 3168 fit,
1769 3068 1828 3158 ut
1851 3117 1970 3172 quae
2000 3068 2046 3132 Ο

388 3194 602 3248 ratione
633 3195 928 3249 succedunt
955 3196 1230 3250 intellectu
1281 3196 1607 3264 praecedant.
1642 3195 1736 3250 Vel
1770 3197 1968 3266 potius,

387 3292 448 3338 ut
477 3295 582 3338 tam
617 3285 812 3340 litterae
860 3302 1023 3356 quam
1074 3287 1312 3340 historia:
1343 3302 1472 3341 suus
1520 3288 1654 3342 ordo
1702 3295 1968 3351 servetur,

387 3373 602 3429 dicatur
625 3377 767 3446 quod
797 3378 948 3448 signa
980 3379 1248 3446 pertinent
1280 3379 1347 3432 ad
1397 3378 1680 3432 historiam
1739 3377 1974 3433 recolen-

390 3468 535 3534 dam,
568 3471 727 3524 verba
762 3471 828 3524 ad
859 3480 1171 3529 consecrata
1217 3471 1318 3526 hoc
1343 3472 1532 3535 modo;
1559 3487 1658 3527 nos
1689 3472 1762 3526 tui
1789 3472 1970 3542 primi,

391 3561 639 3617 videlicet
667 3565 999 3628 sacerdotes,
1034 3566 1126 3620 sed
1153 3575 1208 3619 et
1238 3563 1389 3635 plebs
1414 3574 1505 3619 tua
1529 3571 1739 3630 sancta,
1765 3564 1974 3620 scilicet

394 3653 622 3722 populus
649 3654 1021 3720 Christianus;
1054 3672 1178 3709 nam
1225 3654 1452 3725 populus
1482 3655 1593 3725 agit
1620 3664 1768 3721 voto,
1792 3669 1974 3710 sacer-

391 3746 545 3799 dotes
567 3758 829 3817 peragunt
861 3749 1138 3819 mysterio.

464 3835 549 3889 10.
594 3835 877 3906 0/]‘erimus
902 3840 1172 3908 pra’clan‘e
1209 3843 1475 3912 mujestuti
1513 3851 1643 3908 tute,
1676 3842 1728 3896 id
1759 3850 1844 3897 est
1863 3857 1976 3913 prae

392 3928 604 3982 caeteris
632 3929 820 3995 clarae;
865 3946 988 4002 natu
1042 3933 1084 3985 si
1125 3933 1263 4001 justi
1302 3933 1572 4002 fulgebunt
1632 3933 1764 3987 sicut
1813 3932 1893 3986 sol
1921 3933 1976 3986 in

395 4035 553 4086 regno
597 4019 792 4085 Patris,
828 4031 1029 4089 quanto
1061 4023 1264 4077 clarius
1303 4025 1484 4078 divina
1533 4025 1792 4094 majestas
1841 4039 1980 4095 pras-

395 4105 592 4177 fulget!
628 4109 700 4162 De
741 4113 844 4164 tuis
889 4112 1073 4173 donis,
1101 4113 1154 4168 id
1203 4122 1287 4168 est
1318 4113 1386 4168 de
1417 4113 1680 4168 fructibus
1709 4123 1974 4185 segetum,

395 4208 657 4267 quantum
688 4202 752 4253 ad
805 4217 994 4268 panem
1024 4204 1226 4272 quiest
1263 4213 1612 4259 consecratus
1652 4204 1709 4259 in
1731 4220 1976 4259 carnem.

395 4288 472 4340 Ac
491 4289 655 4353 dalis,
682 4291 731 4344 id
761 4301 844 4346 est
879 4293 947 4347 de
998 4292 1264 4350 fructibus
1313 4296 1592 4357 arborum,
1622 4305 1882 4364 quantum
1911 4297 1978 4352 ad

2065 1833 2216 1902 prius
2243 1832 2483 1902 respexit
2518 1831 2587 1887 ad
2637 1829 2768 1887 Abel
2813 1845 2974 1900 quam
3030 1830 3097 1885 ad
3136 1843 3382 1884 munera.
3431 1828 3656 1884 Sacrifi-

2067 1923 2210 1980 cium
2261 1920 2576 1988 offeramus,
2627 1921 2914 1976 arietinam
2976 1908 3331 1990 proterviam,
3385 1917 3658 1974 feritatem

2067 2015 2356 2078 taurinam,
2388 2013 2764 2084 hircinamque
2813 2012 3093 2069 libidinem
3133 2011 3465 2083 jugulantes,
3500 2011 3656 2082 juxta

2069 2104 2196 2161 illud
2226 2105 2418 2175 psalmi
2455 2120 2469 2157 :
2505 2103 2832 2159 Holocuusla
2861 2103 3148 2158 medullula
3172 2103 3390 2173 offeram
3422 2101 3515 2156 tibi
3538 2119 3658 2156 cum

2067 2196 2279 2250 incenso
2297 2197 2540 2259 arietum,
2566 2196 2786 2265 o/feram
2830 2194 2924 2248 tibi
2953 2192 3102 2248 boves
3148 2210 3266 2247 cum
3303 2192 3486 2248 hircis.
3517 2191 3659 2247 San-

2070 2296 2208 2340 ctum
2237 2285 2581 2353 sacriﬁcium,
2606 2285 3006 2348 immaculatum,
3028 2285 3274 2340 hostiam.
3307 2283 3420 2340 Hoc
3451 2285 3661 2339 addidit

2069 2377 2129 2432 in
2155 2391 2364 2432 canone
2390 2376 2500 2431 Leo
2525 2391 2685 2448 papa.
3618 2389 3621 2391 ·

2143 2468 2231 2522 ll.
2273 2466 2542 2538 Supplices
2571 2476 2620 2521 te
2650 2483 2913 2537 rogamus.
2949 2464 3081 2522 Post
3109 2480 3322 2522 cmnam
3347 2464 3472 2520 exiit
3495 2463 3654 2520 Iesus

2072 2560 2132 2614 in
2169 2568 2397 2614 montem
2431 2557 2653 2624 Olieeti,
2684 2568 2734 2614 et
2797 2575 3103 2630 progressus
3141 2557 3392 2627 pusillum
3429 2557 3658 2628 procidit

2074 2653 2130 2706 in
2177 2652 2367 2721 faciem
2413 2667 2564 2705 suam
2615 2667 2793 2705 orans.
2846 2649 2972 2705 Ideo
3007 2648 3264 2704 sacerdos
3298 2647 3567 2703 inclinans
3601 2662 3660 2703 se

2074 2750 2218 2798 orat.
2253 2740 2406 2797 Tunc
2435 2742 2669 2797 accessit
2708 2740 2939 2795 traditor
2974 2750 3021 2794 et
3079 2739 3348 2794 osculatus
3383 2748 3458 2794 est
3496 2754 3654 2804 eum;

2075 2835 2219 2905 quod
2248 2839 2606 2904 repraesentat
2633 2832 2889 2888 sacerdos
2923 2847 3021 2903 per
3049 2831 3296 2886 osculum
3336 2830 3543 2885 altaris.
3585 2829 3656 2885 Et

2075 2927 2202 2998 quia
2239 2925 2400 2982 Jesus
2433 2926 2608 2996 factus
2641 2925 2698 2980 in
2730 2925 2925 2996 agonia
2963 2924 3222 2996 prolixius
3252 2925 3468 2990 orabat,
3503 2924 3658 2978 tertio

2075 3017 2254 3071 dicens
2281 3016 2521 3069 eumdem
2545 3031 2835 3070 sermonem
2859 3028 2878 3066 :
2918 3013 3196 3070 sacerdos‘
3213 3012 3344 3068 facit
3382 3021 3495 3069 tres
3529 3028 3659 3068 cru-

2077 3122 2191 3173 ces,
2239 3107 2469 3176 primam
2519 3114 2574 3161 et
2605 3105 2896 3160 secundam
2924 3105 3182 3160 distincte
3220 3120 3386 3175 super
3420 3104 3657 3160 oblatam

2075 3207 2129 3253 et
2170 3197 2397 3254 calicem
2441 3197 2668 3252 dicens:
2711 3196 3050 3264 Sacriﬁcium
3087 3194 3219 3248 Filii
3260 3197 3336 3250 tui
3375 3212 3565 3265 corpus
3603 3202 3656 3250 st

2074 3292 2382 3362 sanguinem
2409 3286 2784 3358 sumpserimus
2809 3305 2827 3352 ;
2857 3287 3072 3342 tertiam
3099 3301 3158 3341 se
3187 3286 3362 3354 ipsum
3391 3283 3656 3354 signando

2076 3382 2130 3437 in
2156 3380 2292 3435 facie
2309 3394 2430 3434 cum
2459 3379 2618 3434 dicit:
2637 3376 2793 3431 Omni
2807 3377 3163 3433 benedictione
3190 3375 3382 3430 calesti
3409 3385 3458 3429 et
3487 3376 3661 3445 gratia

2079 3470 2391 3542 repleamur.
2436 3467 2573 3535 Quia
2611 3468 2781 3538 factus
2829 3477 2904 3522 est
2951 3467 3118 3522 sudor
3160 3465 3275 3536 ejus
3321 3465 3478 3519 sicuti
3498 3471 3662 3535 gutta!

2077 3563 2356 3634 sanguinis
2393 3561 2722 3617 decurrentis
2757 3561 2810 3614 in
2840 3570 3068 3622 terram,
3122 3557 3262 3612 forte
3308 3565 3532 3626 propter
3565 3571 3659 3610 su-

2080 3655 2267 3710 dorem
2322 3652 2568 3724 corporis
2617 3666 2834 3707 crucem
2892 3649 3156 3721 imprimit
3206 3663 3373 3720 super
3421 3661 3661 3718 corpus,

2075 3753 2304 3817 propter
2352 3755 2534 3816 guttas
2585 3742 2865 3813 sanguinis
2918 3756 3137 3796 crucem
3188 3739 3450 3810 imprimit
3497 3752 3662 3808 super

2079 3837 2442 3906 Sanguinem;
2493 3835 2620 3905 quia
2653 3834 2890 3904 procidit
2924 3833 2979 3887 in
3021 3832 3250 3897 faciem,
3286 3845 3505 3886 crucem
3557 3829 3662 3882 im-

2080 3926 2270 3997 primit
2305 3927 2357 3981 in
2394 3925 2610 3980 faciem.
2645 3922 2742 3979 Vel
2787 3937 2886 3993 per
2919 3923 3056 3978 duas
3091 3935 3285 3975 cruces
3326 3933 3465 3988 quas
3522 3915 3656 3971 facit

2079 4017 2343 4072 sacerdos
2387 4030 2550 4086 super
2593 4029 2793 4085 corpus
2822 4021 2878 4068 et
2907 4012 3225 4081 sanguinem
3251 4050 3264 4074 ,
3309 4008 3665 4078 designantur

2082 4107 2298 4163 vincula
2351 4116 2407 4162 et
2461 4104 2706 4176 flagella,
2761 4103 2964 4173 quibus
3008 4100 3221 4156 elicitus
3270 4108 3356 4154 est
3403 4096 3660 4166 sanguis,

2080 4197 2237 4267 cujus
2264 4196 2436 4252 livore
2463 4195 2639 4251 sanati
2671 4209 2899 4259 sumus;
2930 4207 3029 4262 per
3068 4205 3286 4247 crucem
3327 4203 3492 4259 quam
3535 4184 3664 4241 facit

2081 4288 2185 4344 sibi
2236 4287 2290 4344 in
2335 4287 2507 4353 facie,
2548 4284 2810 4341 recolitur
2851 4282 2982 4338 illud
3025 4280 3169 4353 quod
3215 4279 3554 4350 exspuebant
3600 4277 3657 4333 in

395 4379 580 4477 viuum
615 4383 755 4450 quod
783 4394 863 4436 est
885 4396 1256 4440 consecratum
1285 4387 1343 4440 in.
1375 4387 1711 4456 sanguinem.
1737 4387 1814 4441 De
1834 4387 1973 4451 istis,
2008 4417 2056 4477 Β
2083 4381 2278 4437 faciem
2323 4380 2469 4449 ejus,
2518 4387 2577 4436 et
2617 4378 2826 4450 palmas
2868 4376 2922 4431 in
2974 4374 3170 4430 faciem
3199 4373 3402 4428 dabant
3429 4381 3484 4428 et
3513 4371 3661 4428 vcla-

396 4468 640 4537 inquam,
663 4479 716 4525 et
742 4472 808 4526 de
831 4473 935 4527 illis
961 4475 1228 4543 offerimus
1253 4477 1477 4531 hostium
1505 4488 1713 4548 puram,
1754 4479 1976 4533 hostium

399 4571 660 4627 sanctam,
691 4565 918 4618 hominm
940 4566 1358 4632 immaculatum,
1391 4568 1443 4622 id
1474 4577 1556 4622 est
1582 4568 1976 4623 Encharistiam

400 4653 696 4708 immunem
726 4656 792 4708 ab
822 4657 965 4709 omni
1052 4657 1206 4725 culpa
1250 4658 1520 4726 originali.
1558 4659 1755 4712 veniali
1788 4668 1841 4714 et
1865 4658 1977 4726 cri-e

398 4745 616 4809 minall;
649 4743 730 4798 vel
760 4760 947 4813 puram
995 4755 1258 4814 quantum
1289 4725 1357 4799 ad
1407 4747 1808 4815 cogitationem,
1856 4725 1980 4800 san:

401 4843 542 4888 ctam
558 4844 819 4905 quantum
842 4836 910 4889 ad
931 4835 1278 4900 locutionem,
1296 4836 1696 4890 in'unaculatam
1719 4846 1976 4905 quantum

403 4925 471 4978 ad
497 4927 889 4995 operationem,
935 4927 1062 4995 quia
1115 4937 1383 4994 peccatum
1433 4945 1534 4981 non
1587 4928 1731 4996 fecit,
1763 4945 1852 4981 nec
1898 4929 1982 4981 in-

403 5027 584 5071 ventus
607 5029 680 5072 est
713 5019 864 5072 dolus
889 5020 941 5072 in
974 5035 1062 5071 ore
1082 5019 1215 5088 ejus.
1257 5018 1368 5072 lloc
1401 5028 1484 5072 est
1513 5036 1699 5086 panem
1723 5033 1982 5083 salictum,

403 5107 457 5164 id
497 5117 580 5164 est
611 5109 1060 5173 sanctificantem,
1099 5109 1340 5162 datorem
1393 5111 1508 5163 ritre
1552 5119 1781 5172 mterme,
1815 5126 1985 5178 quan-

477 5304 590 5374 (47)
629 5304 788 5369 Cod.,
837 5305 945 5359 alia
971 5304 1124 5359 verba
1173 5303 1494 5374 signiﬁcant,
1525 5302 1633 5356 alia
1679 5301 1832 5357 verba
1863 5319 1988 5373 pro-

402 5375 727 5515 ‘e'ﬁg‘ilic
755 5447 811 5500 S.
843 5447 1036 5501 Petrus
1081 5445 1197 5498 sine
1241 5444 1404 5498 dubio
1446 5443 1663 5515 respicit
1717 5443 1800 5515 ad»
1829 5441 1982 5515 Flori

405 5513 618 5586 diaconi
686 5518 1110 5586 expositionem,
1149 5516 1415 5586 canonis:
1469 5513 1678 5586 Videsis
1731 5513 1984 5586 biblioth.

408 5585 515 5657 PP.
541 5583 810 5657 Lugduu.,
845 5597 975 5640 tom.
1003 5585 1134 5657 XV,
1166 5600 1217 5657 p_.
1243 5585 1332 5636 77.
1377 5583 1442 5639 G.
1487 5583 1735 5636 Vicissim
1767 5583 1986 5635 Petrum

411 5656 514 5710 hoc
555 5654 669 5712 loco
696 5659 933 5710 imitatus
967 5654 1177 5708 videtur
1200 5655 1465 5723 interpres
1496 5669 1795 5724 auonynms
1825 5668 1987 5708 cano—

2080 4474 2214 4529 bant
2243 4471 2458 4527 faciem.

2155 4564 2244 4618 12.
2287 4562 2425 4616 Jube
2464 4561 2576 4614 lucc
2612 4557 2856 4629 perferri.
2891 4555 3077 4609 Tanta:
3112 4561 3238 4608 sunt
3276 4551 3660 4622 profunditatis

2096 4653 2214 4708 haec
2244 4650 2410 4706 verba
2439 4659 2496 4702 ut
2527 4647 2836 4702 intellectus
2867 4645 3137 4699 humanus
3177 4641 3263 4694 vix
3303 4638 3535 4694 sufficiat
3573 4655 3667 4709 pe-

2084 4752 2341 4804 netraue;
2394 4754 2518 4793 nam
2567 4747 2623 4791 et
2671 4739 2862 4791 beatus
2907 4732 3234 4802 Gregorius,
3285 4731 3417 4784 tanti
3467 4731 3662 4786 secreti

2086 4832 2358 4900 interpres
2394 4828 2538 4896 (49),
2590 4826 2656 4880 de
2701 4826 2848 4882 hora.
2880 4820 3268 4876 immolationis
3318 4816 3664 4874 ineffabiliter

2086 4924 2356 4992 loquens:
2405 4918 2574 4985 Quis,
2628 4916 2876 4986 inquam,
2927 4911 3163 4967 fidelium
3205 4910 3407 4964 habere
3438 4909 3662 4963 dubium

2086 5016 2258 5085 possit
2289 5013 2339 5067 in
2373 5013 2487 5083 ipsa
2534 5007 2915 5063 immolationis
2944 5007 3076 5062 hora
3117 5005 3184 5059 ad
3224 5002 3521 5060 sacerdotis
3571 5017 3666 5055 vo-

2086 5121 2203 5160 cem
2236 5104 2404 5160 coelos
2436 5101 2670 5172 aperiri,
2703 5100 2756 5154 in
2789 5099 2880 5156 illo
2915 5097 3174 5169 mysterio
3205 5097 3403 5151 choros
3437 5091 3657 5164 angelo-

2087 5300 2171 5354 nis
2197 5299 2394 5360 missa),
2446 5295 2644 5352 sarculo
2675 5311 2763 5368 sv
2800 5293 2939 5368 typis
2969 5292 3318 5368 impressus,
3342 5301 3503 5368 quem
3545 5285 3662 5356 lego

2089 5372 2141 5424 in
2175 5370 2358 5423 codice
2386 5369 2633 5422 Palatino
2664 5366 2798 5437 607,
2821 5360 3088 5437 :Dissidet’
3114 5376 3241 5414 vero
3271 5360 3468 5437 ubique
3493 5371 3662 5437 expo-

2088 5441 2211 5495 sitio
2235 5439 2489 5493 Canonis.
2521 5446 2739 5490 auctore
2767 5426 2954 5488 Odone
2991 5429 3390 5491 Caineraccnsi,
3415 5443 3534 5496 quin
3565 5426 3666 5478 im-

2089 5525 2274 5581 pressa
2312 5509 2506 5581 legitur
2528 5505 2656 5560 bibl.
2688 5503 2853 5581 praed.
2889 5498 3200 5581 toni_:_XX|.

2161 5579 2276 5650 (49)
2330 5563 2952 5650 iliaquoque'imitatur
2985 5569 3203 5626 Florum
3239 5568 3452 5634 Petrus,
3489 5575 3544 5621 et
3581 5563 3669 5620 in-

2091 5647 2301 5705 terdum
2331 5647 2476 5702 alibi.
