4028 6168
396 327 502 392 857

1234 328 1460 386 ADDlT.
1498 329 1592 386 AD
1629 328 1794 388 TOM.
1838 330 1898 385 Ill
1935 330 2086 386 OPP.
2132 331 2188 386 S.
2230 329 2431 386 PETRI
2472 329 2774 386 DAMIANI.

3567 328 3674 393 888

398 464 514 504 rum
542 447 754 511 adesse,
784 447 1016 502 suuunis
1044 447 1148 502 ima
1175 448 1407 513 sociari,
1440 459 1641 502 terram
1670 447 1984 503 cmlcstibus
2008 459 2056 512 Α
2087 450 2227 517 quod
2256 450 2542 518 deputatus
2569 459 2650 504 est
2685 451 2753 504 ab
2779 443 3043 519 apostolis
3079 448 3146 501 ad
3187 437 3548 502 ministerium
3588 449 3670 503 vi-

399 537 543 610 i‘ungi
564 578 578 601 ,
617 554 785 592 unum
815 551 871 594 et
900 539 1040 593 idem
1073 554 1137 593 ex
1169 538 1470 594 visibilibus
1517 551 1573 594 et
1621 540 1981 595 invisibilibus

400 631 562 691 llcri?
607 631 672 684 Et
715 631 847 685 alibi
896 631 1068 686 dicit:
1125 632 1243 688 Uno
1291 634 1594 704 eodemque
1633 645 1878 704 tempore
1915 651 1980 690 ac

400 732 675 786 momento
712 732 766 778 et
808 724 860 776 in
892 723 1057 778 cmlos
1090 725 1297 793 rapitur
1329 726 1632 781 ministerio
1663 727 1980 798 angelorum

403 823 776 870 ronsecratum
817 829 1015 883 corpus
1056 814 1294 879 Christi,
1334 825 1389 869 et
1433 826 1558 869 ante
1584 817 1770 872 oculos
1799 833 1982 872 sacer-

401 903 538 958 detis
565 903 785 959 videtur
813 904 864 958 in
896 905 1082 968 altari,
1114 906 1267 959 salvo
1295 915 1472 960 tamen
1503 907 1717 962 occulto
1745 908 1983 965 cmlestis

403 994 604 1049 oraculi
633 1005 996 1050 sacramento.
1031 995 1262 1050 Possunt
1289 999 1475 1063 verba,
1508 998 1634 1053 licet
1661 999 1983 1069 simplicius,

405 1096 584 1142 tamen
611 1089 854 1143 securius
885 1088 974 1141 hic
1003 1087 1258 1159 intelligi,
1297 1089 1424 1158 jube
1453 1090 1598 1153 Iure,
1645 1091 1698 1144 id
1738 1099 1824 1147 est
1861 1101 1986 1146 vota

405 1178 640 1234 tidelium
661 1221 676 1243 ,
709 1179 960 1234 videlicet
990 1180 1408 1249 supplicationes
1432 1190 1486 1234 ct
1514 1197 1732 1250 preces,
1765 1183 1988 1253 perferri

405 1283 493 1321 ser
522 1285 713 1322 manus
741 1268 909 1322 sancti
938 1269 1111 1338 angeli
1137 1270 1242 1334 tui,
1271 1269 1371 1324 hoc
1395 1280 1477 1324 est
1504 1287 1601 1340 per
1625 1273 1988 1332 ministerium

408 1361 756 1430 angelorum,
806 1363 1104 1416 secundum
1157 1363 1285 1417 illud
1336 1366 1478 1433 quod
1521 1366 1597 1419 ait
1632 1365 1859 1437 angelus
1919 1368 1987 1421 ad

414 1449 632 1507 Tobiam
657 1466 675 1503 :
719 1452 945 1518 Quando
985 1454 1173 1508 arabas
1210 1471 1330 1508 cum
1370 1457 1617 1527 lacrymis
1640 1499 1655 1521 ,
1693 1473 1784 1528 ego
1825 1457 1992 1513 obtuli

409 1543 693 1598 orationem
720 1553 866 1596 tuum
890 1543 1305 1598 Domino.-—-—ln
1345 1545 1564 1600 sublime
1602 1547 1770 1601 altare
1807 1559 1988 1614 tuum,

410 1633 516 1687 hoc
545 1642 627 1688 est
653 1634 706 1688 in
737 1644 1087 1704 conspectum
1115 1636 1312 1689 divina!
1344 1635 1642 1702 majestatis
1667 1647 1791 1692 tua).
1820 1637 1992 1694 Porro

411 1723 552 1778 sicut
573 1725 765 1779 beatus
785 1726 1121 1794 Augustinus
1149 1725 1510 1791 determinat,
1541 1743 1645 1782 non
1673 1729 1874 1783 dicitur
1899 1745 1994 1783 au-

2084 542 2342 605 duarum;
2382 549 2436 593 et
2465 541 2584 594 ideo
2615 541 2664 594 in
2682 541 2784 595 hoc
2808 541 2952 610 quod
2981 539 3199 594 feminis
3222 547 3302 592 est
3335 540 3692 609 praepositus,—

2085 639 2277 685 testem
2306 632 2503 686 meruit
2532 633 2919 686 sincerissiuuc
2944 632 3234 687 castitatis.
3264 631 3453 685 Posset
3489 639 3668 686 tamen

2086 739 2192 778 non
2215 723 2564 794 evangelista,
2599 726 2690 778 sed
2743 726 2981 795 Baptista
3006 724 3244 780 Joannes
3273 724 3524 795 intelligi;
3575 739 3674 780 nec

2087 817 2265 871 obstat
2315 818 2456 885 quod
2509 818 2856 887 prtemittitur
2893 827 3005 872 tum
3047 816 3311 887 apostolis
3362 827 3473 870 tum
3509 817 3672 870 etiam

2089 908 2438 978 martyribus,
2493 923 2615 962 cum
2668 908 2912 978 Baptista
2965 909 3164 963 metito
3216 907 3360 962 inter
3407 917 3674 980 martyres

2090 1003 2261 1069 possit
2291 1002 2582 1056 numerari.
2620 998 2739 1053 Non
2768 1001 3058 1055 (estimator
3091 1000 3283 1052 meriti.
3335 997 3450 1052 Non
3486 1013 3677 1054 secun-

2092 1092 2216 1147 dum
2245 1092 2570 1162 exigentiam
2599 1092 2913 1145 meritorum
2944 1089 3195 1144 retribuit
3222 1129 3236 1153 ,
3267 1090 3361 1144 sed
3391 1089 3528 1143 citra
3553 1103 3679 1143 con-

2093 1184 2310 1254 dignum
2364 1183 2655 1253 puniendo,
2715 1189 2770 1237 cl.
2819 1196 2982 1252 supra
3035 1180 3363 1251 condignum
3429 1193 3679 1233 remune-

2095 1275 2282 1330 rando.
3289 1312 3312 1328 .

2166 1363 2253 1418 Μ».
2297 1363 2403 1418 Per
2439 1381 2590 1436 quem
2640 1366 2750 1417 [nec
2789 1365 2986 1429 omnia,
3014 1363 3253 1428 Domine,
3303 1379 3504 1433 semper
3545 1363 3682 1418 bona

2097 1471 2264 1509 creas.
2298 1453 2431 1507 Nam
2460 1455 2637 1506 omnia
2661 1469 2754 1522 per
2782 1453 2951 1522 ipsum
2992 1454 3134 1522 facta
3161 1463 3282 1505 sunt
3311 1460 3366 1506 et
3393 1451 3519 1506 vidit
3545 1451 3684 1506 Deus

2099 1558 2286 1600 cuncta
2308 1562 2424 1617 qua:
2451 1546 2665 1614 fecerat,
2711 1555 2758 1598 et
2796 1554 2946 1599 erant
2974 1544 3123 1598 valde
3146 1545 3300 1597 bona.
3345 1542 3523 1606 Creas,
3553 1557 3684 1611 ergo

2100 1638 2383 1694 condendo
2415 1646 2696 1701 naturam;
2749 1635 3071 1704 sanctiﬁcas,
3106 1635 3481 1689 consecrando
3527 1642 3685 1687 natu-

2103 1745 2257 1794 ram;
2317 1727 3198 1797 rivi/icas,,transsubstantiaudo
3248 1734 3588 1787 creaturam;
3637 1730 3689 1777 et

414 1811 569 1880 gelus
605 1813 883 1868 orationes
921 1827 1136 1869 nostras
1172 1815 1374 1870 olierre
1414 1816 1671 1882 Domino,
1705 1819 1832 1888 quia
1867 1829 1996 1875 tunc
2026 1812 2071 1871 Β
2100 1821 2378 1883 benedicis,
2408 1818 2798 1873 accuumlando
2825 1817 3074 1886 gratiam.
3117 1815 3214 1869 Est
3246 1825 3426 1868 autem
3457 1810 3686 1882 simplex

411 1902 592 1976 primo
621 1905 832 1958 noverit
863 1905 1006 1959 Deus
1036 1906 1178 1974 quod
1208 1906 1456 1960 volumus
1475 1948 1488 1972 ,
1519 1909 1644 1976 quia
1677 1908 1818 1962 Deus
1848 1910 1998 1964 novit

410 1994 592 2053 omnia
634 1988 924 2065 antequam
971 1997 1136 2058 ﬁant,
1169 1997 1263 2052 sed
1291 1998 1415 2066 quia
1448 2014 1671 2053 necesse
1702 2000 1865 2054 habet
1911 2015 1998 2053 ra-

417 2085 640 2142 tionalis
673 2099 924 2141 creatura
955 2088 1280 2157 temporales
1309 2105 1505 2144 causas
1532 2091 1598 2143 ad
1637 2091 1998 2147 aeternitatem

417 2178 660 2245 referre,
701 2180 818 2234 sive
854 2182 1088 2250 petendo
1115 2199 1234 2252 qua:
1261 2185 1502 2251 gratiose
1534 2184 1692 2249 (iant,
1726 2186 1838 2240 sive
1867 2202 2000 2241 cou-

420 2266 650 2324 sulendo
686 2271 814 2338 quid
857 2271 1051 2336 faciat,
1094 2281 1152 2325 ut
1191 2275 1333 2341 quod
1372 2273 1480 2327 Deo
1510 2273 1736 2342 jubente
1776 2275 2003 2345 impleu-

418 2358 548 2412 dum
583 2374 704 2414 esse
745 2362 1089 2431 cognoverit,
1122 2363 1202 2417 vel
1233 2365 1514 2418 evidenter
1539 2365 1622 2418 vel
1651 2363 1884 2420 latenter
1915 2382 2002 2421 rc-

417 2461 617 2515 portet.
654 2452 789 2508 Hinc
819 2456 984 2508 etiam
1013 2456 1298 2510 evidenter
1321 2467 1546 2527 apparet
1573 2457 1716 2528 quod
1746 2459 1920 2530 angeli
1951 2459 2004 2513 in

417 2543 694 2602 J'tcrilicio
725 2560 942 2614 semper
970 2547 1254 2600 assistunt.

493 2633 580 2690 εδ.
622 2633 907 2703 Memento,
939 2637 1178 2692 Domine.
1225 2638 1357 2694 Orat
1405 2640 1490 2710 pia
1541 2650 1716 2696 mater
1763 2642 2006 2698 Ecclesia

425 2741 535 2782 non
561 2726 734 2782 solum
765 2743 860 2796 pro
889 2729 1047 2792 vivis,
1079 2729 1172 2782 sed
1201 2731 1367 2783 etiam
1397 2747 1496 2800 pro
1525 2731 1816 2795 defunctis,
1833 2745 1888 2787 ct
1916 2749 2010 2790 eos

423 2834 598 2874 sacrm
635 2819 1028 2873 ilttet'cessione
1066 2821 1356 2875 oblationis
1384 2825 1730 2877 commendat
1759 2826 2006 2892 sanctis;

425 2910 539 2964 sive
589 2911 715 2979 quia
765 2912 986 2980 sanguis
1032 2913 1132 2966 iste
1184 2913 1486 2981 pretiosus,
1540 2915 1630 2982 qui
1683 2929 1781 2984 pro
1823 2915 2010 2970 multis

425 3003 630 3059 effusus
656 3013 740 3058 est
787 3005 839 3057 in
875 3005 1247 3058 remissionem
1281 3015 1661 3074 peccatorum,
1698 3023 1803 3061 non
1834 3009 2010 3064 solum

429 3098 495 3149 ad
522 3096 752 3150 salutem
799 3097 1126 3160 viventium,
1169 3099 1264 3151 sed
1304 3098 1467 3151 etiam
1510 3099 1577 3151 ad
1606 3099 2009 3154 absolutionem

431 3185 656 3258 [valeat]
677 3185 1073 3241 defunctorum.
1106 3187 1210 3253 Qui
1236 3205 1352 3242 cum
1376 3191 1524 3259 signa
1553 3190 1698 3259 ﬁdei.
1724 3190 1840 3245 Non
1870 3193 2011 3260 quod
2040 3159 2084 3220 Ο

429 3278 501 3332 ibi
544 3279 616 3332 sit
658 3279 814 3342 tides,
860 3279 985 3349 quia
1028 3280 1161 3335 ﬁdes
1193 3290 1250 3335 et
1275 3297 1399 3349 spes
1446 3285 1878 3347 evacuabuutur,
1919 3285 2012 3339 sed

434 3369 649 3438 signum
680 3370 800 3424 tidei
829 3385 926 3439 pro
949 3371 1267 3426 charactere
1295 3358 1713 3429 eltristianit'atis
1745 3376 2015 3444 accipitur

433 3475 542 3527 quo
569 3460 757 3515 ﬁdeles
781 3462 850 3516 ab
877 3462 1184 3519 inﬁdelibus
1211 3465 1618 3520 discernuntur.
1651 3465 1718 3520 Et
1746 3467 2015 3522 dormiunt

432 3551 488 3605 in
508 3567 689 3605 somno
713 3553 878 3619 pacis.
909 3551 1217 3607 Secundum
1247 3554 1374 3608 illud
1407 3573 1420 3607 :
1452 3557 1519 3608 In
1542 3574 1669 3624 pace
1705 3558 1761 3610 in
1786 3559 2014 3627 idipsam

435 3642 716 3696 dormiam.
757 3641 925 3697 Sacra
963 3641 1243 3714 Scriptura
1291 3646 1522 3716 appellat
1559 3649 1916 3713 dormientes,
1957 3660 2016 3704 ut

433 3729 839 3798 aitApostolus:
872 3729 1134 3787 Nolumus
1157 3751 1243 3788 vos
1270 3736 1512 3804 ignorare
1531 3737 1596 3790 de
1620 3739 2014 3794 dormientibus.

436 3818 506 3874 Et
539 3819 799 3876 Dominus
834 3822 888 3875 in
939 3821 1232 3891 Evangelio
1266 3841 1278 3875 :
1310 3822 1546 3880 Lazarus
1605 3829 1806 3881 amicus
1846 3839 2020 3883 noster

435 3912 653 3968 dormit.
689 3913 1011 3984 Propitiare,
1057 3916 1301 3983 Domine,
1339 3926 1386 3970 et
1413 3919 1653 3973 omnibus
1706 3921 1760 3972 in
1809 3919 2018 3975 Christo

434 4007 836 4074 quiescentibus.
876 4006 932 4062 lu
972 4008 1071 4063 hoc
1100 4007 1220 4064 loco
1246 4009 1520 4074 sacerdos,
1550 4025 1780 4079 quorum
1816 4013 2024 4066 malue-

437 4098 532 4163 rit,
563 4099 722 4154 debet
751 4115 914 4172 agere
946 4103 1265 4156 memoriam
1297 4103 1606 4172 specialem.
1637 4102 1836 4157 Locum
1867 4105 2018 4172 refri-

445 4189 602 4255 gerii,
627 4189 682 4242 in
701 4205 806 4256 quo
835 4199 1044 4243 nonest
1068 4194 1226 4245 ardor
1253 4203 1626 4260 peccatorum.
1645 4197 1826 4260 Lucis,
1849 4210 1900 4248 In
1927 4210 2034 4261 quo

449 4290 560 4336 non
585 4284 669 4329 est
692 4277 1002 4332 obscuritas
1028 4280 1403 4334 tenebrarum.
1435 4279 1500 4332 Et
1522 4283 1693 4350 pacis,
1715 4283 1768 4335 in
1792 4299 1902 4352 quo
1923 4299 2027 4338 non

440 4376 522 4418 est
549 4364 832 4420 conflictus
858 4379 1165 4435 poenarum.
1200 4369 1369 4423 Nobis
1405 4385 1608 4442 quoque
1639 4377 2017 4441 peccatoribus.

439 4454 572 4510 Nam
612 4456 658 4507 si
683 4457 967 4511 dixerimus
996 4461 1137 4529 quod
1155 4469 1423 4528 peccatum
1459 4479 1560 4515 non
1591 4464 1858 4529 habemus,
1904 4485 2022 4521 nos-

437 4549 540 4594 met
565 4541 706 4611 ipsos
742 4545 1058 4606 seducimus.
1084 4558 1130 4600 et
1162 4548 1349 4600 veritas
1375 4549 1428 4602 in
1463 4550 1609 4604 nobis
1640 4567 1740 4604 non
1768 4565 1860 4608 est.
1889 4555 2021 4608 Cum

445 4633 671 4696 Joanne,
696 4632 979 4704 Stephano,
1019 4637 1264 4704 Mattltia,
1299 4639 1568 4696 Barnaba.
1607 4643 1662 4698 lu
1706 4645 1808 4700 hac
1836 4664 2025 4703 secun-

440 4725 508 4780 da
568 4734 1083 4789 tontmemoratione
1141 4745 1451 4792 sanctorum
1504 4754 1568 4794 ex
1625 4758 1818 4812 magna
1874 4756 2025 4814 parte

441 4819 760 4888 supplentur
805 4840 925 4893 qua:
980 4827 1047 4879 de
1084 4828 1375 4897 praemissis
1422 4834 1626 4888 sanctis
1668 4834 2020 4903 jubebantur.

441 4909 549 4963 Sed
600 4913 859 4981 quieritur
911 4932 1079 4985 quare
1124 4919 1362 4976 Joannes
1418 4926 1709 4994 repetitur,
1758 4938 1811 4982 et
1861 4945 2031 4999 quare

440 4999 750 5072 Stephanus
801 5009 1044 5063 sociatur
1088 5010 1306 5079 Joanni,
1359 5024 1412 5069 et
1466 5033 1635 5086 quare
1685 5021 2027 5089 prmmittitur

441 5095 682 5153 Matthiae
743 5109 798 5154 et
853 5099 1155 5158 Barnabas?
1219 5106 1363 5163 Sane
1439 5107 1673 5166 Joannes
1735 5113 1788 5166 in
1849 5115 2023 5183 prima

441 5190 955 5244 commemoratione
1004 5209 1126 5248 cum
1166 5195 1287 5250 aliis
1313 5197 1618 5266 disponitur
1645 5214 1863 5271 propter
1890 5218 2023 5272 apo-

443 5278 726 5346 stolatum;
794 5281 1007 5338 in’bac
1069 5290 1584 5344 commemoratione
1649 5292 1910 5359 repetitur
1969 5301 2025 5348 et

440 5384 564 5423 cum
594 5369 870 5441 Stephano
904 5375 1144 5430 sociatur
1172 5387 1394 5448 prapter
1429 5380 1771 5449 privilegium
1808 5382 2022 5437 caeliba-

442 5469 552 5525 tus,
581 5463 818 5534 virgines
851 5467 995 5520 enim
1027 5477 1172 5523 sunt.
1208 5469 1502 5540 Propterea
1535 5472 1748 5527 caeteris
1783 5475 2024 5541 preemit-

443 5548 573 5603 titur
601 5553 946 5623 virginitaset
976 5559 1209 5615 maxime
1233 5561 1667 5626 commendatur,
1697 5564 1824 5631 quia
1868 5563 2027 5618 Citri-

443 5648 557 5694 stus
581 5641 636 5695 in
663 5659 822 5699 cruce
850 5656 1078 5703 matrem
1095 5649 1368 5722 Virginem
1386 5652 1576 5722 virgini
1603 5655 2021 5708 commendavit.

443 5728 701 5802 Stephani
741 5750 866 5791 vero
895 5739 1174 5809 virginitas
1226 5757 1294 5799 ex
1342 5758 1406 5797 co
1437 5743 1671 5804 maxime
1712 5747 2023 5816 deputatur,

2098 1912 2449 1986 providentiae
2478 1911 2890 1964 demonstratio.
2922 1907 3052 1962 Ha’c
3087 1909 3226 1961 enim
3269 1907 3468 1969 onmia,
3510 1905 3560 1956 id
3604 1909 3690 1957 est
3714 1915 3739 1986 Ι·

2100 2019 2313 2074 panem,
2350 2003 2530 2056 vinum
2560 2011 2614 2056 et
2645 2015 2863 2068 aquam,
2887 2014 3089 2068 semper
3120 1997 3253 2050 bona
3290 2012 3456 2060 creas,
3491 2008 3687 2049 secun-

2103 2097 2227 2151 dum
2283 2108 2478 2149 causas
2528 2090 2945 2162 primordiales,
3001 2087 3338 2150 sanctiﬁcas,
3394 2085 3690 2139 secundum

2102 2203 2297 2244 causas
2352 2184 2812 2248 sacramentales;
2874 2180 3142 2249 civi/icas,
3196 2189 3254 2232 ut
3299 2185 3580 2233 transeant
3635 2175 3688 2228 in

2105 2293 2325 2336 carnem
2377 2286 2434 2332 et
2484 2275 2834 2346 sanguinem;
2870 2283 2916 2327 et
2963 2271 3257 2334 benedicis,
3310 2277 3365 2323 ut
3413 2266 3691 2323 conferant

2108 2374 2369 2427 unitatem
2419 2379 2476 2422 ct
2521 2368 2878 2432 cbaritatem;
2935 2382 3028 2436 per
3073 2352 3265 2434 ipsum,
3302 2373 3556 2430 tanquam
3595 2373 3694 2427 per

2108 2464 2496 2527 mediatorcm;
2535 2477 2650 2513 cum
2679 2461 2810 2529 ipso,
2845 2451 3102 2526 tanquam
3142 2453 3437 2523 coarquali;
3471 2453 3524 2506 in
3551 2451 3690 2520 ipsa,

2109 2563 2367 2622 tanquam
2401 2546 2887 2611 consubstantiali';
2930 2546 2980 2599 in
3027 2545 3186 2599 Patre
3233 2543 3432 2612 quippe
3479 2549 3695 2595 notatur

2111 2643 2430 2706 auctoritas,
2465 2641 2518 2694 in
2548 2639 2684 2692 Filio
2713 2637 3018 2707 :equalitas,
3055 2636 3108 2689 iu
3140 2634 3345 2704 Spiritu
3378 2641 3567 2686 sancto
3595 2646 3692 2685 co-

2111 2738 2318 2791 :evitas.
2367 2733 2678 2790 Auctoritas
2730 2732 2783 2785 in
2829 2731 2992 2785 Patre
3046 2739 3268 2799 propter
3331 2725 3694 2797 principium;

2112 2828 2394 2899 tequalitas
2447 2827 2497 2878 in
2552 2824 2688 2878 Filio
2751 2833 2972 2892 propter
3024 2823 3293 2885 medium;
3344 2820 3595 2876 coatvitas
3636 2818 3691 2870 in

2114 2919 2320 2989 Spiritu
2349 2925 2539 2972 sancto
2564 2923 2786 2984 propter
2812 2912 3169 2968 consortium.
3217 2911 3379 2966 Sexta
3405 2911 3536 2964 feria
3567 2921 3692 2962 crus

2113 3009 2308 3066 ciiixus
2339 3017 2424 3062 est
2459 3008 2717 3062 Dominus
2760 3006 2892 3060 hora
2939 3004 3098 3060 tertia
3147 3003 3343 3072 iinguis
3367 3002 3692 3062 Judseornm,

2116 3100 2259 3169 quod
2313 3108 2499 3152 narrat
2547 3097 2793 3162 Marcus;
2849 3107 3036 3161 sexta,
3089 3097 3340 3150 manibus
3392 3093 3691 3162 gentilium,

2119 3193 2260 3261 quod
2292 3201 2479 3246 narrat
2505 3189 2772 3255 Joannes;
2805 3199 2860 3243 et
2890 3190 3034 3244 circa
3067 3189 3256 3243 horam
3306 3204 3502 3243 nonam
3549 3183 3697 3238 incli-

2121 3292 2244 3335 nato
2286 3282 2475 3349 capite,
2496 3280 2676 3332 emisit
2718 3279 2982 3347 spiritum.
3053 3277 3131 3331 Ad
3183 3275 3521 3331 recolendam
3571 3283 3700 3342 ergo

2121 3370 2566 3435 crucilixionem,
2621 3384 2742 3438 quae
2788 3368 2922 3423 hora
2978 3368 3133 3423 tertia
3183 3367 3322 3421 facta
3372 3376 3456 3420 est
3503 3363 3699 3431 linguis

2119 3463 2426 3518 Judteorum
2477 3471 2560 3516 ter
2603 3461 3002 3515 clamantium:
3045 3458 3328 3529 Cruciﬁge,
3377 3467 3431 3511 et
3480 3469 3695 3510 rursus:

2125 3553 2307 3618 Tolle,
2355 3553 2506 3618 tolle,
2554 3552 2822 3621 cruciﬁge,
2880 3552 3135 3606 sacerdos
3185 3549 3313 3604 facit
3361 3559 3470 3602 tres
3513 3558 3700 3600 truces

2122 3663 2287 3717 super
2310 3647 2549 3700 oblatam
2586 3655 2640 3700 et
2665 3645 2912 3709 calicem,
2945 3657 3068 3698 cum
3095 3643 3225 3698 dicit
3268 3640 3584 3707 sanctiﬁcas,
3622 3636 3701 3689 ri-

2121 3740 2326 3809 rificas,
2362 3738 2640 3792 benedicis.
2691 3737 2770 3791 Ad
2821 3736 3163 3792 recolendam
3211 3751 3342 3790 vero
3388 3732 3697 3789 crucitixio-

2124 3846 2271 3895 nem,
2303 3845 2421 3899 quze
2450 3837 2570 3898 post
2597 3827 2940 3902 intervallum
2969 3827 3132 3882 trium
3160 3827 3417 3881 horarum
3454 3823 3592 3878 facta
3618 3832 3704 3877 est

2124 3922 2377 3978 manibus
2415 3920 2717 3989 gentilium,
2750 3919 2881 3974 facit
2911 3919 3040 3974 item
3089 3927 3199 3973 tres
3229 3933 3422 3973 cruces
3447 3911 3569 3971 cum
3602 3915 3702 3967 ho-

2124 4011 2250 4076 stia,
2283 4010 2510 4064 dicendo
2532 4025 2694 4078 super
2720 4009 2943 4064 calicem
2966 4027 2978 4062 :
2998 4027 3089 4079 per
3116 4010 3308 4079 ipsum,
3340 4020 3388 4061 et
3418 4023 3533 4060 cum
3567 4006 3698 4073 ipso,

2125 4111 2172 4154 et
2201 4101 2255 4155 in
2283 4102 2415 4169 ipso.
2443 4097 2792 4154 Postmodum
2823 4113 2953 4154 vero
2983 4099 3048 4152 ad
3077 4097 3461 4168 designandum
3488 4094 3706 4148 divisio-

2125 4207 2250 4247 nem
2281 4192 2466 4246 carnis
2497 4203 2551 4245 ct
2581 4191 2776 4244 anima:
2803 4190 3012 4244 Domini
3057 4188 3364 4251 morientis,
3411 4185 3540 4240 facit
3572 4185 3709 4239 duas

2125 4297 2316 4337 cruces
2340 4283 2392 4334 in
2418 4297 2515 4336 ore
2537 4281 2878 4344 calicis,cum
2906 4281 3062 4335 dicit:
3090 4279 3202 4333 Tibi
3231 4279 3338 4334 Deo
3362 4278 3512 4331 Patri
3533 4278 3707 4332 omni-

2125 4373 2318 4444 potenti
2348 4373 2400 4425 in
2425 4373 2626 4426 unitate
2654 4371 2880 4441 Spiritus
2905 4373 3092 4436 sancti,
3125 4371 3282 4424 Deus.
3318 4371 3451 4423 Dum
3477 4367 3706 4422 enim‘in

2127 4463 2346 4518 Christo
2396 4472 2504 4516 tres
2548 4462 2654 4515 sint
2703 4462 2866 4515 unita:
2910 4461 3246 4525 substantiae,
3294 4457 3593 4512 divinitatis
3639 4455 3708 4508 ad

2126 4571 2322 4625 corpus
2341 4597 2354 4619 ,
2384 4555 2686 4610 divinitatis
2714 4555 2782 4609 ad
2811 4555 3070 4617 animam,
3095 4562 3155 4613 et
3185 4551 3380 4605 anima:
3420 4552 3486 4603 ad
3513 4563 3712 4617 corpus

2126 4649 2356 4702 divisum
2406 4649 2473 4702 ab
2495 4648 2695 4711 auima,
2739 4657 3022 4716 praptcrca
3075 4661 3181 4699 non
3234 4642 3408 4698 tribus
3435 4639 3708 4701 crucibus,

2126 4740 2220 4794 sed
2249 4740 2457 4793 duabus
2482 4754 2626 4792 mors
2655 4738 2863 4793 Domini
2895 4738 3226 4807 designatur.

2199 4830 2285 4883 15.
2325 4830 2596 4885 Sacerdos
2628 4831 2792 4884 etiam
2834 4844 2996 4899 super
3024 4843 3264 4882 mensam
3301 4826 3492 4881 altaris
3519 4837 3713 4878 manus

2127 4923 2391 4986 extendit,
2437 4923 2565 4991 quia
2591 4921 2839 4975 Christus
2889 4934 3053 4989 super
3102 4935 3250 4972 aram
3300 4918 3480 4973 crucis
3519 4930 3712 4970 manus

2130 5016 2406 5084 expandit.
2437 5015 2704 5069 Subtilius
2752 5025 2932 5067 tamen
2981 5029 3045 5067 ac
3069 5011 3387 5082 profundius
3434 5011 3546 5064 lucc
3585 5021 3712 5076 pos-

2130 5121 2316 5159 sumus
2346 5104 2612 5176 ligurarc;
2653 5113 2762 5159 tres
2791 5107 2988 5174 quippe
3028 5117 3218 5158 cruces
3257 5101 3566 5172 signiﬁcant
3597 5106 3712 5152 tres

2128 5199 2402 5251 crutdatus
2439 5213 2575 5266 quos
2601 5197 2853 5251 Christus
2893 5197 2946 5250 in
3004 5210 3165 5250 cruce
3196 5195 3473 5258 sustinuit,
3519 5191 3713 5246 videli-

2127 5299 2212 5341 cct
2247 5289 2566 5356 "passionem
2595 5328 2610 5351 ,
2671 5288 3077 5357 propassionem
3141 5295 3195 5341 et
3239 5285 3706 5354 compassionem;

2131 5380 2438 5449 passionem
2488 5380 2541 5433 in
2590 5395 2856 5448 corpore,
2930 5380 3336 5449 pr0passionem
3401 5377 3456 5430 in
3511 5384 3706 5434 triente,

2131 5471 2557 5541 (aitnpassionem
2583 5471 2641 5524 in
2671 5471 2854 5524 corde.
2886 5470 2959 5523 De
2983 5469 3236 5539 passione
3260 5469 3387 5522 dicit
3416 5466 3674 5537 propheta
3693 5504 3708 5518 .

2130 5561 2174 5614 0
2220 5578 2344 5628 vos,
2391 5562 2480 5631 qui
2522 5561 2759 5614 transitis
2798 5577 2890 5630 per
2935 5562 3107 5625 riam,
3164 5561 3416 5614 attendite
3455 5570 3503 5611 et
3549 5557 3711 5612 videte

2127 5654 2172 5705 si
2203 5663 2298 5715 est,
2344 5661 2448 5706 etc.
2494 5651 2710 5706 Etiam:
2739 5649 3012 5705 Foderunt
3052 5667 3240 5706 manus
3283 5666 3424 5704 meas
3465 5659 3511 5702 et
3555 5665 3604 5718 pc
3622 5647 3711 5700 des

2127 5759 2286 5799 meos.
2319 5742 2396 5798 De
2421 5742 2775 5816 propassione
2822 5742 3020 5797 mentis
3046 5732 3307 5797 Dominus
3354 5739 3526 5809 inquit
3551 5753 3564 5792 :
3593 5734 3712 5792 'I‘ri-
