4028 6168
428 269 532 327 889

1579 273 1946 332 EXI‘OSITIO
1990 273 2288 331 CANONIS
2325 272 2572 333 MISSE.

3613 281 3718 337 800

429 389 527 442 stis
569 391 641 439 est
680 389 858 439 anima
902 393 1126 450 mea;et
1155 385 1284 442 item
1311 403 1326 443 :
1353 386 1516 458 Carpit
1554 387 1714 442 Jesus
1751 405 1937 458 parere
1981 397 2028 439 et
2059 390 2104 446 Α
2135 387 2289 456 quies
2334 387 2590 456 quinque,
2640 400 2761 456 quae
2789 395 2914 442 sunt
2971 387 3132 442 simul
3173 387 3264 442 25.
3311 387 3412 455 Qui
3461 406 3718 449 numerus

430 481 646 534 tradere.
705 479 779 532 De
818 480 1198 548 eompassione
1241 481 1422 534 cordis
1471 496 1568 550 pro
1616 481 2030 538 crocitixoribus

433 571 652 624 oravit:
679 568 858 634 Pater,
891 570 1110 639 ignosce
1145 571 1266 624 illis.
1297 572 1422 626 Ideo
1453 589 1581 626 vero
1611 575 1871 629 sacerdos
1903 573 2032 628 facit

434 661 538 715 has
567 675 762 716 cruces
797 677 918 714 cum
953 663 1129 716 hostia
1162 677 1324 733 super
1354 665 1602 729 calicem,
1633 666 1758 734 quia
1785 665 2032 720 Christus

438 749 744 818 hujusmodi
795 751 1072 805 cruciatus
1131 752 1182 805 in
1232 768 1460 821 corpore
1519 769 1682 824 super
1733 755 2032 824 patibulum

439 839 744 912 [pertulit];
790 855 886 909 per
910 841 1134 895 calicem
1163 843 1306 896 enim
1353 843 1532 910 passio
1562 845 1904 910 designatur:
1950 858 2030 898 se—

439 932 675 986 cundum
723 930 837 998 (50)
881 931 1010 985 illud
1055 931 1279 995 :Pater,
1324 935 1370 985 si
1406 933 1524 1000 ﬁeri
1563 945 1752 1004 potest,
1797 945 2031 988 transeat

439 1039 474 1076 a
495 1037 576 1076 me
597 1021 738 1074 calia:
763 1023 876 1074 iste.
909 1021 1042 1074 Dum
1063 1037 1194 1076 vero
1217 1037 1429 1084 cruces.
1453 1039 1590 1092 quas
1617 1023 1747 1076 facit
1781 1025 1832 1076 in
1863 1025 2032 1078 latere

441 1111 650 1178 calicis,
695 1114 980 1182 designant
1027 1113 1134 1168 duo
1179 1125 1547 1190 sacramenta,
1599 1131 1719 1184 qua:
1759 1116 1826 1168 de
1863 1115 2033 1168 latere

445 1205 658 1260 Domini
695 1205 1096 1278 profluxerunt,
1131 1207 1397 1262 videlicct’
1421 1223 1560 1277 aqua
1605 1209 2034 1278 regenerationis

443 1304 498 1350 et
529 1295 749 1365 sanguis
775 1295 1180 1366 redemptionis.
1212 1296 1506 1365 Corporale
1543 1299 1774 1367 desuper
1809 1300 2032 1352 culidem

441 1397 771 1445 removetur,
815 1387 940 1454 quia
973 1386 1150 1440 velqu
1203 1388 1387 1457 templi
1429 1389 1662 1442 scissum
1705 1397 1808 1452 est,
1840 1403 2034 1442 secun-

443 1477 570 1532 dum
599 1477 742 1547 quod
772 1477 838 1530 de
873 1491 940 1530 eo
967 1477 1232 1545 scriptum
1271 1487 1410 1542 erat,
1441 1479 1705 1534 hactenus
1739 1489 1855 1532 erat
1885 1477 2026 1533 clau-

443 1583 590 1633 sum,
621 1577 676 1621 et
716 1567 917 1636 lignum
952 1568 1176 1622 missum
1201 1577 1284 1623 est
1318 1569 1370 1622 in
1396 1571 1551 1638 aquis
1576 1571 1806 1636 Mat-alb,
1835 1580 1888 1625 ct
1917 1571 2034 1624 dul-

441 1666 648 1711 curatae
673 1666 821 1712 sunt.
865 1657 1018 1713 Tunc
1056 1659 1350 1714 exaltatum
1394 1676 1686 1730 parumper
1728 1677 2032 1716 sacramen-

2133 493 2228 546 per
2259 480 2534 532 seductus
2558 494 2774 547 semper
2811 479 2861 531 in
2902 493 2960 532 se
3006 479 3178 548 ipsum
3233 481 3539 546 reducitur;
3593 501 3716 539 nam

2131 567 2420 636 quinquies
2447 568 2686 636 quinque
2715 578 2839 620 sunt
2862 568 2966 632 ‘25;
3006 570 3296 639 quinquies
3322 571 3390 625 9.5
3416 582 3544 626 sunt
3580 575 3715 630 ηδε

2136 659 2238 713 125
2289 659 2578 726 quinquies
2639 667 2764 712 sunt
2790 659 2931 722 6‘25;
2993 669 3047 714 et
3099 661 3169 713 ita
3225 677 3436 730 semper
3488 663 3722 718 abundat

2133 751 2416 820 quinarius
2441 765 2700 804 numerus
2721 759 2770 803 et
2797 751 2848 804 in
2870 765 2928 805 se
2955 751 3128 820 ipsum
3157 754 3454 816 reducitur,
3487 755 3530 808 si
3553 756 3720 808 duca-

2138 851 2222 894 tur
2247 841 2298 893 in
2329 839 2624 905 infinitum,
2657 841 2956 908 quamlibet
2975 857 3094 894 eum
3133 842 3476 909 multiplices.
3508 843 3720 896 Eucha-

2137 932 2301 986 ristitr
2327 941 2726 984 sacramentum
2760 947 2974 1002 semper
3003 931 3142 986 idem
3175 943 3258 987 est
3279 934 3628 988 Sacrificium.

2205 1022 2291 1074 17.
2327 1021 2441 1074 Non
2491 1021 2661 1075 solttm
2714 1032 2894 1075 autem
2946 1023 3124 1076 crucis
3175 1023 3476 1092 impressio,
3533 1039 3720 1078 verum

2135 1115 2300 1168 etiam
2335 1115 2482 1168 vocis
2510 1115 2790 1184 expressio
2822 1129 2940 1182 qnze
2967 1124 3114 1184 gesta
3141 1126 3264 1168 sunt
3304 1115 3455 1182 juxta
3502 1131 3720 1170 crucem

2135 1207 2428 1260 insinuant.
2471 1205 2737 1261 Sacerdos
2759 1208 2902 1260 enitn
2949 1223 3078 1261 voce
3129 1208 3400 1276 paululum
3441 1223 3721 1276 expressa,

2135 1315 2394 1369 percusso
2439 1313 2680 1368 peetore,
2717 1299 2989 1354 silentium
3023 1301 3392 1369 interrumpit,
3429 1315 3724 1368 repraesen-

2137 1398 2257 1443 tans
2315 1391 2704 1443 contritionem
2762 1398 2816 1443 et
2867 1389 3262 1444 confessionem
3321 1390 3578 1455 latronis;
3637 1391 3722 1443 vel

2134 1485 2299 1536 etiam
2327 1482 2686 1538 exsultatione
2709 1484 2875 1546 vocis,
2903 1493 2958 1538 et
2989 1485 3240 1538 tunsione
3265 1485 3504 1553 pectoris
3535 1485 3722 1553 expri-

2135 1577 2304 1630 mitur
2336 1577 2488 1640 illud,
2521 1576 2662 1642 quod
2691 1575 2923 1629 centurio
2950 1587 2996 1628 et
3027 1578 3114 1646 qui
3149 1591 3264 1628 cum
3291 1593 3350 1629 eo
3381 1586 3553 1640 erant,
3601 1578 3724 1630 visis

2135 1663 2196 1717 iis
2217 1681 2334 1735 qua:
2357 1665 2569 1731 ﬂebunt,
2597 1667 2880 1718 tinmerunt
2907 1665 3054 1717 valde
3080 1665 3307 1718 dicentes
3331 1679 3348 1716 :
3393 1663 3518 1718 Vere
3541 1663 3719 1718 Filius

449 1759 560 1804 tum
608 1751 676 1804 de
716 1750 874 1804 altari
918 1753 1178 1806 sacerdos
1223 1755 1444 1823 deponit
1485 1754 1598 1824 ipse
1639 1762 1695 1808 et
1735 1755 2028 1821 diaconus,
2063 1739 2105 1797 Β
2141 1755 2235 1808 Dei
2261 1765 2374 1808 crat
2419 1757 2550 1818 istc;
2597 1767 2644 1808 et
2667 1757 3008 1825 perrutientes
3047 1767 3258 1826 pectora
3313 1763 3732 1832 revertebantur.

445 1841 574 1910 quia
616 1842 763 1896 venit
797 1841 994 1911 Joseph
1039 1843 1108 1898 ab
1148 1843 1476 1909 Arituatbia,
1523 1847 1672 1900 venit
1709 1857 1760 1901 et
1807 1846 2036 1901 Nicoda-

449 1947 590 1995 mus,
628 1941 682 1985 et
723 1933 1068 2002 impetratum
1117 1950 1148 1988 a
1191 1934 1364 1989 Pilato
1407 1951 1605 2004 corpus
1641 1937 1768 1991 .lesu
1816 1938 2038 2006 sepelie-

451 2031 594 2076 runt.
636 2023 704 2076 Et
742 2025 869 2093 quia
908 2025 1146 2080 advolvit
1199 2041 1392 2080 saxum
1436 2041 1690 2096 magnum
1731 2028 1798 2082 ad
1835 2028 2035 2082 ostium

449 2117 828 2181 monumenti,
884 2117 1143 2173 diaconus
1192 2134 1356 2188 super
1404 2135 1466 2174 os
1516 2119 1700 2174 calicis
1761 2118 2039 2188 corporale

450 2213 682 2278 reponit.
731 2212 868 2278 Quia
912 2228 1055 2266 nunc
1091 2214 1264 2282 factus
1302 2223 1380 2269 est
1426 2215 1478 2268 in
1523 2231 1652 2283 pace
1699 2214 1848 2269 locus
1897 2215 2034 2280 eius,

450 2302 712 2356 diaconus
753 2317 992 2356 mensam
1020 2301 1210 2356 altaris
1247 2303 1544 2358 osculatur.
1589 2304 1724 2371 Quia
1761 2305 1934 2373 factus
1963 2315 2038 2359 est

449 2393 776 2464 principatus
816 2410 972 2462 super
1011 2395 1288 2450 humerum
1324 2397 1474 2466 ejus,
1515 2396 1776 2452 diaconus
1817 2413 2038 2452 manum

451 2485 722 2556 pontificis
751 2485 1048 2540 osculatur.

525 2573 612 2630 16.
639 2573 982 2628 Sacrificium
1015 2575 1180 2645 igitur
1209 2585 1415 2645 septem
1449 2577 1662 2632 vicibus
1709 2580 1956 2648 signatur
1985 2578 2036 2630 in

455 2676 692 2729 canone;
734 2665 908 2732 prima
939 2666 1056 2718 vice
1089 2675 1190 2729 ter,
1217 2666 1307 2718 ubi
1337 2667 1560 2729 dicitur,
1585 2669 1696 2722 lm’c
1725 2669 1889 2731 dona,
1927 2668 2038 2720 lucc

455 2769 693 2818 munera,
722 2755 832 2806 Itcec
860 2765 1041 2808 sancta
1065 2757 1323 2824 sacriﬁcia
1349 2757 1552 2811 illibata
1587 2767 1806 2826 propter
1829 2769 2036 2811 lernam

458 2844 660 2898 Christi
705 2845 1070 2908 traditionem,
1095 2862 1214 2914 qua:
1239 2845 1376 2900 facta
1401 2858 1483 2901 est
1515 2847 1580 2902 de
1600 2863 1664 2902 eo
1689 2865 1718 2901 a
1763 2846 1900 2903 Juda
1931 2859 1983 2902 et
2006 2865 2036 2902 a

457 2931 674 2987 ludatis.
709 2933 954 2988 Secunda
995 2936 1112 2989 vice
1141 2937 1582 3005 qttinqnics,-ubi
1615 2939 1813 2992 dicitur
1846 2955 2039 3008 :quam

459 3023 772 3078 oblationem
795 3037 870 3094 tu,
902 3027 1062 3090 Deus,
1091 3027 1320 3097 digneris
1347 3029 1520 3098 facere
1555 3021 1903 3092 benedictum,
1953 3045 2040 3082 as-

457 3115 674 3182 criptum
699 3125 748 3169 et
777 3127 969 3180 ratam,
1001 3129 1056 3170 ut
1087 3119 1183 3186 ﬁat
1209 3135 1396 3188 corpus
1425 3130 1475 3173 et
1513 3121 1765 3189 sanguis;
1817 3130 2040 3188 propter
2068 3101 2112 3163 (ἶ

458 3209 699 3278 quinque
728 3221 912 3278 partes
943 3212 1264 3272 venditoris.
1293 3213 1386 3266 sed
1415 3221 1470 3266 et
1497 3213 1706 3268 venditi
1737 3225 1793 3266 et
1828 3223 2046 3284 empto-

455 3315 603 3364 rum,
637 3299 885 3356 videlicet
920 3305 1290 3368 sacerdotum,
1323 3303 1636 3358 Scribarum
1665 3311 1718 3358 et
1744 3303 2042 3360 Pharisaeo-

457 3411 596 3449 rum.
640 3395 822 3450 Tertia
863 3398 981 3452 vice
1031 3397 1134 3462 bis,
1165 3397 1256 3451 ubi
1281 3397 1498 3462 dicitur,
1527 3397 1787 3466 accipiens
1830 3414 2040 3466 panem,

457 3487 714 3540 benedixit
744 3497 792 3541 et
815 3488 988 3557 fregit.
1019 3487 1277 3542 Similiter
1303 3499 1350 3541 et
1375 3489 1512 3541 hunc
1552 3487 1868 3558 praeclarum
1913 3487 2044 3541 cali-

457 3593 586 3638 cem,
624 3579 820 3649 gratias
844 3595 1022 3648 agens,
1047 3580 1326 3642 benedixit,
1360 3587 1580 3649 propter
1605 3577 2040 3632 benedictionem

457 3670 614 3744 panis
634 3669 724 3739 qui
763 3669 1312 3723 transsubstantiatur
1333 3670 1384 3723 in
1415 3683 1662 3735 carnem,
1682 3679 1736 3724 et
1760 3670 1872 3724 vini
1901 3669 2045 3739 quod

459 3761 1018 3816 traussubstantiatur
1039 3761 1092 3814 in
1130 3762 1470 3831 sanguinem.
1505 3760 1712 3836 Quarta
1740 3761 1858 3816 vice
1889 3762 2046 3832 quin-

457 3855 634 3923 quies,
669 3855 756 3909 tibi
783 3854 986 3908 dicitur
1011 3871 1024 3906 :
1053 3855 1278 3907 hostiam
1305 3871 1514 3924 puram,
1537 3855 1760 3908 hostiam
1783 3868 2042 3923 sanctam,

459 3944 685 4000 hostiam
717 3945 1137 4011 immaculatum,
1167 3961 1353 4013 panem
1378 3955 1617 4000 sanctum
1667 3945 1787 3999 vitae
1833 3957 2045 4002 (eterna:

454 4045 506 4089 ct
545 4034 760 4088 calicem
788 4033 978 4088 salutis
1001 4052 1014 4100 Ῑ
1034 4043 1281 4100 erpctuw,
1311 4045 1533 4104 propter
1555 4037 1796 4104 quinque
1827 4037 2044 4091 Domini

454 4125 660 4198 plagas.
691 4125 888 4192 Quinta
943 4125 1064 4179 vice
1110 4126 1214 4189 bis,
1266 4126 1356 4180 ubi
1389 4127 1605 4190 dicitur,
1651 4138 2046 4182 sacrosanctum

455 4234 642 4287 corpus
663 4227 712 4271 et
733 4233 1062 4287 sanguinem,
1095 4226 1318 4288 propter
1350 4217 1562 4272 vincula
1603 4219 1654 4271 in
1680 4219 1876 4288 quibus
1902 4219 2040 4290 liga-

457 4317 570 4362 tum
601 4317 685 4362 est
715 4323 930 4379 corpus,
960 4317 1014 4362 et
1035 4307 1242 4380 ﬂagella
1266 4309 1462 4378 quibus
1491 4309 1658 4364 elisus
1681 4319 1764 4364 est
1799 4311 2040 4382 sanguis.

457 4399 620 4454 Sexta
649 4399 766 4454 vice
796 4409 897 4466 ter,
929 4400 1020 4455 ubi
1052 4401 1268 4462 dicitur,
1297 4401 1618 4469 sancti/iens,
1665 4401 1916 4472 viviﬁcas,
1962 4402 2044 4455 be-

457 4489 676 4552 nedicis,
723 4501 946 4559 propter
992 4491 1399 4545 crucifixionem
1435 4508 1555 4561 qua:
1604 4493 1744 4546 facta
1781 4500 1866 4546 est
1913 4491 2042 4546 hora

458 4583 614 4635 tertia
648 4581 845 4650 [ilignis
868 4579 1176 4636 Judmorum
1214 4583 1565 4636 clamantium
1600 4577 1684 4638 ter
1719 4599 1732 4638 :
1761 4585 2040 4654 Cruci/iga.

459 4669 702 4740 Septima
735 4671 852 4724 vice
881 4669 1192 4738 quinquies,
1224 4669 1316 4723 ubi
1369 4671 1588 4734 dicitur,
1643 4689 1736 4740 per
1771 4674 1964 4740 ipsum,
1997 4683 2043 4727 et

455 4782 572 4820 cum
606 4767 742 4833 ipso,
773 4774 818 4816 et
853 4764 908 4816 in
934 4765 1066 4832 ipso,
1099 4763 1192 4816 tibi
1233 4763 1338 4816 Deo
1397 4764 1539 4833 patri
1597 4765 1938 4835 onmipotcnti
1989 4766 2044 4817 in

463 4859 666 4914 unitate
693 4855 924 4926 Spiritus
971 4855 1165 4918 sancti,
1215 4863 1298 4908 ter
1352 4869 1515 4922 super
1561 4855 1784 4908 calicem
1823 4865 2046 4925 propter

461 4958 572 5002 tres
616 4947 890 5001 cruciatus
936 4959 1072 5013 quos
1126 4943 1374 4998 Christus
1417 4944 1692 5008 sustinuit,
1746 4946 2039 5014 passionis,

459 5038 832 5110 prapassionis
859 5045 916 5092 et
971 5036 1398 5106 compassionis;
1431 5045 1486 5089 et
1523 5037 1602 5089 bis
1633 5036 1686 5090 in
1713 5035 1882 5091 latere
1904 5036 2038 5090 cali-

461 5138 552 5190 cis
569 5143 788 5204 propter
817 5147 1014 5204 aquam
1041 5141 1096 5186 et
1115 5131 1436 5201 sanguinem
1469 5130 1560 5199 qui
1593 5131 1660 5184 de
1688 5131 1866 5185 latere.
1885 5131 2043 5186 Chri-

461 5229 530 5281 sti
561 5225 953 5296 proﬂuxerunt.
995 5224 1142 5278 inter
1170 5223 1270 5277 has
1299 5233 1506 5291 septem
1532 5221 1677 5274 vices
1713 5221 2038 5276 sacrificium

461 5318 710 5390 signatur
734 5319 943 5373 duabus
973 5318 1181 5372 vicibus
1207 5315 1309 5380 his,
1341 5325 1394 5369 et
1439 5315 1612 5368 tribus
1639 5313 1845 5368 vicibus
1889 5313 2044 5382 qui;-

459 5408 638 5480 quies,
671 5417 724 5464 et
749 5409 960 5465 duabus
992 5408 1202 5464 vicibus
1225 5416 1348 5472 ter;
1381 5405 1540 5462 simul
1587 5405 1840 5459 omnibus
1886 5405 2043 5474 quin-

533 5543 842 5620 (50l‘99du
883 5562 1058 5615 διενεν-
1295 5613 1310 5620 -
1375 5613 1388 5620 -
1627 5609 1639 5620 .
1895 5607 1906 5620 .

535 5609 648 5688 (51)
682 5615 775 5670 Sic
803 5609 856 5669 et
887 5609 1184 5686 an'onymus
1221 5613 1518 5688 palatinos,
1548 5609 1640 5682 qui
1671 5609 1856 5688 addit:
1889 5609 2044 5688 idest

463 5679 987 5756 supercrcresrentia,
1014 5679 1070 5738 eo
1093 5679 1378 5756 quod-nihil
1405 5687 1456 5738 in
1487 5700 1548 5737 ea
1568 5679 1581 5682 7
1597 5681 1794 5750 petitur
1822 5679 1957 5749 quod
1990 5679 2038 5730 in

2139 1848 2275 1916 Quia
2303 1863 2434 1902 vero
2457 1847 2610 1901 Jcsus
2633 1848 2866 1901 clamans
2899 1865 3016 1902 voce
3038 1865 3229 1920 magna
3259 1851 3428 1903 emisit
3456 1850 3721 1917 spiritum,

2141 1939 2554 1994 lcvatsacerdos
2577 1955 2764 1993 vorem
2791 1939 3038 2002 dicendo,
3071 1955 3164 2010 per
3196 1941 3372 1992 omnia
3396 1939 3591 1994 strcula
3624 1955 3726 1994 sa!-

2140 2031 2405 2087 culorum.
2433 2032 2693 2086 Videlicet
2721 2033 2845 2101 quia
2872 2031 3116 2085 mulieres
3146 2029 3574 2084 lamentabantur
3591 2031 3726 2101 ﬂen-

2141 2136 2214 2178 tes
2253 2109 2560 2188 Dominum,
2601 2124 2800 2178 chorus
2842 2123 2998 2192 quasi
3031 2123 3380 2176 lamentando
3411 2123 3722 2190 respondet,

2141 2233 2312 2270 auten.
2340 2215 2498 2270 Iesus
2529 2231 2660 2270 voce
2693 2230 2883 2284 magna
2913 2213 3216 2267 clamabat:
3248 2210 3430 2276 Pater,
3456 2213 3508 2264 in
3533 2227 3722 2263 atauus

2141 2315 2259 2358 tuas
2309 2305 2614 2356 commendo
2657 2304 2897 2372 spiritum
2959 2315 3160 2365 tneum;
3204 2311 3258 2354 et
3301 2299 3420 2353 ideo
3469 2297 3724 2352 sacerdos

2141 2395 2353 2450 elevata
2407 2407 2542 2445 voce
2593 2392 2934 2460 pronuntiat:
2987 2388 3150 2442 Pater
3195 2398 3390 2462 noster,
3434 2387 3523 2456 qui
3575 2402 3629 2440 es
3670 2387 3726 2438 in

2142 2486 2302 2539 caelis.
2337 2483 2492 2537 lianc
2536 2483 2838 2536 orationem
2890 2489 3014 2549 post
3060 2493 3322 2533 canonem
3381 2479 3570 2530 beatus
3597 2474 3727 2530 Gre-

2144 2577 2329 2643 gorius
2373 2574 2588 2628 censuit
2646 2572 2860 2625 recitari
2892 2585 3053 2640 super
3101 2569 3372 2632 hostiam;
3417 2568 3530 2620 lucc
3579 2565 3726 2618 enim

2143 2668 2318 2720 oratio
2363 2666 2575 2718 cmteris
2605 2663 2856 2717 tnnnibus
2897 2660 3076 2715 multis
3131 2659 3428 2712 rationibus
3485 2653 3724 2710 antecel-

2144 2757 2222 2816 lit,
2271 2756 2475 2810 scilicet
2509 2754 2830 2808 auctoritate
2869 2751 3130 2826 tloctoris,
3175 2749 3413 2803 bonitate
3437 2745 3726 2811 sermonis,

2144 2849 2456 2904 snflicicntia
2482 2839 2780 2916 petitionis,
2800 2843 3131 2898 fecunditate
3155 2839 3561 2912 mysteriorum.
3589 2837 3728 2891 Sunt

2145 2942 2234 2996 hic
2251 2949 2454 3010 septem
2483 2938 2773 3008 petitiones
2799 2953 2918 3006 qua:
2956 2937 3284 3004 adaptantur
3309 2941 3515 3001 septem
3547 2930 3722 2994 donis,

2144 3047 2348 3104 septem
2375 3029 2681 3092 virtutibus,
2722 3039 2924 3098 septem
2951 3023 3394 3086 beatitudinibus,
3425 3031 3612 3076 contra
3647 3035 3729 3074 sc-

2144 3137 2291 3195 ptem
2321 3124 2447 3178 vitia
2471 3121 2742 3191 capitalia.
2777 3119 2946 3172 llatno
2980 3118 3122 3169 enim
3153 3125 3237 3168 est
3264 3121 3520 3182 aegrotus,
3549 3111 3727 3164 Domi:

2145 3233 2248 3272 nus
2295 3227 2380 3270 est
2415 3215 2684 3278 medicus;
2719 3213 2850 3264 vitia
2899 3219 3027 3263 sunt
3077 3209 3390 3278 languores,
3437 3205 3726 3275 petitiones

2144 3315 2269 3362 sunt
2297 3306 2567 3376 planctus,
2598 3304 2735 3356 dona
2761 3309 2888 3354 sunt
2931 3299 3195 3358 antidota.
3233 3298 3465 3349 virtutes
3491 3297 3618 3348 sunt
3642 3308 3732 3347 sa-

2145 3400 2366 3460 nitates,
2419 3393 2780 3450 beatitudines
2822 3401 2949 3444 sunt
2987 3387 3176 3459 gaudia
3227 3387 3524 3442 felicitatis.
3575 3383 3730 3451 Quod

2145 3488 2391 3557 sequitur
2411 3493 2634 3540 secrctzr
2664 3481 2959 3544 silentium,
2983 3479 3220 3548 quietem
3244 3475 3520 3546 significat
3549 3463 3730 3528 Domi-

2144 3581 2282 3634 nicaa
2302 3575 2610 3647 sepulturae.
2636 3572 2692 3628 In
2719 3570 2960 3625 Sabbato
2989 3567 3245 3622 Christus
3271 3564 3574 3619 secundum
3603 3576 3728 3616 car-

2145 3687 2268 3727 nem
2299 3669 2502 3741 quievit
2529 3668 2580 3721 in
2613 3663 2893 3737 sepulcro;
2917 3661 3214 3717 secundum
3240 3660 3477 3712 animam
3503 3655 3730 3710 descen-

2145 3763 2226 3818 dit
2252 3763 2318 3817 ad
2341 3760 2563 3822 inferos,
2595 3765 2652 3811 ut
2687 3755 2881 3811 fortior
2917 3751 3308 3824 superveniens
3361 3747 3560 3802 fortem
3593 3758 3724 3814 spo-

2147 3859 2306 3912 liaret
2368 3863 2658 3910 armatum.
2713 3849 2904 3904 Libera
2954 3863 3068 3910 nos,
3129 3859 3454 3916 quasumns,
3489 3839 3730 3892 Domine.

2143 3951 2272 4005 llaac
2300 3949 2478 4004 oratio
2505 3945 2706 4001 dicitur
2720 3942 3072 3998 embolismus
3096 3939 3234 4010 (5i),
3269 3945 3323 3990 et
3353 3945 3438 3989 est
3467 3930 3731 4000 expositio

2147 4039 2456 4092 novissimae
2484 4033 2762 4106 petitionis
2786 4031 3051 4086 orationis
3081 4027 3396 4082 Dominicm.
3445 4023 3577 4076 Post
3606 4035 3732 4089 pas-

2146 4131 2314 4185 sionis
2339 4129 2615 4182 tristitiam
2649 4127 2714 4180 ad
2745 4120 3158 4178 resurrectionis
3183 4116 3434 4188 gaudium
3463 4112 3730 4183 pervenit,

2147 4221 2439 4278 secundum
2473 4219 2632 4272 illud:
2677 4216 2754 4270 Ad
2780 4227 3044 4282 vesperum
3070 4206 3428 4270 demorabitur
3447 4205 3637 4273 fletus;
3663 4199 3731 4252 ad
3773 4217 3776 4220 δ

2148 4313 2463 4370 matutinum
2488 4310 2693 4364 ltetitia.

2130 4403 2132 4406 ’
2221 4404 2606 4462 18.Diaconus
2641 4410 2694 4454 et
2746 4397 3114 4453 subdiaconus
3176 4399 3397 4466 portant
3451 4397 3727 4458 patcnam,

2151 4513 2313 4568 quam
2342 4491 2598 4550 sacerdos
2642 4489 2916 4558 accipiens
2955 4483 3253 4544 osculatur,
3309 4490 3358 4534 et
3391 4495 3512 4532 cum
3546 4493 3608 4531 ea
3661 4475 3734 4528 si-

2154 4605 2314 4661 gnum
2347 4586 2528 4640 crucis
2567 4583 2668 4637 sibi
2707 4580 2834 4633 facit
2886 4579 2938 4631 in
2987 4577 3203 4628 faciem.
3253 4569 3314 4624 lli
3350 4580 3456 4622 tam
3506 4579 3732 4661 uoluero

2155 4657 2316 4750 quam
2357 4675 2620 4742 obsequio
2670 4680 2880 4724 stantes
2936 4667 3055 4720 illas
3092 4663 3347 4717 mulieres
3401 4657 3730 4728 significant,

2153 4747 2366 4825 scilicet
2419 4767 2644 4820 Mariam
2697 4758 3062 4828 lilagdalcnaul
3095 4765 3150 4808 et
3199 4753 3420 4806 Mariam
3463 4747 3650 4803 Jacobi
3679 4755 3736 4800 et

2155 4861 2392 4922 Salome,
2432 4871 2552 4925 qua:
2591 4861 2868 4922 portantes
2913 4858 3184 4918 patrnam,
3233 4847 3283 4898 id
3313 4851 3396 4896 est
3423 4857 3516 4896 cor
3545 4848 3734 4908 patens

2150 4949 2435 5005 latitudine
2469 4943 2770 5004 cltaritatis,
2804 4941 2855 4994 in
2885 4938 3207 5008 obsequium
3256 4931 3548 5005 sepulturae
3588 4944 3736 4984 emc-

2151 5048 2280 5096 ruttt
2343 5043 2605 5090 aromata.
2683 5029 2834 5084 lianc
2890 5044 3019 5096 ergo
3079 5036 3350 5096 patenum,
3397 5024 3449 5078 id
3499 5029 3584 5075 est
3640 5035 3735 5072 cor

2143 5130 2378 5200 amplum
2422 5124 2702 5179 latitudine
2757 5121 3058 5182 charitatis,
3114 5115 3366 5170 sacerdos
3405 5111 3626 5178 accipit,
3679 5109 3732 5161 id

2143 5234 2224 5278 est
2252 5221 2502 5276 Christus
2527 5225 2791 5284 acceptat.
2823 5213 2962 5280 Quia
2989 5227 3115 5264 vero
3171 5208 3464 5261 crucifixus
3521 5200 3732 5256 ardenti

2145 5311 2415 5370 desiderio
2459 5307 2826 5380 quit-rebatur,
2883 5304 3038 5372 juxta
3088 5301 3230 5370 quod
3279 5295 3456 5364 inquit
3507 5293 3729 5362 angelus

2147 5401 2502 5458 mulieribus:
2539 5399 2660 5454 Scio
2694 5395 2833 5466 quod
2883 5393 3069 5448 Jesum
3107 5392 3338 5455 qua'ritis
3383 5389 3728 5457 cruciﬁxum;

2147 5538 2460 5608 prwcedenti
2503 5531 3044 5608 Qomirtit'a_aratione
3073 5529 3287 5607 petitum
3335 5543 3437 5579 non
3484 5525 3586 5608 sit,-
3638 5539 3730 5576 nec

2145 5603 2319 5662 tamen
2363 5606 2662 5674 superﬂuit,
2701 5603 2824 5674 quia
2871 5611 2944 5656 est
2995 5603 3251 5670 expositio
3289 5610 3334 5651 et
3381 5603 3614 5664 repetitio
3645 5607 3727 5646 se-

2145 5679 2316 5745 ptimae
2339 5677 2622 5746 petitionis.
3539 5695 3542 5698 -
