4028 6168
373 245 472 300 8M

1226 240 1453 298 ADDlT.
1494 243 1584 297 AD
1624 241 1786 299 ΤΟΜ.
1830 243 1893 298 Ill
1928 242 2076 298 OPP.
2117 244 2172 298 S.
2213 243 2413 299 PETRI
2453 242 2758 300 DAMIANI.

376 359 500 414 ideo
527 372 656 413 crux
681 371 801 411 cum
829 365 1026 426 patena
1049 353 1377 424 imprimitur
1404 355 1457 407 in
1488 353 1953 422 facie;statimqne
1985 360 2030 416 Α
2059 353 2385 424 signiﬁcent,
2417 348 2638 422 Sergius
2671 366 2808 421 papa
2848 349 3193 416 determinat,
3219 349 3407 405 dicens
3439 367 3454 404 τ
3493 351 3637 406 «Tri-

374 447 635 504 sacerdos
657 447 933 502 osculatur
953 446 1530 516 patenam,osteadens
1549 446 1693 514 quod
1705 444 1957 498 Christus

372 540 656 597 confestim
683 539 924 608 implevit
950 537 1274 591 desiderium
1300 535 1620 601 mulierum;
1651 552 1774 591 mox
1803 537 1948 590 enim

373 633 610 688 occurrit
633 633 714 686 eis
739 631 922 684 dicens
948 647 961 682 :
983 631 1155 682 Arete.
1183 628 1334 682 Tunc
1361 629 1612 688 sacerdos
1638 628 1838 699 frangit
1861 629 1959 682 ho-

373 723 532 777 stiam
566 723 617 776 in
643 731 752 774 tres
781 731 998 790 partes;
1031 729 1084 773 et
1111 721 1318 774 duabus
1344 731 1494 775 extra
1529 720 1753 775 calicem
1782 735 1958 774 reser-

370 815 529 874 vatis,
571 828 691 866 cum
729 813 831 865 alia
868 813 1077 882 signum
1122 812 1302 866 crucis
1331 810 1459 865 facit
1492 826 1657 881 super
1689 811 1953 874 calicem,

370 917 424 958 et
463 905 568 958 alta
594 920 725 959 voce
753 903 982 958 dicendo
1014 922 1026 957 :
1062 901 1180 959 Pas:
1218 903 1423 955 Domini
1448 905 1517 956 sit
1553 919 1756 971 semper
1784 902 1954 954 vobis-

367 1012 505 1057 cum,
533 995 852 1062 particulam
877 995 1062 1048 hostiae
1090 995 1142 1046 in
1175 993 1397 1048 calicem
1421 993 1660 1046 dimittit.
1686 991 1956 1045 Sacerdos

367 1085 534 1155 igitur
569 1086 803 1139 hostiam
854 1084 1075 1155 frangit,
1100 1084 1237 1139 utin
1284 1082 1547 1136 fractione
1590 1082 1747 1151 panis
1778 1077 1973 1134 Denm‘

366 1189 776 1244 cognoscamus,
803 1174 942 1228 sicut
963 1175 1038 1230 illi
1074 1173 1318 1242 discipuli
1362 1174 1414 1227 in
1470 1173 1744 1226 Emmans.
1807 1171 1952 1226 Con-

359 1261 569 1331 junctio
621 1266 781 1336 panis
806 1267 995 1320 etvini
1037 1266 1308 1336 signiﬁcat
1358 1265 1612 1319 unionem
1663 1265 1847 1319 carnis
1901 1272 1958 1318 et.

363 1357 561 1411 anima:
601 1359 654 1411 iu
685 1359 1088 1413 resurrectione
1113 1356 1314 1412 Christi
1349 1357 1526 1411 denuo
1554 1356 1944 1426 supervenien-

365 1457 495 1502 tem.
546 1447 670 1502 lleo
702 1458 782 1502 ter
805 1449 1018 1519 signum
1055 1449 1375 1517 producitur
1422 1463 1544 1502 cum
1577 1447 1751 1501 hostia
1780 1459 1947 1515 super

363 1537 558 1602 calice,
590 1539 717 1608 quia
768 1541 941 1594 virtus
986 1539 1270 1592 Trinitatis
1299 1539 1537 1592 animam
1581 1537 1830 1592 cruciﬁxi
1870 1550 1956 1590 re-

362 1625 518 1680 duxit
547 1628 611 1683 ad
645 1643 887 1683 carnem.
927 1629 1047 1683 Ideo
1071 1628 1234 1681 etiam
1261 1617 1398 1685 ﬁunt
1422 1637 1534 1682 tres
1562 1642 1752 1681 cruces
1781 1640 1947 1696 super

2059 447 2234 501 ferme
2290 455 2372 500 est
2420 460 2617 514 corpus
2655 443 2892 508 Christi;
2926 459 3052 514 pars
3082 443 3278 498 oblatas
3327 445 3380 498 in
3410 445 3632 500 calicem

2059 540 2222 593 missa
2265 553 2462 606 corpus
2502 536 2725 599 Christi,
2755 535 2897 605 quod
2917 535 3029 603 jam
3057 538 3383 602 resurrexit,
3413 539 3634 594 demon-

2059 638 2229 693 strat;
2259 644 2388 698 pars
2411 638 2674 689 comesta,
2705 643 2903 696 corpus
2955 627 3240 683 ambulans
3268 629 3444 685 adhuc
3471 646 3633 701 super

2061 729 2293 782 terram;
2345 735 2472 786 pars
2498 719 2548 770 in
2577 718 2732 771 altari
2780 729 2952 786 usque
2985 718 3052 771 ad
3102 716 3265 772 ﬁnem
3321 721 3501 775 missae
3554 736 3634 775 re-

2059 826 2306 872 manens,
2343 824 2539 878 corpus
2557 808 2746 876 jacens
2767 809 2822 862 in
2850 809 3122 878 sepulcro,
3145 811 3271 886 quia
3297 827 3469 880 usque
3491 813 3544 867 in
3575 812 3638 866 ﬁ-

2060 921 2184 960 nem
2214 904 2397 960 sa'culi
2426 917 2655 972 corpora
2692 911 3006 956 sanctorum
3032 903 3084 957 in
3109 904 3380 973 sepulcris
3409 915 3589 960 erunt.
3611 923 3629 956 s

2059 994 2179 1049 Pas:
2207 994 2416 1047 Domini
2439 995 2505 1047 sit
2526 1009 2728 1062 semper
2739 994 3026 1046 vobiscum.
3049 994 3164 1049 Hoc
3188 995 3460 1064 signiﬁcat
3489 995 3632 1065 quod

2059 1085 2211 1140 stetit
2236 1083 2470 1139 Jesns’in
2496 1084 2672 1138 medio
2694 1083 3105 1154 discipulorum,
3131 1094 3184 1140 et
3204 1087 3339 1140 dixit
3369 1088 3449 1142 eis
3472 1103 3486 1140 :
3515 1086 3636 1142 Pas:

2057 1179 2218 1232 vobis.
2273 1177 2408 1244 Quia
2448 1194 2578 1232 vero
2615 1177 2797 1234 statim
2846 1177 2994 1231 dedit
3046 1178 3125 1232 eis
3179 1188 3502 1246 potestatem
3545 1193 3632 1232 reo

2058 1269 2304 1325 mittendi
2338 1278 2588 1338 peccata;
2626 1285 2870 1340 quarunt,
2901 1268 3096 1338 inquit,
3123 1269 3426 1322 remiseritis
3453 1286 3637 1336 prcca-

2059 1373 2136 1427 ta,
2185 1372 2318 1426 etc.,
2363 1363 2562 1416 idcirco
2599 1363 2799 1416 chorus
2850 1362 3053 1416 clamat
3091 1361 3159 1415 ad
3206 1361 3378 1431 ipsum
3416 1361 3636 1431 :Agnus

2062 1455 2178 1515 Dei,
2221 1454 2311 1523 qui
2340 1453 2483 1507 tollis
2511 1464 2725 1521 peccata
2757 1453 2962 1516 mundi,
2992 1455 3236 1507 miserere
3267 1453 3436 1507 trabis.
3476 1452 3541 1506 Et
3567 1468 3636 1507 ne

2058 1541 2346 1612 loquamur
2373 1557 2581 1611 pacem,
2609 1553 2666 1597 et
2693 1558 2799 1596 non
2833 1543 3132 1596 habeamus
3165 1543 3216 1596 in
3242 1544 3429 1607 corde,
3473 1543 3634 1600 Inito-

2060 1635 2272 1688 centius
2299 1634 2448 1703 pacis
2474 1632 2718 1687 osculum
2749 1633 2863 1687 dari
2895 1634 3136 1688 decrevit
3165 1643 3218 1688 et
3241 1635 3491 1690 omnibus
3535 1638 3633 1690 da-

362 1732 427 1770 os
464 1719 672 1781 calicis,
705 1720 827 1790 quia
854 1729 962 1772 tres
989 1719 1245 1774 mulieres
1271 1719 1586 1788 quaerebant
1615 1717 1944 1772 cruciﬁxum
1979 1714 2022 1772 Β
2055 1731 2161 1785 tur,
2191 1731 2252 1778 ut
2289 1732 2504 1778 constet
2531 1722 2784 1792 pupulum
2835 1722 2901 1776 ad
2937 1724 3141 1787 omnia,
3194 1739 3314 1794 qua:
3372 1729 3634 1799 mysterio

363 1810 429 1864 ad
465 1810 662 1864 ostium
698 1813 1063 1876 monumenti;
1118 1813 1182 1867 de
1220 1827 1327 1881 quo
1385 1813 1646 1866 diaconus
1698 1819 1946 1865 removet

362 1885 667 1969 corporale,
695 1902 981 1973 designans
999 1903 1139 1972 quod
1159 1903 1374 1971 angelus
1394 1903 1609 1956 Domini
1627 1902 1838 1957 revolvit
1861 1901 1946 1956 la-

358 1989 533 2058 pidem
581 1991 644 2044 ab
677 1992 808 2046 ostio
839 1993 1182 2060 monumenti.
1227 1993 1364 2060 Quid
1413 2002 1592 2048 autem
1623 1992 1725 2047 illa:
1758 2000 1942 2062 partes

2053 1825 2286 1886 aguntur
2321 1824 2376 1870 et
2408 1816 2460 1870 in
2489 1815 2728 1870 Ecclesia
2757 1815 3119 1880 celebrantur,
3149 1833 3304 1872 suum
3333 1819 3630 1889 prabnisse

2055 1921 2404 1962 consensum.

711 2172 713 2176 -
763 2129 1055 2207 Explicit
1089 2121 1433 2207 Expositio
1469 2128 1742 2190 Cononis
1776 2128 1976 2188 missa
2028 2124 2366 2188 secundum
2395 2125 2638 2187 beatum
2668 2125 2924 2186 Petrum
2958 2125 3268 2187 Damiani.

833 2389 1711 2545 TESTIMONIA
1795 2392 2146 2510 NOVI
2208 2389 3122 2537 TESTAMENTI

1941 2631 2083 2685 qua

583 2777 672 2838 Ile
703 2779 1025 2857 opusculis
1060 2779 1223 2840 beati
1245 2780 1424 2842 Petri
1451 2781 1743 2841 Damiani
1777 2781 2030 2860 quidam
2065 2783 2196 2862 ejus
2234 2781 2588 2862 discipulus
2621 2804 2949 2866 excerpere
2978 2784 3227 2848 curavit
3260 2783 3406 2872 (ω).

1227 2961 1874 3040 TESTIMONIA
1936 2963 2062 3038 EX
2121 2926 2773 3044 EVANGELIIS.

1867 3145 2222 3158 ————

885 3237 977 3292 EX
1031 3237 1405 3298 ΜΑΤΤΗΑΞΟ.

682 3341 946 3384 (τινιτυιλ
969 3345 1243 3387 SECUNDO}!
1273 3350 1605 3392 ΜΑΤΤΙΙᾸΞυΗ.

362 3415 415 3476 Ι.
443 3415 597 3493 Quod
640 3419 693 3471 in
730 3420 1033 3490 genealogia
1081 3423 1289 3478 Domini
1322 3428 1746 3493 reprehensibiles
1774 3428 1940 3482 solum

431 3489 677 3565 mulieres
708 3489 1128 3565 interponantur,
1174 3507 1224 3547 et
1247 3489 1386 3565 quod
1425 3496 1628 3549 Matt/tn
1648 3515 1709 3551 ns
1739 3501 1944 3553 descen-

429 3557 600 3609 dendo
629 3575 676 3610 χι
711 3563 1067 3624 generationes
1096 3557 1390 3624 enumerat,
1415 3583 1530 3618 cum
1561 3565 1732 3621 Lucas
1763 3585 1940 3623 Luvtt

431 3627 762 3704 ascendendo
812 3632 1091 3704 describat.
1125 3664 1193 3672 —
1221 3635 1276 3686 2.
1322 3633 1420 3688 Vos
1451 3639 1573 3689 estis
1629 3639 1710 3691 sal
1748 3650 1941 3704 terrm;

431 3697 478 3748 si
500 3696 584 3747 sal
611 3699 893 3776 erantterit,
918 3702 974 3776 in
995 3719 1095 3768 quo
1126 3706 1439 3776 condietnr.’
1491 3737 1561 3745 —
1611 3709 1665 3761 5.
1704 3707 1823 3761 Non
1849 3696 1944 3776 po:-

433 3775 529 3818 test
561 3766 717 3818 arbor
742 3767 880 3843 mala
906 3766 1109 3838 fractus
1144 3773 1305 3826 bonos
1332 3774 1527 3843 facere.
1587 3807 1655 3816 ——
1709 3778 1764 3831 4.
1796 3766 1944 3830 Inter

433 3849 583 3909 natos
649 3837 925 3909 mulierum
948 3856 1049 3893 non
1076 3837 1534 3909 surrexit-maior
1580 3847 1786 3901 Joanne
1833 3847 1942 3900 Ba-

425 3906 614 3984 ptista.
645 3933 712 3984 τ-
828 3908 1334 3984 Lolligiteprinmm
1373 3906 1610 3976 ziiania,
1641 3926 1690 3967 et
1721 3915 1940 3984 alligato

433 3976 490 4025 in
530 3973 820 4039 fasciculos
853 3980 920 4029 ad
955 3973 1389 4039 comburendnm.

359 4089 399 4132 Ι.
439 4092 489 4131 ιιι
521 4089 868 4132 ειροδιτιοκε
905 4099 1134 4138 EIUSDEM
1167 4101 1447 4141 EVA‘NGELII
1485 4104 1579 4145 εευ
1614 4103 1667 4144 ΙΝ
1691 4104 1941 4147 SERMONE

855 4167 920 4205 ne
953 4171 1152 4210 saucro
1181 4173 1314 4212 LUCA
1342 4159 1477 4229 (53).

402 4235 563 4293 ~illud
605 4258 734 4296 vero
767 4245 1028 4312 quosdam
1071 4262 1287 4300 movere
1332 4264 1436 4300 non
1488 4249 1942 4307 irratioabiliter

359 4341 540 4398 potest
571 4348 666 4386 cur
701 4345 924 4389 sanctus
970 4336 1301 4406 evangelista
1348 4340 1804 4408 reprehensibiles
1853 4360 1940 4399 so-

361 4421 638 4477 lummodo
665 4425 918 4481 nudieres
949 4427 1000 4480 in
1031 4427 1229 4481 Christi
1257 4432 1569 4500 genealogia
1595 4434 1939 4502 interponere

358 4513 584 4576 studuit,
623 4525 837 4570 sanctas
867 4532 994 4570 vero
1023 4528 1078 4571 et
1105 4517 1311 4588 absque
1358 4519 1463 4574 tilla
1506 4525 1937 4580 contradictione

1966 3253 2011 3314 C
2044 3256 2186 3302 ctum
2215 3261 2298 3302 ρει
2327 3258 2406 3313 ut,
2431 3247 2555 3303 dum
2584 3248 2912 3322 Redemptor
2940 3261 3128 3308 noster
3151 3253 3218 3310 de
3247 3258 3624 3326 peccatoribus

2047 3345 2208 3392 natus
2256 3353 2378 3394 esse
2425 3343 2772 3408 describitur,
2807 3361 2903 3414 pro
2946 3348 3322 3416 peccatoribus
3371 3350 3438 3404 de
3488 3351 3624 3407 co-lo

2045 3431 2110 3483 ad
2135 3446 2352 3500 poenam
2384 3434 2729 3489 descendisse
2761 3437 3043 3501 credatur;
3092 3439 3374 3493 descendit
3403 3441 3620 3511 quippe,

2044 3529 2101 3573 ut
2127 3530 2344 3589 peccata
2390 3529 2571 3576 nostra
2621 3524 2734 3592 ipse
2780 3535 3048 3594 portaret;
3083 3530 3327 3584 ascendit
3378 3546 3531 3594 vero,
3564 3542 3621 3585 ut

2044 3611 2340 3665 divinitatis
2393 3627 2504 3667 sua:
2554 3629 2652 3692 nos
2694 3618 2984 3685 participes
3039 3618 3282 3686 faceret,
3341 3623 3480 3676 sicut
3527 3638 3621 3692 per

2041 3701 2354 3769 Apostolutn
2380 3690 2764 3772 diciturpquia
2798 3719 3031 3762 mortuus
3069 3719 3144 3763 est
3175 3722 3384 3780 propter
3409 3690 3619 3780 peccata

2044 3801 2262 3855 nostra,
2319 3803 2366 3845 et
2425 3796 2706 3848 resurrexit
2765 3809 2984 3865 propter
3033 3799 3473 3869 justiﬁeationem
3522 3817 3617 3855 no-

2043 3897 2231 3940 stram.
2271 3887 2410 3943 Hinc
2439 3898 2519 3943 est
2552 3891 2692 3946 enim
2741 3893 2881 3964 quod
2934 3894 3218 3951 Matthzeus
3246 3898 3618 3953 descendendo

2016 3993 2139 4057 'pcr
2170 3978 2535 4046 Salomouem,
2584 3983 2738 4052 cujus
2787 3996 3015 4039 matrem
3053 3989 3486 4058 concupiscendo
3519 3990 3620 4044 Da-

2041 4063 2128 4122 vid
2161 4072 2425 4138 peccavit,
2456 4089 2521 4126 xt.
2549 4076 2931 4143 generationes
2953 4091 3266 4146 enumerat;
3294 4095 3416 4135 cunt
3447 4081 3618 4137 Lucas

2041 4161 2379 4215 ascendendo
2416 4180 2512 4232 per
2568 4165 2810 4232 Mathau,
2866 4183 2964 4237 per
3008 4169 3160 4236 cujus
3205 4172 3442 4227 nominis
3489 4187 3609 4241 pro-

2041 4251 2258 4318 phetam
2282 4265 2563 4322 peccatum
2590 4256 2753 4311 David
2783 4260 3038 4327 expiavit,
3068 4277 3172 4316 ιιι
3203 4271 3257 4316 et
3288 4279 3360 4316 vtt
3393 4279 3622 4334 genera-

2041 4341 2214 4396 tiones
2258 4345 2548 4400 describat.
2597 4347 2700 4401 Per
2751 4348 3062 4404 Mattluenm
3108 4353 3305 4422 quippe
3345 4353 3608 4421 signatur,

2041 4432 2167 4502 quia
2199 4433 2400 4488 idcirco
2435 4435 2526 4489 Dei
2555 4436 2724 4492 Filius
2749 4440 2814 4493 ad
2847 4456 2943 4494 nos
2976 4453 3289 4509 peccatores
3319 4443 3616 4508 descendit,

2040 4532 2097 4576 ut
2126 4525 2472 4580 mortalitatis
2517 4538 2717 4584 nostrze
2748 4534 3019 4602 particeps
3070 4533 3255 4600 ﬁeret;
3290 4550 3383 4604 per
3416 4533 3616 4589 Lucam

358 4599 658 4659 laudabiles
702 4606 914 4662 silentio
958 4610 1274 4677 praeterivit.
1321 4610 1426 4666 Sed
1477 4612 1578 4667 hoc
1611 4614 1814 4671 idcirco
1852 4616 1935 4671 fa-
1966 4610 2012 4668 D
2041 4634 2171 4673 vero
2204 4619 2444 4674 inanitur
2487 4624 2612 4692 quia
2656 4599 2860 4680 idcirco
2889 4599 3008 4696 post
3053 4628 3503 4683 resurrectionem
3548 4626 3617 4680 ad

433 4760 549 4834 (52)
594 4761 649 4816 ln
708 4764 946 4819 editione
996 4764 1231 4834 Operum
1274 4767 1602 4823 S..doetoris
1651 4771 1798 4826 Petri
1832 4775 1941 4828 Da-

361 4831 527 4911 miani
552 4848 647 4900 per
679 4834 866 4911 Const.
891 4831 1204 4911 Cajctanum
1235 4848 1446 4911 curata,
1471 4850 1689 4894 exstant
1717 4844 1933 4911 quidem

362 4902 1161 4980 eollectanea_testituoniornn't
1219 4924 1282 4961 ex
1338 4907 1517 4963 Veteri
1561 4902 1932 4980 Testamento,

355 4987 669 5041 quanquam
705 4973 809 5024 ﬁne
862 4978 1134 5038 carentia;
1174 4980 1266 5030 sed
1313 4981 1640 5033 collectanea
1687 4998 1750 5035 ex
1785 4973 1933 5038 Novo

360 5041 910 5118 d_-._~:idet‘antttt_',_qua
956 5060 1118 5118 super
1153 5063 1210 5118 re
1247 5049 1323 5100 sic
1376 5049 1610 5116 loquitur
1643 5053 1932 5118 praedictus

360 5111 536 5188 editor
563 5123 690 5188 totn_.
721 5112 808 5176 1V,
845 5127 964 5188 pag.
1004 5114 1143 5188 1387:,
1167 5111 1565 5188 Admonendum
1593 5111 1652 5172 ιε’
1665 5134 1930 5188 putamus,

360 5179 528 5259 ςςιειρν
577 5183 786 5259 optime,
842 5179 1145 5259 liujasrnodi
1196 5186 1508 5240 collectanea
1560 5207 1625 5246 ex:
1666 5179 1934 5259 'Operibus

362 5248 875 5329 S..l.’er‘ri_'Damiani
895 5248 1171 5329 excerpta,
1189 5272 1377 5323 magna
1422 5275 1536 5329 enin
1587 5248 1856 5329 diligentia
1903 5281 1935 5315 α

360 5321 506 5390 nobis
534 5324 695 5388 [uisse
724 5325 1013 5390 conquisita
1040 5321 1057 5385 ζ
1082 5327 1172 5377 sed
1198 5321 1302 5377 tam
1324 5342 1370 5377 οη
1392 5344 1443 5380 in
1487 5325 1649 5380 Vetas
1675 5321 1934 5384 duntaxat

361 5387 768 5466 Testamentum,
811 5387 972 5466 eaque
1028 5396 1352 5466 imperfecta,
1419 5408 1474 5447 ut
1515 5411 1754 5465 apparet,
1813 5417 1932 5466 qua:

359 5461 569 5536 nuncin
608 5460 1005 5536 lugentdantus,
1029 5460 1434 5531 fuisse-inventa.
1477 5460 1613 5519 Nam
1650 5460 1930 5536 expositio-

361 5540 473 5606 τιεῇ
497 5526 1154 5606 Novi‘Testamentiuaaas
1185 5537 1444 5606 etiamrut
1473 5546 1615 5590 vetns
1657 5526 1926 5606 inscriptio

358 5597 575 5659 indicat,
603 5599 741 5652 idem
763 5611 965 5665 auctor,
991 5597 1046 5657 δέ
1077 5605 1305 5658 doctoris
1333 5605 1639 5674 disripalas,
1668 5597 1920 5676 compila-

350 5675 357 5694 Ι

2040 4777 2131 4848 vit,
2158 4777 2374 4846 reperiri
2424 4778 2636 4831 minime
2673 4787 2971 4847 potuerunt.
3007 4779 3112 4833 Sed
3148 4789 3296 4834 certe
3325 4779 3613 4848 Cajetanus

2041 4847 2379 4920 diligentiam
2402 4863 2558 4920 suam
2603 4850 2655 4901 in
2679 4851 2780 4902 hoc
2801 4864 2966 4916 opere
2990 4849 3307 4920 vestigando
3327 4847 3483 4920 extra
3509 4850 3617 4904 Va-

2040 4917 2687 4989 ticauatnbibliotbecam
2726 4922 3092 4989 exprompsit;
3128 4917 3248 4974 nam
3273 4919 3434 4988 hujus
3461 4930 3613 4973 vetns

2038 4989 2208 5060 codex
2233 4986 2394 5050 4950,
2429 4989 2581 5060 cujus
2611 4999 2692 5042 est
2717 4986 2910 5044 recens
2941 4986 3308 5060 apographnm
3348 4986 3608 5058 Ottobon.

2032 5057 2158 5128 9952,
2190 5069 2420 5123 utraque
2447 5057 2776 5111 collectanea
2829 5069 2938 5112 tam
2975 5057 3072 5113 ’ρκ’
3107 5057 3284 5113 Veteri
3336 5057 3495 5128 quam
3545 5073 3605 5111 ex

2043 5125 2192 5199 Novo
2235 5129 2604 5199 Testamento
2638 5129 2896 5183 continet.
2940 5130 3120 5184 Placet
3171 5125 3609 5199 igitur'Opernm

2042 5197 2175 5269 tanti
2213 5198 2452 5252 doctoris
2481 5198 2772 5253 editionem
2808 5201 2910 5256 hoc
2951 5202 3117 5255 etiam
3161 5197 3364 5269 scripto
3417 5215 3611 5254 cutnu-
3701 5241 3720 5252 .

2040 5267 2175 5322 lare.

2108 5336 2222 5405 (55)
2254 5336 2447 5411 Sermo
2476 5337 2542 5391 de
2568 5338 2624 5411 ἓ.
2660 5337 2825 5411 Luca,
2876 5341 3086 5411 inquo
3117 5339 3315 5411 partim
3362 5339 3612 5411 leguntur

2036 5409 2339 5480 sequentia,
2365 5417 2543 5480 exstat
2570 5410 2620 5462 in
2651 5409 2739 5461 ed.
2773 5420 2902 5463 tom.
2938 5408 3079 5480 ll.‘p.
3105 5408 3231 5464 279.
3259 5411 3366 5464 Sed
3391 5408 3613 5480 exposi-

2036 5477 2110 5531 tio
2148 5477 2261 5532 sive
2286 5479 2336 5531 in
2367 5478 2674 5533 Matthteutn
2717 5481 2832 5533 sive
2874 5483 2925 5534 itt
2958 5477 3159 5535 Lucam
3201 5480 3261 5536 S.
3315 5479 3463 5534 Petri
3507 5477 3623 5535 Da-~

2033 5547 2221 5611 miaui,
2245 5549 2289 5601 si
2317 5547 2455 5603 forte
2485 5552 2714 5614 exstitit,
2748 5551 2891 5606 nulla
2923 5553 3066 5607 edita
3102 5553 3357 5607 habetur.
