4018 6182
275 275 382 330 8θῦ

1222 258 1722 330 consonum
1764 273 1853 328 ex
1894 273 2080 331 Νονο
2119 275 2610 335 TESTAMENTO.

3433 277 3538 332 8M

247 413 492 468 Patrem
532 406 800 474 ascendit,
847 416 904 463 ut
953 425 1052 464 nos
1096 411 1393 467 divinitatis
1438 429 1549 467 sua:
1576 420 1856 467 consortes

1970 391 2233 447 damnavit
2258 402 2538 463 peccatum
2581 395 2634 448 in
2664 407 2847 449 carne.
2879 392 3014 449 Cum
3047 392 3192 448 enim
3227 392 3542 449 dicit.misit

273 502 547 565 ediceret;
573 499 716 554 sicut
745 513 842 568 per
885 501 1164 570 egregium
1195 501 1604 568 przedicatorem
1627 500 1856 554 dicitur:

278 589 435 657 Quod
465 599 643 642 autem
675 588 932 652 ascendit,
977 589 1106 658 quid
1145 599 1250 651 est,
1297 589 1398 642 nisi
1442 591 1564 659 quia
1597 589 1859 642 descendit

274 680 506 748 primum
545 677 599 730 in
633 676 906 744 inferiores
955 689 1129 746 partes
1179 680 1370 732 terras?
1418 677 1521 743 Qui
1571 679 1859 742 descendit,

279 771 390 836 ipsc
415 776 493 824 est
519 777 565 821 et
593 768 684 830 qui
712 768 947 820 ascendit
986 784 1144 836 super
1186 785 1364 822 omnes
1395 769 1571 832 malos,
1603 779 1657 821 ut
1690 769 1860 821 adim-

276 860 442 929 plerct
473 861 668 913 omnia.
711 859 812 913 Per
849 875 1132 912 numerum
1172 869 1350 913 autem
1389 876 1547 929 quem
1581 859 1863 913 Matthzeus

279 955 517 1016 Ordinal,
550 951 1141 1020 susceptiolahoriosm
1177 952 1559 1016 mortalitatis;
1588 967 1685 1020 per
1713 951 1862 1004 illum

277 1059 412 1100 vero
434 1059 595 1115 quem
629 1044 801 1098 Lucas
845 1044 1046 1111 posuit,
1079 1043 1326 1097 humanm
1370 1043 1694 1113 exprimitur
1729 1043 1861 1096 abo-

283 1137 404 1192 litio
430 1135 734 1208 pravitatis.
765 1135 870 1188 Per
894 1135 1386 1206 quadragenarium
1438 1136 1634 1204 quippe
1671 1148 1860 1188 nume-

280 1242 402 1281 rum
427 1226 579 1279 labor
604 1224 946 1293 exprimitur,
975 1239 1080 1292 quo
1108 1224 1362 1278 videlicet
1391 1222 1638 1278 Christus
1669 1223 1719 1276 in
1745 1238 1865 1277 cor-

283 1329 416 1386 pore
444 1330 562 1377 suo,
595 1314 738 1384 quod
767 1324 849 1368 est
882 1314 1147 1376 Ecclesia,
1185 1329 1282 1384 per
1312 1315 1523 1368 diversa
1557 1315 1681 1367 vitm
1708 1311 1863 1381 hujus

285 1415 524 1476 tempora
553 1405 830 1474 fatigatur.
863 1404 999 1458 llinc
1029 1413 1112 1458 est
1137 1407 1278 1474 quod
1308 1405 1518 1476 Moyses
1546 1414 1602 1459 et
1630 1405 1773 1458 Elias
1794 1404 1863 1459 40

285 1497 498 1550 dierum
531 1497 920 1550 continuavcre
954 1495 1254 1566 jejunium;
1297 1497 1390 1551 sed
1433 1505 1488 1550 et
1534 1495 1646 1566 ipse
1686 1496 1864 1549 Domi-

282 1603 386 1642 nus
430 1588 531 1642 sub
580 1587 770 1642 eodem
817 1602 1045 1641 numero
1092 1587 1353 1641 abstinuit
1403 1587 1746 1658 perceptione
1787 1587 1865 1642 ci—

283 1679 496 1732 borum.

356 1768 458 1822 Per
510 1766 728 1838 Moysen
789 1768 969 1838 itaque
1020 1768 1103 1823 lex
1131 1809 1146 1832 ,
1189 1785 1288 1839 per
1336 1770 1508 1824 Eliam
1557 1771 1856 1839 prophetia,

281 1875 380 1932 per
403 1859 678 1913 Christum
707 1873 837 1912 vero
871 1857 1004 1913 Novi
1033 1857 1361 1914 Testamenti
1393 1871 1639 1929 patenter
1669 1859 1863 1914 intelli-

292 1952 437 2022 gitur
475 1949 671 2020 gratia.
707 1949 809 2004 Per
848 1948 1194 2005 afﬂictionem
1225 1965 1354 2020 ergo
1380 1951 1532 2021 legis,
1567 1952 1865 2020 prophetiae

282 2040 441 2097 simul
481 2050 536 2095 et
580 2040 766 2110 gratia:
797 2039 948 2094 labor
981 2040 1222 2094 innuitur
1250 2039 1573 2094 universalis
1599 2039 1858 2094 Ecclesia:

282 2147 381 2202 per
423 2131 672 2184 universa
702 2129 947 2184 mortalis
992 2130 1149 2197 hujus
1196 2131 1320 2184 vitae
1367 2129 1564 2184 smcula
1609 2129 1860 2200 fatigatae.

282 2219 422 2275 Hinc
453 2227 537 2274 est
565 2219 709 2288 quod
749 2218 840 2272 lilii
871 2219 1058 2281 Israel,
1087 2219 1345 2272 {erumnis
1385 2227 1548 2287 atque
1591 2216 1866 2272 laboribus

285 2309 510 2363 diutina:
539 2308 992 2378 peregrinationis
1019 2307 1188 2360 attriti
1220 2315 1341 2376 post
1361 2306 1432 2358 40
1458 2321 1631 2360 annos
1661 2315 1863 2360 terram

283 2411 412 2456 sunt
428 2400 804 2471 promissionis
824 2401 1075 2470 ingressi;
1095 2399 1221 2468 quia
1237 2397 1484 2453 videlicet
1498 2413 1688 2452 omnes
1708 2397 1863 2451 electi

281 2502 405 2562 post
425 2506 700 2546 emensum
733 2490 890 2559 hujus
913 2489 1367 2560 peregrinationis
1393 2503 1707 2552 excursum,
1739 2503 1861 2540 mox

282 2581 630 2634 luereditario
650 2580 772 2650 jure
802 2587 1002 2632 terram
1038 2578 1334 2632 viventium
1361 2577 1733 2646 possidebunt.
1762 2576 1868 2630 Per

281 2670 755 2740 septuagenarium
781 2683 911 2724 vero
937 2682 1245 2733 numerum,
1276 2683 1435 2736 quem
1463 2666 1635 2721 Lucas
1660 2666 1866 2736 posuit,

283 2759 538 2814 remiSsio
565 2767 912 2827 peccatorum
939 2757 1282 2826 exprimitur,
1306 2757 1447 2810 sicut
1475 2757 1588 2825 ipse
1611 2755 1867 2811 Dominus

284 2850 340 2903 in
370 2848 665 2919 Evangelia
709 2858 959 2903 testatur.
991 2849 1126 2918 Cum
1162 2849 1308 2903 enim
1346 2848 1542 2903 Petrus
1567 2849 1868 2917 interroga-

285 2948 370 2995 ret
393 2940 616 2995 dicens:
649 2939 901 3004 Domine,
937 2940 1139 3009 quoties
1167 2941 1450 3008 peccaverit
1486 2941 1542 2993 in
1581 2956 1662 2993 me
1701 2939 1869 3008 frater

283 3047 453 3093 sucus,
482 3030 744 3084 dimittam
795 3030 844 3082 ei
895 3046 1058 3100 usque
1095 3031 1327 3100 septies?
1373 3030 1695 3100 respondit:
1743 3028 1866 3083 Non

282 3125 403 3176 dico
440 3090 537 3176 tibi
595 3138 758 3192 usque
812 3090 1027 3190 septies,
1087 3090 1178 3176 sed
1237 3138 1399 3192 usque
1445 3090 1736 3191 septuagies
1785 3137 1867 3175 se-
1893 3090 1940 3152 ϐ

281 3215 439 3284 pties.
464 3213 714 3281 Congrue
743 3221 924 3266 autem
949 3228 1046 3282 per
1069 3221 1393 3282 septuagena
1404 3212 1542 3266 rium
1577 3226 1863 3265 numerum

283 3316 630 3376 peccatorum
663 3304 912 3359 remissio
935 3305 1272 3375 designatur,
1299 3306 1423 3374 quia
1468 3305 1536 3358 ab
1567 3303 1867 3358 undenario

285 3407 344 3451 et
371 3397 679 3466 septenario
719 3396 1003 3449 nascitur:
1037 3395 1288 3450 undecim
1318 3410 1552 3462 namque
1593 3393 1636 3448 si
1665 3394 1866 3464 septies

282 3483 737 3554 multiplicemur,
786 3483 851 3538 77
899 3499 1185 3539 numerum
1220 3483 1442 3538 faciunt.
1473 3484 1736 3538 Denarius
1765 3499 1865 3537 au-

285 3586 394 3630 tem
425 3589 686 3630 numerus
721 3573 992 3644 perfectus
1030 3589 1150 3630 esse
1184 3575 1538 3644 dignoscitur,
1569 3589 1665 3643 per
1703 3589 1862 3644 quem

283 3680 339 3723 et
373 3666 668 3737 Decalogus
715 3666 1048 3737 designatur:
1101 3665 1208 3720 Sed
1246 3666 1290 3721 si
1322 3667 1578 3720 denarius
1619 3675 1704 3720 est
1739 3659 1863 3734 per?

286 3759 500 3822 fectus,
536 3767 706 3814 restat
737 3758 1046 3813 necessario
1077 3766 1138 3812 ut
1173 3756 1246 3812 sit
1284 3757 1614 3812 undenarius
1661 3758 1862 3825 imper-

284 3852 482 3906 fectus.
531 3850 668 3916 Quid
705 3857 788 3904 est
817 3858 996 3904 autem
1029 3861 1332 3918 peccatum,
1365 3849 1468 3902 nisi
1502 3848 1865 3918 transgressio

286 3941 460 4008 legis?
501 3939 556 3993 Si
586 3955 716 4010 ergo
759 3955 856 4008 per
885 3940 1165 3994 denarium
1207 3940 1290 3994 lex
1343 3939 1686 4008 intelligitur,
1717 3951 1868 3994 recte

283 4046 386 4100 per
407 4031 764 4085 undenarium
792 4031 924 4102 legis
955 4031 1314 4102 transgressio
1359 4031 1656 4101 figuratur;
1691 4039 1870 4099 septe-

286 4122 448 4176 nario
492 4136 627 4176 vero
672 4137 900 4177 numero
946 4131 1057 4177 tota
1108 4121 1289 4176 smculi
1338 4119 1500 4188 hujus
1543 4121 1870 4175 universitas

285 4213 617 4277 continetur,
645 4213 771 4281 quia
802 4221 1009 4283 septem
1040 4214 1230 4268 diebus
1255 4211 1435 4266 omnis
1455 4211 1717 4266 decursus
1748 4211 1872 4265 vita:

286 4307 572 4373 praesentis
605 4306 894 4361 evoivitur.
945 4307 1048 4361 Per
1097 4307 1456 4360 undenarium
1503 4320 1635 4373 ergo
1665 4309 1871 4375 septies

286 4395 705 4465 multiplicatum
758 4405 950 4451 cuncta
986 4406 1168 4452 nostra
1215 4407 1440 4466 peccata
1490 4397 1555 4450 ad
1589 4406 1868 4467 septuage-

288 4485 486 4540 simum
507 4487 796 4555 septimum
826 4487 1162 4541 deducuntur
1190 4503 1498 4551 numerum,
1531 4488 1582 4540 in
1609 4503 1716 4556 quo
1737 4501 1867 4542 vera

288 4577 529 4631 omnium
565 4576 626 4630 ﬁt
651 4578 899 4632 remissio
929 4589 1299 4646 peccatorum.
1333 4578 1488 4633 Unde
1524 4577 1866 4648 elegantera

287 4667 506 4722 Christo
555 4676 610 4721 et
656 4669 928 4738 baptismo
972 4669 1086 4724 haec
1121 4669 1414 4723 secundum
1451 4668 1654 4722 Lucam
1699 4669 1870 4722 series

289 4757 599 4823 inchoatur,
651 4768 708 4812 et
762 4759 814 4812 in
873 4759 964 4814 Dei
1022 4758 1200 4812 Patris
1265 4773 1498 4828 persona
1547 4757 1751 4810 linitur.
1812 4756 1867 4811 1n

287 4848 576 4916 baptismo
606 4850 752 4903 enim
800 4848 1001 4906 Christi
1039 4850 1278 4902 omnium
1320 4849 1478 4902 nobis
1520 4858 1868 4918 peccatorum

291 4939 542 4994 remissio
576 4941 825 5008 provenit
867 4956 964 5010 per
1007 4939 1268 5008 Spiritum
1309 4948 1555 4993 sanctum
1587 4940 1677 5008 qui
1707 4955 1872 5008 super

290 5030 621 5100 baptizatum
654 5032 936 5086 Dominum
966 5032 1019 5084 in
1066 5031 1244 5100 specie
1275 5031 1539 5085 columba:
1568 5030 1867 5084 descendit.

293 5123 385 5177 Sic
413 5138 510 5191 per
555 5123 834 5178 Christum
886 5122 1174 5191 redempti,
1213 5131 1268 5176 et
1303 5137 1399 5190 per
1436 5120 1670 5190 Spiritus
1698 5121 1870 5175 Sancti

290 5215 521 5283 gratiam
580 5214 787 5279 ahluti,
851 5213 1268 5270 rcconciliamur
1327 5213 1436 5266 Deo
1486 5211 1656 5264 Patri.
1724 5210 1870 5277 Quos

293 5303 575 5371 utriusque
631 5303 973 5374 evangelista:
1023 5316 1214 5357 sensus
1264 5301 1454 5355 beatus
1512 5301 1714 5354 Paulus
1762 5316 1868 5355 una

289 5397 558 5450 sententia
585 5397 996 5465 comprehendit
1021 5396 1246 5450 dicens:
1289 5394 1434 5448 Misit
1480 5393 1624 5449 Deus
1673 5395 1867 5448 Filium

291 5503 449 5542 suum
483 5490 535 5542 in
563 5489 972 5546 similitudinem
1005 5490 1186 5546 carnis
1209 5488 1438 5558 peccati,
1470 5497 1526 5542 et
1553 5488 1620 5540 de
1648 5495 1869 5556 peccato

1889 1739 1941 1796 Β

1963 482 2102 535 Deus
2140 482 2336 537 Filium
2383 499 2537 538 suum
2568 484 2621 538 in
2650 483 3057 538 similitudinem
3086 483 3272 539 carnis
3307 485 3540 556 peccati,

1960 582 2305 639 peccatorum
2354 583 2664 629 nostrorum
2697 573 3096 643 susceptionem
3132 573 3418 630 manifeste
3449 575 3545 630 de-

1961 666 2154 727 clarat,
2179 680 2338 732 quam
2367 666 2602 718 ostendit
2627 664 2910 718 Matthreus
2933 679 3055 718 cum
3078 665 3452 720 descendendo
3473 680 3545 719 ιι.

1962 759 2342 830 generationes
2382 766 2687 812 enumerat.
2719 757 2852 811 Cum
2887 771 3018 810 vero
3065 757 3332 826 sequitur,
3376 766 3431 812 et
3477 757 3546 812 de

1963 861 2185 922 peccato
2223 852 2500 905 damnavit
2527 861 2806 920 peccatum
2853 851 2905 905 in
2947 849 3132 914 carne,
3177 851 3544 920 expiationem

1963 944 2204 996 omnium
2236 951 2549 996 nostrorum
2581 941 2869 996 criminum
2913 941 3146 1001 indicat,
3177 956 3340 1010 quam
3369 939 3549 996 Lucas

1962 1033 2240 1102 exprimit,
2294 1048 2417 1086 eum
2450 1031 2792 1086 ascendendo
2833 1045 3016 1085 Lxxvn
3045 1033 3426 1100 generationes
3453 1031 3548 1086 de-

1963 1125 2172 1180 scribit.

2176 1230 2236 1269 ιι.
2279 1230 2332 1268 tu
2374 1229 2617 1268 ssnuose
2658 1228 2916 1268 ssaoosu
2955 1226 3157 1266 'rsnno
3189 1210 3327 1281 (54).

2044 1307 2146 1362 Vos
2174 1308 2296 1361 estis
2324 1307 2405 1360 sal
2438 1317 2612 1360 terrm.
2637 1305 2910 1359 Plurimus
2940 1305 3099 1374 plane
3128 1304 3285 1358 cibus
3311 1303 3413 1358 sub
3441 1317 3548 1357 una

1966 1400 2103 1454 mole
2151 1400 2466 1470 congeritur
2511 1399 2604 1467 qui
2652 1407 2833 1451 tamen
2873 1398 3068 1465 exiguo
3115 1395 3228 1450 sale
3259 1396 3545 1460 conditur;

1962 1501 2016 1546 et
2055 1491 2253 1546 multus
2295 1499 2378 1544 est
2396 1490 2625 1561 populus
2649 1489 3011 1552 Christianus,
3052 1489 3120 1542 ad
3147 1487 3302 1558 cujus
3331 1503 3550 1558 compa-

1965 1582 2230 1635 rationem
2280 1581 2606 1650 perexiguus
2636 1588 2719 1633 est
2749 1593 3008 1632 numerus
3042 1579 3419 1641 sacerdotum;
3451 1579 3546 1633 sed

1964 1670 2090 1722 dum
2121 1669 2300 1738 populi
2331 1669 2616 1722 multitudo
2644 1660 2998 1721 sacerdotalis
3035 1666 3234 1736 eloquii
3276 1666 3389 1719 sale
3423 1681 3552 1720 con-

1967 1759 2259 1829 spergitur,
2293 1759 2532 1811 caelestis
2557 1757 2838 1827 sapientia:
2864 1771 3026 1826 sapor
3067 1759 3118 1810 in
3149 1771 3336 1810 eorum
3358 1757 3551 1823 cordi-

1966 1850 2067 1904 bus
2106 1847 2365 1921 gignitur,
2393 1857 2450 1901 et
2475 1857 2665 1917 gustus
2696 1848 2894 1902 mentis
2941 1840 3188 1901 humana:
3230 1848 3281 1900 in
3313 1847 3551 1902 delecta-

1967 1943 2114 1996 tione
2161 1941 2466 1996 cmlestinm
2519 1940 2762 1994 suaviter
2809 1939 3151 1994 obdulcatur.
3189 1940 3245 1993 in
3295 1955 3403 2008 quo
3458 1955 3585 1993 ρει-υ

1966 2038 2200 2093 vendum
2237 2045 2320 2092 est
2371 2037 2527 2092 valde
2575 2037 2719 2106 quod
2767 2035 3004 2091 dicitur:
3041 2035 3102 2093 Si
3147 2035 3230 2090 sa!
3259 2038 3552 2104 cusauerit,

1966 2131 2021 2184 in
2047 2145 2150 2196 quo
2173 2128 2488 2182 condietur?
2513 2126 2648 2180 Nam
2673 2142 2796 2182 cum
2826 2125 3128 2180 sacerdotis
3153 2141 3251 2182 cor
3273 2127 3342 2180 ab
3368 2143 3554 2184 amore

1966 2236 2214 2290 supernae
2242 2221 2546 2276 dulcedinis
2587 2220 2896 2282 evanescit,
2944 2222 3236 2276 amarescit
3273 2221 3417 2276 illico
3455 2237 3556 2291 per

1967 2311 2294 2380 salsuginem
2355 2322 2584 2364 terrente
2631 2312 3118 2379 concupiscentim,
3167 2313 3396 2384 ideoque
3439 2312 3552 2386 jam

1968 2417 2075 2456 non
2119 2401 2319 2472 poterit
2350 2401 2527 2455 aliena
2561 2401 2724 2455 corda
2752 2401 2936 2455 salire.

2286 2507 2370 2547 111.
2415 2509 2466 2547 ΙΝ
2501 2508 2758 2548 ΕΡΙΞτο1.Λ
2797 2509 2864 2548 AD
2902 2509 3222 2551 GEBIZONEK.

2397 2585 2536 2656 (Ed.
2571 2596 2699 2640 tom.
2734 2586 2786 2650 f,
2815 2604 2936 2656 pag.
2966 2588 3125 2657 192.)

2043 2675 2167 2729 Non
2189 2678 2539 2744 potest‘arbor
2564 2676 2706 2730 mala
2738 2677 2940 2746 fructus
2966 2679 3126 2733 bonos
3155 2679 3346 2748 facere.
3378 2677 3558 2734 Arbor

1970 2782 2104 2822 sane
2133 2767 2383 2821 voluntas
2415 2768 2763 2838 intelligenda
2809 2777 2911 2834 est,
2951 2783 3059 2822 non
3109 2783 3379 2838 persona;
3429 2783 3554 2822 nam

1969 2858 2160 2914 eadem
2214 2873 2445 2926 persona
2500 2857 2821 2912 hominiset
2874 2858 3011 2911 bona
3061 2856 3273 2926 operari
3320 2855 3463 2911 valet
3503 2864 3558 2910 et

1894 2986 1908 3004 ς
1969 2949 2134 3015 mala,
2176 2951 2315 3004 sicut
2350 2965 2416 3004 ex
2458 2949 2647 3005 eadem
2685 2959 2832 3005 terra
2886 2959 2942 3004 et
2992 2949 3126 3004 tiens
3175 2947 3454 3020 profertur
3499 2958 3558 3004 et

1971 3044 2145 3114 spina.
2187 3043 2292 3098 Sed
2342 3044 2482 3098 sicut
2512 3043 2651 3098 mala
2679 3045 2846 3098 arbor
2875 3058 3151 3112 nunquam
3188 3041 3329 3096 bona
3361 3040 3560 3111 germi-

1973 3143 2066 3188 nat
2087 3149 2266 3204 poma,
2295 3134 2369 3188 ita
2399 3135 2464 3188 de
2493 3135 2723 3202 superba
2756 3133 3052 3199 voluntate,
3083 3148 3202 3202 qua:
3237 3131 3425 3202 procul
3460 3132 3556 3186 du-

1971 3224 2062 3278 bio
2111 3223 2249 3277 mala
2302 3232 2418 3286 est,
2473 3238 2747 3292 nunquam
2797 3226 2946 3276 mera
3002 3223 3086 3276 vel
3135 3223 3558 3275 incontaminata

1969 3313 2214 3383 procedit
2261 3311 2576 3375 humilitas;
2627 3321 2682 3365 et
2731 3312 2873 3365 sicut
2918 3312 3102 3365 radice
3154 3310 3304 3373 laesa,
3391 3312 3558 3362 totius

1969 3401 2183 3482 arboris
2221 3400 2356 3454 rami
2387 3410 2783 3469 consequenter
2811 3407 3112 3463 arescunt,
3147 3400 3227 3454 sic
3273 3415 3339 3455 ex
3371 3407 3555 3453 mente

1968 3491 2230 3559 superba,
2265 3483 2310 3543 si
2347 3489 2477 3558 quid
2513 3490 2639 3543 boui
2681 3489 2866 3559 operis
2909 3490 2976 3543 ad
3025 3499 3240 3558 tempus
3283 3489 3556 3543 virescere

1967 3581 2229 3646 cernitur,
2255 3580 2403 3635 velut
2433 3582 2661 3636 humore
2688 3581 2954 3637 convallis
2993 3582 3283 3648 exhausto,
3323 3581 3378 3636 in
3417 3596 3557 3652 prae-

1966 3672 2109 3742 rupti
2137 3672 2252 3726 saxi
2285 3672 2540 3726 ariditate
2561 3673 2819 3728 siccatur.

2097 3781 2171 3820 ιν.
2217 3781 2268 3820 IN
2305 3781 2545 3820 SERIONE
2585 3781 2650 3821 DE
2684 3781 2886 3822 SANCTO
2920 3781 3117 3822 JOANNE
3156 3781 3441 3822 BAPTISTA.

2313 3856 2440 3927 (Ed.
2474 3869 2599 3910 toni.
2634 3858 2722 3923 Il,
2753 3875 2875 3928 pag.
2910 3859 3011 3913 M6
3039 3859 3205 3930 seqq.)

2041 3946 2189 4001 Inter
2215 3957 2363 4000 natos
2404 3949 2683 4000 mulierum
2732 3966 2836 4002 non
2877 3951 3106 4002 surrexit
3150 3949 3324 4018 major
3342 3946 3556 4003 Joanne

1971 4035 2228 4103 Baptista.
2291 4036 2530 4089 Exclusit
2585 4037 2767 4106 itaque
2824 4038 3116 4105 majorem,
3167 4053 3273 4091 non
3339 4039 3556 4107 negavit

1971 4125 2254 4195 aqualem.
2282 4126 2417 4180 Hinc
2440 4135 2523 4180 est
2546 4129 2689 4195 quod
2712 4128 2777 4180 ad
2804 4126 3121 4181 Zachariam
3144 4127 3366 4198 angelus
3387 4128 3551 4182 dicit:

1973 4215 2094 4285 Ipse
2123 4216 2376 4285 prwcedet
2397 4226 2516 4269 ante
2548 4215 2698 4269 illum
2731 4218 2786 4270 in
2820 4218 3078 4286 sapientia
3111 4228 3159 4271 et
3185 4218 3371 4271 virtute
3394 4216 3552 4270 Elite.

1972 4305 2081 4359 Par
2122 4321 2251 4375 ergo
2285 4305 2412 4358 Elia:
2453 4303 2688 4359 Joannes
2722 4307 2958 4369 videtur,
2999 4305 3052 4358 in
3103 4306 3257 4376 cujus
3286 4299 3552 4375 sapientia

1975 4405 2029 4449 et
2056 4395 2254 4448 virtute
2281 4402 2542 4449 venturus
2564 4396 2847 4458 asseritur,
2877 4397 3176 4466 prtescrtim
3202 4413 3325 4451 cum
3353 4406 3404 4451 et
3428 4395 3553 4451 alibi

1976 4488 2088 4557 ipsa
2134 4486 2346 4542 V'c'ritas
2391 4488 2574 4541 dicat:
2627 4488 2776 4541 Elius
2805 4488 2923 4558 j‘am
2967 4491 3125 4553 venit,
3157 4499 3203 4542 et
3234 4505 3336 4543 non
3361 4504 3549 4559 cogno-

1971 4587 2151 4631 verunt
2182 4593 2320 4640 eum,
2361 4578 2451 4630 sed
2483 4577 2714 4646 fecerunt
2748 4579 2802 4629 in
2843 4594 2960 4630 eum
2993 4578 3337 4647 quodcunque
3381 4575 3556 4632 colue—

1973 4677 2128 4728 runt;
2157 4677 2202 4718 et
2247 4667 2292 4719 si
2322 4665 2474 4719 vultis
2505 4667 2668 4728 scire,
2713 4663 2946 4719 Joannes
2983 4666 3092 4734 ipse
3134 4675 3208 4717 est
3244 4664 3410 4718 Elius.
3446 4662 3552 4719 Sed

1971 4771 2098 4810 ecce
2119 4773 2150 4809 υ
2179 4756 2393 4810 diverso
2420 4756 2546 4808 illud
2586 4757 2847 4817 occurrit,
2871 4756 3015 4824 quod
3044 4755 3253 4808 Eliseus
3283 4755 3547 4823 duplicem

1974 4846 2105 4900 Elise
2131 4844 2574 4915 spiritum,juxta
2604 4847 2818 4898 modum
2851 4861 2962 4898 suae
2993 4845 3290 4915 petitionis,
3320 4848 3548 4916 accepit.

1977 4937 2226 5000 Obsecro,
2275 4937 2468 5005 inquit,
2514 4947 2569 4989 ut
2596 4937 2688 5004 fiat
2719 4937 2936 5005 spiritus
2976 4948 3097 4991 tuus
3124 4937 3316 5008 duplex
3355 4938 3410 4991 in
3450 4955 3551 4992 me.

1974 5029 2126 5096 Quod
2152 5030 2200 5083 si
2230 5029 2398 5083 Elian:
2428 5029 2652 5084 Elisams
2671 5029 2954 5098 dupliciter
2976 5029 3271 5087 an'ecellit.
3293 5028 3554 5099 aequalem

1977 5122 2104 5176 Elia:
2156 5121 2416 5176 Joannem
2477 5121 2743 5190 quomodo
2787 5129 3029 5190 superat,
3079 5137 3187 5189 quo
3237 5121 3376 5173 inter
3401 5127 3556 5172 natos

1978 5214 2262 5269 mulierum
2322 5213 2496 5283 major
2552 5229 2708 5266 nemo
2767 5213 3041 5266 surrexit?
3085 5211 3464 5267 Verumtamen
3499 5219 3557 5265 ut

1977 5305 2217 5360 solvatur
2244 5306 2494 5374 qumstio,
2547 5303 2928 5373 ponderandus
2953 5311 3038 5356 cst
3065 5317 3285 5365 sensus,
3324 5309 3383 5354 ut
3411 5297 3554 5370 quod

1977 5398 2169 5452 durum
2203 5399 2254 5450 in
2287 5398 2464 5451 verbis
2514 5395 2874 5450 exterioribus
2920 5404 3099 5455 sonat,
3154 5394 3220 5446 de
3246 5393 3330 5461 pia
3379 5393 3557 5447 inten-

1980 5489 2120 5542 tione
2148 5488 2438 5558 procedere
2467 5484 2720 5540 discretio
2752 5485 2930 5539 sobrie
2967 5483 3250 5538 sentientis
3271 5483 3552 5554 intelligat.

365 5663 478 5734 (54)
517 5665 572 5718 In
618 5665 851 5721 editione
890 5675 1018 5722 tom.
1065 5666 1127 5732 ll,
1162 5683 1282 5739 pag.
1332 5666 1457 5730 598,
1507 5665 1635 5720 nihil
1663 5674 1840 5720 exstat
1869 5674 2064 5736 pratter
2093 5665 2451 5738 fragmentum
2485 5664 2750 5721 sermonis
2787 5665 2943 5734 primi
2974 5663 3268 5736 synodalia.
