4028 6168
497 255 603 313 395

1389 252 1619 309 ADDlT.
1659 253 1752 309 AD
1789 252 1955 309 ἹῸΜ.
1995 251 2057 305 lll
2097 248 2248 306 OPP.
2295 246 2354 303 S.
2395 247 2597 303 PETRI
2641 246 2945 304 DAMIANI.

3683 254 3806 313 896

497 367 702 424 nurum
733 366 929 437 quippe
973 365 1154 420 sonuit
1183 366 1327 434 quod
1369 365 1580 420 Eliseus
1622 363 1890 434 duplicem
1921 360 2091 432 magi-
2120 365 2167 421 Α
2197 357 2348 414 culos
2400 361 2466 413 ad
2519 359 2946 416 comburendum
2998 360 3246 428 zizania;
3297 363 3494 432 quippe
3546 363 3805 423 fasciculi

498 457 602 515 atri
647 458 898 526 spiritum
951 457 1125 526 petiit,
1173 471 1295 509 eum
1349 473 1454 510 non
1494 457 1566 510 sit
1603 456 1896 524 discipulus
1931 470 2092 522 super

502 551 821 620 magistrum
848 565 862 612 ;
892 549 988 601 sed
1037 563 1105 602 ex
1131 563 1263 616 pura
1293 555 1474 601 mente
1502 547 1692 616 petitio
1743 547 1841 600 ista
1875 561 2092 615 proces-

504 642 596 705 sit,
623 641 748 708 quia
783 654 890 694 non
916 650 1190 693 terrenum
1221 639 1446 707 aliquid,
1477 641 1572 694 sed
1604 639 1942 708 spiritualem
1970 654 2094 708 gra-

503 732 632 800 tiam
658 729 984 796 postulavit;
1038 730 1176 782 unde
1207 738 1260 783 et
1295 730 1442 784 E‘ias
1471 731 1621 798 quasi
1653 730 2090 798 subindignatus,

504 819 717 870 incauta
778 817 1024 885 discipuli
1080 819 1239 872 verba
1301 820 1597 889 redarguit,
1647 835 1769 873 cum
1801 819 1925 872 ait:
1967 817 2092 871 Rem

499 908 756 976 difﬁcilem
778 909 1094 976 postulasti;
1138 910 1535 979 simplicitatem
1565 926 1691 966 vero
1717 912 1818 980 pia:
1842 911 2095 966 intentio-

500 1001 880 1068 nisasjﬁciens
926 1011 1121 1070 pratsto
1159 1004 1478 1072 subjungit:
1534 1007 1775 1058 Attamen
1815 1003 1860 1056 si
1905 1003 2092 1056 videris

501 1108 604 1155 me,
655 1093 864 1161 qumth
896 1094 1057 1147 lollttr
1082 1113 1111 1146 tt
1141 1104 1210 1158 te,
1251 1095 1345 1147 erit
1387 1095 1527 1164 quod
1555 1096 1772 1163 petisti;
1805 1111 1910 1148 non
1941 1095 2090 1148 vide-

500 1179 625 1236 licet
653 1183 848 1251 duplici
878 1199 962 1245 as,
1011 1199 1172 1253 quam
1205 1185 1453 1238 incautus
1484 1200 1667 1238 sermo
1701 1185 1962 1252 profudit,
1997 1183 2091 1238 sed

497 1273 696 1330 donum
726 1277 972 1344 spiritus,
1025 1277 1166 1343 quod
1194 1278 1380 1330 humili
1406 1294 1469 1331 ae
1503 1269 1715 1331 sincera
1743 1293 1896 1332 mens
1919 1277 2094 1331 inten-

497 1363 646 1418 tione
686 1367 956 1433 qtnesivit.
994 1367 1103 1421 lloc
1135 1367 1318 1436 itaque
1346 1371 1504 1422 modo
1562 1384 1902 1439 nequaquam
1931 1367 2093 1424 Joan-

497 1469 621 1508 nem
678 1466 896 1524 supcrat
946 1457 1180 1518 Etiseus,
1236 1458 1380 1516 sicut
1427 1473 1526 1512 nec
1578 1457 1752 1526 major
1797 1467 1881 1512 est
1929 1472 2091 1527 quam

498 1544 660 1598 Elias.
715 1547 1100 1602 Verumtamen
1155 1549 1198 1601 si
1239 1563 1410 1604 sacra:
1465 1549 1705 1603 historia-
1737 1558 1980 1603 tcnorem
2013 1549 2092 1602 in-

495 1637 754 1704 spicimus
783 1638 1090 1705 diligenter,
1147 1638 1455 1693 uberiorem
1491 1640 1606 1693 sive
1633 1639 1923 1694 clariorem
1974 1639 2088 1692 Eli-

495 1740 646 1778 seum
683 1744 842 1796 quam
877 1729 1048 1782 Eliam
1081 1731 1131 1783 in
1174 1731 1559 1785 miraculorum
1587 1730 1752 1784 fuisse
1794 1729 2088 1784 virtutibus

496 1818 818 1873 invenimus.
872 1819 963 1874 llle
1008 1819 1264 1875 nimirum
1293 1823 1481 1877 vivens
1519 1821 1831 1876 defunctum
1862 1835 2088 1890 puerum

495 1909 618 1963 vitae
651 1911 904 1968 restituit.
950 1914 1051 1966 iste
1089 1913 1202 1978 jam
1259 1924 1506 1967 mortuus
1547 1923 1820 1969 mortuum
1856 1914 2087 1968 suscita-

492 2002 590 2056 vit.
625 2000 720 2056 Illo
749 2004 1104 2072 prophetante
1159 2005 1349 2074 hydria
1389 2005 1576 2059 farinae
1612 2014 1664 2058 et
1695 2003 1944 2074 lecytbus
1983 2002 2087 2057 olei

495 2108 601 2147 non
631 2093 849 2157 defecit,
883 2093 983 2148 iste
1011 2095 1248 2150 obsessa:
1277 2107 1332 2149 et
1363 2095 1572 2150 alllictzr
1594 2095 1800 2150 civitati
1839 2095 2088 2164 protinus

493 2186 547 2239 in
587 2187 728 2240 diem
778 2187 1007 2242 alterum
1061 2189 1404 2244 incredibiles
1457 2188 1731 2244 hostilium
1781 2197 2084 2243 castrorum

491 2279 678 2346 copias
728 2279 945 2341 obtulit,
1001 2289 1184 2349 atque,
1239 2291 1298 2334 ut
1343 2282 1396 2334 in
1433 2280 1583 2334 brevi
1636 2293 1832 2335 cuncta
1869 2279 2088 2334 conclu-

493 2369 648 2430 dam,
680 2369 822 2422 Elias
855 2371 942 2433 ω,
983 2371 1213 2436 Eliseus,
1243 2381 1300 2425 ut
1343 2372 1638 2441 Scriptura:
1669 2373 1870 2427 veritas
1901 2372 2085 2439 tradit,

490 2458 560 2511 25
599 2461 984 2514 miraculorum
1028 2463 1196 2532 signis
1231 2464 1467 2524 enituit,
1509 2480 1649 2532 qu:e,
1681 2464 1930 2518 videlicet
1959 2464 2086 2533 quia

498 2553 771 2605 lastidium
798 2555 1121 2619 devitamus,
1155 2556 1240 2609 hic
1270 2569 1592 2610 enumerare
1619 2557 2012 2626 postponimus.

563 2645 847 2709 Quomolo
883 2661 1014 2714 ergo
1065 2643 1225 2713 hujus
1272 2662 1358 2701 me
1397 2647 1538 2701 nodo
1582 2647 1896 2716 quaestionis
1926 2657 2088 2715 etpe-

491 2734 655 2796 diam,
698 2745 748 2786 ut
776 2733 987 2802 prolata
1023 2736 1089 2788 de
1123 2738 1495 2805 magnitudine
1532 2735 1756 2790 Joannis
1790 2752 1894 2792 non
1922 2735 2087 2791 vacil-

490 2820 557 2874 let
597 2823 865 2876 sententia
909 2825 1155 2879 veritatis
1179 2865 1195 2890 ,
1244 2840 1351 2894 qua
1382 2826 1584 2880 dicitur
1621 2827 1672 2879 in
1704 2827 1846 2881 natis
1884 2826 2082 2882 mulie-

491 2929 610 2966 rum
653 2929 760 2967 non
813 2928 934 2968 esse
965 2914 1226 2983 majorem
1279 2915 1488 2971 Joanne
1536 2901 1822 2986 Baptista?
1877 2917 2009 2971 Nam
2039 2918 2135 2989 si,

493 3003 664 3070 major
702 3013 784 3058 est
832 3004 1040 3059 Eliseus
1087 3022 1251 3075 quam
1301 3007 1476 3070 Elias,
1526 3023 1654 3078 ergo
1700 3007 1871 3077 major
1915 3019 2002 3064 est
2029 3019 2081 3064 et

488 3092 722 3157 Joanne,
761 3097 904 3163 quod
939 3095 1054 3150 lieri
1096 3098 1431 3167 impossibile
1477 3109 1580 3154 est.
1627 3098 1731 3154 Sed
1784 3095 2080 3154 notandum

491 3184 634 3249 quod
668 3184 812 3239 aliud
852 3196 936 3242 est
975 3204 1230 3259 magnum
1258 3189 1388 3259 quid
1430 3204 1591 3262 agere
1627 3191 1680 3244 in
1713 3189 1882 3260 signis
1919 3189 2088 3244 mira-

489 3275 757 3342 culorum,
785 3278 929 3332 aliud
979 3296 1229 3350 magnum
1266 3296 1384 3336 esse
1414 3281 1466 3335 in
1506 3280 1826 3336 exocllenia
1855 3281 2080 3336 merito-

493 3381 648 3432 rum;
704 3384 828 3421 nam
873 3368 916 3422 si
950 3369 1016 3424 de
1065 3370 1342 3426 miraculis
1386 3371 1598 3442 agitur,
1638 3370 1845 3425 nullum
1886 3369 2082 3424 fecisse

489 3459 810 3512 miraculum
844 3458 1082 3516 Joannes
1117 3462 1168 3516 in
1203 3463 1606 3532 Scripturarum
1637 3461 1848 3532 paginis
1869 3461 2080 3516 inveni-

488 3557 596 3603 tur.
639 3549 745 3604 Sed
773 3553 1016 3620 nunquid
1046 3563 1268 3622 propter
1311 3555 1421 3630 hoc
1459 3555 1678 3609 intimus
1706 3554 1813 3609 erit
1836 3553 2078 3610 omnium

487 3652 826 3706 sanctorum,
879 3644 1002 3712 quia
1039 3645 1182 3697 nulla
1217 3646 1451 3698 traditur
1497 3646 1652 3716 signa
1686 3646 1882 3700 fecisse
1912 3645 2081 3698 virtu-

488 3731 649 3784 t-im?
690 3732 900 3788 Eliseus
952 3749 1083 3804 ergo
1137 3735 1308 3804 major
1335 3745 1418 3791 est
1459 3752 1621 3805 quam
1665 3737 1807 3790 Elias
1843 3737 1896 3790 in
1927 3736 2080 3789 exhi-

487 3822 695 3876 bitione
725 3825 1036 3894 signorum,
1074 3843 1235 3896 quem
1267 3838 1442 3883 tamen
1475 3844 1812 3899 nequaquam
1861 3836 2081 3897 superat

489 3910 541 3964 in
575 3912 792 3967 cumulo
843 3918 1180 3970 meritorum.
1241 3918 1316 3973 lta
1360 3929 1412 3973 et
1441 3919 1680 3974 Joannes
1727 3935 1824 3988 par
1861 3919 2076 3988 quidem

485 4012 567 4056 est
594 4003 740 4067 Elite,
764 4005 889 4074 quia
921 4008 1062 4062 sicut
1091 4008 1178 4063 ille
1207 3997 1383 4079 przeco
1411 4012 1623 4065 futurus
1645 4022 1726 4066 est
1751 4011 1978 4075 Judicis,
2006 4013 2075 4064 ita

483 4108 538 4146 Ct
567 4094 653 4147 hic
682 4111 986 4164 praecursor
1015 4098 1186 4154 lactus
1218 4109 1301 4155 est
1338 4100 1754 4170 Redemptoris;
1787 4101 1879 4156 sed
1907 4100 2078 4168 major

486 4185 622 4249 Elia,
678 4188 803 4254 quia
860 4204 1020 4256 quem
1073 4191 1485 4256 demonstravit,
1541 4195 1704 4247 etiam
1759 4194 2072 4262 baptizavit.

481 4277 721 4334 Joannes
761 4281 943 4349 itaque
988 4269 1353 4337 humanorum
1409 4285 1564 4339 limes
1604 4296 1687 4339 est
1714 4286 2068 4350 meritorum;

2193 451 2502 520 alligantur,
2535 451 2659 518 quia
2690 451 2742 504 in
2788 450 2876 504 illo
2903 463 3177 522 perpetua:
3214 453 3578 510 damnationis
3603 457 3808 512 incert-

2195 542 2305 610 dio,
2345 541 2626 596 homicida:
2651 558 2772 596 cum
2805 543 3110 608 bomicidis,
3166 543 3400 600 adulteri
3428 563 3550 602 cum
3580 549 3806 605 adulte-

2196 631 2290 694 ris,
2332 629 2533 700 perjuri
2565 646 2687 684 cum
2715 629 2963 700 perjuris,
2999 633 3293 688 incestuosi
3340 651 3464 690 cum
3509 637 3795 693 incestuo-

2195 719 2292 784 sis,
2357 732 2464 774 non
2517 719 2733 776 diverso
2791 721 3090 790 ptenalium
3148 733 3539 780 tormentorum
3589 743 3801 798 genere

2195 813 2679 880 constringuntur;
2762 814 2870 868 illic
2937 829 3032 868 eos
3090 816 3314 871 infinita:
3367 832 3543 888 poma:
3596 829 3798 889 patens

2196 904 2454 974 gehennae
2503 905 2815 959 barathrum
2849 909 3094 968 devorat,
3145 909 3237 978 qui
3269 909 3356 964 his
3385 925 3444 965 se
3471 922 3798 981 arroganter

2196 994 2250 1048 in
2274 994 2540 1062 superbia:
2579 997 2838 1051 cornibus
2868 997 3241 1062 extollebant;
3297 999 3407 1054 illic
3443 1016 3633 1055 eorum
3663 1016 3788 1056 car-

2197 1098 2294 1138 nes
2321 1093 2484 1152 atque
2508 1085 2765 1138 medullas
2788 1086 2992 1155 saginis
3024 1087 3255 1158 irriguas
3269 1089 3546 1158 crepitans
3573 1089 3786 1144 ﬂamma

2197 1177 2472 1244 depascct,
2496 1179 2586 1245 qui
2620 1177 2706 1231 hic
2737 1193 2924 1232 arsere
2953 1179 3158 1233 deliciis
3190 1184 3261 1234 'et
3290 1181 3570 1235 aestuantis
3593 1181 3782 1251 exple-

2195 1276 2390 1322 verunt
2425 1266 2710 1320 illecebras
2756 1268 3068 1338 voluptatis.
3131 1271 3274 1324 Bene
3306 1271 3485 1339 itaque
3534 1271 3790 1327 dicuntur

2198 1356 2440 1411 fasciculi
2465 1357 2697 1427 alligari,
2743 1360 2869 1428 quia
2903 1375 3243 1430 nequaquam
3274 1376 3368 1414 eos
3413 1371 3540 1417 tunc
3567 1373 3784 1432 separat

2197 1447 2486 1501 diversitas
2544 1449 2788 1509 ultionis.
2851 1465 2988 1520 quos
3031 1452 3118 1505 hic
3161 1452 3458 1506 similitudo
3489 1455 3789 1511 sociaverat

2197 1540 2521 1608 pravitatis;
2554 1551 2609 1596 et
2637 1543 2729 1612 qui
2777 1559 2918 1598 nunc
2950 1544 3154 1598 eisdem
3186 1545 3511 1599 criminibus
3540 1555 3666 1600 suat
3688 1547 3788 1602 ob-

2199 1633 2344 1685 noxii
2375 1632 2615 1701 ejusdem
2668 1635 2916 1703 supplicii
2949 1637 3290 1704 postmodum
3336 1646 3590 1690 tenentur
3614 1638 3788 1692 anim-

2124 1709 2512 1781 Badversione
2568 1728 2871 1782 conStricti.
2939 1728 3013 1782 De
3067 1729 3264 1796 quibus
3329 1729 3583 1782 omnibus
3654 1729 3784 1784 alibi

2189 1815 2476 1873 sub‘unius
2503 1834 2746 1888 persona:
2795 1819 2974 1888 specie
3019 1819 3220 1873 dicitur
3247 1833 3265 1870 :
3316 1818 3514 1888 Ligatis
3543 1821 3784 1875 manibus

2187 1920 2235 1965 et
2264 1910 2500 1981 pedibus,
2529 1911 2716 1964 mittite
2761 1911 2912 1964 illum
2959 1913 3011 1965 in
3040 1912 3278 1966 tenebras
3327 1913 3632 1967 exteriores.
3675 1912 3786 1968 lilic

2189 2001 2431 2056 membra
2472 2001 2711 2072 ligantur
2753 2002 2819 2055 ad
2853 2017 3088 2072 postiam,
3131 2017 3250 2072 quin
3280 2003 3366 2056 hic
3394 2003 3565 2056 soluta
3609 2017 3674 2060 ac
3719 2003 3784 2057 ll-

2173 2090 2316 2154 hera
2377 2089 2693 2146 ferebantur
2731 2092 2798 2146 ad
2847 2092 3100 2161 culpam;
3152 2090 3236 2145 γ‹·1
3291 2102 3419 2145 tunc
3453 2093 3614 2160 digne
3651 2106 3785 2147 mn-

2187 2181 2498 2253 stringenda
2528 2193 2652 2238 sunt
2685 2185 2738 2238 in
2769 2185 3067 2253 suppliciis,
3103 2199 3222 2253 qua:
3252 2201 3394 2239 nunc
3431 2183 3570 2238 male
3625 2180 3780 2247 ligata

2187 2281 2319 2328 sunt
2378 2289 2406 2325 a
2461 2273 2680 2343 pietatis
2729 2275 2985 2344 operibus
3036 2275 3396 2343 peragendis;
3438 2273 3547 2328 illic
3590 2275 3782 2328 anima:

2186 2360 2538 2432 reproborum
2600 2377 2724 2419 eum
2776 2363 3097 2434 corporibus
3140 2363 3301 2418 simul
3358 2363 3780 2434 inexstinguibili

2187 2453 2498 2508 cruciantur
2537 2454 2811 2519 incendio,
2866 2455 3009 2509 sicut
3042 2454 3131 2509 hic
3160 2455 3212 2508 In
3238 2455 3599 2509 exsecutione
3631 2453 3779 2525 pravi

2184 2542 2768 2614 operisjungebantur.
2817 2545 2966 2600 Unde
2995 2557 3049 2598 et
3085 2561 3180 2614 per
3199 2543 3517 2615 prophetam
3544 2545 3776 2600 dicitur:

2187 2634 2572 2689 Descenderam
2616 2637 2686 2689 ad
2746 2637 3010 2706 infernum
3064 2654 3184 2691 cum
3227 2638 3390 2691 armis
3425 2652 3575 2700 suis;
3632 2653 3783 2692 arma

2188 2725 2388 2796 quippe
2438 2728 2780 2796 peccantium
2812 2728 3054 2782 membra
3103 2737 3231 2783 sunt
3265 2727 3532 2798 corporis,
3589 2727 3783 2797 quibus

2189 2815 2404 2884 reprobi
2457 2815 2707 2870 homines
2757 2817 2973 2871 diabolo
3024 2817 3263 2871 militant
3311 2827 3367 2871 et
3394 2816 3510 2886 ejus
3559 2818 3782 2886 imperio

2187 2919 2440 2974 perverse
2474 2906 2701 2961 vivendo
2738 2907 3070 2960 ministrant.
3110 2906 3284 2962 Simul
3339 2920 3472 2977 ergo
3496 2923 3624 2960 eum
3667 2907 3783 2960 ani-

2191 2993 2380 3048 mabus
2411 3005 2465 3049 et
2491 3010 2717 3064 corpora
2755 2997 2806 3050 in
2835 3006 3038 3052 :eterna
3073 3007 3244 3050 morte
3267 2997 3612 3059 damnantur,
3663 3012 3784 3067 qua:

2141 3090 2155 3114 ‘
2186 3083 2345 3138 simul
2385 3085 2437 3138 in
2476 3087 2627 3154 pravi
2681 3088 2866 3156 operis
2913 3089 3316 3157 perpetratione
3364 3087 3663 3153 vixerunt;
3714 3087 3784 3142 de

2183 3176 2378 3245 quibus
2401 3177 2663 3247 propheta
2692 3178 2826 3233 dicit
2851 3196 2864 3231 :
2911 3177 2992 3230 Ibi
3023 3178 3191 3232 Assur
3214 3187 3260 3231 et
3287 3177 3527 3247 sepulcra
3548 3178 3688 3247 ejus.

2787 3281 2878 3334 EX
2912 3281 3170 3336 MARCO.

2495 3388 2532 3426 Ι.
2571 3389 2622 3428 ΙΝ
2649 3389 2889 3428 SERIONE
2920 3388 2985 3426 DE
3021 3388 3224 3428 SANC'I'O
3256 3388 3452 3427 ιιΑιιοο.

2629 3462 2758 3531 (Ed.
2792 3473 2918 3515 tom.
2950 3460 3035 3526 ll,
3076 3478 3200 3531 pag.
3231 3462 3346 3532 64.)

2253 3555 2509 3626 Quisquis
2559 3555 2909 3626 Evangelium
2953 3555 3097 3609 beati
3145 3553 3308 3609 Marci
3340 3553 3522 3608 subtili
3555 3554 3779 3608 medita-

2182 3646 2328 3700 tione
2378 3646 2720 3710 considerat,
2773 3656 2828 3700 et
2868 3645 3012 3707 alta',
3052 3659 3110 3699 ttt
3147 3647 3365 3716 dignum
3397 3659 3502 3709 est,
3560 3647 3777 3717 indaga-

2181 3737 2327 3791 tione
2349 3746 2663 3805 pertractat,
2704 3737 2926 3790 rudilms
2970 3735 3186 3804 quidem
3239 3745 3292 3790 et
3342 3751 3445 3789 non
3499 3737 3770 3790 accuratis

2189 3825 2520 3894 descriptum
2551 3826 2754 3889 verbis,
2786 3827 2879 3879 sed
2928 3825 3216 3880 uberrimis
3264 3826 3500 3880 inveniet
3543 3825 3778 3881 ctelestis

2184 3915 2555 3986 intelligentia:
2613 3917 2916 3983 redundare
2971 3916 3262 3987 mysteriis.
3311 3915 3408 3969 Est
3451 3915 3605 3984 plane
3651 3913 3776 3985 styli

2182 4005 2448 4060 brevitate
2473 4007 2830 4069 succinctum,
2856 4006 2948 4060 sed
2975 4005 3237 4075 profunda
3265 4006 3505 4077 mysterii
3528 4005 3778 4074 spiritua-

2180 4096 2246 4149 lis
2278 4097 2524 4151 ubertate
2553 4095 2828 4151 dill'usnm.
2861 4095 3273 4150 Pcrscrutantes
3312 4112 3546 4165 namque
3585 4109 3776 4150 omnes

2179 4185 2294 4241 fere
2340 4188 2566 4258 paginas
2598 4188 3028 4256 Scripturarmn,
3061 4188 3302 4259 invenire
3357 4190 3442 4240 vix
3492 4203 3778 4256 possumus

2179 4278 2437 4349 Spiritum
2494 4281 2739 4335 veritatis
2793 4281 3005 4335 cautius
3052 4281 3135 4336 vel
3183 4281 3630 4349 circmnspectius
3677 4298 3777 4348 per

483 4380 964 4439 quantmncuuque
1017 4377 1161 4428 enim
1215 4377 1492 4446 apostolici
1560 4388 1779 4432 senatus
1848 4379 2075 4432 cxcelLt
2106 4371 2341 4468 Dalium
2387 4372 2683 4441 quemlibet
2729 4389 2889 4442 quam
2937 4389 3034 4442 per
3079 4388 3140 4427 os
3188 4373 3332 4428 beati
3393 4373 3558 4426 Marci
3607 4373 3776 4427 fuisse

482 4461 800 4524 auctoritas,
851 4472 1330 4533 quantmncunqne
1357 4466 1441 4519 vel
1472 4468 1905 4533 patriarcharum
1942 4468 2074 4522 lides

484 4547 537 4602 in
563 4549 742 4602 divina
777 4551 1055 4620 agnitione
1081 4553 1350 4622 proficiat,
1388 4555 1466 4608 vel
1501 4556 1885 4624 prophetarum
1913 4557 2073 4610 mira-

481 4639 599 4694 cola
638 4642 704 4694 ad
761 4645 1056 4698 reseranda
1107 4660 1308 4698 arcana
1369 4647 1621 4716 mysteria
1667 4647 2068 4711 convalescant,

481 4731 876 4798 quantumlibet.
918 4744 1068 4791 certe
1100 4737 1404 4792 cumuletur
1436 4738 1877 4808 triumphantium
1901 4739 2067 4806 gloria

481 4832 804 4892 martyrum,
856 4828 1206 4893 quantumvis
1247 4830 1489 4883 ellloreat
1525 4845 1760 4885 vernans
1806 4831 2064 4900 pudicisia

478 4911 767 4981 virginum,
819 4915 903 4968 vel
935 4916 988 4969 in
1019 4918 1181 4971 verbo
1218 4921 1343 4972 vitm
1372 4934 1430 4975 se
1465 4933 1718 4975 exerceat
1753 4921 1930 4991 [ngua
1960 4923 2061 4976 do-

479 5013 708 5068 ctorum,
769 5007 904 5061 citra
951 5019 1147 5064 metam
1204 5011 1427 5066 Joannis
1473 5015 1657 5068 omnia
1711 5015 2058 5079 cohibentur,

479 5094 722 5166 nihilque
751 5097 967 5152 virtutis
998 5100 1264 5167 humanm,
1290 5103 1421 5157 nihil
1448 5103 1745 5174 religionis,
1787 5105 1917 5158 nihil
1941 5120 2062 5174 per-

479 5184 733 5243 fectionis
759 5188 899 5242 ultra
927 5193 1295 5260 progreditur.

655 5292 710 5333 Υ.
749 5295 802 5334 ιη
826 5296 1063 5337 εειωοκε
1101 5298 1168 5336 DB
1197 5299 1397 5340 SANCTO
1424 5300 1696 5340 S'I'l-ZI'IIANO
1732 5300 1884 5338 ΡΑΡΑ.

896 5371 1024 5442 (Ed.
1055 5383 1182 5428 tom.
1216 5373 1300 5439 11,
1338 5392 1458 5444 pug.
1491 5375 1637 5443 184;)

549 5457 790 5530 Colligite
823 5464 1048 5530 primum
1074 5465 1280 5517 zizania
1305 5505 1320 5529 ,
1367 5475 1414 5518 et
1443 5463 1657 5534 alligata
1684 5464 1963 5533 fasciculos
1993 5465 2063 5519 ad

476 5550 898 5607 comburenrhtm.
941 5554 1220 5610 Pensauda
1247 5567 1371 5611 sunt
1393 5557 1676 5627 diligenter
1705 5559 1868 5612 verba
1903 5557 2060 5612 Veri-

476 5640 605 5696 tatis
632 5657 692 5698 ac
721 5659 842 5698 cum
875 5647 1066 5702 timore
1106 5649 1300 5720 quibus
1339 5651 1536 5705 dicitur
1579 5668 1590 5704 :
1621 5650 1848 5720 Alliate
1898 5650 2049 5706 fasci-

2179 4462 2436 4526 locnlum,
2467 4463 2602 4516 adeo
2633 4474 2689 4516 ut
2741 4465 2852 4533 ipsa
2891 4465 3271 4533 descriptionis
3315 4465 3486 4519 series
3532 4474 3588 4517 et
3633 4465 3773 4519 ordo

2180 4555 2467 4608 verborum
2497 4572 2749 4626 magnum
2783 4557 3059 4610 contineat
3080 4565 3503 4609 sacramentum.
3532 4554 3682 4620 Quod
3711 4563 3776 4610 ut

2179 4643 2392 4699 facilius
2425 4646 2715 4712 elucescat,
2749 4648 2798 4699 in
2834 4648 2948 4714 ipso
2977 4647 3097 4700 libri
3122 4647 3238 4716 ejus
3267 4647 3490 4699 exordio
3518 4661 3614 4699 nos
3645 4647 3772 4701 bre-

2176 4735 2315 4788 viter
2343 4736 2597 4791 intimare
2625 4753 2729 4790 non
2762 4737 2959 4805 pigeat.
2984 4737 3225 4790 Primum
3260 4752 3494 4806 namque
3530 4738 3770 4791 miracu-

2174 4825 2282 4879 lum
2316 4827 2489 4896 ponit,
2517 4843 2624 4896 quo
2675 4829 2933 4882 Dominus
2975 4829 3272 4882 daemonem
3320 4841 3417 4895 per
3443 4842 3504 4881 os
3537 4827 3772 4882 hominis

2171 4919 2497 4972 clamantem
2525 4931 2702 4976 tacere
2725 4922 2998 4991 praecepit,
3019 4937 3252 4992 cumque
3274 4923 3519 4992 protinus
3539 4921 3764 4989 expulit.

2168 5009 2494 5074 Obmutesce,
2529 5012 2723 5080 inquit,
2750 5021 2797 5064 et
2828 5013 2913 5065 cxi
2939 5013 3004 5065 ab
3041 5012 3268 5066 homine.
3303 5011 3608 5066 Secundum
3649 5010 3765 5065 nii-

2167 5101 2412 5155 raculum
2453 5113 2558 5168 est,
2610 5119 2718 5172 quo
2759 5103 3158 5158 febricitantem
3204 5119 3422 5159 socrum
3472 5101 3763 5156 Petri‘de-

2165 5195 2320 5263 pulso
2351 5195 2460 5266 typi
2489 5196 2668 5252 calore
2693 5197 2923 5251 sanavit.
2952 5197 3196 5252 Tertium
3226 5206 3330 5262 est,
3357 5211 3466 5266 quo
3492 5196 3762 5266 leprosum

2173 5287 2348 5357 tetigit
2377 5295 2432 5340 et
2459 5289 2727 5359 purgavit.
2774 5289 3040 5355 Quartum
3088 5303 3304 5357 quoque
3335 5297 3438 5350 est,
3471 5302 3576 5356 quo
3605 5299 3737 5356 para

2171 5375 2392 5446 lylicum
2416 5375 2699 5446 grabatum
2735 5377 2923 5431 tollere
2970 5385 3025 5431 et
3053 5377 3202 5431 abire
3227 5376 3504 5447 praecepit.
3550 5373 3650 5441 Qui
3681 5373 3767 5427 vi-

2168 5467 2364 5521 delicet
2387 5467 2542 5531 ordo,
2571 5467 2614 5520 si
2645 5467 2886 5538 diligenti
2916 5483 3045 5521 cura
3072 5467 3448 5537 perpenditur,
3477 5462 3765 5519 manifeste

2170 5557 2324 5611 docet
2358 5566 2561 5626 quanta
2592 5557 2886 5627 magisterii
2921 5568 3038 5611 arte
3082 5557 3318 5628 Spiritus
3364 5565 3583 5611 sanctus
3623 5553 3764 5608 scri-

2167 5647 2342 5703 bmtis
2369 5646 2635 5702 calamum
2683 5649 2875 5714 tenuit,
2932 5657 2984 5703 ct
3033 5648 3100 5702 ad
3131 5647 3513 5702 declarandum
3547 5642 3756 5699 redem-
