4028 6168
184 305 296 360 897
1132 301 1636 359 COLLECTANEA
1675 301 1770 358 EX
1811 299 2000 358 NOVO
2039 297 2511 357 TESTAMENTO
3373 305 3480 362 8898

187 409 400 482 ptionis
429 409 680 464 luunanze
711 409 1050 480 mysterium,
1079 411 1232 480 quasi
1283 427 1378 482 per
1408 413 1698 482 quamdam
1731 412 1793 466 li-
1822 420 1869 478 Α
1899 413 1994 468 alii
2039 411 2384 483 evangelista:
2423 412 2630 476 dicunt,
2663 412 2731 466 ita
2779 414 2938 468 debet
2971 414 3219 485 intelligi.
3253 425 3312 470 ut
3343 419 3484 472 trina

189 517 380 564 neam.
445 501 628 554 omnia
683 501 1036 570 dispensavit.
1095 502 1151 556 ln
1208 503 1504 573 dejectione
1561 519 1796 574 namque
1897 502 1987 558 illa
2019 503 2238 572 negatio
2269 513 2394 556 ante
2421 501 2544 571 galli
2589 502 2808 571 quidem
2837 513 3054 556 cantum
3085 503 3251 560 fuerit
3281 517 3484 577 erepta,

193 592 360 662 primi
391 590 625 644 hominis
648 590 914 660 principio
949 592 1193 647 diabolus
1237 593 1446 648 locutus
1475 603 1560 649 est
1592 609 1654 648 ac
1701 609 1798 664 po-
1898 593 1992 648 sed
2031 601 2318 662 postquam
2365 591 2528 646 semel
2576 593 2796 658 cecinit,
2841 594 2912 648 sit
2955 594 3186 662 expleta,
3231 605 3310 660 ut,
3353 613 3492 666 quo-

197 699 350 740 mum
377 683 604 734 vetitum
630 683 838 735 comedi
873 684 1158 751 persuasit.
1191 685 1396 738 Deinde
1427 684 1640 748 mulier,
1672 685 1794 754 quia

197 779 256 829 in
329 772 708 828 delectationis
779 774 1270 842 concupiscentiam
1344 775 1582 838 corruit,
1651 774 1800 828 velut

197 866 492 920 aestuantis
518 865 768 919 ardorem
800 863 966 918 febris
993 865 1238 918 incurrit.
1283 865 1455 918 Adam
1483 881 1612 919 vero
1655 873 1800 934 posto

200 969 370 1025 quam
399 955 482 1008 de
526 953 705 1007 fructu
752 951 880 1022 ligni
929 953 1068 1007 male
1113 953 1502 1008 consentienth
1542 955 1799 1022 gustavit,

203 1047 452 1102 omnium
493 1059 614 1098 mox
665 1045 916 1098 vitiorum
953 1044 1095 1113 lepra
1127 1044 1411 1114 perfusus,
1449 1051 1722 1113 postremo
1749 1053 1804 1099 et

211 1151 468 1206 tanquam
507 1136 836 1208 paralyticos
860 1151 888 1189 a
920 1137 1127 1191 cunctis
1155 1137 1308 1190 bouis
1336 1137 1592 1205 Operi.:us
1617 1147 1698 1190 est
1724 1138 1804 1188 in-

210 1228 430 1281 terioris
457 1226 692 1280 hominis
725 1225 980 1296 languore
1011 1226 1360 1280 constrictus.
1394 1227 1530 1292 Quia
1562 1242 1689 1296 ergo
1715 1226 1804 1279 Fi-

211 1317 321 1373 lius
338 1317 451 1382 Dei,
471 1319 606 1370 sicut
623 1317 860 1372 Joannes
885 1319 1016 1372 dicit
1037 1321 1336 1389 apostolus,
1361 1323 1638 1376 destruere
1661 1322 1806 1376 venit

213 1409 616 1480 operadiaboli,
632 1411 984 1477 pereamdem
1003 1413 1139 1465 viam
1155 1423 1564 1482 persecutusest
1579 1424 1804 1468 mortem

217 1515 326 1570 qua
355 1499 442 1553 illa
483 1501 720 1570 ingressa
755 1499 928 1553 fuerat
960 1502 1012 1554 in
1042 1505 1228 1556 orbem
1279 1515 1544 1560 terrarum
1571 1523 1585 1570 ;
1635 1515 1688 1560 et
1720 1507 1808 1560 ubi

219 1590 402 1644 fusum
446 1599 530 1644 est
571 1591 890 1658 perditionis
935 1601 1136 1647 nostra:
1167 1611 1456 1660 venenum,
1505 1583 1808 1649 a‘nimarum

221 1681 464 1735 iuedicus
485 1682 674 1736 salutis
700 1681 898 1751 objecil
929 1685 1229 1738 antidotum
1255 1701 1269 1750 ;
1305 1695 1464 1754 atque
1495 1687 1634 1738 trude
1666 1702 1811 1739 mor-

223 1781 330 1824 tem
356 1771 524 1826 hostis
547 1771 772 1826 callidus
797 1773 1114 1838 introduxit,
1139 1790 1236 1843 per
1260 1777 1506 1829 eumdem
1535 1778 1808 1830 tramitem
1839 1785 1885 1843 Β

222 1865 550 1936 Redemptor
597 1877 782 1922 noster
829 1869 1108 1924 redeuntis
1137 1871 1262 1923 vitae
1305 1869 1596 1939 primordia
1641 1871 1811 1924 refor-

223 1956 706 2029 mavitzquatenus
733 1967 785 2012 et
810 1958 1107 2022 diabolmn,
1132 1961 1223 2030 qui
1251 1961 1304 2014 in
1329 1961 1540 2014 ruinam
1571 1971 1810 2016 nostram

227 2045 438 2102 locutus
459 2047 654 2112 fuerat,
696 2046 918 2116 jamjam
951 2059 1132 2104 tacere
1162 2051 1526 2121 compelleret,
1561 2061 1615 2106 et
1647 2053 1812 2106 Evam

227 2150 257 2190 δ
307 2136 548 2193 febribus
595 2141 880 2193 mstuautis
926 2141 1382 2210 concupiscentiae
1437 2143 1731 2208 liberaret;
1784 2158 1813 2196 a

225 2227 346 2282 viro
367 2243 472 2283 non
509 2221 677 2284 modo
698 2229 904 2298 lepram
935 2229 1188 2283 vitiorqu
1217 2233 1594 2302 scelermnquc
1631 2235 1811 2288 deter-

225 2333 396 2393 geret,
439 2321 532 2376 sed
577 2321 825 2376 eumdem
851 2337 1068 2392 quoque
1091 2335 1314 2377 eatenus
1349 2325 1706 2394 paralyticutn
1750 2327 1816 2379 ad

225 2412 528 2467 exercenda
561 2412 780 2480 pietatis
805 2427 970 2480 Opera
1003 2414 1236 2468 validum
1291 2415 1626 2486 liberunupie
1673 2419 1812 2472 laxa-

226 2511 332 2558 ret.
364 2501 520 2558 Sicut
539 2515 670 2573 ergo
702 2503 755 2557 in
791 2503 897 2558 iliis
931 2503 1242 2560 hominibus
1267 2515 1436 2559 totum
1465 2509 1626 2576 periit
1653 2525 1821 2577 genus

231 2595 550 2658 humanum,
581 2595 661 2650 sic
688 2593 742 2649 in
773 2595 892 2651 istis
928 2613 957 2650 a
1005 2597 1284 2652 Salvatorc
1323 2601 1528 2654 curatis
1557 2609 1637 2654 est
1668 2615 1824 2669 supc-

229 2685 394 2739 rioris
443 2685 628 2756 figurae
680 2687 942 2756 mysterio
985 2685 1144 2741 saluti
1191 2689 1438 2757 pristina:
1488 2689 1818 2743 restitutum.

229 2778 290 2832 In
319 2777 556 2848 capitulo
583 2777 748 2846 igitur
771 2779 1042 2850 Evangelii
1093 2781 1250 2850 hujus
1294 2779 1414 2834 libri
1446 2781 1716 2836 studiosus
1747 2783 1822 2836 le-

231 2875 355 2924 ctor
381 2868 644 2932 addiscat,
674 2870 951 2938 sequentis
977 2869 1099 2940 styli
1134 2871 1304 2924 series
1333 2887 1494 2940 quam
1526 2871 1821 2940 profunda,

234 2973 398 3028 quam
431 2959 654 3031 mySIica
700 2961 1088 3015 charismatum
1137 2973 1475 3016 sacramenta
1527 2965 1822 3018 contineat.

235 3045 348 3102 Nec
373 3049 589 3114 mirurn,
617 3063 738 3103 cum
767 3049 902 3103 liber
927 3049 1014 3103 ille
1043 3065 1146 3104 non
1179 3051 1301 3119 plus
1330 3050 1494 3104 Marci
1537 3067 1696 3120 quam
1729 3053 1825 3106 Pc-

239 3139 311 3192 tri
338 3139 684 3208 perhibeatur
711 3139 978 3207 apostoli;
1009 3141 1266 3210 quidquid
1289 3143 1431 3196 enim
1459 3143 1561 3197 iste
1585 3144 1822 3212 scripsit,
1853 3130 1898 3192 C

237 3246 304 3285 ex
333 3245 427 3286 ore
453 3229 595 3286 beati
627 3233 872 3302 magistri
903 3232 1150 3296 callidus,
1185 3243 1242 3287 ιιι
1267 3233 1337 3288 ita
1370 3235 1618 3302 dixerim,
1645 3237 1830 3306 explo-

241 3331 394 3378 rator
419 3321 644 3377 audivit.

704 3430 766 3469 ll.
807 3429 860 3468 IN
899 3429 1079 3470 Ευυειι
1121 3431 1380 3470 ΒΕΚἊΟΝΕ.

670 3525 818 3598 (Ed.
854 3537 984 3580 tom.
1015 3526 1100 3592 II,
1125 3545 1248 3598 pag.
1273 3527 1404 3598 66.)

317 3619 392 3674 De
418 3635 478 3676 eo
503 3621 642 3690 quod
673 3619 886 3673 Marcus
927 3621 980 3690 in
1008 3621 1320 3690 quibusdam
1351 3621 1517 3675 verbis
1545 3623 1610 3676 ab
1641 3621 1760 3678 aliis

433 3689 690 3756 dissonal,
717 3692 807 3744 sed
832 3689 1094 3743 intellectu
1121 3691 1385 3760 spirituali
1415 3705 1686 3746 consonat.

319 3779 491 3835 Porro
527 3791 706 3834 autem
749 3779 1006 3834 nonnulla
1049 3781 1412 3850 reperiuntur,
1439 3797 1560 3852 quas
1596 3783 1673 3837 sic
1710 3793 1836 3839 sunt

247 3885 282 3924 a
321 3871 482 3926 beato
526 3870 710 3924 Marco
734 3870 964 3940 digesta,
1002 3879 1060 3923 ut
1103 3871 1327 3942 reliquis
1364 3874 1712 3943 evangelistis
1751 3877 1836 3930 vi-

247 3963 480 4019 deantur
528 3978 648 4018 esse
702 3963 998 4017 contraria.
1061 3961 1190 4028 Qua:
1251 3971 1428 4017 tamen
1491 3965 1536 4019 si
1591 3966 1837 4036 sagacius

246 4063 681 4123 perscrutentnr,
721 4061 772 4106 et
807 4051 1020 4106 caeteris
1054 4067 1326 4118 consona,
1364 4063 1420 4108 et
1454 4053 1838 4112 sincerissima:

247 4143 374 4198 ﬁdei
413 4145 760 4214 reperiuntur
791 4143 1019 4198 veritate
1053 4143 1300 4198 fundata.
1350 4143 1504 4199 Sicut
1540 4155 1655 4213 est,
1695 4149 1838 4218 quod

249 4235 434 4288 caeteri
471 4235 602 4289 hora
638 4243 813 4300 sexta,
849 4235 938 4290 hic
971 4235 1166 4290 asserit
1203 4236 1336 4292 hora
1371 4237 1526 4292 tertia
1551 4239 1838 4296 Dominum

249 4325 604 4390 crucifixum;
649 4339 771 4396 qua:
819 4325 1062 4394 profecto
1103 4327 1391 4383 diversitas
1445 4329 1518 4384 ita
1543 4331 1837 4398 dirimitur,

253 4423 315 4468 ut
345 4417 600 4484 quoniam
637 4419 770 4472 hora
803 4419 958 4472 tertia
1001 4419 1312 4473 tutnultuati
1347 4432 1478 4476 sunt
1513 4439 1528 4477 :
1571 4423 1838 4494 cruciﬁge,

253 4509 527 4580 cruci/Ege,
572 4511 764 4566 eadem
800 4511 932 4566 hora
961 4513 1252 4568 Dominum
1295 4515 1474 4588 lingua
1507 4517 1841 4574 cruciﬁxcrit

251 4597 601 4668 Judteorum,
661 4617 820 4671 quem
879 4603 1012 4657 hora
1066 4605 1234 4671 {sexta
1296 4608 1650 4675 corporaliter
1705 4611 1844 4666 clavi

253 4693 529 4750 confixere
571 4695 874 4765 gentilium.
934 4695 1014 4748 illi
1059 4695 1241 4765 itaque
1278 4697 1435 4767 juxta
1483 4701 1840 4770 corporalem,

253 4791 320 4838 ut
356 4785 425 4838 ita
468 4785 681 4855 loquar,
725 4785 800 4839 rei
842 4793 1006 4856 gestae
1050 4786 1349 4854 loquuntur
1391 4789 1699 4855 hiStoriam,
1743 4793 1844 4848 istc

253 4875 594 4944 spiritualem
621 4875 840 4946 protulit
860 4875 927 4929 de
959 4874 1162 4930 furiosa
1187 4875 1496 4932 Judtcorum
1525 4881 1844 4937 crudelitate

255 4967 606 5021 sententiam.
642 4967 718 5024 llli
753 4969 1014 5036 praeterea
1051 4965 1292 5022 referunt
1321 4981 1445 5024 ante
1467 4971 1593 5042 galli
1627 4985 1844 5028 cantum

259 5065 346 5108 ter
379 5071 407 5108 a
429 5055 592 5110 Petro
615 5055 897 5110 Dominum
933 5053 1100 5112 fuisse
1141 5067 1392 5128 negatum
1421 5075 1435 5124 ;
1484 5061 1582 5116 istc
1616 5064 1706 5132 qui
1745 5065 1849 5120 hoc

255 5161 329 5202 ex
369 5163 466 5201 ore
507 5147 712 5203 scilicet
755 5149 920 5218 ipsius
959 5149 1209 5220 negantis
1245 5151 1488 5216 audivit,
1545 5169 1650 5207 non
1693 5165 1849 5210 ante-

257 5253 427 5306 quam
470 5239 643 5308 gallus
683 5249 948 5308 cantaret,
991 5241 1086 5296 sed
1127 5248 1416 5310 antequam
1456 5241 1538 5296 bis
1577 5253 1842 5308 c:mtaret,

261 5331 608 5398 negationem
634 5331 772 5386 hanc
795 5331 993 5386 factam
1029 5345 1150 5388 esse
1177 5332 1510 5402 perscripsit.
1545 5333 1696 5400 Quoi
1719 5352 1848 5404 pro-

259 5419 406 5474 fecto
428 5421 582 5491 juxta
613 5421 770 5477 fidem
802 5425 878 5478 rei
903 5425 1169 5479 veraciter
1194 5423 1505 5494 contigisse,
1535 5427 1674 5480 sicut
1703 5425 1844 5482 Mar-

261 5525 364 5566 cus
398 5515 624 5578 asserit,
673 5513 1038 5570 indubitanter
1085 5515 1412 5586 agnoscitur.
1463 5518 1614 5584 Quod
1664 5534 1842 5576 autem

344 5627 458 5704 ($5)
503 5627 584 5681 Ad
616 5626 908 5704 llonestu‘m
941 5629 1528 5704 inon:_t_eliuni_epistola
1562 5651 1660 5704 seu
1714 5653 1848 5704 opu-

269 5698 480 5752 sculum
509 5707 686 5754 exstat
717 5697 768 5752 in
798 5699 880 5754 ed.
919 5707 1044 5751 uno.
1073 5697 1154 5761 ΙΙΙ,
1179 5715 1228 5766 p.
1259 5697 1381 5766 577,
1415 5707 1505 5758 scd
1539 5701 1606 5760 ibi
1643 5707 1726 5760 hic
1751 5697 1854 5762 Ῥε-

1901 685 2042 738 niam
2076 685 2128 738 in
2155 683 2454 753 Scripturis
2485 701 2610 754 pars
2637 685 2774 740 solet
2801 687 2924 756 poni
2955 703 3052 756 pro
3085 697 3220 752 toto,
3259 690 3310 742 id
3341 690 3486 759 quod

1900 789 1998 845 per
2027 774 2336 830 Matthaaum
2367 775 2566 830 dicitur
2590 791 2604 828 :
2631 775 2918 846 Antequam
2962 777 3134 846 gallus
3173 788 3366 844 cantet,
3409 788 3489 834 ter

1903 883 1984 920 me
2015 867 2247 936 negabis,
2283 867 2360 921 sic
2391 867 2722 938 intelligatur
2751 875 3004 934 tanquam
3036 869 3261 934 diceret,
3294 877 3376 923 ter
3404 885 3492 926 me

1902 965 2232 1024 negaturus,
2288 966 2576 1026 antequam
2627 957 2799 1027 gallus
2845 966 3022 1011 cantet
3084 959 3336 1027 incipies,
3393 960 3490 1016 sed

1904 1041 2150 1097 eamdem
2203 1043 2566 1112 negationem,
2615 1053 2900 1112 postquam
2949 1043 3118 1098 semel
3167 1047 3490 1110 cantavcrit,

1904 1146 2198 1206 antequam
2240 1148 2462 1192 cantare
2501 1139 2584 1192 his
2629 1138 2864 1206 adjiciat,
2925 1140 3344 1194 consummabis.
3399 1139 3493 1194 Sic

1907 1229 2094 1295 itaque
2123 1239 2174 1281 et
2205 1227 2346 1296 quod
2377 1227 2590 1280 Marcus
2620 1229 2689 1280 ait
2726 1245 2740 1283 :
2771 1226 3090 1298 Priusquam
3117 1229 3288 1298 gallus
3320 1239 3492 1284 cantet

1910 1318 2010 1382 bis,
2035 1327 2090 1370 ct
2112 1319 2254 1384 quod
2289 1319 2376 1370 alii
2411 1320 2597 1370 dicunt
2627 1337 2639 1370 :
2665 1319 2953 1388 Antequam
2987 1320 3158 1388 gailus
3191 1331 3380 1383 cantet,
3415 1331 3498 1377 ter

1909 1427 1990 1463 me
2019 1409 2250 1479 negabis,
2291 1409 2419 1462 licet
2457 1407 2637 1461 verbis
2665 1407 2953 1460 videantur
2996 1411 3354 1468 exterioribus
3381 1411 3494 1462 dis-

1911 1515 2125 1562 sonare,
2150 1497 2634 1570 congruentiSsima
2667 1499 3010 1567 reperiuntur
3038 1498 3335 1552 intentione
3359 1513 3492 1553 con-

1913 1603 2127 1660 grnere.

2541 1679 2632 1732 EX
2672 1677 2871 1732 LUCA.

2305 1785 2568 1825 CAPITCLA
2607 1785 2880 1823 SECUNDUH
2921 1786 3114 1824 ιυεΑιι.

1915 1866 1966 1919 1.
2013 1865 2164 1931 Quod
2207 1863 2376 1916 Lucas
2419 1861 2562 1916 solus
2603 1863 2740 1931 inter
2781 1871 2990 1914 ra'teros
3027 1861 3368 1926 eaangelistas
3395 1859 3502 1915 tria

1985 1929 2188 1989 cantica
2216 1933 2496 1986 describat.
2517 1961 2588 1972 —-
2609 1933 2662 1984 ‘2.
2695 1929 2830 1982 Ecce
2853 1931 3012 1991 enim,
3039 1940 3093 1982 ut
3133 1932 3275 1998 facta
3297 1941 3370 1984 est
3399 1945 3502 1984 v0.1:

1983 2005 2320 2060 salutationis
2381 2013 2486 2056 tua:
2547 2002 2601 2054 in
2643 2001 2856 2054 auribus
2921 2000 3068 2060 meis,
3129 2000 3408 2054 exsultavit
3446 2001 3504 2054 in

1986 2077 2178 2142 gaudio
2224 2073 2399 2142 infans
2451 2073 2504 2124 in
2555 2081 2713 2142 utero
2752 2085 2884 2142 tneo.
2929 2069 3327 2142 —5._Reversi
3383 2079 3506 2142 sunt

1985 2133 2161 2199 'autem
2205 2133 2352 2198 uim
2392 2157 2511 2195 cum
2553 2141 2748 2210 gaudio
2788 2139 3055 2193 dicentes:
3080 2139 3320 2204 Domine,
3345 2141 3506 2192 etiam

1988 2216 2250 2268 tia-monia
2309 2212 2665 2280 subjiciuntur
2727 2211 2872 2280 nobis
2939 2211 2994 2262 in
3035 2212 3242 2263 nomine
3285 2221 3397 2262 tuo.
3435 2237 3508 2250 -—-

1989 2285 2042 2338 4.
2105 2283 2178 2336 De
2219 2299 2278 2334 eo
2321 2278 2494 2350 quod,
2525 2281 2738 2334 docente
2778 2278 3030 2350 Domino,
3068 2281 3344 2350 nuntiatur
3381 2281 3508 2346 quia

1992 2353 2200 2406 Pilatus
2230 2348 2574 2404 Galilworum
2601 2348 2908 2417 sanguinem
2949 2366 3067 2401 cum
3099 2349 3374 2416 sacriﬁciis
3405 2352 3508 2402 imo

1991 2423 2280 2475 miscuerit.

2041 2549 2080 2586 ι.
2124 2547 2174 2584 tu
2217 2545 2470 2586 EPISTOLA
2512 2546 2577 2582 Αι)
2617 2544 2898 2584 tramissum
2939 2543 3224 2584 uouscncu
3265 2530 3402 2600 (55).

1995 2623 2192 2677 Beatus
2235 2619 2452 2684 Lucas,
2497 2621 2588 2689 qui
2637 2621 2788 2674 vituli
2837 2622 3073 2689 speciem
3133 2629 3508 2690 repraesentat,

1924 2713 2052 2781 quia
2101 2711 2352 2766 videlicet
2399 2711 2601 2766 vitulus
2651 2712 2702 2764 in
2742 2711 3070 2765 sacrificium
3117 2713 3345 2766 mactari
3377 2729 3510 2767 con-

1927 2810 2163 2864 suescat,
2217 2799 2362 2854 solus
2409 2799 2551 2854 inter
2598 2809 2826 2854 caeteros
2867 2799 3229 2870 evangelistas
3279 2802 3381 2854 tria
3421 2801 3514 2854 dc-

1927 2891 2167 2944 scribere
2202 2890 2414 2944 cantica
2463 2889 2759 2958 reperitur;
2811 2889 3043 2958 primum
3083 2889 3380 2956 Zachariae,
3427 2906 3515 2946 se—

1929 2973 2163 3033 cundum
2211 2977 2410 3045 Mariae,
2465 2979 2680 3032 tertium
2735 2976 3035 3042 Simeonis;
3078 2989 3132 3034 et
3179 2996 3302 3036 cum
3342 2979 3520 3036 nullus

1929 3071 2382 3144 cvangelistarum
2424 3071 2562 3124 alius
2609 3074 2826 3142 proprio
2871 3073 3012 3144 stylo
3059 3075 3334 3128 canticum
3378 3074 3522 3128 inse-

1933 3165 2126 3230 ruerit,
2177 3165 2278 3218 iste
2316 3165 2597 3227 duntaxat,
2629 3165 2719 3233 qui
2763 3165 2992 3218 formam
3027 3166 3077 3219 in
3121 3183 3179 3220 se
3211 3166 3396 3237 legalis
3425 3167 3522 3220 lto—

1933 3255 2048 3310 stite
2077 3255 2225 3308 solus
2249 3254 2524 3322 exprimit,
2555 3255 2764 3306 cantica
2791 3255 3001 3308 diversa
3029 3257 3314 3320 describit;
3346 3257 3524 3325 primo

1934 3346 2153 3418 quidem
2187 3345 2506 3410 sacerdotis,
2540 3341 2744 3398 deinde’
2765 3345 3020 3414 Virginis,
3070 3359 3344 3415 postremo
3385 3349 3522 3418 justi

1869 3453 1878 3460 ·
1933 3436 2108 3500 senis;
2141 3444 2198 3488 ut
2227 3450 2324 3503 per
2351 3436 2450 3488 hoc
2485 3435 2804 3488 ostendatur
2828 3435 3082 3504 quoniam
3125 3437 3195 3489 illi
3223 3453 3332 3506 pra:
3357 3447 3522 3492 taete-

1935 3525 2011 3580 ris
2045 3525 2100 3578 in
2140 3525 2460 3580 excellentia
2490 3524 2718 3578 canendi
2756 3526 2985 3580 debetur
3027 3527 3260 3580 oliicium
3293 3529 3381 3596 qui
3433 3543 3524 3584 sc-

1935 3621 2226 3690 metipsum
2263 3619 2374 3687 jam
2417 3619 2526 3672 Deo
2563 3620 2830 3674 veraciter
2879 3621 3076 3676 obtulit
3125 3621 3524 3678 holocansmm.

1935 3711 2108 3766 Canat
2148 3727 2278 3782 ergo
2315 3711 2493 3766 siccus
2533 3720 2587 3765 et
2625 3711 2840 3775 aridus,
2885 3727 2988 3766 non
3029 3713 3118 3781 qui
3153 3714 3364 3768 deliciis
3406 3713 3527 3770 fluit

1937 3807 2224 3860 humectus
2259 3811 2314 3856 et
2343 3803 2554 3856 uvidus.
2589 3803 2730 3888 Ovis
2763 3803 2926 3872 plane
2953 3805 3140 3859 vivens
3167 3806 3329 3870 halat,
3375 3823 3530 3861 mor-

1939 3905 2030 3952 tua
2071 3905 2288 3961 cantat;
2329 3894 2479 3950 arida
2527 3893 2731 3949 chorda
2786 3896 3014 3961 clarum,
3069 3897 3284 3952 humida
3335 3913 3528 3952 sonum

1939 3986 2116 4042 reddit
2158 3988 2431 4042 obtusum.
2474 3985 2783 4042 Cavendum
2827 3997 2910 4040 est
2941 4004 3068 4058 ergo
3099 3989 3166 4043 de
3205 3990 3402 4044 sacculo
3433 4003 3528 4044 vc—

1941 4076 2242 4138 nientibus.
2308 4085 2364 4130 et
2412 4076 2728 4132 terribiliter
2779 4075 3221 4140 formidamlum,
3281 4095 3348 4134 nc
3401 4081 3527 4136 dum

1941 4167 2227 4220 mundana:
2255 4167 2685 4220 conversationis
2733 4166 2956 4234 laqueos
3001 4168 3232 4238 fugiunt,
3275 4169 3453 4224 mollis
3476 4179 3532 4224 et

1939 4255 2100 4310 ﬂuxa:
2147 4257 2272 4312 vita:
2315 4259 2548 4312 nexibus
2597 4257 2835 4312 deterius
2875 4259 3242 4324 innectautnr,
3294 4261 3385 4330 qui
3429 4262 3532 4318 etsi

1942 4348 2052 4402 Dco
2083 4349 2207 4403 boni
2245 4348 2446 4418 aliquid
2477 4349 2728 4414 olferant,
2761 4349 3128 4405 sacrificantis
3168 4353 3374 4410 oblatio
3421 4369 3530 4408 non

1944 4439 2256 4510 suscipitur,
2309 4439 2410 4494 nisi
2462 4450 2519 4494 et
2563 4441 2610 4494 is
2649 4441 2739 4510 qui
2767 4439 2944 4504 elicit,
2975 4442 3316 4512 quibusdam,
3355 4455 3414 4497 ut
3458 4445 3532 4498 ita

1945 4528 2159 4598 loquar,
2185 4527 2492 4582 devotionis
2523 4543 2632 4584 sua:
2660 4531 2908 4584 manibus
2955 4529 3235 4584 olferatur.
3287 4532 3422 4586 llinc
3448 4539 3536 4588 est

1943 4621 2085 4688 quod
2113 4620 2246 4674 Cain
2277 4621 2509 4674 inaniter
2537 4619 2820 4686 oderebat,
2850 4621 2976 4692 quia
3011 4623 3359 4692 semetipsum
3383 4625 3536 4694 prius

1943 4710 2076 4764 oll‘cr
2086 4725 2143 4764 re
2180 4709 2512 4778 neglexerat.

1943 4813 2002 4851 ll.
2029 4813 2076 4850 IN
2099 4813 2336 4851 SERIONE
2356 4813 2420 4850 Dii
2441 4813 2770 4852 NA'I'IVITATE
2793 4815 2979 4854 SANCTI
2999 4814 3211 4854 JOANNIS
3231 4816 3531 4858 ΒΔΡΤΙετιΕ.

2369 4889 2510 4956 (Ed.
2539 4899 2664 4942 tom.
2695 4889 2778 4953 II,
2810 4908 2930 4960 pag.
2963 4890 3113 4964 35$.)

2027 4978 2185 5041 Ecce,
2239 4977 2414 5048 inquit
2469 4979 2776 5046 Elisabeth,
2829 4993 2884 5036 ut
2932 4982 3073 5052 facta
3123 4994 3197 5038 est
3248 5001 3348 5040 eos:
3391 4986 3538 5041 salu-

1953 5069 2162 5123 tationis
2222 5081 2326 5124 tua:
2381 5072 2434 5124 in
2491 5071 2706 5126 auribus
2755 5074 2918 5138 meis,
2971 5074 3250 5130 exsultavit
3303 5077 3358 5131 in
3409 5095 3542 5148 gau-

1953 5158 2040 5210 dio
2099 5157 2274 5228 infans
2317 5159 2370 5213 in
2429 5173 2575 5216 utero
2628 5179 2760 5216 meo.
2821 5163 3054 5233 Spiritus
3104 5168 3247 5222 enim
3295 5178 3538 5238 sanctus,

1954 5251 2044 5318 qui
2078 5253 2200 5304 eum
2232 5263 2522 5322 antequam
2557 5255 2744 5309 vitales
2774 5272 2934 5310 auras
2964 5269 3211 5326 carperet
3255 5260 3533 5324 animavit,

1963 5341 2134 5409 ipsum
2180 5358 2394 5414 quoque
2432 5347 2662 5402 materni
2704 5347 2924 5417 pudoris
2971 5350 3295 5422 hospitium,
3341 5353 3392 5406 in
3431 5367 3540 5422 quo

1961 5433 2186 5504 degebat
2219 5437 2479 5506 implevit,
2510 5439 2651 5494 unde
2686 5453 2807 5494 cum
2846 5441 3072 5496 ncrdum
3103 5454 3278 5511 posset
3311 5445 3540 5500 homini-

1955 5524 2056 5580 bus
2087 5529 2248 5582 verba
2285 5530 2622 5600 depromere,
2648 5531 2822 5601 potuit
2847 5532 3166 5588 exsultando
3200 5535 3452 5592 latentem
3485 5537 3542 5592 in

1957 5640 2022 5722 tri
2066 5649 2277 5722 tractus
2309 5660 2416 5699 non
2453 5645 2670 5722 legitur,
2705 5661 3014 5722 quanquam
3053 5649 3218 5719 hujus
3249 5667 3542 5722 argiunen-

1965 5717 2074 5764 tum
2111 5713 2178 5767 ab
2207 5713 2348 5770 illitis
2378 5713 2618 5786 opusculi
2647 5713 2922 5788 proposiio
2951 5733 3054 5774 non
3087 5713 3364 5778 abhorrc‘t.
