4028 6168
534 322 640 381 899

537 529 694 582 tiare.
726 498 829 577 Ubi
857 515 1204 589 qumrendum
1235 522 1318 566 est
1339 508 1608 580 quomodo
1638 503 1754 559 ﬁeri
1782 500 1957 571 potuit
1987 508 2047 552 ut
2070 498 2123 550 iu

538 633 662 673 eum
687 613 918 685 Spiritus
940 616 1159 663 sanctus
1179 620 1274 658 sua
1299 604 1435 657 dona
1459 598 1804 658 diﬁ'underet,
1830 607 1951 646 cum
1971 588 2124 658 juxta

542 679 1082 763 ritum'conditionis
1127 697 1377 751 humana:
1422 690 1599 743 adhuc
1653 687 1707 740 in
1757 679 2127 751 iniquitatibus

540 804 830 864 conceptus
877 791 1150 847 existeret,
1181 795 1258 840 ~et
1310 782 1541 837 necdum
1589 775 1868 848 originalis
1921 771 2124 843 peccati

542 887 815 944 vinculum
842 891 1091 953 percepta
1122 877 1307 947 legalis
1334 871 1693 929 observantia:
1720 864 2129 921 circumcisione

540 951 977 1038 scivissem—cum
1018 986 1115 1041 per
1153 967 1372 1033 Moysen
1417 962 1594 1015 divina
1638 974 1742 1011 vox
1788 957 1972 1010 dicat:
2007 951 2127 1005 Ma-

542 1069 741 1132 sculus,
792 1066 941 1135 cujus
985 1060 1227 1133 pra'putii
1275 1074 1397 1110 caro
1443 1052 1754 1107 circumcisa
1802 1064 1904 1101 non
1952 1043 2128 1114 fuen't,

543 1159 726 1226 peribit
768 1157 943 1209 anima
976 1151 1066 1205 illa
1093 1151 1155 1203 de
1188 1146 1379 1218 populo
1412 1161 1527 1205 suo,
1566 1142 1689 1211 quia
1717 1149 1927 1209 pactum
1962 1150 2129 1188 meum

543 1251 751 1305 irritum
782 1247 923 1315 fecit.
954 1243 1060 1298 Sed
1103 1239 1395 1294 notandum
1428 1245 1511 1288 est
1538 1234 1662 1303 quia
1692 1230 1924 1299 Spiritus
1958 1227 2130 1279 sancti

550 1341 723 1412 gratia
753 1339 867 1405 lege
912 1352 1018 1390 non
1064 1332 1370 1400 stringitur,
1401 1322 1744 1380 necessitatis
1782 1317 1997 1371 vincdlo
2029 1330 2133 1369 nou

548 1404 912 1487 leuetur-{sed
943 1426 1081 1474 sicut
1112 1419 1197 1470 ubi
1225 1415 1328 1470 vult
1374 1414 1558 1483 spirat,
1603 1411 1682 1464 sic
1722 1419 1777 1463 et
1802 1408 1997 1475 quibus
2026 1404 2136 1457 vult

550 1517 717 1585 gratis
742 1530 839 1568 sua
866 1515 1003 1565 dona
1030 1510 1327 1576 dispensat.
1366 1504 1498 1557 Nam
1527 1512 1581 1555 et
1611 1498 1917 1554 Cornelium
1946 1508 2132 1548 centu-

552 1608 783 1667 rionem,
813 1612 1101 1670 antequam
1134 1595 1385 1666 baptismi
1410 1593 1706 1661 susciperet
1732 1589 2023 1649 lavacrum,
2051 1585 2136 1638 in—

548 1696 810 1764 spiravit,
859 1701 914 1745 et
961 1692 1013 1741 in
1064 1688 1323 1757 quasdam
1368 1684 1542 1736 adhuc
1588 1679 1834 1749 gentiles,
1886 1677 2134 1744 loquente

1302 303 1528 362 ADDIT.
1569 301 1660 356 AD
1696 296 1858 353 ΤΟΜ.
1902 295 1966 351 Ill
2005 292 2155 351 OPP.
2194 289 2252 346 S.
2289 286 2493 344 PETRI
2532 281 2831 340 DAMIANI.

536 444 692 490 utero
718 427 945 500 virginis
973 437 1151 493 regem
1190 417 1309 475 ωδιί
1349 414 1609 472 maternis
1642 409 1939 465 visceribus
1980 421 2121 459 nun-
2155 455 2158 464 ,

2251 414 2417 453 remus
2460 395 2778 465 intelligere,
2813 390 2905 461 qui
2947 400 3170 459 paratus
3199 397 3285 443 est
3316 403 3527 457 semper
3573 388 3860 443 homines

2225 490 2578 545 oﬁ'ensionmn
2617 487 2813 540 ictibus
2843 482 3167 536 verberare?
3210 480 3360 535 Unde
3387 490 3440 534 et
3482 482 3704 549 virgam
3757 496 3857 535 sa-

2226 599 2322 653 per
2344 584 2598 637 humeros
2624 577 2899 631 hominum
2923 586 3112 629 tenere
3135 574 3334 628 dicitur
3357 590 3450 643 per
3471 575 3855 644 prephelam,

2236 670 2471 739 Virgam,
2519 668 2711 736 inquit,
2759 667 2963 719 humeri
2992 665 3106 734 ejus
3150 666 3429 733 superasti,
3459 666 3594 717 sicut
3640 667 3707 719 in
3756 665 3853 718 die

2230 760 2472 814 Madian.
2505 758 2645 825 Quid
2687 772 2817 811 vero
2848 760 3088 824 sanguis,
3119 756 3220 809 nisi
3254 756 3507 825 peccata?
3552 756 3691 824 quid
3750 772 3850 810 sa-

2230 852 2465 911 criﬁcia,
2504 850 2605 903 nisi
2648 858 2823 903 rectas
2861 857 2915 901 et
2960 846 3320 916 acceptabiles
3364 845 3475 899 Deo
3516 848 3851 915 signiﬁcant

2230 943 2508 998 actiones?
2556 941 2757 994 Pilatus
2803 954 2934 1009 ergo
2977 939 3320 993 Galilzeorum
3351 940 3673 1008 sanguinem
3708 955 3845 991 cum

2231 1032 2513 1090 sacriﬁciis
2542 1031 2774 1091 miscuit,
2816 1029 2940 1097 quia
2969 1029 3236 1098 malignus
3270 1028 3494 1096 spiritus
3516 1026 3600 1080 vel
3628 1028 3846 1080 oratio-

2233 1137 2330 1175 nes
2360 1130 2571 1173 nostras
2602 1117 2783 1187 pravis
2826 1116 3245 1185 cegitationibus
3289 1114 3498 1182 polluit,
3532 1114 3618 1167 vel
3662 1130 3842 1182 opera

2234 1214 2370 1267 bona
2400 1211 2606 1280 peccati
2644 1207 2933 1276 cujuslibet
2977 1207 3389 1260 attaminatione
3417 1207 3744 1279 corrumpit,
3781 1213 3840 1259 ut

2236 1304 2454 1371 sanguis
2478 1300 2800 1355 sacriﬁcium
2826 1298 3048 1367 polluat,
3076 1298 3201 1350 dum
3230 1306 3413 1349 reatus
3431 1296 3657 1350 ollensio
3680 1296 3841 1349 obla-

2240 1403 2345 1445 tam
2380 1392 2488 1445 Deo
2537 1391 2669 1444 recti
2715 1389 2896 1457 operis
2928 1388 3203 1440 victimam
3256 1385 3442 1438 ﬁndat.
3493 1384 3646 1440 Unde
3686 1388 3835 1438 scri-

2237 1493 2386 1551 ptum
2431 1492 2534 1546 est,
2585 1482 2709 1550 quia
2755 1495 2878 1533 cum
2920 1479 3191 1531 Abraham
3242 1478 3349 1531 Deo
3396 1477 3727 1529 sacriﬁcium
3767 1478 3837 1529 de

2239 1574 2523 1642 pecoribus
2568 1587 2632 1625 ac
2677 1570 2988 1624 volucribus
3016 1569 3242 1622 devotus
3272 1567 3520 1628 otl‘erret,
3550 1566 3839 1617 descende-

2242 1676 2360 1719 runt
2408 1665 2636 1718 volucres
2682 1678 2839 1732 super
2886 1660 3165 1722 cadavera,
3205 1668 3249 1711 et
3279 1655 3513 1726 abigebat
3540 1673 3627 1709 cas
3660 1657 3839 1706 Abre-

549 1747 737 1848 Pletro,
770 1797 875 1836 non
909 1747 1103 1838 solum:
1134 1786 1190 1829 ut
1212 1775 1489 1841 Scriptura
1514 1747 1763 1829 testatur,
1796 1765 2012 1825 cecidit,
2045 1761 2137 1815 sed
2169 1759 2213 1817 Β
2241 1763 2381 1813 ham.
2414 1759 2551 1827 Quid
2594 1758 2737 1811 enim
2778 1756 3087 1823 exprimunt
3124 1751 3385 1814 volucres,
3418 1750 3519 1802 nrsi
3565 1747 3835 1817 malignus

548 1876 715 1931 etiam
759 1880 818 1924 ut
865 1861 1060 1938 linguis
1108 1868 1476 1934 loquerentur,
1510 1860 1784 1913 instruxit.
1829 1855 1966 1921 Quid
2010 1868 2137 1922 ergo

556 1965 785 2025 mirum,
838 1960 881 2012 si
932 1959 1146 2011 beatum
1191 1952 1453 2006 Joannem
1500 1960 1622 2002 ante
1669 1946 1855 2017 legalis
1900 1943 2139 1997 mandati

552 2050 907 2120 quodcunque
970 2043 1261 2098 remedium
1307 2041 1537 2109 Spiritus
1596 2047 1813 2090 sanctus
1869 2032 2137 2101 implevit,

555 2154 715 2210 quem
746 2138 913 2207 ipsius
945 2134 1077 2204 legis
1117 2143 1171 2187 et
1200 2131 1583 2201 prOphetarutn
1634 2141 1698 2180 ac
1740 2125 1902 2179 totius
1948 2123 2143 2175 veteris

557 2228 850 2283 testimonii
893 2225 1116 2279 limitem
1163 2221 1452 2291 quemdam
1496 2228 1677 2287 atque,
1711 2226 1770 2269 ut
1812 2216 1885 2269 ita
1931 2214 2140 2281 loquar,

555 2314 1050 2372 intransmeabilem
1097 2312 1385 2365 terminum
1416 2306 1753 2376 previdentia
1796 2304 1977 2357 divina
2016 2316 2143 2357 con-

554 2410 766 2465 stituit?
807 2406 915 2459 Lex
944 2405 1088 2459 enim
1131 2412 1179 2456 et
1224 2401 1505 2471 prop/tene,
1534 2409 1591 2452 ut
1622 2397 1836 2452 Veritas
1862 2396 1955 2458 ait,
1985 2410 2145 2465 usque

552 2503 624 2555 ad
645 2500 924 2554 Joannem.
953 2496 1192 2550 Joannes
1214 2494 1357 2547 enim
1384 2491 1485 2554 iste
1514 2505 1636 2544 cum
1658 2487 1887 2546 Domino
1914 2487 2143 2543 circum-

554 2592 760 2647 cisione
803 2605 909 2644 non
951 2587 1116 2657 eguit,
1164 2583 1256 2638 sed
1283 2598 1407 2637 eum
1438 2596 1599 2650 supra
1628 2578 1821 2649 legent,
1853 2592 2016 2647 supra
2049 2576 2146 2628 hu-

555 2696 732 2737 mana:
779 2676 1104 2733 conditionis
1135 2673 1381 2731 ordinent
1424 2670 1617 2724 electio
1652 2667 1831 2721 divina
1878 2665 2143 2736 provexit.

556 2772 653 2827 Cui
684 2772 847 2825 etiam
894 2767 1029 2823 tanti
1074 2766 1294 2820 honoris
1322 2763 1515 2818 collata
1553 2770 1635 2815 est
1665 2760 1832 2827 gloria
1866 2769 1925 2811 ut
1954 2758 2147 2814 nativi-

556 2864 654 2918 tati
684 2862 799 2930 ejus
823 2862 936 2931 ipsa
965 2860 1058 2912 Dei
1084 2857 1332 2912 Genitrix
1362 2855 1669 2931 interesset,
1698 2852 1919 2921 ejusque
1947 2850 2147 2919 princi-

555 2928 724 3026 pium
746 2928 923 3006 latens
954 2952 1006 3005 in
1045 2960 1200 3003 utero
1230 2947 1413 3001 mundi
1443 2928 1701 3000 Conditor
1726 2960 1820 2997 sua
1860 2943 2145 3011 praecutit)

557 3046 853 3099 dedicaret.
886 3042 1140 3095 Testatur
1186 3041 1287 3093 hoe
1320 3037 1491 3093 Lucas
1521 3035 1849 3104 evangelista
1894 3050 2015 3087 cum
2061 3034 2145 3087 di-

2242 1852 2463 1920 spiritus
2488 1865 2584 1918 per
2612 1864 2737 1902 aera
2766 1846 3085 1901 volitantes?
3108 1840 3376 1896 Volucres
3418 1854 3549 1909 ergo
3584 1856 3614 1891 a
3657 1839 3831 1891 sacri-

2245 1943 2368 1995 ﬁcio
2414 1950 2598 1994 nostro
2631 1937 2960 2007 repellimus,
2994 1950 3114 1988 cum
3146 1946 3367 2001 operum
3414 1937 3717 1982 nostrorum
3752 1927 3833 1978 vi-

2244 2035 2435 2111 ctimas
2462 2050 2490 2085 a
2530 2030 2779 2100 malignis
2808 2028 3087 2111 spiritibus
3115 2041 3206 2079 eas
3250 2022 3455 2077 fwdare
3501 2020 3832 2074 teutantibus

2243 2125 2463 2194 provide
2488 2123 2840 2177 custodimus.

2829 2210 2920 2266 EX
2957 2208 3239 2265 JOANNE.

2324 2322 2362 2361 Ι.
2401 2322 2454 2360 ιιι
2494 2321 2733 2361 εειιιιοιιιε
2773 2320 2839 2358 DE
2876 2317 3255 2357 EXALTATIONE
3294 2314 3510 2355 SANCTE
3548 2313 3749 2354 CBICIS.

2686 2392 2809 2466 (Ed.
2845 2407 2969 2447 tom.
3001 2391 3047 2454 1,
3079 2408 3199 2461 pag.
3226 2392 3378 2461 215.)

2318 2486 2681 2555 Quadraginta
2719 2495 2765 2537 et
2802 2501 2893 2537 sca:
2927 2484 3080 2537 annis
3106 2476 3435 2550 ist-diﬁcatum
3475 2491 3550 2535 est
3583 2480 3826 2549 templum

2246 2582 2364 2645 hoc,
2388 2592 2433 2634 et
2471 2589 2526 2632 tu
2556 2578 2730 2631 triduo
2762 2577 2894 2630 illud
2930 2576 3255 2645 rewdiﬁcas?
3289 2576 3395 2630 Sex
3427 2588 3618 2643 nempe
3644 2574 3828 2628 diebus

2248 2672 2589 2741 omnipotens
2613 2670 2752 2723 Deus
2780 2669 2957 2723 omnia
2988 2684 3084 2721 sua
3113 2683 3277 2737 opera
3302 2666 3575 2727 condidit,
3595 2673 3651 2719 et
3678 2673 3828 2718 sexto

2248 2761 2335 2815 die
2371 2762 2641 2819 neminem
2684 2758 2749 2812 ad
2791 2774 2944 2812 suam
2992 2758 3279 2824 imaginem
3321 2754 3831 2822 similitudinemque

2250 2851 2522 2906 formavit.
2576 2848 2738 2904 Sexta
2765 2863 2977 2918 quoque
3003 2856 3160 2902 (etate
3186 2845 3389 2908 saeculi,
3422 2844 3589 2897 Filius
3625 2844 3714 2897 Dei
3749 2844 3834 2895 fa-

2253 2933 2372 2997 ctus
2398 2951 2481 2996 est
2509 2936 2650 2995 ﬁlius
2676 2940 2931 3001 hominis,
2969 2946 3029 2992 ut
3061 2953 3158 2991 nos
3189 2935 3507 2991 reformaret
3534 2934 3603 2987 ad
3638 2932 3828 3001 imagi-

2255 3050 2375 3086 nem
2408 3032 2522 3085 Dei.
2564 3030 2730 3085 Sexta
2773 3032 2992 3098 insuper
3021 3028 3153 3081 feria
3195 3028 3309 3096 ipse
3345 3009 3608 3079 Dominus
3644 3037 3833 3093 passus

558 3136 679 3188 cit:
717 3132 910 3186 Mansit
958 3143 1132 3183 autem
1176 3127 1352 3182 Maria
1382 3143 1499 3179 cum
1545 3125 1657 3188 illa,
1691 3123 1935 3178 videlicet
1980 3123 2145 3176 Elisa-
2174 3111 2221 3178 C
2252 3129 2365 3184 est,
2415 3130 2474 3174 ut
2527 3136 2590 3175 ea
2641 3120 2892 3176 nimirum
2944 3119 3030 3172 die
3076 3119 3236 3171 homo
3289 3117 3443 3170 ﬁeret
3492 3112 3610 3181 ejus
3660 3122 3836 3166 ttturte

557 3225 710 3289 belli,
739 3224 891 3294 quasi
924 3222 1183 3275 mensibus
1214 3219 1401 3281 tribus,
1432 3228 1478 3270 et
1510 3233 1712 3269 reversa
1754 3226 1829 3269 est
1859 3216 1913 3271 in
1939 3214 2150 3268 domum

557 3331 732 3369 suam.
766 3314 809 3366 A
852 3311 1204 3379 conceptione
1236 3308 1434 3377 quippe
1464 3306 1673 3361 Domini
1705 3321 1875 3376 usque
1901 3305 1967 3359 ad
2011 3304 2153 3358 nati-

556 3405 777 3460 vitatem
805 3403 944 3457 beati
974 3401 1195 3456 Joannis
1226 3410 1336 3453 tres
1370 3414 1581 3452 menses
1616 3407 1763 3452 sunt.
1802 3395 2028 3453 Nolebat
2054 3396 2155 3449 ita-

558 3512 666 3568 que
692 3495 861 3549 Maria
888 3494 1188 3557 discedere,
1226 3491 1398 3546 donec
1425 3489 1723 3560 grandteva:
1746 3502 2025 3558 puerpera:
2054 3486 2157 3540 mi-

562 3587 844 3643 nisterium
873 3584 1176 3640 sedulitatis
1206 3583 1560 3653 impenderet,
1589 3589 1640 3635 et
1673 3593 1793 3648 qua:
1825 3579 2070 3650 gestabat
2102 3578 2157 3631 in

563 3676 685 3731 aula
710 3675 789 3729 sui
821 3673 1064 3743 corporis
1090 3686 1292 3742 regem,
1319 3679 1567 3724 cerneret
1593 3669 1802 3723 anteire
1828 3684 2153 3737 praeconem,

893 3779 974 3817 Ill.
1015 3777 1066 3815 ια
1106 3776 1363 3815 πιιιδτοιλ
1402 3773 1469 3811 ΑΙ)
1509 3773 1826 3813 ὒΕΒΙΖΟΧΕΜ.

996 3853 1123 3920 tEd.
1157 3863 1281 3904 tom.
1318 3850 1401 3914 ll,
1433 3867 1552 3920 pag.
1586 3851 1733 3919 192.)

636 3946 846 4003 Reversi
898 3956 1018 4003 sunt
1068 3955 1239 3999 autent
1288 3959 1438 3999 Lxxu
1488 3958 1604 3995 cum
1647 3941 1838 4011 gaudio
1886 3942 2156 3995 dicentes:

563 4040 805 4103 Domine,
856 4047 904 4091 et
950 4036 1211 4090 da'monia
1257 4035 1613 4104 subjiciuntur
1655 4033 1802 4085 nobis
1845 4032 1899 4084 in
1950 4031 2157 4084 nomine

563 4142 675 4183 tuo.
706 4129 843 4195 Quid
886 4127 952 4180 ad
993 4126 1107 4180 lucc
1140 4125 1227 4178 ille
1256 4126 1349 4196 qui
1376 4124 1553 4178 cordis
1581 4122 1810 4176 attendit
1841 4136 2039 4176 arcana
2072 4138 2159 4175 re-

570 4218 829 4289 spexidit?
868 4216 1138 4279 Videbam,
1188 4216 1383 4283 inquit,
1428 4211 1681 4268 Satanam
1713 4215 1845 4265 sicut
1890 4212 2069 4281 fulgur
2094 4212 2159 4263 de

564 4310 693 4364 cclo
721 4308 1023 4370 cadentem;
1052 4322 1115 4359 ac
1145 4306 1189 4358 si
1219 4307 1360 4359 dicat
1391 4323 1404 4358 :
1431 4305 1615 4358 Videte
1643 4318 1710 4357 ne
1740 4303 1870 4356 dum
1906 4303 2158 4371 nequitia:

567 4403 791 4471 spiritus
830 4402 1031 4467 vestris
1077 4401 1378 4454 subduntur
1421 4400 1676 4468 imperiis,
1726 4408 1934 4453 mentes
1962 4410 2154 4453 vestrae

2257 3213 2604 3281 redemptus,
2652 3226 2760 3280 quo
2807 3211 3006 3264 dudum
3071 3208 3246 3263 fuerat
3294 3208 3460 3277 ipsius
3518 3205 3835 3276 operatione

2255 3304 2574 3373 plasmatus.
2627 3301 2824 3355 Eodem
2857 3316 3019 3370 porro
3048 3300 3134 3352 die
3166 3301 3229 3353 de
3259 3308 3407 3352 costa
3455 3296 3558 3350 viri
3602 3294 3834 3349 formata

2256 3404 2338 3447 est
2371 3392 2478 3445 Eva
2507 3430 2524 3454 ,
2571 3404 2677 3457 quo
2725 3390 2790 3443 de
2828 3388 2993 3441 latere
3034 3382 3236 3441 Christi
3280 3401 3375 3454 per
3405 3400 3597 3455 aquam
3634 3392 3688 3436 et
3713 3398 3833 3435 san-

2258 3485 2471 3553 guinem
2501 3481 2665 3535 cxivit
2696 3479 2956 3534 Ecclesia.
3006 3476 3296 3532 Videamus
3341 3477 3521 3544 itaque
3565 3472 3832 3543 quomodo

2258 3595 2353 3648 per
2382 3578 2629 3632 eumdem
2665 3576 2936 3628 senarium
2970 3587 3250 3627 numerum
3293 3569 3552 3624 Dominici
3595 3565 3834 3635 corporis

2263 3666 2516 3736 templum
2567 3665 2762 3719 divina:
2813 3662 3163 3733 providentur:
3193 3662 3261 3715 sit
3288 3670 3406 3713 arte
3443 3665 3831 3712 constructum.

2261 3756 2540 3825 Templum
2591 3770 2722 3809 sane
2774 3754 2901 3808 illud
2955 3752 3284 3806 Hierusalem
3332 3765 3428 3819 per
3471 3747 3538 3801 46
3571 3758 3832 3799 annorum

2259 3847 2526 3903 curricula
2590 3846 2765 3903 fuerat
2836 3844 3198 3906 fabricatum;
3260 3840 3399 3894 unde
3444 3848 3497 3893 et
3556 3854 3587 3890 a
3638 3834 3836 3889 Iuda-is

2261 3938 2486 3993 Domino
2510 3937 2709 3991 dicitur
2749 3953 2761 3989 :
2807 3933 3170 4001 Quadraginta
3197 3942 3241 3985 et
3276 3946 3366 3983 sea:
3397 3930 3567 3990 annis,
3596 3936 3700 3981 etc.
3734 3923 3835 3991 Qui

2258 4029 2512 4083 videlicet
2538 4041 2792 4081 numerus
2817 4065 2832 4091 ,
2880 4024 2924 4079 si
2971 4038 3067 4093 per
3112 4022 3384 4077 senarium
3416 4021 3648 4082 ducitur,
3676 4028 3836 4069 onme

2260 4130 2473 4190 tempus
2498 4136 2603 4189 quo
2633 4119 2892 4174 Dominus
2919 4117 2971 4171 in
3000 4117 3192 4172 matris
3239 4126 3393 4170 utero
3424 4114 3618 4167 mansit
3650 4111 3837 4180 imple-

2262 4222 2366 4264 tur.
2402 4210 2537 4263 Nam
2569 4209 2890 4279 quadragies
2921 4209 3099 4264 sexies
3125 4208 3240 4262 seni
3275 4206 3382 4260 275
3408 4207 3521 4259 dies
3562 4205 3719 4267 ﬁunt,
3748 4203 3837 4271 qui

2260 4303 2469 4357 diermn
2525 4318 2783 4357 nutnerns
2847 4300 3080 4371 complet
3128 4315 3321 4354 novem
3370 4312 3583 4352 menses
3636 4306 3691 4349 et
3744 4310 3839 4348 sex

2262 4394 2396 4457 dies,
2424 4395 2514 4463 qui
2548 4393 2797 4448 videlicet
2840 4402 3094 4461 tanquam
3122 4392 3307 4446 decem
3339 4404 3551 4444 menses
3577 4388 3840 4458 parienti-

559 4492 692 4561 jugo
716 4498 1031 4559 premantur
1056 4488 1327 4551 elationis,
1354 4488 1479 4557 quia
1508 4488 1552 4541 si
1583 4487 1816 4541 Satanas
1843 4502 1939 4557 per
1968 4503 2152 4556 super-
2186 4457 2233 4515 ί)
2260 4484 2359 4539 bus
2389 4484 2603 4538 feminis
2634 4457 2983 4555 imputantur,
3021 4499 3126 4537 non
3176 4483 3302 4552 quia
3349 4494 3536 4535 omnes
3580 4457 3844 4531 mulieres

567 4580 711 4634 biam
754 4578 950 4634 catlum
1002 4577 1235 4648 perdidit
1278 4577 1418 4647 quod
1470 4576 1715 4641 tenebat,
1767 4576 1928 4631 homo
1969 4592 2157 4647 super-

565 4670 721 4726 biens
751 4685 1087 4739 nequaquam
1118 4670 1262 4724 valet
1290 4668 1537 4723 invenire
1568 4669 1711 4737 quod
1739 4677 1940 4737 sperat.

568 4780 640 4821 ιν.
666 4780 718 4818 IN
738 4776 994 4818 EPISTOLA
1015 4778 1082 4816 ΔΙ)
1104 4777 1423 4816 υεειυειιιωι
1446 4776 1690 4815 ABBATEI
1709 4776 1826 4824 QUE
1847 4777 2155 4817 TITULATL‘B

990 4854 1068 4909 De
1098 4855 1405 4927 quibusdam
1441 4854 1709 4907 miraculis

977 4944 1101 5015 (Ed.
1136 4957 1259 4998 tom.
1292 4944 1410 5007 Ill,
1445 4962 1564 5014 pag.
1598 4944 1745 5015 587.)

638 5036 778 5104 Quid
808 5036 1031 5105 prodest
1076 5036 1306 5090 hostiam
1356 5035 1464 5088 Deo
1514 5036 1686 5089 laudis
1715 5035 1929 5099 otl‘erre,
1979 5044 2034 5089 et
2066 5051 2161 5105 per

568 5135 847 5197 torporem
879 5126 1218 5194 negligentia:
1262 5123 1422 5178 {aedis
1467 5141 1583 5179 eam
1629 5127 2046 5195 cogitationibus
2080 5128 2162 5180 in—

568 5219 834 5289 quinare?
869 5216 1019 5273 lianc
1064 5234 1227 5287 porro
1256 5218 1380 5272 boni
1427 5218 1661 5288 malique
1690 5220 1975 5273 misturam
2009 5219 2158 5273 locus

571 5310 661 5365 ille
706 5310 973 5381 signiﬁcat
1002 5309 1339 5379 evangelicus
1382 5310 1469 5364 ubi
1502 5310 1698 5364 dicitur
1742 5310 1886 5378 quia,
1933 5311 2155 5365 docente

569 5400 819 5465 Domino,
845 5402 1071 5455 aderant
1101 5401 1318 5470 quidam
1348 5401 1464 5470 ipso
1491 5403 1549 5455 in
1581 5411 1819 5469 tempore
1846 5402 2155 5456 nuntiantes

572 5491 649 5547 illi
685 5493 749 5545 de
780 5491 1036 5554 Galilmis,
1083 5507 1310 5561 quorum
1353 5495 1665 5562 sanguinem
1704 5492 1910 5545 Pilatus
1942 5493 2158 5547 miscuit

573 5598 695 5637 cum
727 5584 1005 5637 sacriﬁciis
1035 5600 1243 5637 eorum.
1280 5584 1412 5637 Nam
1458 5586 1578 5652 quia
1613 5585 1815 5638 Pilatus
1856 5602 1912 5638 os
1945 5585 2158 5638 mallea-

572 5673 703 5727 toris
732 5671 1135 5741 interpretatur,
1169 5674 1295 5743 quid
1329 5690 1425 5744 per
1455 5676 1598 5729 hunc
1628 5676 1727 5729 nisi
1761 5674 2027 5730 diabolum
2067 5674 2158 5729 dc-

2261 4574 2327 4628 ad
2365 4585 2572 4630 sextam
2600 4575 2740 4629 diem
2782 4585 2903 4645 post
2929 4590 3129 4630 nonum
3159 4588 3395 4627 mensem
3437 4571 3695 4642 paritura:
3720 4584 3842 4637 per-

2262 4667 2501 4731 veniant,
2535 4668 2626 4720 sed
2657 4667 2781 4738 quia
2836 4674 2914 4719 tot
2961 4666 3149 4721 diebus
3203 4665 3269 4717 ad
3316 4673 3526 4733 partum
3580 4663 3840 4730 perducta

2263 4760 2376 4829 ipsa
2409 4758 2670 4828 perfectio
2700 4758 2964 4811 Dominici
3011 4757 3256 4826 corporis
3298 4753 3648 4823 comperitur,
3698 4751 3843 4805 sicut

2265 4870 2294 4906 a
2326 4850 2621 4922 majoribus
2651 4851 2883 4903 traditur
2929 4856 2984 4902 et
3032 4851 3183 4901 ﬁrma
3233 4846 3554 4901 auctoritate
3584 4842 3845 4896 Ecclesia

2264 4945 2583 4999 custoditur.
2614 4945 2817 4999 Octavo
2849 4959 3081 5012 namque
3112 4941 3380 4996 Kalendas
3417 4936 3614 5007 Aprilis
3638 4949 3845 4989 cance-

2260 5047 2387 5108 ptus
2419 5036 2682 5099 creditur,
2706 5050 2813 5105 quo
2840 5043 2893 5087 et
2919 5049 3110 5102 passus
3134 5047 3149 5096 ;
3176 5048 3240 5085 eo
3270 5028 3519 5084 videlicet
3542 5026 3629 5080 die
3653 5022 3841 5092 sepul-

2265 5139 2348 5184 tus
2376 5139 2458 5184 est
2488 5128 2543 5181 in
2566 5136 2915 5199 monmnento
2962 5142 3120 5191 novo,
3172 5125 3260 5179 ubi
3308 5139 3408 5177 nec
3442 5131 3566 5179 ante
3594 5135 3693 5175 nec
3716 5124 3846 5188 post

2262 5220 2545 5289 quisquam
2596 5229 2681 5271 est
2718 5216 2925 5285 positus
2966 5226 3338 5279 mortuorum,
3389 5230 3496 5283 quo
3545 5222 3842 5279 conceptus

2262 5319 2345 5363 est
2372 5309 2424 5362 in
2450 5318 2605 5365 utero
2633 5308 2882 5379 Virginis,
2913 5307 3000 5361 tibi
3032 5316 3244 5362 constat
3274 5307 3476 5361 nullum
3511 5306 3841 5360 seminatnm

2262 5397 2429 5454 fuisse
2478 5399 2827 5464 mortalium;
2892 5408 3052 5453 natus
3112 5406 3291 5452 autem
3353 5398 3585 5451 traditur
3643 5404 3842 5447 octavo

2264 5488 2529 5543 Kalendas
2575 5486 2836 5543 Januarii.
2882 5488 2964 5541 Ab
3009 5488 3123 5557 ipso
3168 5504 3297 5556 ergo
3352 5483 3721 5554 conceptionis
3744 5484 3841 5539 die

2266 5596 2434 5649 usque
2457 5582 2522 5635 ad
2553 5583 2692 5635 diem
2738 5581 3039 5635 nativitatis
3070 5580 3177 5633 276
3208 5596 3300 5648 rep
3338 5579 3547 5633 riuntur
3576 5580 3713 5643 dies,
3739 5579 3839 5648 qui

2266 5675 2536 5730 senarium
2596 5690 2875 5731 numerum
2944 5673 3267 5746 quadragies
3309 5676 3485 5732 sexies
3534 5673 3840 5732 continent.

3731 277 3856 332 900

3880 3986 3895 4019 4
