4028 6168
389 240 486 297 901

1308 247 1807 307 COLLECTANEA
1849 255 1937 309 ΕΚ
1978 254 2162 313 NOVO
2203 258 2687 321 TESTAMEKTO.

3547 281 3652 339 902

388 358 506 422 Quo
534 355 699 425 igitur
733 371 958 412 numero
982 356 1248 428 lapideum
1278 360 1405 415 illttd
1434 364 1691 433 templum
1728 366 1966 436 antiqui-
1998 378 2039 432 Α
2074 370 2274 428 laetitiae
2311 374 2553 432 feriatur.
2598 380 2668 435 Ut
2707 397 2837 451 ergo
2879 385 2946 439 ad
2994 386 3134 443 hanc
3180 387 3512 447 Dominicam
3558 413 3655 466 per

389 458 474 499 ttts
501 455 584 499 cst
618 446 940 501 a‘diﬁcatuut
967 489 981 513 ,
1022 450 1210 504 eodem
1258 468 1472 521 quoque
1501 471 1727 509 nuntcro
1754 464 1806 511 el
1835 467 1970 511 tent-

387 544 535 604 ptum
598 535 862 592 Dominici
926 543 1166 609 corporis
1221 557 1317 610 per
1384 547 1657 600 senarium
1712 558 1791 603 est
1846 565 1967 619 per-

2074 462 2356 519 sabbatum
2393 467 2668 525 valeamus
2712 484 3074 543 congruenter
3111 479 3397 550 attingere,
3429 462 3654 541 necesse

2072 563 2155 607 est
2186 571 2284 609 nos
2314 573 2456 612 nunc
2498 575 2714 615 crucem
2746 572 2866 631 post
2895 564 3077 621 Jesuut
3118 568 3417 636 hajulautes
3442 585 3651 630 sextam

388 626 607 728 rectum.
643 629 744 682 hac
788 634 1158 687 tantuntn‘todo
1203 635 1530 692 discretione
1557 651 1791 705 servata,
1824 644 1967 711 quod
2064 642 2265 713 jugitcr
2321 647 2509 703 feriam
2573 626 2870 708 celebrare.
2922 626 3199 727 Alioquin'
3229 662 3271 715 si
3325 676 3654 734 pra-postero

386 715 440 769 itt
475 718 865 773 constitutione
897 720 1078 791 templi
1113 739 1379 779 annorum
1403 733 1678 783 numerus
1723 732 1961 799 ponitur,

385 807 439 861 in
492 809 847 863 aediﬁcatione
893 826 1019 864 vero
1049 814 1294 882 corporis
1346 816 1553 871 Domini
1611 820 1819 875 dierum
1851 823 1963 877 cul-

2068 736 2260 791 ordine
2292 755 2437 793 nunc
2467 743 2566 795 sub
2600 745 2780 799 carnis
2827 746 2942 816 lege
2990 750 3253 816 viventes,
3280 754 3435 823 quasi
3466 755 3651 812 Domi-

2068 829 2247 883 nicam
2278 831 2547 899 ducimus,
2580 837 2764 904 procul
2795 840 2959 894 dubio
2996 846 3335 911 postmodum
3376 864 3480 901 non
3517 867 3649 919 gau-

384 896 539 951 cttlus
568 908 909 967 supputatur.
958 898 1236 956 Annorum
1293 904 1455 973 igitur
1501 924 1755 964 numerus
1784 913 1963 981 templi
2015 990 2018 992 γ
2069 919 2216 973 diutn
2256 924 2452 990 gaudio
2478 963 2492 989 ,
2535 896 2645 979 sed
2694 896 3039 985 tribulatimie
3083 946 3370 990 mutamus.
3404 896 3547 993 "in:
3568 896 3654 995 gs;

383 990 527 1044 illius
556 992 786 1061 antiqui,
821 992 863 1047 si
897 1010 992 1063 per
1021 998 1293 1050 senarium
1333 999 1568 1065 ducitur,
1595 1017 1781 1059 omnes
1824 1008 1959 1073 dies,

383 1082 577 1150 quibus
621 1082 819 1135 mansit
872 1083 1128 1138 Dominus
1175 1085 1228 1138 in
1277 1086 1517 1157 virgineo
1564 1101 1771 1155 ventre.
1819 1110 1963 1149 com-

383 1172 616 1240 plcntur.
660 1171 960 1242 Conjnncto
998 1175 1180 1244 itaque
1218 1193 1441 1232 numero
1471 1194 1576 1248 quo
1609 1181 1749 1235 Deus
1795 1200 1959 1253 Opera
2008 1226 2012 1231 ς

382 1277 476 1313 sua
510 1260 636 1315 fecit
682 1279 807 1315 cum
840 1263 928 1317 illo
958 1280 1065 1333 quo
1105 1266 1358 1335 templum
1401 1278 1485 1322 est
1522 1274 1822 1339 conditum,
1858 1275 1959 1329 Do-

378 1354 510 1407 mini
541 1370 738 1422 corpus
764 1352 1016 1419 ellicitur,
1066 1367 1124 1411 ut
1172 1359 1327 1431 nobis
1377 1361 1533 1415 detur
1579 1363 1799 1433 intelligi
1835 1367 1960 1434 quia

381 1460 475 1514 per
522 1446 650 1500 illud
704 1448 1001 1503 divinitatis
1054 1450 1350 1520 templum,
1415 1456 1558 1523 quod
1614 1456 1666 1509 in
1730 1456 1960 1527 Virginis

380 1545 534 1589 utero
584 1547 955 1592 constructum
1011 1550 1133 1605 est,
1188 1542 1438 1596 universa
1491 1553 1615 1597 sunt
1666 1545 1756 1600 Dei
1796 1562 1959 1614 opera

379 1636 679 1681 restaurata
710 1667 724 1691 ,
773 1628 913 1682 sicut
970 1630 1104 1683 dicit
1154 1629 1463 1699 Apostolus,
1517 1635 1641 1701 quia
1687 1638 1956 1704 praposuit

2064 1010 2207 1062 enim
2236 1013 2378 1080 quod
2419 1014 2679 1071 Dominus
2718 1019 2854 1073 sicut
2880 1020 2949 1074 40
2977 1023 3163 1079 diebus
3190 1026 3240 1078 itt
3278 1041 3460 1083 eremo
3497 1033 3649 1099 vixit,

2066 1105 2397 1176 totidemque
2423 1118 2544 1177 post
2568 1114 3017 1168 resurrectionem
3046 1132 3167 1171 cum
3207 1120 3485 1191 discipulis
3529 1127 3646 1191 fuit,

2065 1194 2137 1248 ita
2186 1198 2349 1251 etiam
2403 1200 2469 1253 ab
2519 1201 2637 1271 ipso
2692 1220 2803 1257 sua:
2854 1208 3043 1261 mortis
3092 1211 3319 1266 articulo
3376 1232 3545 1285 usque
3580 1222 3648 1273 ad

2062 1287 2355 1342 diluculum
2412 1295 2829 1350 resurrectionis
2892 1298 2960 1351 40
3017 1300 3179 1355 horas
3230 1304 3436 1359 habuit.
3498 1309 3649 1364 Sicut

2062 1377 2229 1447 igitur
2273 1379 2484 1434 illorum
2534 1383 2742 1437 dierum
2787 1402 3031 1450 numero,
3082 1393 3155 1442 ita
3209 1396 3557 1452 nihilominus
3595 1411 3649 1456 et

2064 1467 2345 1533 horarum,
2383 1487 2521 1539 quas
2565 1474 2802 1547 diximus
2832 1477 2995 1531 totius
3043 1461 3166 1533 vitae
3212 1492 3410 1537 nostra:
3440 1494 3649 1555 tempus

2058 1561 2417 1628 exltritnitur;
2469 1572 2526 1616 ut
2588 1564 2727 1619 sicut
2780 1565 2867 1620 ille
2914 1570 3345 1639 (ptadragenario
3391 1574 3646 1629 horarum

2061 1664 2285 1703 numero
2309 1660 2554 1706 mortuus
2582 1656 2814 1719 mansit,
2846 1657 2917 1710 ita
2951 1669 3006 1712 ct
3047 1675 3144 1714 nos
3184 1661 3255 1715 illi
3298 1668 3645 1731 commortui,

375 1719 516 1772 Deus
548 1719 598 1771 in
626 1720 1012 1789 dispensatione
1045 1722 1387 1791 plenitudinis
1432 1734 1719 1793 temporum
1751 1728 1954 1780 instau-
1989 1728 2031 1785 Β
2059 1740 2295 1807 quandiu
2323 1741 2413 1796 hic
2434 1743 2688 1811 vivimus,
2718 1746 2770 1800 itt
2794 1749 2975 1803 carnis
3001 1765 3215 1821 semper
3236 1756 3650 1813 tnortiﬁcationo

377 1827 496 1864 rure
527 1812 701 1864 omnia
728 1812 780 1864 in
815 1810 1046 1879 Christo,
1091 1830 1209 1882 qua:
1247 1815 1301 1866 in
1333 1814 1473 1867 caelis
1497 1824 1544 1867 et
1576 1816 1629 1868 in
1657 1818 1811 1872 tetris
1833 1828 1953 1871 sunt

375 1901 429 1955 in
457 1902 587 1969 ipso.
623 1901 728 1957 Sed
766 1904 867 1959 hoc
896 1906 1142 1974 corporis
1174 1905 1449 1974 templum,
1490 1907 1632 1975 quod
1672 1922 1771 1976 per
1796 1923 1956 1962 seua-

375 1992 516 2046 riunt
546 2008 827 2047 numerum
854 1994 966 2049 ﬁeri
999 1996 1176 2049 divina
1203 1997 1541 2066 providentia
1569 1998 1757 2063 voluit,
1786 2000 1958 2055 tribus

374 2084 527 2138 horis
567 2082 791 2140 Judaica
841 2086 1115 2155 impietate
1161 2088 1477 2152 resolutum,
1512 2090 1691 2146 triduo
1722 2092 1955 2147 reaediﬁ-

373 2174 538 2238 cavit,
567 2176 706 2230 sicut
738 2177 851 2244 ipse
878 2177 1048 2230 dicit:
1091 2178 1287 2232 Solvite
1330 2180 1578 2249 templum
1607 2183 1728 2247 hoc,
1764 2193 1811 2236 et
1840 2193 1955 2252 post

371 2265 603 2317 triduum
633 2266 962 2333 “aedificabo
998 2266 1151 2320 illud.
1200 2267 1315 2322 Hoc
1358 2280 1552 2333 autem,
1585 2272 1759 2341 inquit
1789 2289 1954 2328 evan-

372 2353 608 2424 gelista,
656 2354 858 2407 dicebat
916 2357 980 2410 de
1027 2357 1216 2426 templo
1266 2361 1501 2427 corporis
1545 2362 1649 2414 sui.
1695 2361 1807 2417 Nec
1857 2365 1956 2419 nti-

372 2458 531 2506 rum,
602 2445 646 2497 si
702 2445 845 2513 quod
905 2462 1005 2515 per
1063 2447 1337 2501 senarium
1405 2448 1608 2503 factum
1681 2462 1801 2517 est,
1860 2470 1956 2523 per

375 2536 673 2589 ternarium
742 2537 813 2590 sit
879 2537 1145 2597 solutum.
1214 2553 1313 2607 per
1384 2541 1681 2595 ternarium
1744 2559 1957 2613 quoque

374 2641 567 2683 rursus
595 2629 998 2695 reasdilicatnm,
1029 2647 1151 2685 cum
1181 2641 1236 2687 et
1265 2633 1377 2701 ipse
1414 2635 1661 2689 senarius
1708 2636 1849 2690 sicut
1887 2652 1953 2692 ex

374 2719 617 2775 ternario
646 2721 884 2786 crescit,
930 2723 1003 2777 ita
1048 2723 1397 2780 nihilominus
1443 2735 1498 2781 et
1548 2727 1600 2780 itt
1652 2729 1951 2782 ternarium

373 2811 712 2878 resolvatur;
755 2831 895 2870 unus
935 2817 1111 2879 enim,
1149 2817 1255 2872 duo
1300 2827 1355 2873 et
1391 2831 1529 2883 tres,
1572 2835 1665 2875 sex
1711 2820 1868 2886 ﬁunt,
1898 2832 1952 2879 et

373 2903 651 2972 reciproco
687 2905 968 2960 ditnidimtt
1019 2909 1240 2971 senarii,
1295 2919 1404 2964 tres
1451 2919 1599 2975 sunt,
1636 2914 1791 2966 tertia
1826 2928 1954 2981 pars

373 2993 497 3056 duo.
544 3005 695 3048 sexta
742 3011 946 3062 unum;
1006 2999 1097 3067 qui
1148 2999 1397 3055 videlicet
1440 3018 1700 3058 numerus
1749 3005 1952 3060 idcirco

371 3085 642 3154 perfectus
665 3087 864 3142 dicitur
887 3129 901 3152 ,
945 3091 1070 3159 quia
1100 3093 1179 3146 sic
1219 3108 1283 3147 ex
1314 3095 1427 3148 suis
1451 3095 1694 3163 partibus
1717 3106 1947 3151 constat.
1979 3075 2024 3138 (ἶ

373 3178 493 3234 Uno
548 3182 706 3250 plane
746 3183 830 3237 die
876 3183 1083 3253 integro
1129 3194 1183 3240 et
1231 3186 1438 3241 dnabus
1478 3189 1722 3243 noctibus
1766 3189 1820 3243 in
1868 3205 1952 3244 se-

370 3273 559 3342 pulcro
590 3272 847 3329 Dominus
880 3273 1075 3342 jacuit,
1103 3276 1227 3345 quia
1270 3294 1371 3331 una
1401 3279 1482 3333 sui
1512 3280 1755 3349 corporis
1780 3289 1954 3334 tuorte

336 3376 400 3414 -a
429 3362 635 3416 duabus
679 3378 800 3428 nos,
852 3364 1048 3419 anima:
1092 3366 1341 3420 videlicet
1369 3376 1423 3421 ct
1465 3368 1729 3436 corporis.
1759 3367 1953 3425 morti-

371 3449 471 3504 bus
498 3450 764 3508 liberavit.
798 3454 863 3508 Et
886 3464 1032 3509 recte
1061 3471 1158 3525 per
1187 3458 1326 3512 diem
1374 3474 1520 3513 ntors
1563 3459 1777 3513 Domini
1812 3459 1955 3513 desi-

378 3551 597 3609 gnatur,
621 3558 726 3612 qua
750 3559 849 3599 nos
870 3546 936 3598 ad
963 3544 1137 3599 lucem
1164 3546 1473 3600 reducitnur
1497 3563 1512 3611 ;
1553 3557 1740 3601 nostra
1771 3555 1951 3601 autem

372 3647 524 3686 mors
560 3642 787 3703 utraque
815 3650 911 3704 per
936 3643 1177 3701 noctem,
1232 3652 1352 3707 quae
1398 3637 1653 3691 nimirum
1693 3638 1847 3693 nobis
1884 3652 1953 3692 ex

369 3732 595 3790 peccato
624 3724 869 3778 debetur.
900 3724 1095 3780 Totum
1122 3736 1300 3781 autem
1334 3726 1567 3782 triduum
1609 3728 1662 3782 in
1704 3731 1954 3783 humanae

369 3814 562 3871 salutis
583 3819 906 3887 cxpenditur
927 3820 1332 3874 evidentissime
1356 3830 1753 3875 sacramentum
1780 3836 1795 3884 ;
1825 3836 1951 3875 nam

372 3917 529 3962 sexta
560 3908 693 3962 feria
726 3924 941 3977 passus,
970 3909 1207 3965 Sabbato
1238 3912 1291 3965 itt
1327 3910 1574 3980 sepulcro
1614 3911 1838 3980 quievit,
1864 3910 1953 3966 die

370 3994 652 4051 Dominico
699 3998 1013 4052 resurrexit.
1070 3998 1203 4052 Tota
1251 4009 1430 4053 autent
1482 4001 1597 4054 haec
1642 4000 1750 4053 vita
1798 4000 1954 4056 nobis

372 4095 523 4141 sexta
555 4087 691 4141 feria
715 4097 817 4153 est,
846 4088 974 4157 quia
999 4088 1251 4143 videlicet
1276 4105 1491 4144 crucem
1516 4098 1637 4159 post
1664 4091 1951 4145 Dominunt

370 4176 901 4249 bajularejubetnur.
930 4179 973 4234 Δ
1010 4180 1096 4234 die
1136 4188 1313 4234 autem
1345 4180 1521 4235 exitus
1568 4181 1736 4234 nostri
1783 4196 1954 4250 usque

371 4270 439 4322 ad
464 4269 753 4339 judicium,
786 4274 938 4341 quasi
973 4273 1252 4327 sabbatum
1280 4272 1515 4339 ducitur,
1560 4273 1686 4342 quia
1736 4273 1950 4326 interim

369 4360 525 4415 beata
557 4363 743 4432 requie
768 4364 962 4418 animae
1010 4364 1399 4434 perfruuntur;
1460 4365 1514 4418 itt
1553 4365 1950 4418 resurrectione

2059 1829 2323 1884 vivamus.

2410 2023 2471 2063 11.
2516 2025 2568 2064 IN
2598 2026 2839 2067 εειωοιςε
2871 2029 2937 2068 DE
2969 2032 3289 2073 \'IBG|NIBUS.

2484 2138 2613 2211 (Ed.
2648 2152 2775 2195 tom.
2806 2142 2891 2208 II,
2923 2162 3043 2215 pag.
3075 2146 3224 2218 564.)

2133 2272 2255 2326 Non
2306 2276 2375 2327 ad
2426 2291 2724 2330 mensuram
2766 2281 2859 2331 dat
2921 2280 3059 2335 Deus
3111 2284 3374 2349 spiritum.
3433 2281 3648 2341 Movere

2057 2368 2256 2428 potest,
2300 2377 2398 2416 cur
2441 2361 2679 2419 Joannes
2727 2366 2964 2436 Baptista
3022 2372 3324 2438 perhibeat,
3369 2372 3495 2441 quia
3536 2389 3645 2428 non

2058 2450 2124 2502 ad
2161 2466 2468 2505 mensuram
2521 2453 2608 2506 dat
2662 2454 2802 2509 Deus
2845 2458 3131 2526 spiritum,
3187 2476 3307 2513 cum
3368 2445 3564 2516 Paulus
3616 2478 3649 2517 e

2057 2541 2337 2595 contrario
2373 2542 2555 2596 dicat:
2611 2542 2904 2616 Unicuique
2943 2559 3177 2602 nostrum
3212 2550 3338 2603 data
3370 2562 3444 2603 est
3472 2552 3647 2621 gratia

2057 2631 2346 2685 secundum
2395 2648 2695 2687 mensuram
2744 2634 3040 2692 donationis
3094 2639 3311 2695 Christi.
3366 2641 3648 2709 Quomodo

2056 2736 2187 2792 ergo
2218 2739 2321 2777 non
2361 2726 2429 2777 ad
2458 2742 2776 2790 mensuram,
2809 2738 2862 2782 et
2890 2732 3159 2798 quomodo
3187 2733 3471 2786 secundum
3498 2749 3646 2788 men~

2056 2815 2281 2868 suram?
2326 2814 2431 2869 Sed
2463 2818 2607 2886 quod
2655 2816 2892 2872 Joannes
2941 2821 3142 2873 asserit
3194 2838 3300 2874 non
3329 2822 3395 2875 ad
3425 2837 3648 2877 mensu-

2056 2920 2170 2959 tam
2230 2904 2479 2975 spiritum
2528 2906 2665 2968 dari,
2716 2906 2783 2962 de
2813 2894 3175 2978 Redemptore
3222 2915 3647 2981 nostro'procul

2059 2998 2221 3051 dubio
2245 2999 2404 3051 debet
2434 2998 2672 3068 intelligi,
2714 3001 2769 3053 in
2808 3017 2912 3070 quo
2940 3002 3192 3057 videlicet
3240 3004 3440 3057 habitat
3471 3006 3642 3060 omnis

2054 3090 2322 3160 plenitudo
2346 3091 2633 3144 divinitatis
2655 3093 3026 3161 corporaliter;
3047 3094 3188 3164 quod
3213 3105 3461 3165 patenter
3481 3113 3645 3168 agno-

2056 3182 2250 3246 scitur,
2284 3182 2329 3235 si
2375 3181 2490 3250 ipsa
2537 3192 2717 3235 textus
2747 3184 3043 3251 evangelici
3092 3185 3264 3240 series
3309 3189 3642 3243 attendatur.

2056 3272 2190 3326 Nam
2221 3287 2342 3325 cum
2395 3272 2744 3339 pnetnisissct
2788 3288 2891 3325 non
2932 3273 3000 3325 ad
3046 3289 3343 3328 mensuram
3368 3275 3458 3337 dat
3503 3275 3644 3329 Deus

2055 3360 2328 3428 spiritum,
2372 3358 2620 3426 protinus
2674 3358 2908 3411 intulit:
2952 3355 3114 3411 Pater
3172 3360 3344 3429 diligit
3401 3357 3640 3425 Filium,

2055 3458 2104 3501 et
2149 3449 2325 3501 omnia
2372 3448 2514 3500 dedit
2566 3448 2621 3500 in
2663 3463 2823 3501 manu
2857 3447 2990 3516 ejus.
3028 3447 3180 3505 Unde
3221 3458 3276 3502 et
3313 3448 3442 3502 alibi
3466 3448 3639 3504 dicit:

2059 3536 2172 3591 Nos
2194 3537 2257 3590 de
2282 3535 2604 3605 plenitudine
2649 3537 2764 3606 ejus
2807 3538 3125 3607 accepimus.
3158 3538 3469 3594 Concordat
3511 3555 3644 3610 ergo

2056 3640 2179 3680 cum
2210 3625 2491 3681 Psalmista
2518 3627 2775 3693 Joannes,
2821 3629 2949 3698 quia
3000 3628 3126 3683 huic
3184 3630 3287 3684 iste
3328 3645 3641 3685 mensuram

2058 3721 2216 3787 tollit,
2251 3736 2413 3791 quem
2468 3721 2555 3776 ille
2607 3731 2827 3776 unctum
2882 3737 2994 3791 prae
3047 3722 3392 3778 consortibus
3421 3725 3638 3778 asserit.

2056 3814 2209 3881 Quod
2256 3823 2436 3869 autem
2485 3813 2776 3884 Apostolus
2826 3829 3135 3871 mensuram
3172 3816 3361 3885 ponit,
3417 3815 3520 3871 hoc
3574 3815 3644 3870 do

2055 3905 2359 3976 quibusque
2388 3905 2636 3960 ﬁdelibus
2667 3904 2784 3958 vttlt
2827 3905 3049 3975 intelligi
3077 3922 3092 3971 ;
3141 3904 3295 3974 juxta
3330 3920 3641 3971 mensuram

2056 4012 2291 4067 namque
2317 3997 2538 4066 spiritus
2561 3996 2702 4050 inest
2724 3996 2919 4061 cuique
2953 4011 3209 4052 mensura
3236 3996 3454 4050 virtutis
3476 4006 3643 4065 atque

2056 4088 2409 4152 constantiae,
2463 4097 2521 4140 ut
2566 4086 2649 4141 vel
2692 4086 2838 4141 vitiis
2880 4085 3274 4141 attentantibus
3298 4087 3351 4139 in
3379 4101 3511 4155 pace
3556 4102 3644 4140 rc-

2056 4181 2235 4243 sistat,
2289 4176 2375 4232 vel
2438 4178 2491 4231 itt
2542 4178 2839 4231 certamine
2891 4176 3214 4231 constitutus
3259 4176 3644 4245 insuperabilis

2057 4279 2326 4325 tormenta
2353 4277 2658 4339 percurrat.
2684 4267 2915 4322 Samson
2943 4265 3161 4335 quippe,
3181 4264 3355 4320 donec
3376 4265 3645 4320 vncrincs

2068 4360 2275 4423 habuit,
2310 4356 2690 4428 insuperabilis
2716 4356 2836 4424 fuit,
2874 4365 2930 4411 et
2973 4355 3065 4425 qui
3119 4354 3450 4426 septiformis
3482 4354 3647 4409 habet

368 4461 552 4507 autem
578 4469 865 4524 corporum
893 4495 908 4521 ,
959 4457 1228 4526 paschalis
1272 4457 1428 4512 nobis
1471 4456 1648 4511 oritur
1682 4455 1819 4516 dies.
1859 4455 1950 4525 qui

2060 4453 2248 4524 gratiae
2279 4452 2572 4521 Spiritum,
2601 4449 2860 4504 invictum
2880 4463 2942 4504 se
2964 4447 3185 4519 prabet,
3210 4448 3491 4520 ingruente
3510 4461 3646 4517 quo-

366 4530 518 4600 nullo
569 4544 674 4600 ﬁne
726 4547 1086 4613 concluditur,
1135 4548 1230 4604 sed
1286 4555 1558 4618 perpetua:
1604 4547 1949 4618 iucunditate

2057 4543 2317 4599 rumlibet
2346 4550 2669 4613 tempestate
2696 4540 2979 4597 bellorum.

1128 4780 1294 4867 EX
1362 4779 1855 4869 ACTIBUS
1942 4778 2878 4870 APOSTOLORUM.

403 5033 461 5076 Il
497 5030 749 5072 EPISTOLA
789 5030 857 5068 AD
895 5026 1248 5067 ALEXANDRUII
1286 5027 1457 5065 PAPAI
1497 5024 1563 5064 DE
1600 5024 1913 5065 AUFEBENDA

832 5097 1200 5139 CANONICOHUI
1240 5097 1481 5138 PECUNIA.

758 5176 886 5247 (Ed.
915 5186 1050 5230 tom.
1082 5173 1178 5228 III
1207 5214 1222 5237 ,
1256 5190 1376 5245 pag.
1408 5173 1560 5243 485.)

442 5296 543 5364 Qui
574 5304 762 5364 captus
790 5302 874 5348 est
913 5304 1098 5346 amore
1143 5290 1384 5358 pecuniae
1407 5329 1422 5353 ,
1461 5303 1801 5358 nequaquam
1830 5287 1945 5341 ido-

367 5402 507 5443 neus
539 5396 621 5441 est
646 5386 712 5439 ad
736 5381 1090 5439 ministranda
1128 5379 1291 5434 verba
1316 5379 1607 5435 doctrinze:
1642 5377 1783 5448 quod
1812 5377 1948 5431 bene

368 5478 428 5533 in
465 5492 531 5532 eo
560 5478 700 5546 quod
744 5475 989 5545 superius
1027 5475 1401 5545 proposuimus
1441 5473 1737 5545 apostolico
1762 5470 1943 5526 decla~

373 5579 524 5624 ratur
543 5567 807 5636 exemplo.
836 5566 967 5620 Nam
998 5583 1120 5621 cum
1150 5566 1426 5635 Scriptura
1451 5566 1741 5635 praemittat
1766 5579 1780 5617 :
1804 5563 1946 5617 Mul-

370 5662 613 5717 titudinis
653 5659 972 5715 credentium
1013 5669 1123 5714 erat
1168 5675 1257 5713 cor
1289 5676 1447 5715 unum
1489 5670 1535 5714 et
1580 5658 1759 5713 anima
1798 5676 1943 5726 una;

2057 5024 2287 5079 moxque
2317 5007 2605 5079 subiungat
2631 5026 2644 5061 :
2679 5006 2790 5061 Nec
2824 5009 3098 5079 quicquam
3129 5027 3307 5065 eorum
3335 5028 3451 5081 qute
3475 5014 3643 5083 possi-

2056 5106 2210 5159 debat
2239 5144 2254 5169 ,
2285 5102 2488 5172 aliquid
2514 5117 2667 5155 suum
2695 5118 2804 5156 esse
2831 5102 3035 5155 dicebat
3065 5142 3079 5167 ,
3108 5103 3199 5156 sed
3227 5114 3378 5157 erant
3403 5104 3509 5158 illis
3530 5120 3643 5158 ont-

2058 5199 2146 5251 nia
2176 5195 2474 5249 communia
2501 5237 2514 5259 ,
2561 5194 2806 5265 protinus
2847 5193 3053 5249 addidit
3083 5212 3097 5247 :
3134 5194 3199 5248 Et
3231 5194 3417 5249 uirtute
3446 5213 3639 5267 magna

2058 5286 2340 5340 reddebant
2388 5286 2610 5355 apostoli
2648 5286 3002 5340 testimonium
3053 5288 3449 5342 resurrectionis
3508 5288 3639 5343 Jesu

2057 5376 2251 5433 Christi
2277 5376 2488 5431 Domini
2517 5378 2714 5443 nostri,
2750 5387 2797 5431 et
2825 5379 2997 5448 gratia
3026 5394 3215 5448 magna
3242 5390 3352 5433 erat
3381 5381 3433 5432 in
3467 5380 3637 5434 omni-

2058 5470 2152 5522 bus
2182 5466 2309 5521 illis.
2342 5467 2547 5522 Deinde
2573 5467 2868 5521 subinfert:
2893 5467 3004 5522 Nec
3028 5469 3165 5521 enim
3188 5469 3461 5538 quisquam
3486 5486 3640 5541 egens

2052 5572 2162 5615 erat
2188 5562 2324 5615 inter
2350 5560 2488 5613 illos.
2519 5559 2657 5625 Quid
2679 5575 2807 5629 ergo
2832 5560 2931 5614 sibi
2962 5559 3093 5621 vult.
3117 5562 3257 5629 quod
3278 5554 3441 5633 hujus
3469 5577 3639 5617 saera:

2055 5653 2288 5723 scriptor
2316 5651 2559 5707 historia:
2579 5691 2593 5716 ,
2626 5652 2751 5707 dum
2778 5652 2843 5706 de
2869 5651 3202 5708 continentia
3228 5653 3465 5723 loquitur
3496 5668 3632 5724 apo-
