4028 6168
385 282 491 337 903

1225 273 1450 328 AllDlT.
1493 273 1582 326 AD
1623 270 1783 327 TOM.
1826 268 1888 322 Ill
1929 267 2079 322 ()PP.
2123 267 2178 321 S.
2220 261 2418 321 PE'I‘Rl
2460 266 2757 321 D.\.\ll.—\Nl.

3543 284 3647 339 904

387 399 575 453 stolica
630 405 680 449 ct
722 393 993 449 communi
1043 393 1147 445 vita
1177 432 1191 453 ,
1236 400 1456 458 repente
1484 389 1635 458 quasi
1686 384 1971 439 materiam
2002 389 2049 443 Α
2080 385 2274 448 minis;
2315 393 2369 436 et
2406 384 2532 452 qrria
2565 384 2725 435 rebus
2751 382 2899 437 exuti
2926 382 3053 436 solis
3085 384 3536 449 virtnttmrarmis
3563 408 3655 448 ac-

387 488 767 555 interrumpit,
812 495 866 537 et
897 485 959 535 ad
996 481 1352 535 crnrrrandam
1394 478 1794 548 prmdicationis
1831 491 1968 529 eon-

386 580 639 633 stantiam
671 618 684 639 ,
722 587 971 642 tanquam
1003 583 1210 625 mutato
1247 571 1385 641 stylo
1411 569 1623 638 prosilit
1648 569 1871 621 dicens:
1903 566 1969 619 Et

397 674 581 725 virtute
620 685 809 735 magna
840 666 1117 717 reddebant
1146 664 1364 731 apostoli
1409 662 1754 715 testimonium
1801 676 1971 713 resur-

390 758 669 811 rectionis?
711 757 819 808 Cur
875 756 966 806 uni
1013 755 1251 807 materia:
1299 752 1458 805 aliam
1509 751 1834 819 interpolat,
1879 749 1970 817 qtti

388 859 620 917 emptam
646 846 894 915 persequi
919 855 972 897 et
992 846 1313 897 contirrrrare
1341 844 1625 904 debuerat,
1658 841 1758 893 nisi
1793 850 1849 892 ut
1880 856 1974 907 pa-

392 949 566 994 tenter
606 939 857 993 ostendat
904 938 1029 1004 qrria
1083 937 1154 988 illi
1204 936 1467 990 duntaxat
1513 934 1687 989 idonei
1735 941 1859 986 sunt
1906 932 1972 984 ad

389 1032 793 1099 przedieatiorris
813 1029 1067 1093 oliieinm,
1099 1030 1190 1097 qui
1222 1028 1424 1082 trullam
1446 1038 1673 1081 terrenae
1702 1025 1973 1079 facultatis

391 1123 668 1190 possident
719 1122 925 1174 lucrum
954 1161 968 1182 ,
1004 1130 1079 1183 et,
1125 1120 1252 1172 dum
1308 1118 1510 1185 aliquid
1560 1116 1830 1185 singulare
1869 1131 1972 1168 non

394 1213 613 1275 habent,
647 1212 1005 1265 communiter
1034 1211 1214 1262 omnia
1253 1210 1569 1277 possident,
1608 1208 1738 1261 nihil
1770 1209 1977 1263 scilicet

391 1305 636 1357 habentes
681 1314 727 1357 et
766 1306 941 1358 omnia
982 1304 1345 1373 possidentes?
1393 1301 1455 1354 lli
1502 1302 1754 1355 nimirum
1787 1342 1801 1364 ,
1849 1306 1973 1355 dum

394 1394 556 1449 nullis
595 1406 932 1448 terrenarum
978 1409 1154 1443 rerum
1198 1390 1603 1458 prmpediuntnr
1648 1393 1973 1454 obstaculis,

393 1482 631 1550 expediri
664 1492 808 1536 stant
834 1499 933 1552 pro
962 1484 1251 1537 Dominicis
1277 1484 1474 1537 castris
1500 1484 1550 1536 in
1582 1500 1773 1539 carnuo
1804 1497 1980 1541 certa-

2078 476 2270 539 cincti,
2312 475 2489 543 gladio
2524 474 2742 543 spiritus
2785 475 3050 528 adversus
3098 479 3350 533 vitiorum
3398 477 3660 535 dimicant

2078 569 2254 630 acies,
2297 568 2471 622 idonei
2502 568 2796 622 bellatores
2840 564 2963 621 sunt
3004 567 3397 623 Oblttctantittm
3427 572 3658 625 hostium
3744 600 3753 606 -

2078 661 2407 714 obtruncare
2469 661 2711 715 cervices
2748 679 2760 714 :
2794 662 2878 714 cui
2927 662 3180 715 nimirum
3237 662 3376 714 heilo
3434 664 3661 731 impares

2079 762 2223 815 sunt,
2257 763 2309 806 et
2342 754 2616 807 cnervitcr
2644 753 2859 814 cedunt,
2886 755 2975 821 qui
3001 756 3379 807 communibus
3406 773 3507 808 non
3538 774 3659 809 con-

2082 845 2236 908 tenti,
2267 845 2458 912 peculii
2486 845 2778 913 singularis
2801 845 3044 895 ambiunt
3077 846 3404 912 proprietate
3426 848 3657 916 gravari.

2081 938 2218 991 Hinc
2273 946 2355 990 est
2411 937 2550 1004 quod
2604 937 2655 988 in
2695 936 3117 989 Deuteronomio
3177 938 3545 1005 gradientibus
3598 941 3661 991 ad

2079 1029 2321 1098 praelium
2362 1026 2558 1079 dicitur
2597 1044 2609 1077 :
2652 1026 2899 1095 Quisquis
2950 1036 3022 1078 est
3070 1028 3224 1081 homo
3287 1030 3375 1097 qui
3413 1024 3661 1097 plantavit

2080 1123 2304 1184 vineam,
2328 1130 2372 1172 et
2397 1119 2611 1173 necdum
2638 1119 2757 1187 fecit
2786 1135 2898 1172 eam
2922 1135 3031 1171 esse
3058 1136 3379 1173 communem
3406 1132 3452 1172 et
3480 1122 3541 1172 de
3563 1139 3662 1189 qua

2082 1212 2213 1264 vesci
2252 1212 2491 1263 omnibus
2527 1210 2681 1262 liceat
2704 1249 2717 1272 ,
2778 1210 2931 1262 radat
2969 1218 3017 1262 et
3048 1220 3335 1261 revertatur
3360 1210 3428 1261 ad
3455 1216 3663 1263 domum

2083 1317 2234 1354 suam
2257 1341 2271 1362 ,
2300 1317 2363 1353 ne
2392 1301 2523 1369 forte
2561 1300 2816 1353 moriatur
2838 1301 2890 1351 in
2922 1299 3050 1353 bello
3070 1340 3083 1363 ,
3124 1310 3174 1352 et
3209 1298 3343 1353 alius
3374 1302 3525 1354 homo
3554 1302 3663 1369 ejus

2084 1396 2339 1465 {ungatur
2368 1394 2567 1463 ofﬁcio.

1260 1697 1421 1784 EX
1494 1694 2113 1788 EPISTOLIS
2182 1694 2733 1787 JOANNIS.

396 1928 451 1968 tu
485 1928 737 1966 EPISTOLA
770 1929 835 1966 AD
867 1929 1221 1968 ALEXANDRU!
1252 1930 1444 1974 PAPMI,
1486 1930 1570 1967 UBI
1602 1930 1974 1977 conoesnr'wa
2008 1917 2047 1974 Β
2077 1913 2219 1966 enim
2294 1913 2506 1981 primus
2577 1913 2740 1966 homo
2807 1920 3045 1967 tentatus
3108 1912 3419 1983 agnoscitur
3451 1952 3465 1975 ,
3533 1914 3671 1967 sicut

680 1999 745 2035 DE
787 1999 1099 2038 INSOLENTIA
1137 2000 1388 2038 MALORUH
1429 2000 1693 2039 ηῡιιιδωι.

837 2094 963 2164 (Ed.
997 2105 1123 2148 tom.
1164 2094 1223 2158 1,
1253 2111 1371 2164 pag.
1405 2095 1518 2164 55.)

469 2182 635 2237 Omne
684 2186 821 2253 quod
864 2194 937 2237 est
980 2185 1034 2238 in
1062 2186 1255 2238 mundo
1303 2184 1718 2253 concupiscentia
1765 2184 1974 2247 carnis,

395 2285 443 2329 et
466 2276 886 2343 concupiscentia
914 2275 1213 2339 oculorum,
1253 2285 1300 2328 et
1323 2276 1566 2343 superbia
1600 2275 1736 2328 tritre.
1761 2274 1975 2328 Concu-

394 2367 655 2437 pisceutia
679 2370 885 2422 scilicet
911 2370 1093 2422 carnis
1114 2368 1178 2422 ad
1204 2368 1448 2437 corporis
1471 2368 1818 2436 voluptatem.
1843 2382 1975 2420 con-

396 2453 725 2527 cupiscentia
773 2460 1051 2513 oculorum
1089 2460 1154 2513 ad
1186 2459 1473 2513 visibilium
1511 2475 1686 2512 rerum
1740 2458 1979 2527 pertinet

396 2547 1153 2621 pulchritudinem;snpcrbia
1187 2568 1314 2606 vero
1344 2554 1465 2606 vita:
1506 2551 1705 2605 terreni
1754 2550 1979 2605 honoris

398 2647 560 2703 atque
620 2639 822 2711 fastigii
881 2642 1135 2711 exprimit
1209 2642 1619 2697 sublimitatem.
1692 2641 1797 2694 Per
1861 2640 1978 2696 tunc

2083 2006 2377 2075 Scriptura
2403 2014 2631 2059 testatur
2674 2023 2687 2058 ε
2728 2004 2865 2065 Vidit
2896 2044 2912 2068 ,
2987 2006 3198 2075 inquit,
3272 2007 3462 2058 mulier
3530 2006 3668 2074 quod

2083 2098 2274 2151 bonum
2313 2111 2443 2151 esset
2482 2097 2681 2167 lignum
2724 2097 2793 2150 ad
2840 2098 3148 2151 vescendum
3176 2139 3189 2163 ,
3239 2113 3368 2152 ecce
3416 2100 3671 2167 concupi-

2086 2188 2293 2242 scentia
2326 2188 2539 2251 carnis;
2586 2187 2781 2241 deinde
2806 2188 3049 2255 sequitur
3084 2205 3097 2240 :
3133 2196 3179 2240 et
3203 2186 3476 2255 pulchrum
3504 2189 3667 2241 oculis

2086 2287 2398 2347 aspectuque
2420 2278 2744 2340 delectabile,
2771 2293 2896 2331 ecce
2925 2277 3174 2347 superbia
3206 2277 3482 2330 ocrrlorurn
3513 2294 3527 2341 ;
3572 2294 3670 2345 per

2084 2366 2272 2420 oculos
2314 2367 2458 2420 enim
2504 2367 2789 2435 superbire
2827 2366 3165 2421 convincitur
3207 2367 3453 2434 quisquis
3491 2367 3543 2419 in
3587 2367 3671 2420 his

2084 2472 2204 2525 quae
2248 2456 2388 2511 Deus
2430 2458 2681 2525 prohibet
2725 2457 3058 2521 delectatur;
3089 2458 3340 2526 superbia
3380 2473 3509 2510 vero
3548 2458 3670 2511 visa:

2086 2547 2220 2609 fuit.
2272 2563 2392 2601 crrrrr
2425 2548 2617 2601 rrrrrlier
2660 2548 2847 2609 eadem
2896 2563 2959 2601 ex
3009 2564 3103 2603 ore
3146 2548 3410 2617 serpentis
3444 2548 3671 2602 libenter

2089 2639 2331 2693 audivit:
2360 2635 2526 2691 Eritis
2551 2638 2680 2691 sicut
2708 2638 2784 2692 dii
2813 2640 3030 2693 scientes
3063 2639 3252 2694 bonum
3288 2649 3333 2691 et
3364 2638 3584 2693 malum.

1508 2834 1673 2921 ΕΧ
1736 2830 2511 2969 ΑΡΟΟΑΙΑΥΡβΙ.

505 3019 544 3057 1.
586 3018 638 3056 IN
674 3018 912 3057 SERHONE
944 3019 1009 3056 DE
1046 3019 1375 3058 ΝΛΤΠΊΤΛΤΕ
1413 3018 1632 3057 SANCT£
1672 3018 1873 3058 “ANJK.

826 3091 954 3159 (Ed.
990 3106 1116 3146 tom.
1148 3094 1243 3157 Il,
1274 3111 1395 3163 pag.
1426 3095 1576 3163 219.)

473 3188 590 3242 Non
621 3188 834 3254 cniqarn
868 3186 1064 3241 sullicit
1099 3187 1164 3244 ad
1210 3188 1555 3255 capessenda’
1581 3186 1802 3256 prmmia
1843 3184 1988 3240 solus

398 3279 573 3347 pudor
600 3278 894 3345 virgineus.
924 3278 1022 3330 nisi
1052 3287 1104 3330 et
1124 3276 1244 3330 aliis
1269 3276 1431 3330 fuerit
1453 3277 1654 3330 ditatrrs
1676 3276 1983 3329 virtutibus.

397 3366 592 3421 ,ἰοειηηί
634 3369 831 3437 qrrippc
864 3368 913 3420 in
959 3368 1278 3438 Apocalypsi
1320 3382 1418 3436 per
1452 3368 1701 3439 angelum
1729 3368 1930 3421 dicitur
1969 3383 1983 3419 :

402 3459 477 3513 Hi
504 3471 625 3513 sunt
653 3461 743 3529 qui
765 3477 881 3512 cum
905 3460 1211 3514 mulieribus
1236 3476 1336 3512 non
1356 3470 1476 3513 sunt
1507 3459 1850 3529 coinquinati,
1884 3460 1988 3511 vir-

399 3551 546 3619 gines
582 3552 717 3603 enim
752 3560 876 3603 sunt
906 3561 953 3603 et
983 3562 1270 3619 sequuntur
1297 3554 1501 3619 Agnum
1524 3567 1824 3619 quocunque
1849 3551 1984 3603 ierit.
2068 3565 2075 3571 ‘

400 3643 587 3712 Agnus
630 3643 772 3696 eninr
817 3652 1038 3707 noster,
1096 3642 1183 3695 ille
1222 3642 1468 3696 videlicet
1497 3643 1586 3710 qui
1610 3642 1743 3694 tollit
1778 3651 1988 3710 peccata

400 3734 585 3784 mundi
611 3772 625 3796 ,
676 3733 996 3785 charitatenr
1030 3732 1217 3783 habuit
1244 3771 1260 3793 ,
1308 3733 1434 3799 quia
1472 3747 1569 3798 pro
1613 3730 1784 3783 salute
1817 3731 1992 3783 homi-

404 3838 529 3875 num
568 3823 848 3889 proprium
880 3821 1195 3889 sanguinem
1224 3819 1395 3884 fudit;
1452 3821 1623 3890 gratia
1666 3820 1990 3875 humilitatis

403 3913 652 3973 eminuit,
682 3912 809 3981 quia
839 3912 1132 3964 liumiliavit
1178 3914 1513 3980 semetipsum
1542 3928 1704 3981 usque
1733 3912 1802 3965 ad
1848 3929 1988 3966 mor-

403 4014 526 4064 tem,
556 4013 771 4055 mortem
797 4013 972 4055 autent
993 4003 1201 4066 crucis;
1230 4004 1547 4070 patientiam
1576 4007 1833 4066 servavit,
1864 4003 1989 4071 quia

400 4113 522 4149 cum
540 4098 935 4149 mulediceretur
963 4113 1065 4148 non
1090 4096 1452 4159 maledicebat,
1476 4112 1592 4147 cum
1606 4106 1869 4163 pateretur
1888 4111 1999 4148 non»

402 4188 868 4248 comminabatur;
939 4191 1223 4238 mundana:
1301 4185 1579 4253 dignitatis
1645 4184 1987 4241 altitudinem

402 4279 628 4345 sprevit,
658 4279 782 4344 quia
811 4278 948 4329 sicut
977 4293 1071 4343 per
1094 4273 1358 4329 Joannem
1385 4276 1606 4336 dicitur.
1639 4291 1763 4328 cum
1791 4274 1992 4327 vellent

2012 3016 2057 3076 (ς
2090 3000 2419 3070 superﬂuum
2453 3002 2750 3072 deputavit.
2785 3005 2892 3061 Sed
2924 3021 3049 3061 mox
3082 3007 3310 3062 tacendo
3348 3008 3534 3063 audire
3560 3023 3668 3062 me-

2092 3094 2202 3148 ruit
2228 3094 2373 3164 quod
2417 3095 2799 3166 interrogando
2841 3099 3115 3168 inquirere
3157 3115 3265 3154 non
3295 3104 3663 3169 przesumpsit;

2090 3182 2166 3235 ait
2225 3183 2369 3237 enim
2418 3185 2641 3253 angelus
2678 3187 2726 3240 ei
2754 3205 2766 3239 :
2797 3185 2880 3240 Ne
2921 3190 3102 3242 timeas
3127 3229 3141 3251 ,
3180 3189 3352 3242 Maria
3379 3231 3393 3251 ,
3435 3190 3673 3244 invenisti

2087 3287 2225 3325 enim
2250 3274 2478 3341 gratiam
2501 3276 2640 3343 apud
2666 3274 2944 3330 Dominum
2965 3294 2982 3341 ;
3008 3294 3121 3331 ecce
3144 3280 3402 3346 concipies
3427 3281 3479 3332 in
3503 3292 3664 3343 utero,

2088 3371 2136 3415 et
2166 3379 2339 3425 partes
2368 3363 2571 3432 ﬁlium,
2602 3377 2649 3418 et
2678 3368 2944 3421 rocubitur
2964 3354 3148 3422 nomen
3172 3369 3288 3436 ejus
3314 3369 3492 3423 Jesus.

2548 3472 2587 3510 11
2650 3472 2701 3511 ΙΝ
2740 3472 2916 3511 EODEM
2956 3473 3220 3513 SERIONE.

2788 3547 2975 3618 una.)

2166 3635 2403 3718 Habebat
2434 3638 2487 3692 in
2511 3639 2810 3692 vestimento
2836 3650 2882 3691 ct
2911 3641 2963 3693 in
2990 3641 3185 3708 femore
3227 3658 3323 3696 suo
3365 3644 3615 3712 scriptum
3647 3659 3669 3696 :

2101 3728 2210 3783 Rex
2248 3746 2423 3799 regum
2454 3740 2500 3782 et
2528 3728 2784 3784 Dominus
2831 3732 3235 3786 dominantium.
3281 3731 3666 3787 Vestimentutn

2090 3820 2287 3889 quippe
2312 3818 2517 3874 Christi
2553 3820 2687 3874 nihil
2718 3830 2799 3875 est
2830 3821 2975 3875 aliud
3002 3823 3105 3875 nisi
3132 3838 3331 3893 eurpus
3351 3825 3495 3892 quod
3524 3840 3670 3876 surn-

2090 3910 2197 3976 psit
2227 3924 2293 3962 es
2324 3908 2553 3979 virgine.
2606 3908 2712 3963 Per
2762 3908 2937 3963 femur
2961 3925 3087 3966 vero
3130 3914 3445 3983 propagatio
3491 3914 3668 3967 carnis

2092 4003 2169 4055 lit.
2210 4001 2310 4066 Qui
2340 4015 2470 4071 ergo
2501 4016 2594 4070 per
2628 4002 3072 4071 propagatiouem
3114 4005 3328 4074 generis
3370 4006 3587 4059 humani
3616 4005 3667 4058 in

2092 4092 2350 4145 mundum
2412 4092 2554 4145 lnrrre
2592 4094 2738 4145 venit
2786 4107 2850 4146 ex
2886 4091 3142 4161 Virgine,
3192 4105 3247 4148 et
3281 4111 3376 4163 per
3425 4096 3666 4149 incarna-

2092 4180 2255 4232 tionis
2304 4194 2417 4233 srne
2456 4181 2771 4250 mysterium
2808 4182 2933 4250 quia
2986 4182 3099 4237 Rex
3140 4196 3286 4240 esset
3323 4193 3379 4238 et
3412 4184 3666 4239 Dominus

2093 4268 2301 4323 cunctis
2338 4270 2587 4337 gentibus
2617 4270 2872 4343 indicavit
2897 4310 2911 4337 ,
2943 4270 2994 4323 in
3043 4273 3364 4326 vestimento
3390 4282 3443 4327 et
3492 4275 3540 4326 in
3594 4272 3670 4326 fe-

404 4372 556 4426 illum
591 4388 769 4435 regem
809 4375 1141 4426 constituere
1165 4412 1179 4433 ,
1222 4372 1422 4424 montis
1468 4372 1747 4424 latibulum
1793 4372 1987 4441 petiit;
2022 4373 2068 4430 D
2098 4376 2246 4416 more
2266 4361 2527 4430 δυνὶριιιιιι
2552 4362 2742 4415 habt!“
2766 4380 2778 4414 ε
2806 4361 2916 4415 Rex
2940 4380 3115 4432 regum
3149 4374 3194 4416 ει
3230 4363 3481 4417 υυιηὶηυι
3507 4364 3668 4417 40mi-

407 4462 654 4519 inirnicos
686 4461 897 4522 dilexit,
930 4477 1025 4529 pro
1053 4462 1250 4529 quibus
1276 4471 1347 4513 et-
1374 4463 1424 4514 in
1471 4478 1631 4515 cruce
1665 4463 1868 4530 positus
1897 4479 1990 4516 ex-

404 4551 587 4605 oravit
624 4550 811 4602 dicens
839 4567 853 4601 :
882 4547 1063 4610 l’ater,
1094 4550 1299 4619 ignosce
1328 4549 1433 4603 illis
1453 4553 1575 4620 quia
1606 4552 1836 4603 nesciunt
1864 4552 1989 4620 quid

407 4642 627 4711 faciunt.
671 4640 759 4694 Ille
790 4642 967 4711 itaque
996 4642 1205 4712 Agnum
1238 4658 1562 4711 qrrocrrrrque
1595 4643 1718 4696 ierit
1748 4643 1992 4711 sequitur

406 4734 499 4803 qui
535 4749 637 4787 non
666 4734 778 4787 sola
806 4734 1113 4803 virginitate
1140 4733 1256 4802 ejus
1288 4736 1532 4807 vestigia,
1566 4736 1658 4790 sed
1685 4750 1780 4804 per
1801 4751 1989 4789 omnes

409 4840 621 4893 quoque
649 4826 904 4879 virtutrnn
942 4828 1161 4880 semitas
1190 4827 1243 4879 in
1268 4837 1531 4895 quantum
1555 4826 1698 4881 valet
1726 4827 1984 4880 imitatur.

406 4914 499 4968 Ille
529 4918 734 4985 Agnunr
760 4917 1002 4984 sequitur
1039 4918 1090 4969 in
1115 4919 1481 4985 perverrtiorris
1514 4919 1698 4987 requie
1721 4919 1810 4986 qui
1840 4918 1986 4973 illum

409 5006 607 5059 imitari
658 5006 861 5059 studuit
900 5007 952 5058 in
1000 5007 1208 5060 itineris
1249 5009 1593 5063 adversitate.
1632 5009 1721 5062 Illa
1759 5026 1989 5079 namque

410 5097 691 5165 virginitas
727 5098 961 5165 perlecta
990 5109 1072 5151 cst
1101 5114 1220 5165 qua:
1252 5100 1472 5168 reliquis
1497 5102 1785 5156 virtutibus
1814 5102 1987 5171 cing-i-

412 5194 498 5237 trrr
526 5226 541 5248 ,
572 5202 692 5254 qua:
717 5202 842 5238 vera
871 5186 1068 5240 mentis
1098 5188 1406 5244 humilitate
1430 5192 1702 5251 conditur,
1736 5208 1854 5258 quae
1878 5208 1984 5244 non

409 5275 581 5329 solum
613 5277 867 5330 illibatam
906 5294 963 5332 se
988 5288 1169 5334 servat
1203 5280 1253 5333 in
1293 5296 1455 5334 carne
1475 5321 1489 5344 ,
1520 5284 1613 5335 sed
1638 5283 1799 5335 etiam
1833 5282 1986 5351 pndi-

409 5382 528 5419 cam
551 5371 786 5423 custodit
814 5371 865 5423 in
897 5386 1011 5424 ore.
1051 5371 1199 5426 Unde
1228 5382 1282 5425 et
1306 5374 1462 5428 beata
1494 5374 1644 5442 virgo
1669 5374 1857 5437 Maria,
1892 5388 1988 5425 au-

409 5457 523 5511 dito
572 5461 826 5531 angelica:
869 5463 1149 5532 legationis
1189 5465 1466 5534 mysterio.
1499 5466 1712 5519 solitmn
1759 5464 1989 5518 modesti

410 5548 607 5601 Silt‘llltl
644 5552 875 5620 rigorem
906 5555 1094 5616 tenuit,
1141 5564 1193 5607 et
1222 5557 1263 5608 si
1299 5556 1409 5623 ipsa
1443 5556 1583 5609 intra
1618 5572 1675 5609 se
1722 5555 1991 5608 discutere

410 5650 595 5712 pesset
636 5644 808 5712 qualis
852 5656 980 5700 esset
1028 5646 1121 5700 illa
1146 5647 1393 5701 salusatio
1415 5688 1430 5714 ,
1461 5648 1681 5702 verbum
1720 5647 1994 5717 inquirere

2097 4452 2337 4504 nantium
2365 4470 2381 4515 ,'
2426 4452 2567 4506 unde
2600 4454 2745 4506 enirn
2772 4456 2970 4509 mundo
3000 4456 3257 4519 innotuit,
3284 4455 3355 4509 ibi
3387 4457 3669 4512 scientiam

2094 4558 2204 4599 sua:
2241 4544 2539 4613 nrajestatis
2576 4545 2874 4614 inscripsit.

2271 4650 2347 4687 111.
2379 4651 2429 4689 IN
2458 4650 2697 4689 SBRIONE
2725 4652 2789 4690 DE
2820 4652 3022 4691 SANC‘I‘O
3048 4652 3471 4693 ιιλῐιτιιοιοιιιεο.

2526 4733 2654 4804 (Ed.
2683 4744 2810 4788 tom;
2837 4733 3064 4803 II,page
3092 4736 3244 4806 206.;-

2163 4824 2397 4896 Singula:
2418 4834 2585 4895 portae
2612 4835 2773 4879 erant
2811 4842 2876 4880 ex
2907 4828 3131 4897 singulis
3160 4829 3486 4898 margaritis.
3535 4828 3670 4881 Mar-

2091 4918 2278 4987 garitie
2316 4918 2417 4971 illae
2463 4919 2745 4987 pretiosze,
2794 4934 2928 4986 quas
2960 4921 3147 4973 beatus
3185 4918 3419 4973 Joannes
3448 4936 3506 4975 se
3542 4936 3669 4972 ron-

2090 5009 2331 5076 Spexisse
2360 5010 2701 5076 pronuntiat,
2743 5025 2807 5063 ex
2853 5010 3049 5077 quibus
3077 5010 3241 5062 etiam
3272 5012 3512 5065 cwlestis
3543 5010 3664 5063 llie—

2090 5099 2323 5153 rusalcm
2373 5110 2557 5168 portas
2603 5102 2846 5168 perhibet
2899 5117 3019 5154 esse
3063 5111 3436 5163 constructas,
3493 5102 3665 5155 sa..cti

2090 5189 2314 5256 apostoli
2341 5200 2504 5253 sunt;
2540 5190 2639 5259 ipsi
2674 5191 2924 5246 nimirum
2950 5200 3148 5260 parte,
3182 5192 3282 5260 ipsi
3312 5204 3438 5246 sunt
3474 5193 3669 5246 nihilo-

2090 5282 2269 5336 minus
2292 5284 2595 5351 margarita:
2616 5324 2629 5346 .
2662 5287 2818 5353 quia,
2851 5286 2976 5338 dum
3003 5286 3170 5355 signis
3216 5296 3380 5354 atque
3409 5286 3670 5356 prodigiis

2091 5371 2352 5441 quosdam
2401 5372 2568 5425 divini
2608 5373 2911 5441 splendoris
2956 5375 3134 5428 radios
3172 5376 3420 5435 nrittunt,
3474 5376 3541 5429 ad
3574 5392 3667 5430 su-

2094 5478 2273 5532 perate
2305 5464 2635 5519 Hierusalem
2670 5466 2894 5535 gloriam
2922 5466 3202 5520 conversis
3241 5467 3308 5518 ad
3350 5466 3506 5522 tidem
3539 5482 3664 5537 ger.-

2096 5555 2240 5608 tibus
2268 5557 2469 5609 aditum
2499 5559 2770 5626 pandunt;
2812 5568 2865 5611 et
2903 5558 3212 5625 quicunque
3259 5557 3537 5621 salvatur,
3572 5577 3669 5629 per

2098 5647 2198 5700 hos
2246 5648 2400 5715 quasi
2454 5658 2640 5717 portas
2667 5648 2730 5702 ad
2761 5649 2923 5702 vitam
2976 5647 3148 5701 viator
3177 5648 3498 5721 ingreditur.
3528 5652 3671 5719 Quc-
