4028 6168
350 380 457 439 905

1254 387 1754 450 COILECTANEA
1808 393 1899 450 EX
1940 390 2137 457 ΝΟνο
2175 397 2708 480 TESTAMENTO.

3418 376 3594 487 eos

352 505 469 603 ium
498 490 793 603 mysticam
826 499 1047 597 tenuere
1077 493 1304 603 ﬁguram
1342 508 1397 554 et
1435 499 1642 603 lapides
1670 501 1744 603 illi
1778 502 1870 603 qui
1903 544 1918 569 ,
1949 500 2187 571 Adecim
2210 506 2439 581 lapides,
2472 517 2609 573 terni
2647 534 2746 591 per
2788 531 3086 594 quaternos
3131 531 3358 603 angulos
3395 528 3595 588 inclusi

349 580 716 695 Deo-iuben“?
742 584 944 695 Moysi.
994 587 1242 689 rationali
1289 593 1486 695 summi
1523 596 1823 695 sacerdotis
1847 596 1929 653 le-
2015 607 2174 665 auro,
2192 602 2319 670 quia
2355 606 2613 663 nimirum
2647 580 2820 669 sancti

574 672 587 686 .
810 675 821 687 .
1007 677 1019 689 .
1304 682 1317 693 ,
2879 672 2935 686 ,κ
3105 672 3193 693 τ-.
3234 672 3595 695 ,πη-...ωηη

344 674 1189 787 geritur-impressulincutaque
1215 683 1481 787 rationale
1501 685 1757 787 sacerdos
1785 686 1930 743 fere-
2014 690 2205 787 orbem
2240 693 2309 751 de
2346 695 2640 771 Trinitate,
2675 721 2820 777 quat,
2852 709 2991 768 Deus
3024 724 3140 783 ρει,
3163 719 3595 787 “adiuvem”,

344 765 437 820 δίη
466 764 521 819 ⁵⁸³
542 774 803 857 Ρθοίοτεν
835 783 958 823 cum
986 769 1365 841 ingrederetur
1409 784 1658 832 sanctum
1710 787 1929 835 sanclo-
2015 783 2299 846 catholicae
2320 788 2446 848 ﬁdei
2478 755 2820 857 manus?"

342 866 486 908 rum.
540 852 874 927 Praaceptum
914 866 999 913 est
1021 873 1151 931 ergo
1172 869 1232 917 ut
1264 861 1320 918 in
1341 877 1407 920 eo
1432 875 1767 933 ponerentur
1791 868 1929 925 duo-

1321 1059 1488 1149 EX
1552 1061 2178 1179 EPISTOLIS
2256 1081 2663 1176 PAULI.

593 1229 685 1284 EX
729 1228 1062 1287 EPISTULA
1099 1231 1191 1286 AD
1228 1230 1667 1290 CORINTHIOS.

546 1338 586 1377 l.
627 1338 679 1377 IN
716 1338 957 1378 SEBMONE
996 1339 1063 1379 DE
1099 1340 1303 1380 SANCTO
1343 1340 1698 1383 BABBATIANO.

742 1413 869 1484 (Ed.
909 1425 1036 1470 tant.
1073 1415 1137 1471 ΙΙ
1161 1457 1176 1481 ,
1213 1434 1333 1487 pag.
1373 1417 1523 1489 551.)

346 1526 351 1531 ~
408 1503 622 1575 Lingua:
649 1503 703 1559 in
727 1507 937 1575 signum
963 1517 1084 1561 sunt
1113 1524 1217 1561 non
1254 1508 1499 1576 ﬁdelibus
1522 1549 1537 1574 ,
1568 1509 1661 1565 sed
1688 1511 1919 1580 inﬁdeli-

333 1596 449 1650 bus.
484 1595 588 1651 Sed
620 1597 744 1651 dum
778 1597 881 1652 ista
910 1597 1141 1653 dicimus
1169 1638 1183 1663 ,
1209 1599 1565 1668 quaestionem
1602 1600 1758 1655 nobis
1786 1600 1920 1657 oriri

332 1700 439 1739 non
485 1685 604 1740 sine
637 1687 815 1757 aliqua
856 1686 1173 1761 dillicultate
1199 1689 1483 1756 videmus;
1519 1689 1564 1744 si
1596 1690 1742 1744 enim
1767 1689 1920 1760 signa

329 1784 554 1844 propter
584 1776 829 1833 inﬁdeles
852 1778 978 1832 data
1017 1793 1139 1834 esse
1179 1779 1474 1846 dicuntur,
1515 1779 1646 1850 quid
1694 1790 1780 1836 est
1818 1781 1922 1837 hoc

2006 1235 2067 1283 ut
2083 1227 2195 1297 iam
2229 1240 2534 1296 necessaria
2558 1256 2664 1299 non
2688 1242 2762 1301 sit
2794 1244 3135 1317 dispensatio
3167 1248 3584 1309 similitudinum

2009 1336 2108 1393 per
2142 1321 2386 1392 angelos,
2439 1332 2494 1379 et
2548 1333 2903 1397 princtpams,
2932 1347 2988 1383 ct
3019 1349 3344 1400 potestates,
3378 1357 3433 1398 εει
3468 1347 3587 1402 νίν-

2014 1419 2174 1468 tates.
2208 1414 2285 1471 Ex
2305 1428 2533 1484 quarum
2569 1430 2801 1485 persona
2822 1431 2928 1472 non
2962 1418 3408 1476 inconvenienter
3430 1421 3592 1477 intel-

2014 1504 2201 1574 ligitur
2233 1505 2342 1561 dici
2400 1507 2453 1561 in
2491 1508 2735 1566 Canticis
2764 1510 3101 1565 canticorum
3154 1514 3221 1565 ad
3261 1527 3521 1581 sponsam
3574 1530 3593 1569 :

2016 1595 2407 1654 Similitudines
2434 1600 2558 1654 auri
2586 1600 2839 1671 faciemus
2868 1601 2961 1655 tibi
3009 1618 3130 1657 cum
3159 1601 3596 1659 distinctionibus

2018 1692 2243 1758 argenti,
2280 1692 2459 1757 quoad
2506 1708 2672 1755 usque
2700 1709 2794 1776 rea:
2831 1694 2886 1748 in
2914 1694 3147 1749 recubito
3179 1709 3275 1749 suo
3299 1694 3481 1776 est..id
3516 1706 3603 1776 est

2030 1778 2381 1847 quoadusque
2430 1773 2681 1830 Christus
2712 1771 2765 1825 in
2802 1777 3013 1825 secreto
3048 1782 3147 1823 suo
3170 1777 3289 1831 est,
3333 1771 3460 1835 quia
3507 1771 3606 1819 vita

329 1841 473 1934 quod
504 1866 834 1936 Redemptor
865 1877 1051 1924 noster
1081 1870 1133 1924 in
1158 1870 1334 1939 patria
1362 1841 1469 1926 sua
1485 1841 1709 1941 propter
1743 1872 1921 1926 incre-
1950 1841 1996 1901 Β
2025 1841 2203 1923 nostra
2224 1841 2531 1922 abscondita
2564 1872 2638 1919 est
2669 1878 2789 1917 cum
2824 1859 3032 1917 Christo
3060 1860 3114 1912 in
3132 1857 3275 1923 Deo;
3298 1873 3419 1911 cum
3456 1854 3606 1911 Chri-

328 1956 610 2012 dulitatem
640 1959 918 2013 hominum
962 1960 1050 2015 vix
1104 1976 1308 2031 paucas
1356 1960 1588 2017 virtutes
1615 1945 1798 2018 facere
1828 1978 1923 2032 po-

330 2046 496 2102 tuisse
528 2047 888 2117 perhibetur?
937 2048 1092 2105 Sicut
1131 2051 1276 2106 enim
1324 2050 1541 2106 Marcus
1586 2051 1920 2122 evangelista

329 2145 602 2192 testatur:
633 2136 791 2191 Multi
821 2140 1093 2194 audientes
1124 2141 1536 2196 admirabantur
1575 2142 1631 2196 in
1680 2142 1921 2197 doctrina

325 2228 441 2298 ejus
466 2229 691 2282 dicentes
718 2243 737 2282 :
766 2226 916 2283 Unde
932 2228 1055 2283 huic
1091 2229 1203 2285 Itwc
1230 2231 1453 2284 omnia?
1501 2240 1551 2285 et
1591 2247 1708 2301 qua:
1735 2242 1808 2285 est
1834 2248 1921 2285 sa-

324 2320 523 2387 pientia
550 2336 669 2389 qua:
693 2321 823 2373 data
862 2329 938 2374 est
975 2320 1096 2383 illi,
1140 2331 1188 2374 et
1232 2322 1448 2375 virtutes
1488 2321 1621 2375 tales
1672 2339 1788 2392 qua:
1828 2338 1921 2390 per

325 2425 517 2463 manus
544 2407 657 2476 ejus
678 2410 1012 2480 efﬁciuntur?
1040 2408 1230 2464 Nonne
1259 2411 1345 2464 hic
1388 2421 1465 2466 est
1510 2412 1650 2481 fabri
1698 2412 1842 2480 filius
1868 2422 1918 2467 et

327 2498 552 2563 Mariae,
576 2500 742 2569 frater
762 2500 952 2556 Jacobi
986 2512 1034 2556 et
1072 2502 1267 2572 Ioseph
1307 2502 1537 2558 etJudtc
1555 2512 1603 2558 et
1642 2502 1871 2559 Simonis
1894 2506 1920 2559 Ρ

325 2608 496 2647 nonne
519 2601 567 2646 et
593 2609 799 2647 sorores
821 2593 936 2663 ejus
962 2595 1233 2648 nobiscum
1277 2596 1453 2650 sunt?
1495 2605 1543 2650 et
1583 2596 1919 2651 scandaliza-

326 2681 519 2735 bantur
538 2682 591 2736 in
617 2681 732 2737 illo.
766 2681 920 2738 Unde
943 2692 999 2738 et
1026 2683 1188 2754 paqu
1216 2692 1335 2755 post
1364 2685 1618 2740 subditur
1646 2704 1658 2739 :
1694 2682 1763 2739 Et
1813 2702 1916 2741 non

322 2781 525 2841 poterat
546 2772 618 2825 ibi
638 2773 879 2828 virtutem
904 2773 1069 2828 ullam
1101 2775 1275 2844 facere
1298 2816 1313 2840 ,
1368 2776 1469 2830 nisi
1524 2793 1723 2845 paucos
1764 2778 1915 2845 inﬁr-

323 2879 436 2916 mos
458 2863 719 2940 impositis
744 2864 985 2919 manibus
1022 2867 1226 2920 curavit
1248 2907 1261 2932 ,
1292 2878 1339 2921 et
1367 2868 1657 2922 mirabatur
1705 2879 1916 2938 propter

323 2952 738 3009 incredulitatem
767 2954 1000 3010 illorum.
1033 2955 1174 3024 Quid
1202 2959 1449 3024 esthoc,
1499 2957 1699 3015 fratres
1724 3000 1738 3023 ,
1782 2960 1931 3029 qttia‘

323 3042 523 3099 Paulus
545 3043 776 3100 allirmat
804 3046 958 3118 signa
990 3063 1089 3118 pro
1122 3048 1432 3104 inﬁdelibus
1470 3050 1593 3105 data
1623 3090 1638 3116 ,
1692 3049 1910 3108 Marcus

322 3134 523 3188 asserit
549 3142 770 3205 propter
800 3136 1043 3193 inﬁdeles
1082 3137 1248 3195 fuisse
1285 3141 1609 3196 subtracta?
1653 3141 1907 3214 Nunquid

321 3229 625 3283 contrarias
656 3230 798 3284 inter
820 3246 879 3285 se
910 3231 1138 3287 invicem
1170 3232 1414 3302 proferre
1438 3235 1741 3291 sententias
1780 3250 1907 3307 pos-

321 3326 479 3385 sunt,
513 3319 603 3389 qui
630 3336 738 3377 uno
767 3322 958 3392 spiritu
993 3323 1134 3392 pleni
1168 3324 1336 3378 sunt?
1361 3323 1468 3379 Sed
1498 3326 1792 3381 notandum
1823 3336 1909 3383 est

321 3410 446 3480 quia
477 3411 528 3465 in
559 3411 688 3481 ipsis
714 3412 1022 3469 inﬁdelibus
1042 3422 1160 3470 erat
1187 3415 1405 3485 quidam
1432 3416 1766 3474 diversitatis
1793 3435 1907 3475 mo-

319 3500 456 3567 dus;
489 3517 585 3573 par
614 3503 830 3572 quidem
861 3518 1016 3559 error
1041 3504 1217 3560 fuerat
1242 3507 1483 3561 omnium
1532 3523 1639 3563 non
1682 3512 1906 3565 creden-

319 3582 490 3656 tium,
523 3592 617 3646 sed
658 3607 851 3663 magna
903 3593 1189 3649 diversitas
1244 3595 1600 3662 meritorum;
1644 3596 1790 3653 aliud
1823 3606 1908 3654 est

318 3680 464 3749 enim
498 3682 540 3736 si
566 3681 677 3737 sola
718 3683 840 3752 quis
891 3682 1111 3739 fallatur
1156 3685 1496 3756 ignorantia,
1541 3687 1687 3743 aliud
1718 3688 1763 3745 si
1800 3690 1900 3744 ad-

315 3770 501 3840 juncta
528 3789 745 3844 quoque
766 3784 913 3829 esset
939 3775 1166 3830 malitia.
1194 3775 1499 3846 Ignorantia
1547 3778 1747 3836 Paulus
1780 3795 1905 3850 pec-

317 3865 648 3935 caveratqui
676 3865 922 3921 dicebat:
953 3866 1058 3931 Qui
1081 3868 1229 3936 prius
1250 3868 1330 3937 fui
1354 3868 1683 3939 blasphemus
1705 3880 1751 3925 et
1783 3884 1903 3940 pera

318 3964 527 4010 secutor
549 3963 598 4009 et
636 3956 955 4025 injuriosus,
986 3956 1077 4010 sed
1104 3957 1222 4011 ideo
1262 3958 1678 4012 misericordiam
1723 3976 1905 4015 conse-

318 4058 468 4100 cutus
497 4064 612 4101 sum
646 4050 771 4118 quia
812 4050 1063 4119 ignorans
1100 4049 1241 4119 feci;
1290 4063 1387 4119 per
1431 4049 1696 4106 malitiam
1739 4050 1905 4107 ludas

316 4136 682 4207 peccavit,et
707 4138 828 4193 ideo
875 4152 1220 4208 nequaquam
1269 4130 1457 4194 v'enire
1499 4140 1567 4194 ad
1617 4140 1903 4212 indulgen-

316 4230 448 4285 tiam
473 4230 692 4284 meruit.
737 4230 844 4285 Pro
889 4230 995 4286 illis
1040 4244 1171 4301 ergo
1218 4229 1526 4286 inﬁdelibus
1575 4231 1727 4303 signa
1778 4232 1904 4288 data

316 4328 445 4375 sunt
463 4360 477 4385 ,
502 4336 640 4391 quos
666 4320 843 4375 divina
872 4322 1212 4392 providentia
1237 4321 1664 4379 misericorditer
1694 4322 1904 4379 salvare

314 4408 632 4465 decreverat
658 4426 671 4473 ;
706 4421 926 4480 propter
952 4412 1074 4467 illos
1103 4428 1230 4467 vero
1258 4411 1541 4469 subtracta
1561 4423 1727 4478 sunt,
1766 4430 1903 4484 quos

2021 1970 2169 2025 stus,
2210 1959 2431 2030 inquit,
2486 1956 2813 2027 apparuerit,
2849 1955 2957 2009 vita
3004 1961 3210 2016 vestra,
3252 1959 3375 2003 tunc
3422 1958 3470 2004 et
3522 1964 3609 2003 vos

2020 2050 2339 2123 apparebitis
2367 2065 2484 2104 cum
2520 2049 2612 2102 illo
2638 2049 2692 2102 in
2721 2046 2911 2118 gloria.
2943 2044 3098 2113 Quod
3147 2050 3436 2112 antequam
3472 2039 3565 2094 ﬁat
3593 2080 3609 2103 ,

2020 2144 2253 2199 uidemus
2290 2157 2427 2196 nunc
2464 2156 2557 2209 per
2595 2137 2862 2209 speculum
2902 2137 2958 2191 in
3027 2136 3305 2205 (enigmata
3328 2175 3343 2198 ,
3384 2134 3489 2189 hoc
3527 2140 3612 2187 est

2023 2234 2077 2289 in
2141 2230 2628 2294 similitudinibus,
2683 2238 2807 2282 tunc
2863 2235 3039 2280 autem
3087 2224 3222 2294 facie
3270 2225 3340 2277 ad
3395 2222 3607 2292 faciem.

2021 2327 2147 2384 Haec
2203 2306 2458 2381 nimirum
2484 2324 2640 2379 nobis
2669 2320 3070 2395 contemplatio
3096 2318 3433 2389 promittitur
3457 2356 3473 2382 ,
3518 2330 3609 2371 ac-

2019 2419 2226 2474 tionum
2255 2416 2497 2473 omnium
2528 2414 2652 2470 ﬁnis
2695 2422 2859 2483 atque
2889 2419 3092 2467 aeterna
3151 2408 3417 2480 perfectio
3477 2421 3609 2476 gau-

2018 2510 2272 2574 diorum;
2306 2507 2406 2576 ﬁlii
2426 2508 2564 2560 enim
2585 2520 2801 2568 sumus,
2835 2512 2883 2559 et
2915 2502 3148 2556 nondum
3196 2499 3441 2570 apparuit
3481 2498 3608 2568 quid

2015 2602 2241 2665 erimus;
2272 2601 2463 2655 scimus
2477 2599 2601 2668 quia
2617 2611 2733 2649 cum
2756 2593 3079 2665 apparueri',
3104 2590 3298 2646 similes
3316 2590 3367 2645 ei
3389 2589 3607 2649 erimus.

2013 2693 2138 2761 quia
2172 2691 2460 2745 videbimus
2487 2704 2604 2743 eum
2633 2687 2788 2741 sicuti
2827 2694 2921 2739 est.
2963 2683 3038 2738 Ita
3085 2683 3285 2754 quippe
3312 2682 3388 2735 ait
3417 2698 3431 2735 :
3478 2679 3609 2734 Ha'c

2013 2792 2089 2837 est
2120 2790 2293 2836 autem
2316 2782 2420 2835 vita
2449 2789 2645 2833 mterna
2682 2784 2738 2831 ut
2778 2785 3091 2846 cognoscant
3136 2783 3185 2828 te
3224 2788 3389 2827 unum
3428 2788 3608 2827 rerum

2014 2872 2222 2939 Deum,
2272 2882 2320 2927 et
2361 2888 2512 2941 quem
2566 2870 2755 2925 misisti
2791 2868 2976 2923 Iesum
3022 2866 3308 2921 Christum.
3352 2863 3465 2919 Hoc
3516 2862 3608 2918 ﬁet

2013 2978 2137 3019 cum
2167 2963 2382 3019 venerit
2432 2960 2692 3016 Dominus
2758 2969 2813 3014 et
2866 2956 3252 3013 illuminaverit
3281 2953 3604 3010 abscondita

2013 3054 2379 3110 tenebrarum.
2409 3051 2543 3108 Cum
2569 3051 2806 3106 tenebrat
2826 3046 3171 3109 mortalitatis
3193 3045 3354 3116 hujus
3378 3058 3607 3112 corrupo

2014 3145 2286 3214 tionisque
2317 3141 2668 3205 transierint,
2721 3148 2847 3193 tunc
2877 3138 2984 3192 erit
3017 3150 3175 3191 mane
3206 3142 3450 3190 nostrum
3476 3125 3495 3198 ,
3535 3133 3603 3189 de

2013 3251 2121 3306 quo
2149 3235 2201 3289 in
2226 3233 2433 3303 psalmo
2458 3231 2692 3287 dicitur:
2724 3229 2882 3284 Mane
2905 3227 3085 3282 astabo
3106 3225 3203 3279 tibi
3221 3237 3267 3280 et
3295 3225 3496 3279 videbo.
3527 3223 3606 3279 De

2008 3329 2111 3384 hac
2140 3324 2598 3395 contemplatione
2625 3321 2944 3391 intelligitur
2972 3320 3179 3375 dictum
3214 3334 3333 3372 cum
3364 3315 3602 3371 tradide-

2009 3420 2074 3473 rit
2104 3432 2316 3488 regnum
2343 3415 2454 3469 Deo
2477 3422 2525 3468 et
2560 3410 2744 3476 Patri,
2778 3412 2830 3467 id
2854 3418 2936 3465 est
2984 3424 3107 3465 cum
3134 3406 3451 3478 perduxerit
3476 3405 3600 3474 jus-

2008 3520 2125 3573 tos,
2156 3508 2209 3563 in
2239 3506 2437 3577 quibus
2466 3520 2609 3560 nunc
2635 3519 2702 3560 ex
2728 3502 2833 3559 ﬁde
2862 3501 3171 3557 viventibus
3213 3505 3405 3570 regnat
3431 3538 3448 3564 ,
3488 3512 3601 3552 me—

2006 3600 2187 3654 diator
2218 3598 2310 3653 Dei
2341 3605 2395 3652 et
2431 3596 2714 3652 hominum
2744 3634 2761 3661 ,
2818 3593 2981 3649 homo
3021 3590 3274 3647 Christus
3312 3587 3474 3645 Jesus
3528 3584 3599 3643 ad

2007 3688 2527 3760 contemplationem
2562 3685 2655 3742 Dei
2688 3684 2887 3740 Patris.

2226 3795 2309 3835 III.
2352 3795 2403 3834 IN
2434 3793 2693 3834 EPISTOLA-
2721 3791 2788 3830 AD
2825 3789 3038 3831 PETRI)“
3071 3784 3385 3829 HONACIIUIo

2441 3868 2573 3939 (Ed.
2603 3877 2731 3922 tom.
2764 3866 2825 3931 I,
2853 3883 2974 3936 pag.
3002 3865 3152 3935 2I9.)

2006 3983 2017 3989 ’
2076 3962 2275 4017 Paulus
2295 3960 2557 4033 gloriatur
2591 3958 2718 4028 quia
2770 3966 2853 4013 ter
2902 3957 3069 4027 virgis
3144 3970 3320 4010 etesus
3373 3962 3496 4018 est,
3540 3963 3597 4008 et

2004 4054 2131 4124 quia
2178 4052 2469 4123 quinquies
2519 4051 2898 4121 quadragenas
2959 4064 3066 4102 una
3124 4048 3305 4103 minus
3359 4046 3592 4115 accepit.

2005 4147 2345 4217 Prameperat
2380 4144 2523 4200 enim
2572 4142 2782 4214 Moyses
2822 4150 2882 4197 ut
2920 4156 3085 4212 quem
3116 4137 3327 4209 iudices
3375 4138 3595 4209 dignum

2004 4238 2253 4294 viderent
2275 4236 2468 4309 plagis,
2502 4235 2777 4292 verberari
2799 4233 3045 4289 lacerent
3064 4248 3163 4305 pro
3189 4246 3441 4288 mensura
3465 4248 3594 4302 pec-

2003 4327 2156 4395 cati,
2197 4327 2273 4383 ita
2333 4327 2593 4383 duntaxat
2645 4334 2706 4380 ut
2749 4323 3238 4395 quadragenarium
3274 4337 3592 4377 numerum

2003 4434 2111 4474 non
2140 4417 2485 4474 excederent.
2515 4416 2994 4489 Quadragenarins
3017 4415 3286 4486 siquidem
3332 4430 3595 4470 numerus

317 4502 386 4557 ab
407 4502 703 4557 electorum
725 4514 872 4560 sorte
898 4547 911 4569 ,
942 4506 1281 4576 exigentibus
1304 4510 1734 4571 eorum,meritis
1751 4550 1765 4575 ,
1792 4511 1900 4567 dis-
1927 4524 1981 4586 ι)
2005 4510 2256 4567 humanae
2278 4511 2401 4565 vita:
2425 4509 2695 4581 signiﬁcat
2716 4524 2936 4566 cursum
2963 4548 2977 4574 ,
3010 4510 3102 4579 qui
3124 4508 3375 4564 videlicet
3400 4523 3596 4563 nurne-

318 4596 488 4650 tricta:
507 4597 813 4652 severitatis
835 4598 1044 4668 justitia
1073 4598 1389 4669 repellebat.

315 4723 376 4761 II.
416 4722 471 4764 IN
499 4723 752 4763 ειηετοω
783 4724 850 4761 AD
881 4723 998 4761 ABB.
1027 4723 1347 4763 DESIDERIUM
1377 4750 1391 4773 ,
1434 4726 1523 4765 UBI
1561 4726 1626 4764 DE
1672 4726 1905 4765 REPARA-

740 4792 898 4832 'I'IONE
934 4792 1167 4831 VIRGIMS
1194 4793 1481 4833 DISPUTAT.

696 4864 824 4936 (Ed.
866 4875 993 4921 tom.
1034 4864 1130 4919 ΙΙΙ
1159 4906 1174 4930 ,
1213 4883 1333 4936 pag.
1375 4867 1525 4936 6I3.)

384 4956 519 5012 Cum
570 4958 845 5013 tradiderit
896 4974 1113 5028 regnum
1146 4957 1253 5012 Deo
1302 4967 1349 5012 et
1394 4956 1567 5013 Patri.
1612 4957 1903 5027 Hocjnxta

314 5051 468 5106 verbi
498 5066 689 5106 sonum
720 5050 1117 5120 quodammodo
1158 5048 1467 5119 signiﬁcare
1493 5050 1724 5115 videtur,
1784 5058 1905 5106 tan-

309 5158 482 5219 quam
534 5164 760 5217 regnum
813 5149 983 5201 donec
1030 5145 1198 5201 Filius
1251 5155 1542 5211 tenuerat,
1592 5146 1752 5202 Pater
1794 5161 1901 5201 non

312 5236 587 5306 habebat,
621 5249 674 5294 et
699 5255 818 5295 cum
848 5239 995 5295 Patri
1027 5237 1344 5303 tradiderit,
1380 5238 1497 5308 ipse
1526 5253 1633 5292 non
1668 5247 1852 5293 teneat
1880 5256 1894 5303 ;

313 5348 439 5389 cum
490 5332 704 5387 tradere
750 5348 974 5403 regnum
1020 5332 1129 5387 Deo
1173 5330 1364 5395 Patri,
1408 5330 1542 5385 nihil
1589 5330 1732 5387 aliud
1778 5330 1899 5397 sit,

308 5423 465 5495 juxta
499 5423 751 5477 sobrium
771 5423 1135 5484 intellectum,
1171 5421 1271 5477 nisi
1295 5421 1593 5489 perducere
1618 5425 1902 5478 credentes

314 5514 383 5566 ad
409 5511 880 5581 contemplandam
907 5513 1138 5582 speciem
1164 5512 1256 5567 Dei
1287 5511 1501 5577 Patris;
1540 5519 1667 5566 tunc
1697 5512 1898 5582 quippe

306 5605 427 5660 Deo
456 5604 605 5660 Patri
646 5621 872 5676 regnum
903 5621 933 5660 a
972 5607 1108 5662 Filio
1131 5606 1387 5672 traditur,
1411 5622 1535 5662 cum
1563 5621 1663 5678 per
1693 5606 1896 5662 Media-

308 5709 489 5750 mrem
515 5696 609 5751 Dei
635 5705 689 5751 et
715 5697 994 5751 hominum
1047 5698 1101 5752 in
1150 5698 1665 5767 contemplationem
1699 5698 1895 5755 divini-

312 5788 444 5844 tatis
469 5798 683 5844 a:tern:e
717 5788 953 5843 ﬁdelium
985 5789 1272 5846 multitudo
1307 5789 1633 5847 transfertur
1658 5832 1675 5852 .
1709 5791 1762 5846 id
1787 5800 1891 5860 est,

595 5901 846 5961 Parnm.
909 5899 1147 5962 CXLV.

2008 4620 2100 4659 rus
2127 4644 2142 4669 ,
2165 4604 2292 4659 dum
2323 4604 2445 4672 quis
2472 4601 2901 4677 vapulat,excedi
2930 4601 3271 4671 prohibetur,
3296 4600 3421 4670 quia
3446 4601 3591 4670 quis-

2005 4694 2127 4763 quis
2150 4694 2201 4746 in
2230 4695 2331 4747 hac
2358 4692 2469 4746 vita
2499 4693 2795 4761 perfectam
2822 4692 2997 4762 egerit
3024 4690 3430 4759 pmnitentiam,
3468 4691 3593 4745 nul--

2004 4784 2111 4838 lam
2141 4784 2484 4853 postmodum
2515 4797 2613 4851 pro
2642 4782 2754 4836 suis
2780 4781 3097 4836 excessibus
3115 4781 3315 4836 sentiet
3346 4794 3587 4849 paruam.

2004 4875 2175 4931 Porro
2226 4873 2497 4930 ternarias
2550 4881 2771 4942 propter
2827 4871 3142 4941 mysterium
3183 4878 3386 4925 sanctae
3415 4869 3594 4923 Trini-

2004 4967 2135 5021 tatis
2179 4965 2245 5020 ad
2283 4964 2483 5030 ﬁdem;
2527 4962 2808 5032 quinarins
2852 4971 3033 5017 autem
3079 4970 3300 5031 prepter
3347 4960 3593 5033 quinque

2002 5069 2194 5110 sensus
2225 5062 2442 5110 nostros
2466 5052 2703 5123 pertinet
2731 5052 2799 5107 ad
2827 5052 3199 5120 operationem
3225 5069 3239 5117 ;
3270 5052 3394 5121 quia
3439 5051 3590 5121 quis-

2003 5147 2124 5216 quis
2151 5160 2274 5201 cnm
2298 5153 2530 5215 peccat,
2563 5142 2645 5197 vel
2677 5152 2827 5199 errat
2860 5142 2912 5197 in
2956 5142 3062 5198 ﬁde
3088 5183 3102 5208 ,
3131 5141 3215 5197 vel
3240 5142 3505 5212 delinquit
3535 5142 3589 5196 in

2003 5252 2202 5307 opere,
2242 5237 2457 5307 dignum
2494 5235 2593 5290 fuit
2624 5244 2681 5290 ιιι
2704 5234 2937 5303 Paulus},
2993 5234 3085 5303 qui
3137 5232 3426 5303 utrobique
3466 5247 3592 5302 pec.

2003 5338 2244 5395 caverat,
2275 5330 2341 5384 ad
2370 5327 2627 5399 perfectae
2655 5327 2992 5397 purgationis
3012 5324 3252 5380 ofﬁcium
3296 5333 3379 5379 tcr
3421 5322 3589 5391 virgis

2000 5430 2055 5477 et
2084 5422 2371 5491 quinquies
2397 5429 2649 5475 ureretur
2672 5420 2956 5475 verberum
3000 5416 3385 5489 quadragenis.
3430 5414 3587 5483 Quod

2002 5520 2182 5566 autem
2211 5511 2406 5566 dicitur
2428 5527 2532 5569 una
2567 5511 2749 5564 minus
2775 5550 2788 5575 ,
2813 5510 2928 5563 haec
2948 5518 3031 5562 est
3057 5506 3244 5578 procul
3266 5506 3429 5561 dubio
3452 5522 3589 5577 quo—

1998 5603 2144 5657 niam
2170 5601 2476 5657 Judteorum
2495 5600 2708 5670 judiccs
2741 5616 2908 5655 unum
2942 5599 3299 5655 decreverunt
3329 5599 3493 5655 ictum
3519 5599 3587 5653 de

1996 5696 2068 5751 $0
2098 5695 2377 5758 minuere',
2410 5704 2471 5748 ut
2505 5694 2632 5749 dum
2658 5695 2726 5749 ad
2756 5693 2979 5764 legalem
3008 5691 3273 5750 calculum
3322 5708 3427 5747 non
3460 5707 3587 5761 per-

2000 5789 2302 5860 tingerent,
2355 5802 2478 5875 cum
2539 5796 2723 5843 contra
2776 5795 3101 5859 praeceptum
3143 5786 3278 5851 legis
3321 5782 3583 5840 excedere

3218 5902 3297 5959 ‘29
