4028 6168
469 433 571 490 907

1281 420 1488 486 Αιιιιιτ
1549 421 1640 476 an
1678 417 1842 474 ron.
1883 417 1946 472 ιιι
2008 415 2159 474 opp.
2195 415 2254 473 s.
2297 392 2840 472 restituuntur.

3623 409 3725 465 908

467 539 771 596 nullatenus
797 541 1014 606 possent
1039 541 1123 597 et,
1159 530 1287 594 dum
1311 530 1444 585 citra
1476 529 1830 599 persistereut
1854 567 1868 591 ,
1906 526 2042 583 ulte-
2072 533 2124 592 Α-
2147 526 2360 592 diaboli,
2393 529 2485 583 sed
2515 527 2755 583 membra
2781 526 2890 581 sint
2917 524 3138 580 Cluisti.
3172 523 3358 579 Nullus
3386 523 3530 578 enim
3551 534 3720 580 estex

466 629 580 687 rius
599 644 703 685 non
732 627 1043 694 transirent.

703 734 796 791 EX
843 732 1195 789 EPISTOLIS
1243 734 1334 788 AD
1383 730 1810 787 TIMOTHEUM.

462 843 505 885 Io
531 843 586 884 IN
611 841 864 881 EPISTOLA
894 840 961 877 AD
987 837 1314 876 CARDINALES
1350 837 1625 876 EPISCOI‘OS
1657 837 1721 874 DE
1752 834 2043 875 DIGNITATE

979 909 1206 953 ROMANE
1237 907 1522 946 ECCLESIE.

925 983 1052 1053 (Ed.
1080 995 1203 1038 (om.
1236 982 1288 1044 l,
1315 1000 1435 1052 pag.
1468 981 1583 1052 5i.)

537 1075 641 1144 Qui
661 1077 1010 1148 episcopatum
1045 1074 1302 1127 desiderat
1329 1114 1343 1137 ,
1381 1073 1569 1128 bonum
1599 1087 1732 1141 opus
1756 1070 2042 1131 desiderat.

466 1169 564 1226 llic
591 1171 867 1223 evidenter
894 1167 1195 1220 ostenditur
1221 1164 1351 1218 nihil
1385 1164 1527 1217 aliud
1570 1178 1690 1218 esse
1735 1162 2041 1233 pontiﬁcem

467 1276 626 1331 quam
656 1260 782 1313 boni
804 1260 984 1329 operis
1013 1266 1354 1312 sectatorem.
1381 1255 1494 1310 Non
1521 1257 1664 1310 enim
1685 1255 1822 1310 dixit
1846 1256 2042 1309 bonam

467 1352 804 1408 dammam,
835 1349 924 1392 τοι
951 1349 1148 1400 ιιυιιιιιιι
1197 1341 1454 1394 honorem
1501 1339 1794 1405 desiderat,
1823 1341 1917 1395 sed
1953 1340 2044 1409 qui

466 1431 828 1500 episcopatum
853 1431 1147 1495 desiderat,
1179 1432 1379 1486 bonum
1408 1447 1543 1501 opus
1568 1432 1876 1488 desiderat:
1904 1448 1969 1487 ac
1997 1433 2044 1487 si

466 1525 626 1586 dicat,
654 1523 743 1592 qui
785 1524 851 1576 ad
883 1523 1246 1593 episcopatum
1275 1523 1493 1578 anhelat
1518 1525 1896 1593 possidendum
1927 1524 2046 1579 sine

466 1627 626 1683 opere
651 1615 811 1676 bono,
841 1613 1000 1667 inane
1025 1613 1134 1666 vult
1162 1628 1354 1667 nomen
1384 1614 1606 1675 induere
1627 1614 1744 1669 sine
1773 1615 1849 1669 rei
1878 1614 2046 1684 ipsius

466 1703 710 1756 veritate.
739 1700 856 1757 Non
891 1717 1020 1772 ergo
1062 1712 1284 1756 constat
1321 1703 1665 1773 episcopatus
1703 1703 2053 1764 bractcarum.

467 1790 956 1846 circumﬂuentiutu
983 1791 1241 1862 phaleris,
1269 1808 1374 1847 non
1397 1792 1629 1862 denique
1658 1794 1711 1847 in
1733 1793 2044 1862 glomeratis

2145 616 2398 671 omnibus
2423 616 2750 680 hominibus,
2783 613 2938 683 cujus
2978 622 3170 690 natura
3200 614 3251 675 in
3282 611 3511 669 Domino
3533 624 3722 671 nostro

2144 715 2397 777 suscepta
2427 720 2532 762 non
2562 706 2766 771 fuerit;
2807 707 3054 775 quamvis
3084 705 3172 759 ille
3197 715 3356 760 natus
3376 705 3451 760 sit
3495 705 3548 760 in
3577 707 3725 761 sinti-

2146 798 2374 856 litudine
2401 800 2584 856 carnis
2609 801 2841 868 peccati,
2877 796 3055 857 omnis
3091 807 3272 852 autem
3299 799 3462 853 homo
3488 795 3728 853 nascitur

2145 890 2200 944 in
2229 904 2394 944 carne
2427 890 2653 960 peccati.
2686 889 2830 945 Deus
2855 903 3011 957 ergo,
3043 887 3136 942 Dei
3165 887 3354 954 Filius,
3382 888 3731 943 mortalitatis

2147 981 2394 1033 humanm
2421 978 2691 1048 particeps
2719 979 2924 1047 absque
2950 985 3172 1046 peccato
3219 979 3322 1033 hoc
3350 979 3723 1046 peccatoribus

2148 1067 2467 1124 mortalibus
2491 1067 2742 1132 contulit,
2771 1075 2826 1120 ut
2859 1067 2952 1136 qui
2983 1066 3281 1121 nativitatis
3300 1065 3417 1135 ejus
3439 1068 3726 1140 participes

2147 1158 2514 1222 exstitissent,
2553 1157 2821 1211 vinculum
2849 1158 3056 1227 peccati
3099 1157 3261 1212 simul
3289 1173 3353 1213 ac
3371 1159 3564 1216 mortis
3602 1175 3726 1215 eva-

2148 1249 2360 1300 derent.
3527 1294 3540 1302 .

2217 1337 2370 1394 Sicut
2399 1339 2582 1408 itaque
2610 1353 2716 1393 non
2743 1337 2938 1394 suﬂicit
2969 1339 3245 1396 hominum
3275 1340 3608 1397 renovationi
3633 1356 3726 1395 na-

2147 1435 2260 1481 tum
2288 1427 2454 1484 fuisse
2483 1428 2754 1486 hominem
2775 1427 3076 1494 Christum,
3099 1428 3202 1487 nisi
3231 1429 3287 1484 iu
3316 1432 3428 1499 ipso
3449 1429 3518 1485 de
3537 1430 3727 1484 eodem

2146 1517 2214 1572 de
2239 1531 2346 1586 quo
2383 1525 2536 1574 ortus
2560 1526 2666 1583 est,
2696 1517 2887 1588 spiritu
2918 1525 3309 1584 renascantur;
3349 1519 3421 1573 ita
3450 1533 3556 1576 non
3586 1518 3733 1577 suill-

2146 1608 2222 1662 eit
2246 1609 2524 1665 hominum
2553 1609 2906 1678 redemptioni
2931 1611 3246 1668 cruciﬁxum
3286 1626 3406 1669 esse
3436 1611 3722 1670 Dominum

2143 1694 2324 1753 lesum
2357 1697 2654 1762 Christum.
2689 1699 2792 1754 nisi
2824 1699 3250 1780 commoriantur
3287 1698 3338 1754 ei
3378 1708 3434 1754 et
3465 1714 3726 1769 consene-

2145 1788 2348 1845 liautur
2392 1789 2682 1860 baptismo.
2731 1790 2988 1869 Poculum
3038 1792 3236 1862 quippe
3282 1792 3726 1856 immortalitatis.

463 1883 882 1953 constipantium
912 1883 1140 1937 militum
1172 1884 1380 1949 cuneis,
1409 1883 1501 1939 sed
1530 1884 1582 1937 in
1613 1884 1898 1940 honestate
1928 1899 2046 1939 mo-
2075 1872 2117 1932 B
2147 1878 2290 1949 quod
2313 1878 2624 1940 coniectum
2654 1890 2739 1942 est
2761 1879 2830 1939 de
2857 1881 3172 1939 infirmitate
3213 1889 3397 1940 nostra
3432 1891 3489 1940 et
3526 1883 3730 1938 virtute

464 1981 583 2026 tum
611 1979 664 2026 et
692 1980 1000 2026 sanctarum
1037 1971 1426 2027 exercitatione
1459 1973 1738 2028 virtutum.
1770 1973 1886 2032 llo:
1919 1975 2047 2030 sub-

464 2062 667 2134 iungit:
696 2061 910 2132 Oportet
937 2064 1233 2134 episcopum
1264 2064 1762 2134 irreprehensibilem
1789 2081 1918 2121 esse.
1952 2064 2048 2122 Hic

465 2161 628 2208 tautae
673 2153 786 2208 vult
820 2168 940 2209 esse
969 2154 1320 2224 perfectionis
1351 2155 1664 2226 episcopum
1694 2167 1751 2212 ut
1779 2172 1918 2229 pene
1946 2173 2046 2214 ex-

354 2255 364 2264 '
465 2250 549 2296 ira
576 2251 827 2297 naturam
854 2242 1106 2313 loquatur
1133 2242 1443 2314 Apostolus.
1468 2243 1602 2310 Quis
1629 2247 1772 2300 enim
1800 2246 1856 2301 in
1881 2261 2048 2304 carne

463 2332 813 2399 constitutus,
842 2341 950 2386 tam
972 2340 1130 2388 caute
1151 2333 1316 2399 vivet,
1344 2341 1451 2387 tam
1474 2349 1533 2389 se
1560 2333 1789 2390 sollicite
1813 2335 2049 2406 undique

461 2423 864 2493 circumspiciat
891 2432 949 2482 ut
978 2423 1296 2493 reprehendi
1323 2423 1611 2494 aliquando
1639 2425 1920 2495 nequeat?
1954 2426 2044 2484 Va:

462 2515 548 2570 his
579 2514 671 2584 qui
715 2523 771 2569 et
805 2514 1301 2584 reprehensibiliter
1328 2515 1548 2579 vivunt,
1591 2523 1646 2569 et
1674 2513 1850 2573 locum
1896 2515 2051 2572 irre-

463 2603 903 2675 prebeusibiliter
927 2602 1138 2662 vivendi
1185 2603 1364 2658 adhuc
1410 2603 1885 2674 rcprebensibilius
1917 2619 2050 2662 con-

461 2694 782 2764 cupiscunt!
813 2694 890 2748 Ex
920 2693 1006 2748 his
1046 2693 1302 2766 nimirum
1332 2695 1490 2763 sunt}
1509 2693 1630 2761 qui,
1671 2692 2054 2755 obliviscentcs

463 2786 712 2841 aliectum
743 2785 1078 2854 cognationis
1101 2791 1159 2839 et
1185 2783 1714 2854 patrias,sequuntur
1749 2791 1930 2840 castra
1961 2800 2052 2842 re-

462 2893 588 2948 gum
618 2891 716 2946 per
746 2875 926 2945 ignota
961 2883 1018 2930 et
1058 2873 1288 2929 barbara
1327 2888 1494 2944 regna
1541 2881 1837 2939 terrarum,
1884 2883 1940 2928 ct
1983 2875 2050 2938 ad

463 2967 568 3022 hoc
613 2980 708 3023 eos
753 2963 981 3034 impellit
1023 2962 1361 3034 pereuntium
1407 2961 1632 3017 ambitio
1680 2962 2001 3033 dignitatum
2033 3001 2052 3030 ,

464 3056 609 3124 quod
656 3062 982 3122 extorquere
1028 3067 1133 3107 non
1180 3051 1355 3122 potuit
1413 3049 1714 3112 cmlestium
1765 3052 2053 3121 promissio

470 3144 835 3215 praimiorum.

2148 1969 2350 2034 divina,
2385 1969 2548 2026 habet
2571 1970 2790 2040 quidem
2823 1971 2876 2026 in
2907 1985 2966 2030 se
3009 1981 3068 2031 ut
3097 1970 3348 2032 omnibus
3395 1971 3586 2041 prosit,
3636 1972 3736 2030 sed

2149 2061 2193 2116 si
2214 2076 2320 2116 non
2336 2061 2561 2128 bibitur,
2589 2076 2696 2120 non
2722 2061 2987 2119 medetur.
3016 2062 3120 2130 Qui
3147 2063 3278 2121 dicit
3303 2077 3431 2134 ergo
3457 2063 3600 2134 quod
3624 2079 3732 2123 non

2147 2167 2248 2223 pro
2268 2151 2431 2207 totius
2452 2152 2634 2207 mundi
2657 2150 3027 2223 redemptione
3045 2151 3300 2210 Salvator
3321 2153 3392 2209 sit
3415 2152 3727 2219 cruciﬁxus.

2150 2258 2258 2298 non
2289 2242 2357 2298 ad
2383 2257 2593 2300 sacram
2615 2243 2890 2307 virtutem,
2921 2243 3018 2300 sed
3045 2243 3113 2300 ad
3131 2243 3486 2304 insanabilem
3507 2245 3732 2315 respicit

2149 2333 2444 2390 inﬁdelium
2471 2349 2533 2389 ac.
2557 2335 2888 2404 perditorum
2911 2334 3188 2392 hominum
3210 2335 3525 2394 vanitatem.
3550 2337 3732 2404 Quan-

2152 2434 2266 2480 tum
2291 2441 2420 2496 ergo
2443 2425 2510 2482 ad
2535 2425 2638 2481 hoc
2667 2434 2891 2495 spectat,
2916 2427 3055 2497 quod
3078 2427 3171 2482 Dei
3196 2426 3364 2498 Filius
3385 2442 3724 2484 communem

2150 2524 2392 2572 nostram
2431 2509 2486 2572 εἰ
2527 2524 2781 2574 naturam
2813 2518 3051 2587 suscepit
3089 2528 3142 2574 et
3186 2533 3428 2583 causam,
3473 2527 3730 2588 quantum

2151 2605 2315 2661 etiam
2346 2604 2578 2675 pertinet
2603 2605 2670 2659 ad
2708 2604 2948 2674 ejusdem
2978 2607 3138 2676 pretii
3167 2607 3419 2664 virtutem
3444 2616 3610 2678 atque
3633 2623 3730 2678 po-

2155 2691 2398 2758 tentiam,
2433 2691 2680 2752 Salvator
2702 2703 2888 2753 uoster
2909 2693 3034 2764 jure
3071 2710 3168 2765 pro
3215 2696 3377 2752 totius
3421 2697 3602 2754 mundi
3645 2713 3731 2756 ης

2152 2780 2464 2850 demptione
2490 2781 2689 2844 dicitur
2713 2785 3027 2841 cruciﬁxus.
3059 2786 3185 2852 Sed,
3231 2785 3359 2856 quia
3403 2787 3649 2856 plurimis
3675 2789 3729 2843 in

2153 2869 2430 2939 impietate
2473 2873 2816 2934 manentibus,
2843 2889 2992 2935 mors
3031 2875 3232 2932 Christi
3278 2877 3586 2935 nullatenus
3607 2893 3729 2949 pro-

2153 2957 2274 3024 fuit,
2305 2959 2374 3015 ab
2403 2960 2520 3016 istis
2547 2961 2730 3016 mundi
2767 2963 3063 3033 redemptio
3092 2966 3286 3021 merito
3311 2967 3508 3028 dicitur
3534 2967 3730 3032 aliena,

2152 3065 2274 3120 qua:
2297 3060 2605 3110 sanctorum
2631 3062 2795 3124 atque
2818 3053 3112 3110 electorum
3137 3056 3230 3110 Dei
3273 3056 3526 3125 specialis
3553 3058 3730 3127 perhi-

2151 3138 2312 3196 betur
2339 3148 2393 3197 et
2419 3141 2634 3211 propria
2651 3182 2669 3206 ,
2716 3158 2813 3200 nec
2860 3144 3081 3206 humani
3130 3146 3306 3200 meriti
3358 3149 3735 3219 praerogativa,

468 3272 526 3312 tt.
558 3271 609 3309 IN
637 3270 891 3310 El‘lS'I'OLA
917 3269 985 3310 an
1011 3269 1064 3307 v.
1112 3252 1224 3325 (56)
1260 3268 1570 3317 ertsceruu,
1617 3269 1703 3308 uet
1740 3269 1957 3312 υιοιτυιι
1986 3269 2052 3316 ne

2157 3230 2252 3290 sed
2279 3231 2394 3292 sola
2426 3233 2721 3288 Salvatoris
2749 3245 2831 3295 est
2859 3237 3050 3306 gratia.
3093 3237 3385 3307 Apostolus
3412 3217 3558 3296 enim
3601 3255 3737 3308 prte-

533 3341 788 3381 EPISTOLA
829 3339 1188 3391 τιιλιιιειιυκυι,
1233 3341 1352 3388 QUE
1379 3339 1611 3384 εριιιοορι
1651 3341 1812 3380 BUJUS
1835 3339 2052 3382 FUISSET

534 3411 740 3454 SIGILLO
771 3411 1015 3452 SIGNA'I'A.

535 3514 674 3570 Sunt
694 3516 915 3584 quidam
939 3515 1251 3585 insipientes
1270 3516 1362 3583 qui
1383 3513 1566 3569 dicunt
1585 3514 1709 3584 quia
1723 3514 2055 3586 Redemptor

465 3612 651 3660 noster
676 3619 1015 3673 nequaquam
1035 3603 1106 3657 sit
1133 3618 1231 3674 pro
1253 3603 1426 3662 salute
1449 3618 1516 3659 ac
1545 3603 1915 3674 redemptione
1933 3619 2051 3662 om-

401 3751 406 3754 _
466 3696 614 3750 nium
649 3694 925 3748 hominum
957 3692 1249 3747 cruciﬁxus
1272 3709 1289 3759 ;
1313 3693 1510 3763 quibus
1540 3708 1639 3748 nos
1676 3709 1776 3764 pro
1817 3703 2056 3765 tempore

468 3785 710 3860 breviter
738 3783 1124 3862 respondemus
1159 3783 1416 3852 quoniam
1445 3793 1632 3839 contra
1657 3782 1851 3846 vulnus
1881 3783 2050 3854 origi-

469 3874 608 3928 nalis
632 3874 862 3944 peccati,
886 3888 995 3944 quo
1026 3873 1078 3928 in
1126 3873 1300 3930 Adam
1328 3874 1649 3931 necessariae
1677 3875 1839 3929 morti
1865 3889 2058 3930 corru-

469 3974 560 4033 pta
603 3973 924 4019 cunctorum
962 3963 1240 4019 hominum
1279 3971 1472 4020 natura
1516 3965 1800 4022 succubuit
1842 3975 1899 4020 et
1942 3981 2058 4021 om-

469 4053 622 4116 nium
655 4053 1218 4123 concupiscentiarum
1246 4054 1467 4112 morbus
1511 4053 1807 4114 insolenter
1853 4055 2054 4127 erupit,

467 4160 684 4211 verum,
722 4155 777 4200 et
805 4154 1000 4215 potens
1033 4161 1097 4200 ac
1129 4144 1406 4216 singulare
1437 4145 1735 4202 remedium
1763 4161 1911 4205 mors
1955 4162 2059 4215 no.

468 4237 570 4293 stri
599 4235 895 4290 Salvatoris
921 4235 1196 4298 occurrit;
1244 4233 1339 4302 qui
1380 4233 1638 4302 nimirum
1685 4233 1823 4292 liber
1852 4250 1884 4292 a
1913 4251 2059 4290 moro

470 4326 543 4382 tis
568 4324 752 4379 debito
773 4363 788 4390 ,
814 4333 870 4379 et
897 4323 1044 4380 solus
1087 4323 1291 4392 absque
1334 4331 1584 4393 peccato,
1617 4339 1715 4394 pro
1761 4325 2062 4395 peccatori-

473 4417 575 4470 bus
598 4414 734 4472 mori
779 4413 972 4477 voluit,
1022 4421 1079 4468 et
1125 4427 1464 4481 nequaquam
1505 4413 1718 4477 debitor
1759 4429 1859 4484 pro
1902 4415 2058 4478 nobis

474 4505 666 4563 mortis
695 4505 934 4562 debitum
967 4501 1146 4565 solvit.
1176 4502 1449 4568 Quantum
1477 4517 1608 4575 ergo
1635 4504 1702 4559 ad
1726 4505 2056 4588 magnitudi-

473 4612 597 4654 nem
629 4605 685 4654 et
711 4595 1004 4666 potentiam
1030 4594 1214 4664 pretii,
1238 4601 1294 4660 et
1327 4603 1587 4673 quantum
1626 4593 1693 4650 ad
1715 4593 1934 4650 humani
1964 4610 2059 4667 ge-

474 4687 621 4744 neris
666 4687 900 4757 pcrtittet
943 4699 1198 4752 causam,
1246 4686 1466 4754 sanguis
1507 4684 1711 4750 Christi
1758 4686 2058 4758 redemptio

477 4776 642 4833 totius
665 4786 756 4840 est
773 4776 978 4832 mundi.
1013 4775 1391 4832 Verumtamen
1414 4775 1506 4845 qui
1531 4775 1787 4846 szcculum
1815 4776 1917 4834 hoc
1937 4778 2055 4836 sine

474 4871 580 4926 fide
608 4869 808 4928 Christi
856 4878 911 4927 et
950 4868 1374 4938 regenerationis
1401 4878 1744 4924 sacramento
1777 4878 2052 4940 pertranso

471 4969 602 5015 cunt
630 4958 1016 5026 redemptionis
1041 4957 1200 5027 hujus
1218 4958 1506 5027 participes
1532 4973 1654 5014 esse
1676 4973 1785 5015 non
1805 4969 2050 5032 possunt.

472 5053 608 5127 Cum
636 5052 814 5120 itaque
839 5057 1056 5118 propter
1082 5063 1243 5110 unam
1273 5049 1513 5111 omnium
1536 5060 1784 5106 naturam
1813 5059 1866 5116 et
1890 5065 2053 5106 uuam

467 5143 714 5198 οιιιιιὶιιιιι
744 5156 963 5202 causam
1006 5155 1037 5194 a
1086 5139 1443 5206 Redctnptore
1493 5148 1678 5196 nostro
1725 5139 1779 5192 in
1830 5138 2056 5204 veritate

469 5241 775 5302 susceptam
805 5244 995 5286 omnes
1042 5235 1188 5283 recte
1229 5226 1484 5284 dicantur
1515 5240 1636 5282 esse
1676 5225 1958 5296 redempti,
1999 5235 2056 5288 et

473 5336 655 5380 tamen
687 5331 906 5392 propter
937 5318 1337 5389 improbitatem
1362 5332 1513 5373 suam
1538 5333 1646 5373 non
1675 5331 1866 5372 omnes
1894 5332 1924 5376 a
1958 5332 2051 5376 ca-

470 5416 725 5485 ptivitate
751 5415 860 5470 sint
887 5411 1051 5474 eruti,
1081 5408 1268 5479 procul
1310 5408 1474 5464 dubio
1511 5406 1899 5477 redemptionis
1932 5421 2055 5477 pro-

472 5507 676 5576 prietas
704 5506 772 5562 ad
802 5505 919 5561 illos
947 5502 1254 5578 specialiter
1298 5500 1532 5570 pertinet
1576 5501 1644 5555 de
1679 5501 1876 5572 quibus
1903 5502 2053 5574 prin-

472 5612 601 5666 ceps
628 5599 786 5668 hujus
812 5597 999 5652 mundi
1030 5596 1229 5657 missus
1255 5603 1337 5649 est
1367 5595 1536 5660 l'oras,
1574 5601 1634 5647 ut
1651 5591 1764 5662 jam
1794 5607 1902 5648 non
1927 5607 2054 5647 vasa

2157 3321 2300 3393 cepit
2330 3331 2388 3378 ιιι
2426 3337 2526 3394 pro
2567 3324 2819 3384 omnibus
2863 3325 3170 3381 hominibus
3197 3327 3545 3397 supplicetur,
3592 3329 3736 3400 quod

2155 3412 2364 3476 scilicet
2393 3413 2446 3468 in
2479 3415 2690 3476 cunctis
2727 3414 2985 3470 Ecclesiis
3039 3413 3362 3487 regulariter
3395 3421 3736 3486 custoditur;

2155 3519 2222 3560 ex
2252 3505 2446 3576 quibus
2477 3505 2680 3576 utique,
2707 3507 2851 3576 quod
2890 3505 3041 3566 multi
3077 3517 3348 3577 pereunt,
3385 3511 3731 3578 pereuntium

2155 3595 2342 3667 procul
2374 3595 2540 3652 dubio
2569 3595 2857 3663 meritum;
2907 3598 3050 3666 quod
3079 3598 3234 3661 multi
3278 3597 3580 3666 salvantur,
3626 3601 3735 3659 sa]-

2155 3685 2334 3745 ventis
2357 3695 2442 3741 est
2485 3685 2703 3742 donum.
2735 3685 2808 3746 Ut
2831 3686 2974 3752 enim
3006 3703 3130 3750 reus
3159 3689 3467 3755 damnetur,
3504 3689 3740 3758 inculpao

2153 3777 2280 3837 bilis
2305 3778 2398 3835 Dei
2420 3778 2631 3849 justitia
2659 3787 2781 3846 est;
2810 3788 2870 3844 ut
2911 3787 3092 3838 autem
3123 3796 3252 3840 reus
3271 3779 3619 3850 justiﬁcetur,
3652 3783 3738 3836 in—

2156 3869 2661 3938 comprehensibilis
2685 3870 2882 3926 divinte
2907 3870 3212 3933 clementiae
3251 3873 3426 3943 gratia
3455 3880 3558 3930 est.
3603 3871 3740 3930 Nam

2156 3966 2211 4013 et
2233 3957 2582 4029 quamplures
2604 3959 2878 4018 exstitisse
2901 3970 3196 4018 noscuntur
3214 3962 3306 4031 qui
3327 3961 3571 4020 dicerent
3595 3961 3740 4032 quod

2156 4047 2280 4108 ideo
2303 4047 2625 4117 quibusdam
2644 4048 2917 4118 Evangelii
2945 4050 3257 4122 praedicatio
3277 4051 3643 4118 subtrahatur,
3669 4066 3741 4117 ne

2156 4149 2407 4210 percepta
2443 4138 2539 4196 Dei
2567 4141 2951 4210 praedicatione
2981 4141 3275 4198 solventur.
3310 4141 3417 4198 Sed
3443 4143 3488 4198 si
3523 4141 3744 4212 probari

2156 4238 2337 4301 potest
2390 4229 2532 4300 quod
2559 4270 2574 4301 ,
2634 4246 2702 4288 ex
2746 4245 2854 4301 quo
2906 4231 3254 4304 Evangelium
3307 4247 3596 4290 coruscare
3639 4247 3747 4303 per

2157 4321 2416 4378 mundum
2446 4320 2628 4391 cmpit,
2655 4334 2812 4380 nemo
2839 4337 3059 4394 prorsus
3087 4321 3376 4388 exstiterit,
3409 4322 3496 4383 cui
3531 4322 3744 4383 Christi

2159 4415 2331 4486 gratia
2359 4413 2604 4476 nuntiata
2636 4429 2742 4470 non
2764 4414 2949 4480 fuerit,
2975 4429 3081 4472 non
3115 4423 3261 4470 recte
3296 4413 3493 4470 dicitur
3518 4413 3752 4482 quibus-

2160 4504 2283 4560 dam
2319 4505 2550 4586 tacitunt
2568 4503 2713 4578 quod
2738 4504 3042 4562 ostenditur
3065 4505 3320 4562 montibus
3341 4503 3694 4574 praedicatum
3725 4518 3746 4568 ;

2162 4597 2400 4668 alioquin
2437 4596 2482 4652 si
2511 4597 2732 4668 reperiri
2760 4605 2987 4669 possunt
3022 4597 3292 4662 homines,
3331 4595 3528 4666 quibus
3567 4594 3753 4649 Evan.

2161 4691 2362 4762 gelium
2402 4691 2708 4753 nuntiatum
2738 4706 2841 4746 non
2886 4690 3086 4757 fuerit,
3129 4707 3236 4745 non
3275 4699 3453 4760 potest
3483 4689 3587 4744 dici
3625 4701 3757 4742 sme

2153 4779 2356 4849 judicio
2383 4779 2477 4835 Dei
2501 4779 2722 4840 factum.
2751 4779 2902 4848 Quod
2926 4789 3102 4844 tamen
3126 4779 3278 4840 nefas
3297 4788 3381 4836 est
3409 4779 3529 4834 ideo
3550 4780 3618 4832 ab
3645 4777 3756 4832 ho-

2157 4869 2299 4923 mine
2316 4869 2652 4938 reprehendi,
2667 4871 2793 4940 quia
2811 4885 2915 4926 non
2932 4869 3324 4940 valeldtumana
3343 4871 3570 4926 scientia
3595 4883 3756 4922 com-

2155 4961 2436 5032 prehendi.
2471 4961 2831 5030 Quamobrem
2857 4972 3067 5020 rectum
3096 4963 3290 5034 jttdicii
3329 4971 3576 5022 tenemus
3611 4977 3757 5023 exa-

2161 5068 2304 5117 men,
2341 5053 2386 5112 si
2419 5068 2516 5108 nec
2529 5055 2798 5129 adversus
2823 5055 2914 5112 Dei
2943 5064 3147 5112 statuta
3177 5055 3584 5126 conquerinur,
3606 5069 3760 5124 quos

2160 5143 2360 5200 deserit
2384 5145 2606 5203 meritos
2630 5146 2805 5204 deseri
2829 5163 2845 5213 ;
2873 5147 3097 5220 ejusque
3129 5147 3512 5209 misericordias
3537 5147 3761 5215 gratias

2160 5235 2389 5305 agimus,
2420 5252 2525 5305 qua
2556 5237 2746 5293 liberat
2776 5238 3076 5296 immeritos
3105 5237 3344 5302 liberari,
3365 5236 3456 5310 qui
3486 5237 3762 5292 nimirum

2159 5333 2212 5379 et
2243 5326 2343 5396 ipsi
2389 5327 2441 5381 ιιι
2469 5327 2767 5400 impietatis
2807 5342 2918 5384 sua:
2961 5329 3323 5386 obstinatione
3367 5327 3761 5398 persisterettt.

2159 5415 2260 5470 nisi
2289 5431 2386 5486 per
2406 5407 2813 5490 propensiorem
2841 5419 3262 5489 dispensationis
3286 5418 3488 5473 intimae
3511 5414 3765 5488 gratiam

2155 5505 2236 5562 eis
2262 5505 2521 5566 Mediator
2547 5507 2641 5563 Dei
2668 5517 2724 5564 et
2743 5509 3022 5564 hominum
3063 5509 3396 5572 subveniret,
3446 5505 3598 5578 cujus
3626 5520 3768 5576 pro-

2157 5594 2302 5655 tecto
2327 5599 2729 5658 secretissimos
2769 5599 2988 5671 sanguis
3033 5599 3198 5658 sicin
3245 5599 3493 5660 humanae
3547 5596 3766 5651 salutis

553 5730 666 5802 (56)
697 5728 975 5802 Nonnullae
1008 5737 1222 5802 exstant
1257 5727 1336 5802 S._
1368 5726 1512 5781 Petri
1563 5726 1625 5802 D.
1656 5725 1916 5802 epistolae,
1951 5733 2064 5780 tum
2099 5727 2260 5784 etiam
2302 5729 2554 5800 opuscula
2585 5731 2652 5788 ad
2682 5731 2744 5787 V.
2805 5730 3160 5802 episcopum;
3206 5731 3258 5785 in
3304 5727 3499 5798 quibus
3559 5735 3771 5783 tamen

481 5795 718 5868 prolixus
743 5800 827 5852 hic
860 5807 1088 5864 tractus,
1118 5799 1222 5851 nisi
1250 5797 1421 5862 fallor,
1458 5812 1562 5850 non
1593 5795 1804 5866 legitur.
