4028 6168
270 315 378 374 915

270 445 1414 477 Μ...

1423 463 1798 482 ᾖ.

1522 321 1930 379 TES'I‘IMONIA
1971 325 2284 384 INSIGNIA.

3413 346 3522 402 9H

2525 481 3512 514 ...___________________

1179 570 1534 634 ELOGIUM
1599 575 1705 636 DE
1767 581 1829 639 S.
1865 581 2140 642 PETRO-
2191 585 2588 650 DAMIANO.

333 727 662 822 Bernardus,
689 728 796 822 sive
843 738 1014 822 potius
1060 730 1361 822 Bertoldus,
1397 734 1662 805 presbyter
1711 735 1850 791 Con-
1877 745 1924 803 Α
1953 751 2304 806 testimonium
2352 771 2468 822 εαρ,
2522 773 2552 809 x
2599 759 2682 810 sui

261 819 564 872 stantiensis
587 857 602 883 ,
642 818 696 872 in
734 816 866 874 libro
916 819 994 874 De
1022 821 1233 875 vitanda
1261 827 1834 880 excommunicatorum

263 923 648 962 communione.

334 996 530 1053 Petrus
555 998 828 1064 Damiani,
857 999 960 1068 pias
989 1001 1286 1065 memoriae,
1318 1002 1609 1060 cardinalis
1635 1004 1842 1074 episco-

262 1103 364 1157 pus
395 1098 598 1144 sanetae
637 1090 890 1147 Romana:
920 1092 1194 1160 Ecclesiae,
1225 1109 1402 1150 suae.
1432 1111 1764 1152 HIERONYIUS
1787 1113 1838 1152 tu

263 1196 472 1237 nosruo
509 1197 772 1238 Teneone.
814 1183 946 1240 Haec
984 1185 1310 1254 Bernartius,
1361 1189 1449 1258 qui
1501 1189 1639 1244 idem
1682 1190 1837 1261 afen

847 1475 992 1564 DE
1061 1445 1438 1565 FESTO
1513 1475 1710 1562 DIE
1781 1475 1872 1564 s.

2731 757 2947 813 alterius
2991 761 3112 814 libri
3162 763 3519 832 Decretontm,

1949 843 2091 910 apud
2122 859 2214 897 nos
2242 861 2340 900 ms.
2383 843 2840 904 Eminentissimus
2867 867 3068 921 quoque
3099 855 3381 908 cardinalis
3415 855 3522 910 Ba-

1949 934 2128 986 ronius
2160 937 2340 988 eadem
2375 948 2602 991 veterum
2634 941 2943 1008 scriptorum
2970 944 3280 996 auctoritate
3313 946 3521 1012 ductus,

1944 1025 2206 1094 egregium
2233 1027 2469 1081 eumdem
2508 1039 2740 1083 nostrum
2777 1032 3038 1086 doctorem
3092 1035 3402 1090 compellare
3437 1053 3523 1093 so-

1943 1117 2078 1174 lebat
2103 1119 2482 1194 Hieronymum
2512 1120 2806 1178 Juniorem.

1935 1477 2292 1563 PETRI
2375 1475 2930 1564 DAMIANI.

1049 1667 1310 1738 ιΒΟΜΙΝΙ
1347 1667 1808 1725 CONSTANTINI
1846 1671 2174 1727 CAJETANI
2229 1668 2694 1727 PRAEMONITIO.

1691 1855 2068 1876 ἡ

331 1963 527 2019 Festus
551 1963 664 2018 dies
691 1963 862 2020 sancti
885 1964 1031 2019 Petri
1060 1965 1302 2020 Damiaui
1333 1967 1400 2021 ab
1427 1965 1838 2023 immemorabili
1873 1975 1913 2032 Β
1943 1983 2047 2037 que
2077 1968 2130 2020 in
2157 1968 2368 2032 eodem,
2394 1969 2494 2022 sub
2539 1970 2726 2024 eadem
2773 1985 2877 2040 qua
2929 1984 3096 2039 supra
3133 1969 3218 2022 die
3261 1968 3511 2024 vicesima

262 2062 506 2125 tcmpore
532 2055 755 2111 solemni
783 2060 887 2111 ritu
915 2059 1206 2128 quotannis
1245 2058 1551 2114 celebratur
1583 2069 1693 2114 tum
1734 2061 1840 2114 Ra-

257 2163 472 2214 vennaa,
508 2157 618 2203 tmn
647 2165 746 2219 per
763 2165 956 2206 omnes
982 2151 1116 2206 alias
1145 2151 1424 2207 Flaminia-
1445 2154 1682 2223 regionis
1709 2154 1842 2208 civi-

261 2245 400 2294 tates
451 2247 506 2294 et
557 2239 674 2294 loca
727 2255 956 2308 quorum
1003 2240 1250 2296 ecclesia:
1309 2241 1484 2296 eidem
1541 2242 1842 2314 Ravennati

257 2329 489 2386 subsunt
541 2327 973 2399 metropolitano.
1021 2329 1176 2386 Unde
1231 2332 1524 2401 quotannis
1562 2334 1724 2388 etiam
1771 2335 1840 2388 ab

257 2421 570 2476 earumdem
631 2421 909 2476 civitatum
965 2421 1284 2490 praesulibus
1330 2422 1383 2475 in
1429 2421 1634 2477 Ordine
1669 2423 1836 2477 divini

154 2513 172 2532 '
258 2509 418 2564 cilicii
455 2510 595 2580 typis
627 2509 910 2579 impresso,
951 2511 1090 2564 inter
1118 2519 1332 2566 sanctos
1361 2512 1498 2566 alios
1537 2511 1837 2566 etelestinm

257 2604 544 2673 spirituum
559 2603 692 2656 Albo
713 2601 999 2671 ascriptos,
1022 2602 1212 2656 doctor
1233 2603 1371 2656 idem
1391 2603 1639 2672 egregius
1653 2617 1839 2657 recen-

259 2703 432 2748 setur.
489 2693 554 2748 Et
598 2693 816 2762 quidem
879 2693 950 2748 ibi
1015 2693 1094 2748 sic
1139 2693 1408 2748 habetur:
1451 2692 1836 2748 Kalendarium

257 2794 458 2839 sancta:
487 2784 902 2852 metropolitante
947 2783 1406 2852 archicpiscopalis
1451 2784 1682 2837 ecclesia:
1731 2784 1838 2836 Ila-

255 2890 457 2937 vennte,
486 2874 700 2943 ejusque
732 2873 993 2934 diaecesis,
1022 2871 1426 2925 eminentissimi.
1440 2882 1488 2926 et
1518 2875 1836 2927 reverendis-

254 2965 376 3018 simi
403 2965 621 3028 domini,
653 2964 715 3016 υ.
741 2963 939 3034 Aloysii
967 2961 1024 3018 S.
1049 2962 1110 3016 Β.
1140 2962 1207 3015 Ε.
1251 2963 1533 3016 cardinalis
1560 2963 1833 3034 Capponii,

255 3054 490 3123 ejusdem
535 3065 730 3107 sancta:
783 3053 1096 3106 Ravennatis
1145 3051 1398 3107 Ecclesia!
1460 3054 1834 3122 archiepiscopi

249 3147 408 3217 jussu
439 3145 654 3198 editum.
686 3145 862 3213 Atque
891 3146 942 3198 in
971 3144 1160 3199 eodem
1202 3144 1526 3200 Kalendario
1565 3145 1665 3200 sub
1693 3148 1834 3200 vice-

254 3235 396 3290 sima
435 3236 596 3289 tertia
642 3234 728 3289 die
781 3236 982 3290 mensis
1021 3235 1303 3290 Februarii
1355 3235 1428 3289 ita
1481 3237 1828 3291 decernitur:

1943 2061 2100 2114 tertia
2131 2061 2332 2115 mensis
2360 2059 2664 2126 Februarii,
2690 2061 2790 2115 hoc
2810 2061 2970 2114 etiam
2999 2059 3156 2115 modo
3180 2060 3515 2115 decernitur:

1939 2148 2086 2204 Petri
2112 2149 2361 2203 Damiani
2405 2151 2630 2219 episcopi
2672 2161 2722 2204 et
2769 2150 3106 2218 confessoris,
3143 2167 3205 2204 ac
3246 2149 3514 2205 Fauentia:

1936 2241 2262 2310 protectoris,
2294 2240 2501 2304 Duplex
2521 2240 2712 2309 majus.
2739 2240 3004 2294 Lectiones
3037 2241 3192 2310 primi
3229 2242 3466 2294 nocturni
3495 2255 3514 2292 :

1939 2329 2138 2384 Fidelis
2167 2344 2367 2384 sermo.
2405 2329 2632 2382 Secundi
2661 2347 2678 2383 :
2709 2329 2860 2384 Beati
2898 2331 3094 2384 Patris.
3149 2330 3342 2388 Tcrtii:
3370 2332 3515 2401 Vigi-

1938 2421 2064 2486 late,
2090 2437 2207 2473 cum
2263 2421 2462 2474 ctrteris
2486 2420 2550 2472 de
2577 2422 2840 2473 communi
2893 2420 3248 2488 confcssorum
3295 2421 3510 2490 pontiﬁ—

1937 2528 2075 2565 cum.
2107 2510 2266 2564 Nona
2293 2510 2446 2564 lectio
2469 2509 2684 2563 homilia
2709 2520 2756 2562 et
2783 2511 3202 2564 commemoratio
3229 2511 3376 2579 ferite
3395 2525 3415 2564 :
3445 2509 3515 2562 In

1937 2603 2101 2672 ofﬁcio
2133 2601 2262 2655 nihil
2298 2601 2356 2670 ﬁt
2381 2601 2445 2654 de
2465 2599 2640 2671 vigilia
2669 2600 2835 2654 sancti
2867 2599 3124 2655 Matthitc.
3157 2599 3314 2654 Color
3339 2599 3508 2652 albus.

1939 2693 2103 2748 Missa
2147 2709 2166 2747 :
2213 2693 2545 2748 Sacerdotes.
2591 2691 2836 2746 Secunda
2885 2691 3062 2745 oratio
3130 2691 3308 2760 ferite,
3359 2690 3511 2760 cujus

1935 2784 2256 2853 evangelium
2293 2785 2482 2852 legitur
2503 2785 2555 2836 in
2594 2782 2718 2850 ﬁne.
2748 2781 2943 2845 Tertia,
2991 2781 3055 2835 de
3103 2780 3282 2850 vigilia
3331 2779 3513 2834 Sancti

1937 2877 2176 2931 Matthiae
2203 2876 2446 2946 prtcfatio
2484 2873 2938 2944 Quadragesimal.
2981 2872 3043 2926 ln
3072 2873 3313 2927 secundis
3339 2887 3510 2940 cespe-

1937 2966 2010 3018 ris
2039 2964 2462 3018 commemoratio
2506 2963 2670 3031 ferite.
2706 2962 2794 3016 Fit
2819 2963 3076 3032 processio
3101 2963 3155 3016 in
3193 2963 3400 3016 civitate
3443 2977 3508 3014 ea:

1935 3063 2072 3111 voto.
2107 3055 2232 3112 Haec
2255 3072 2320 3112 ex
2353 3055 2666 3110 Ravennate
2704 3064 2758 3109 et
2793 3054 3090 3109 Faventina
3133 3055 3411 3118 Ecclesiis,
3449 3061 3508 3107 ut

1933 3157 1988 3202 et
2015 3149 2066 3202 in
2090 3147 2302 3202 caeteris
2332 3145 2572 3216 ejusdem
2613 3146 2904 3215 provincia:
2935 3144 3284 3200 ecclesiarum
3314 3143 3508 3198 Kalen-

1934 3239 2122 3303 dariis,
2145 3253 2267 3307 qua:
2317 3253 2418 3294 nos
2464 3238 2742 3292 brevitatis
2774 3251 2934 3290 causa
2965 3252 3108 3290 nunc
3139 3237 3506 3304 praeterimus,

255 3322 404 3378 Petri
430 3323 680 3378 Damiani
701 3325 924 3394 episwpi
947 3335 994 3378 et
1019 3325 1330 3393 confessoris
1368 3325 1700 3391 Ravennatis,
1729 3327 1832 3378 du-
1862 3315 1906 3375 C
1937 3330 2004 3385 de
2053 3329 2250 3383 divinis
2297 3327 2590 3388 honoribus
2643 3335 2751 3380 tam
2803 3327 2858 3379 in
2909 3325 3085 3380 ofﬁcio
3139 3325 3507 3380 ecclesiastico

251 3414 393 3484 plex,
423 3404 522 3484 fuit
567 3415 702 3470 lteri.
749 3414 813 3468 ln
860 3417 1030 3483 primo
1078 3425 1360 3480 nocturno,
1404 3413 1727 3479 Laudetnus,
1759 3413 1826 3470 In

252 3503 480 3556 secundo
509 3512 784 3564 nocturno,
809 3503 958 3556 Beati
989 3503 1198 3568 Patris,
1227 3513 1282 3556 ut
1317 3503 1371 3556 in
1399 3501 1676 3556 Communi
1704 3519 1826 3556 con-

251 3593 508 3662 fessorem
531 3593 856 3662 pontiﬁcum.
895 3592 964 3647 In
992 3594 1144 3646 tertio
1187 3603 1462 3658 nocturno,
1497 3592 1746 3662 Vigilate,
1771 3601 1826 3646 ut

250 3683 306 3735 in
338 3682 518 3734 eodem
550 3681 864 3746 Communi,
918 3699 1054 3736 nona
1099 3681 1270 3744 lectio,
1313 3692 1360 3734 et
1402 3682 1822 3736 commemoratio

251 3776 420 3844 feria’.
446 3775 630 3829 Oratio
654 3791 748 3845 pro
781 3787 960 3830 sancto
991 3791 1010 3830 :
1039 3775 1244 3828 Exaudi
1275 3790 1293 3830 :
1335 3772 1570 3844 Vespera:
1598 3773 1662 3828 de
1687 3791 1822 3843 pra:-

249 3867 468 3931 cedenti,
509 3867 923 3920 commemoratio
961 3866 1237 3936 sequentis.
1273 3864 1367 3919 llis
1393 3864 1601 3920 accedit
1629 3863 1826 3918 Kalen-

249 3958 459 4011 darium
485 3957 794 4012 Faventiam
822 3958 1092 4018 Ecclesia},
1123 3951 1224 4012 sub
1256 3958 1406 4012 hisce
1424 3957 1604 4011 verbis
1635 3977 1647 4010 :
1684 3955 1828 4010 Ordo

251 4033 416 4100 divini
448 4047 602 4116 officii
641 4047 936 4108 recitandi,
949 4046 1236 4115 missasque
1263 4045 1556 4100 celebrandi
1568 4046 1726 4115 juxta
1755 4047 1828 4098 ri-

249 4143 362 4186 tum
421 4133 678 4188 Breviarii
734 4143 782 4188 et
829 4133 1062 4188 Missalis
1116 4133 1358 4197 Romani,
1398 4135 1454 4188 in
1503 4134 1738 4188 Ecclesia
1779 4143 1826 4188 et

249 4223 461 4276 ditecesi
511 4221 834 4289 Faventino,
871 4225 1264 4278 eminentissimi
1315 4223 1513 4276 domini
1545 4223 1613 4278 D.
1647 4221 1828 4277 Fran-

248 4313 396 4374 cisci,
425 4311 486 4368 S.
545 4312 614 4366 Β.
661 4311 728 4366 Ε.
785 4315 1068 4384 presbyteri
1123 4312 1430 4377 cardinalis,
1475 4313 1616 4367 tituli
1653 4313 1824 4366 sancti

247 4400 514 4470 Marcelli,
543 4403 778 4472 ejusdem
803 4403 968 4457 civita.
981 4403 1025 4457 is
1056 4403 1279 4474 episcopi
1305 4403 1464 4474 jussu
1485 4403 1673 4458 editus.
1720 4401 1820 4458 At-

1933 3433 2096 3488 quam
2141 3427 2489 3472 sacrosancto
2513 3407 2692 3470 missae
2739 3415 3004 3469 sacriﬁcio
3051 3414 3212 3469 Petro
3261 3413 3506 3466 Damiani

1934 3508 2078 3562 ultro
2103 3506 2375 3569 exhibitis,
2395 3521 2424 3558 a
2443 3515 2684 3573 tempore
2703 3503 2856 3570 cuius
2881 3504 3140 3558 memoria
3169 3519 3276 3557 non
3299 3509 3497 3557 exstat.

1931 3597 2083 3663 Quod
2120 3611 2227 3650 non
2265 3595 2382 3650 sine
2402 3595 2722 3650 auctoritate
2752 3593 2978 3648 Romani
3003 3593 3272 3663 pontiﬁcis
3297 3592 3532 3648 factum.

1931 3685 2095 3740 fuisse
2120 3684 2265 3740 nullo
2289 3694 2446 3756 pacto
2471 3685 2702 3740 dubitari
2725 3683 3045 3754 potest.Qua
3075 3684 3140 3738 de
3169 3698 3225 3738 re
3248 3683 3499 3738 emndem

1930 3775 2150 3830 Petrum
2193 3775 2438 3829 Damiani
2460 3775 2528 3830 ab
2557 3775 2746 3830 eodem
2793 3773 3038 3828 Romam
3065 3772 3318 3843 pontifice
3345 3785 3504 3826 sanea

1933 3879 2110 3925 torum
2135 3885 2359 3924 numero
2386 3869 2676 3936 ascriptum
2705 3867 2976 3920 exstitisse
3009 3874 3118 3919 tum
3159 3881 3224 3918 ex
3268 3865 3351 3918 bis
3378 3878 3501 3935 qua:

1931 3963 2088 4018 modo
2120 3963 2376 4025 diximus,
2405 3969 2516 4013 tum
2547 3975 2611 4013 ex
2646 3958 2766 4012 aliis
2791 3975 2911 4028 quae
2937 3966 3080 4012 tomo
3113 3956 3274 4011 tertio
3295 3956 3496 4025 egregii

1925 4054 2165 4124 ejusdem
2195 4053 2432 4108 doctoris
2472 4051 2706 4121 Operum
2737 4050 3132 4121 praelibavimns
3155 4090 3170 4114 ,
3205 4057 3316 4102 tum
3349 4049 3501 4103 deni-

1925 4159 2030 4216 que
2053 4160 2118 4200 ex
2147 4145 2328 4200 multis
2354 4144 2474 4198 aliis
2498 4133 2829 4212 argumentis
2873 4155 2990 4208 qua
3021 4140 3074 4192 in
3109 4139 3354 4193 eamdem
3382 4154 3494 4192 rem

1929 4238 2198 4292 adducere
2226 4251 2532 4305 possumus,
2567 4234 2689 4303 jure
2727 4233 2950 4302 optimo,
2994 4240 3052 4285 ut
3082 4229 3500 4291 concludamus,

1928 4343 2107 4400 Opera:
2130 4329 2358 4398 pretium
2385 4335 2486 4382 est.

253 4550 3498 4586 ______________________,.__._._..________.____.______...

1203 4675 1946 4768 TESTIMONIA
2005 4668 2430 4760 INSIGN
2461 4670 2572 4758 IA

251 4883 336 4943 De
371 4878 681 4943 laudabili
705 4879 768 4940 S.
801 4874 978 4936 Petri
1015 4872 1305 4933 Damiani
1336 4872 1608 4950 Operam
1662 4866 2106 5002 defatigtattione
2158 4883 2196 4922 a
2232 4862 2456 4920 domno
2495 4861 2908 4920 Constantino.
2934 4857 3231 4932 Caietano
3280 4853 3493 4916 abbate
3587 4917 3590 4919 μ

1715 4963 1873 5002 artes
1909 4962 1926 5002 l
1959 4962 2022 5002 a.

1713 4962 2022 5025 prtesma.

321 5233 500 5289 Caesar
525 5233 786 5287 Baronius
829 5229 1091 5300 presbyter
1115 5222 1396 5279 cardinalis
1434 5222 1512 5275 tit.
1546 5219 1646 5276 SS.
1671 5235 1815 5272 mar—
1845 5219 1895 5279 D
1921 5213 2167 5284 exemplo
2200 5211 2456 5282 verbique
2509 5211 2893 5282 praedicatione
2935 5219 2989 5264 et
3039 5209 3278 5280 scriptis,
3318 5209 3492 5264 exsic-

247 5335 425 5396 tyrum
453 5320 614 5377 Nerei
633 5333 680 5376 et
711 5321 948 5385 Achillei,
985 5318 1122 5373 sedis
1151 5314 1448 5383 apostolicce
1487 5311 1820 5365 bibliotheca-

240 5431 382 5476 παι.
411 5424 550 5467 tomo
575 5411 660 5466 XI
687 5412 875 5468 Annal.
897 5411 1179 5465 ecclesiast.
1213 5409 1282 5482 ad
1307 5425 1394 5461 an.
1427 5405 1552 5459 Chr.
1585 5403 1746 5458 1072.

323 5508 414 5564 Sic
439 5508 580 5563 Deus
613 5509 664 5563 in
686 5509 790 5564 hoc
819 5505 1246 5578 deploratissimo
1293 5503 1506 5569 steculo,
1550 5515 1672 5555 cum
1721 5513 1818 5552 cx-

236 5599 506 5655 erevisset
532 5601 598 5654 ad
625 5599 922 5655 Ecclesiam
949 5601 1280 5656 obruendam
1311 5597 1566 5653 diluvium
1595 5593 1777 5648 carnis
1797 5632 1810 5655 ,

239 5688 396 5744 dedit
431 5690 630 5747 mundo
661 5697 870 5745 tantum
913 5691 1108 5756 virum,
1141 5690 1232 5760 qui
1273 5689 1654 5746 austerissinia:
1690 5685 1816 5740 vita:

1925 5313 2074 5360 caret
2144 5311 2347 5358 tantam
2414 5303 2792 5371 putredinem,
2853 5301 3165 5371 pariterque
3223 5309 3486 5371 pugnaret

1925 5396 2182 5451 adversus
2223 5395 2570 5450 simoniacam
2619 5393 2884 5458 hmresim,
2923 5407 3042 5462 quae
3097 5392 3293 5460 ubique
3347 5391 3489 5445 loco-

1922 5502 2042 5542 rum
2087 5485 2434 5556 grassabatur
2477 5486 2708 5553 impune.
2750 5483 2900 5550 Quod
2932 5491 3116 5538 autem
3165 5481 3396 5550 pertinet
3422 5483 3488 5534 ad

1922 5577 2120 5646 scripta
2149 5617 2162 5642 ,
2193 5577 2278 5632 hic
2304 5591 2366 5630 ea
2395 5583 2587 5630 cuncta
2631 5587 2911 5630 recensere
2955 5589 3061 5626 non
3113 5571 3482 5635 immoramur,

1919 5683 2041 5724 cum
2102 5669 2259 5724 modo
2313 5667 2496 5739 (1604)
2556 5667 2694 5736 apud
2741 5681 2858 5732 nos,
2913 5664 3164 5720 mandato
3190 5664 3469 5722 beatissiul
