4028 6168
549 293 661 355 915

1401 312 1459 367 S.
1501 314 1705 371 PETRI
1746 319 2031 376 DAMIANI
2081 325 2231 380 OPP.
2270 328 2503 383 TOMUS
2544 329 2673 386 SEU
2711 330 2890 387 PARS
2929 331 3016 391 IV.
3711 331 3807 387 9ιὸ

547 411 753 514 ἀοιηὲιῇ
783 420 950 475 nostri
983 416 1297 487 Clementis,
1330 440 1484 495 papae
1518 431 1719 503 eum,
1749 430 1954 495 laboret
1982 437 2132 496 dom-
2165 445 2207 504 Λ
2239 440 2480 514 vocatus)
2512 436 2818 509 Ravennas,
2850 445 3151 499 monachus
3183 442 3281 498 fuit
3310 438 3515 502 ordinis
3556 440 3612 502 S.
3647 447 3811 504 Bene—

548 523 651 562 nns
707 510 1093 570 Constantinus
1145 513 1460 591 Caietanus,
1522 528 1777 595 Siculus,
1838 534 2134 588 monachus

547 597 859 657 Casincnsis
877 616 1337 683 congregationis,
1353 628 1412 673 ut
1441 621 1540 675 viri
1564 624 1889 680 sanctissimi
1918 628 2139 697 scripto-

548 706 692 788 runt
727 696 1056 753 II‘On‘mt‘nta
1102 707 1344 779 undique
1388 712 1633 779 collecta,
1666 715 1816 785 prelo
1852 718 2130 788 subjiciat;

549 783 702 878 quod
746 789 1057 855 propediem
1089 808 1259 860 st'ero
1300 799 1435 856 fore.
1470 802 1527 857 In
1560 805 1645 859 his
1667 783 1831 861 enim
1875 783 2135 878 pervesti-

545 874 735 941 gandis
763 884 816 931 et
845 882 1253 949 exemplaribus
1278 891 1543 961 pluribus,
1572 896 1699 951 hinc
1721 897 1843 953 inde
1877 874 2133 968 perlatis,

549 979 746 1034 magno
777 970 954 1025 studio
986 978 1348 1049 corrigendis,
1377 986 1840 1043 studioindefesso
1857 989 2084 1054 laborat;
2105 1005 2136 1044 ι

548 1070 621 1128 qu
671 1068 723 1116 et
737 1060 980 1135 ejusdem
996 1065 1142 1125 Petri
1164 1066 1346 1131 Vitam
1368 1078 1603 1148 accipies
1624 1080 1841 1137 uberius
1853 1084 2132 1153 scriptam.

552 1168 809 1258 “opertus
845 1177 1218 1258 .Beil-arutinus
1278 1189 1543 1258 presbyter
1600 1193 1887 1246 cardinalis
1947 1197 2025 1247 tit.
2072 1193 2133 1248 S.

624 1241 816 1330 diaria:
838 1248 1113 1330 illini/1:11:17}
1138 1241 1288 1309 libro.
1301 1258 1375 1310 De
1395 1241 1731 1330 scriptoribus
1747 1264 2135 1330 ecclesiasticis,

620 1314 713 1365 sub
736 1331 824 1371 an.
853 1317 948 1372 Cit.
976 1322 1135 1376 1660.

622 1424 815 1484 Petrus
841 1430 1085 1488 Damiani
1121 1436 1223 1501 (sic
1255 1454 1285 1492 a
1316 1439 1502 1497 fratris
1526 1444 1609 1497 sui
1640 1443 1885 1501 Damiani
1922 1446 2140 1501 nemine

2240 533 2417 598 dicti,
2471 550 2534 588 ac
2583 534 2776 589 deinde
2828 533 2887 589 S.
2932 533 2998 588 Β.
3040 534 3101 588 Ε.
3154 536 3483 601 cardinalis,
3531 540 3813 608 episcopus

2238 622 2523 679 Ostiensis.
2555 623 2700 677 Vixit
2744 623 3074 694 temporibus
3116 623 3363 694 Gregorii
3413 625 3478 681 Vl
3506 637 3561 681 et
3603 643 3815 682 succes-

2238 726 2422 767 sorum
2444 713 2561 782 ejus
2590 726 2761 782 usque
2789 713 2855 767 ad
2878 711 3200 784 Gregorium
3232 713 3344 779 VII,
3373 716 3440 770 ad
3468 730 3604 785 quos
3628 731 3813 773 omnes

2237 804 2495 873 epistolas
2524 805 2690 859 dedit.
2746 804 2840 858 Vir
2872 804 2968 859 fuit
3003 805 3156 859 valde
3197 815 3413 860 sanctus
3450 815 3505 860 et
3548 808 3773 862 devotus
3796 847 3811 871 ,

2237 904 2293 949 et
2353 896 2620 966 prmeipue
2672 896 3003 966 poenitentiae
3055 904 3111 950 et
3148 907 3379 950 austerae
3430 897 3555 951 vitae
3607 907 3815 951 amator

2237 982 2667 1041 ardentissimus.
2707 986 2983 1055 Pauloque
3022 996 3137 1054 post
3177 1004 3189 1039 :
3222 984 3369 1041 Obiit
3416 987 3469 1040 in
3526 987 3810 1057 apostolica

2238 1077 2544 1148 legatione,
2605 1092 2746 1131 anno
2807 1078 3019 1132 Domini
3068 1075 3227 1130 1072.
3286 1076 3514 1146 Scripsit
3563 1078 3812 1147 epistolas

2236 1168 2501 1237 plurimas
2544 1178 2600 1222 et
2647 1180 2925 1223 sermones
2970 1167 3311 1235 permultos:
3345 1180 3466 1235 qua:
3498 1166 3604 1219 duo
3651 1180 3811 1234 opera

2240 1261 2381 1331 typis
2425 1275 2592 1328 nuper
2622 1260 2784 1330 (anno
2815 1258 2951 1314 1606
3002 1269 3056 1313 et
3103 1258 3261 1327 1608)
3286 1257 3590 1319 ,mandavit
3632 1257 3813 1310 Romae

2239 1353 2469 1405 domnus
2498 1348 2888 1405 Constantinus
2928 1347 3219 1420 Cajetanus
3242 1390 3258 1416 ,
3303 1347 3511 1404 ordinis
3545 1346 3602 1402 S.
3646 1347 3813 1402 Bene-

2190 1506 2200 1514 ἢ
2240 1439 2368 1495 dicti
2399 1439 2712 1494 monachus.

566 1596 3805 1650 --—————________._______________________.___‘_________

1455 1766 2265 1863 CONSTANTINI
2332 1771 2902 1862 CAJETANI

919 1918 1250 2005 Eptsrom
1284 1950 1374 2007 AD
1415 1955 1477 2011 ο.
1516 1956 1961 2017 νιιΑΝειδουΜ
1995 1962 2083 2018 ΕΤ
2122 1965 2185 2020 ι).
2223 1962 2583 2022 ANTONIUM
2611 1944 3051 2020 BARBERINOS
3079 1959 3454 2019 rmncrrss.

1266 2104 1406 2162 Petit
1446 2119 1502 2165 ut
1526 2127 1713 2165 eorum
1734 2116 1985 2185 auspiciis
2011 2118 2143 2173 iiber
2177 2135 2303 2173 suus
2331 2135 2537 2174 summa
2565 2118 2804 2189 pontiﬁci
2831 2121 3111 2189 offeratur.

630 2362 973 2421 Sanctissimi
996 2370 1208 2427 Domini
1231 2364 1402 2430 nostri
1429 2374 1633 2431 Urbani
1657 2375 1764 2431 Vlll
1790 2376 1977 2434 fratris
2001 2380 2143 2445 ﬁliis,
2175 2383 2223 2442 Β
2253 2383 2466 2439 testatis
2516 2381 2788 2451 fastigium
2831 2390 2886 2437 et
2913 2380 3338 2450 magnitudinem
3372 2381 3505 2435 satis
3534 2381 3811 2452 intelligit,

558 2452 619 2508 8.
650 2452 717 2508 Ρ..
750 2454 812 2511 E.
842 2458 1228 2528 cardinalibus,
1258 2466 1321 2520 D.
1348 2466 1665 2531 FRANCISCO,
1683 2469 1827 2525 sedis
1842 2472 2149 2540 apostolicae

562 2543 1011 2633 viceeancellario
1057 2566 1122 2605 ac
1169 2553 1400 2610 Romani
1475 2558 1867 2629 apostolicique
1936 2561 2147 2633 collegii

560 2632 874 2702 Gregoriani
906 2644 1227 2710 protectori;
1260 2662 1361 2702 nec
1384 2662 1490 2702 non
1522 2649 1581 2702 D.
1616 2648 1861 2706 Amomo
1903 2651 1961 2706 S.
1990 2651 2054 2706 R.
2082 2632 2145 2707 Ε.

561 2730 885 2796 camerario,
917 2742 973 2786 et
996 2736 1277 2805 utriusque
1303 2739 1595 2808 signatura:
1620 2757 1683 2795 ac
1710 2757 1882 2797 sacrm
1923 2759 2150 2812 congre-

559 2815 799 2884 gationis
843 2820 910 2873 de
946 2820 1295 2895 Propaganda
1340 2828 1472 2882 Fide
1508 2829 1766 2899 przefecto
1789 2873 1803 2896 ,
1838 2833 2147 2889 Barherinis

565 2903 919 2974 principibus,
945 2911 1173 2967 domnus
1198 2913 1592 2975 Constantinus
1618 2919 1929 2979 Carm-suus
1956 2923 2144 2989 abbas,

564 2990 793 3049 salutem
822 3006 874 3050 et
894 2997 1224 3058 felicitatem.

640 3085 823 3141 Sancti
854 3090 999 3145 Petri
1029 3094 1271 3150 Damiani
1300 3099 1614 3165 cardinalis,
1652 3102 1889 3172 episcopi
1930 3101 2147 3160 Ostien-

568 3174 683 3237 sis.
737 3188 989 3247 quartum
1042 3183 1302 3241 librorum
1353 3190 1816 3262 volumen,quod
1870 3193 1924 3248 in
1978 3193 2150 3248 lucem

567 3268 764 3335 editur,
797 3273 946 3329 vobis
967 3290 1085 3330 sese
1109 3279 1348 3344 exhibet,
1372 3283 1675 3339 cardinales
1703 3287 2148 3342 eminentissimi:

574 3365 639 3447 ut
657 3372 754 3425 per
777 3375 875 3418 vos
902 3368 1246 3425 sanctissimo
1282 3370 1343 3425 D.
1371 3372 1589 3429 Urbano
1612 3374 1722 3430 Vill
1751 3386 1941 3447 patruo
1973 3389 2153 3434 vestro

568 3445 847 3506 oderatur.
876 3453 1059 3525 Neque
1087 3461 1235 3516 enim
1282 3478 1547 3533 supremae
1594 3445 2018 3537 inter'homines
2060 3485 2155 3541 p0-

2249 2474 2343 2544 qui
2373 2482 2499 2529 ante
2528 2473 2679 2528 illum
2725 2474 2843 2528 sine
2880 2473 3019 2527 duce
3057 2473 3221 2527 audet
3250 2473 3585 2542 importunus
3624 2474 3811 2531 irrum-

2250 2580 2400 2634 pere.
2451 2566 2604 2621 Licet
2644 2566 2787 2620 enim
2841 2564 2978 2619 liber
3006 2564 3118 2633 ipse
3150 2565 3393 2619 auctoris
3437 2565 3769 2635 subtemine
3795 2606 3811 2631 ,

2249 2654 2353 2708 viri
2376 2667 2568 2723 nempe
2608 2652 2850 2707 doctrina
2879 2662 2934 2707 et
2964 2653 3248 2707 sanctitate
3274 2652 3561 2707 clarissimi
3587 2693 3601 2717 ,
3634 2670 3697 2709 ac
3739 2671 3816 2710 re-

2252 2762 2369 2800 rum
2400 2759 2520 2814 quae
2549 2746 2602 2799 in
2632 2759 2697 2799 eo
2726 2745 3072 2799 continentur
3098 2744 3337 2813 pondere
3363 2755 3419 2798 et
3442 2745 3673 2801 utilitate
3694 2747 3817 2801 satis

2252 2850 2349 2905 per
2373 2850 2431 2891 se
2456 2835 2727 2904 gratiosus
2754 2834 2968 2888 futurus
3000 2834 3071 2887 sit
3107 2834 3245 2903 apud
3270 2849 3394 2887 eum
3425 2834 3513 2902 qui
3544 2833 3719 2889 fautor
3742 2841 3821 2889 est

2249 2926 2550 2981 litterarum
2606 2934 2662 2980 et
2717 2925 3021 2980 sanctitatis
3055 2936 3336 2988 assertor,
3396 2924 3595 2995 aliquid
3650 2936 3818 2981 tamen

2252 3020 2741 3074 commendationis
2789 3028 2844 3073 et
2891 3019 3077 3087 gratia:
3104 3035 3171 3073 ex
3212 3020 3497 3088 utriusque
3547 3018 3823 3088 splendore

2253 3110 2489 3165 nominis
2523 3118 2687 3179 atque
2716 3110 3060 3165 auctoritatis
3097 3110 3451 3178 amplitudine
3498 3118 3683 3180 sperat
3724 3109 3820 3164 sibi

2252 3215 2643 3256 accessurum:
2686 3202 2759 3255 ita
2808 3210 2907 3265 ut,
2956 3202 3109 3255 vobis
3162 3202 3564 3271 prmeuntibus,
3598 3202 3822 3257 alacrior

2249 3291 2529 3361 magisque
2559 3290 2731 3345 ﬁdens
2773 3302 2898 3346 ante
2927 3292 3149 3346 maximi
3184 3292 3457 3361 pontiﬁcis
3480 3303 3820 3361 conspectum

2249 3390 2529 3451 appareat.
2574 3381 2712 3437 Deus
2762 3383 3001 3451 optimus
3047 3383 3314 3437 maximus
3360 3398 3457 3437 vos
3484 3384 3550 3437 ad
3579 3380 3823 3437 Ecclesia:

2250 3487 2362 3527 suae
2392 3471 2680 3525 utilitatem
2716 3470 3016 3527 diutissime
3043 3480 3223 3526 servet
3254 3471 3575 3526 incolumes.

596 3577 3811 3621 Ἢ

1078 3715 1641 3807 CAJETANI
1717 3718 2301 3812 EPISTOLA
2387 3716 3333 3809 NUNCUPATORIA

1749 3909 1843 3963 AD
1894 3906 2230 3966 URBANUM
2271 3906 2505 3963 PAPAM
2557 3906 2686 3963 Vill.

645 4122 848 4180 Sancto
897 4125 1124 4182 Domino
1187 4136 1376 4184 nostro
1453 4128 1673 4185 Unnaso
1728 4126 1861 4196 Vill,
1910 4133 2153 4201 pontifici
2184 4138 2231 4201 ο
2261 4130 2532 4183 tllustrms
2577 4132 2957 4197 praeponatur,
3005 4136 3167 4195 quam
3206 4124 3348 4193 quod
3403 4131 3619 4179 resonat
3656 4124 3708 4179 in
3736 4136 3828 4180 ore

574 4214 815 4268 maximo
840 4252 855 4277 ,
887 4212 1295 4272 Consrmrmus
1322 4217 1629 4274 Cumanus
1665 4218 1833 4274 abbas
1875 4222 2160 4289 sempiter-

577 4319 705 4358 nam
736 4303 1069 4359 felicitatem.
1389 4374 1397 4381 ν

651 4394 889 4459 Quartus
934 4393 1045 4461 jam
1092 4403 1147 4450 et
1181 4396 1440 4462 ultimus,
1470 4397 1785 4454 beatissime
1839 4398 2001 4457 Pater
2031 4442 2045 4464 ,
2097 4400 2153 4457 S.

577 4478 725 4536 Petri
752 4481 996 4538 Damiani
1027 4483 1318 4538 cardinalis
1341 4524 1355 4547 ,
1383 4486 1621 4558 episcopi
1651 4486 1946 4556 Ostiensis,
1983 4499 2159 4545 tomus

582 4568 780 4640 publici
816 4570 956 4640 juris
986 4572 1215 4644 edicitur
1245 4592 1260 4632 :
1295 4576 1388 4630 sed
1436 4584 1613 4632 tamen
1645 4588 1957 4634 consuetam
1998 4590 2159 4635 tanta;

579 4660 848 4741 majestati
893 4674 1113 4733 prmstat
1161 4667 1565 4723 reverentiam:
1596 4683 1771 4739 neque
1800 4679 1927 4725 ante
1970 4673 2022 4725 in
2065 4686 2162 4741 po-

579 4751 686 4822 puli
719 4746 1068 4822 conspeCtum
1115 4756 1331 4824 prodire
1358 4757 1654 4823 sustinuit,
1687 4774 1848 4828 quam
1882 4758 2159 4815 Urbanum

582 4844 637 4897 in
689 4842 836 4900 Petri
879 4847 1139 4902 cathedra
1191 4847 1469 4903 sedentem
1515 4849 1737 4919 supplex
1784 4857 2153 4904 veneraretur.

584 4935 738 5001 Quod
768 4947 916 4993 certe
962 4937 1163 4993 factum
1192 4954 1351 4995 nemo
1370 4979 1385 5003 ,
1414 4947 1475 4994 ut
1502 4941 1756 5006 arbitror,
1787 4956 1891 4996 non
1939 4957 2160 5012 magno-

583 5039 712 5093 pere
742 5025 1002 5080 laudabit.
1039 5027 1138 5082 Ubi
1173 5030 1317 5081 enim
1359 5028 1618 5083 nobilium
1652 5030 1988 5101 ingeniorum
2034 5046 2160 5101 par-

588 5125 673 5171 tus
701 5116 839 5172 lucis
884 5118 1205 5174 incunabula
1257 5119 1466 5175 felicius
1494 5136 1656 5191 quam
1687 5121 1741 5177 in
1772 5124 1918 5178 sedis
1947 5134 2160 5193 aposto-

577 5205 695 5261 licae
760 5208 1123 5277 penetralibus
1178 5210 1536 5265 sortiantur?
1606 5210 1661 5266 ln
1719 5212 1828 5267 illis
1905 5214 2158 5268 nimirum

579 5296 979 5364 penetralibus,
1026 5300 1168 5353 unde
1215 5311 1405 5369 gentes
1449 5316 1479 5354 a
1525 5301 1844 5357 criminibus
1876 5304 2157 5373 expiatura

579 5400 685 5440 vox
714 5387 965 5453 mittitur,
996 5388 1084 5444 ubi
1114 5389 1351 5446 cmlestis
1379 5391 1581 5446 oraculi
1621 5396 1817 5446 areana
1854 5393 2156 5461 pateﬁunt,

2260 4219 2577 4289 pepulon
2604 4257 2620 4281 ,
2666 4216 2877 4287 publica
2931 4215 3152 4270 decorat
3198 4214 3527 4270 monimenta
3556 4252 3571 4278 ,
3625 4214 3828 4283 privata

2262 4309 2511 4364 honestat
2537 4312 2856 4362 ornamenta
2878 4345 2891 4370 ,
2921 4313 2978 4359 et
3003 4305 3145 4359 inter
3190 4313 3532 4360 sacrosancta
3580 4304 3829 4375 mysteria

2260 4398 2602 4454 sacerdotum
2651 4410 2782 4453 voce
2825 4396 3193 4467 depromitur?
3220 4395 3352 4463 Quis
3394 4409 3499 4450 non
3524 4405 3705 4464 speret
3730 4395 3831 4450 sibi

2261 4497 2370 4542 tam
2417 4486 2626 4557 augusti
2695 4486 2888 4542 sideris
2938 4485 3058 4540 luce
3119 4493 3433 4555 praeeunte,
3490 4493 3833 4553 tempestates

2258 4594 2447 4634 onmes
2491 4588 2654 4648 atque
2682 4577 2865 4633 omnia
2910 4586 3152 4630 monstra
3213 4575 3590 4645 navigantibus
3639 4576 3829 4628 infesta

2261 4668 2418 4724 facile
2446 4683 2692 4729 cessura,
2721 4680 3001 4735 quousque
3033 4666 3101 4749 ad
3144 4664 3293 4719 illum
3334 4667 3505 4719 beatae
3549 4665 3672 4719 vitae
3711 4679 3832 4735 por-

2261 4767 2397 4826 tum,
2424 4773 2583 4827 quem
2606 4758 2691 4826 pie
2714 4757 3018 4811 viventibus
3042 4755 3348 4811 Conditoris
3376 4755 3544 4811 nostri
3574 4756 3830 4809 immensa

2260 4846 2472 4903 bonitas
2505 4856 2561 4903 et
2594 4847 2937 4915 omnipotens
2972 4845 3236 4915 sapientia
3264 4845 3605 4915 praeparavit,
3636 4844 3830 4898 victrix

2262 4936 2509 4992 laborum
2558 4937 2750 5005 pietas,
2769 4943 2824 4989 et
2868 4934 3247 5005 triumphatrix
3285 4933 3642 5002 periculorum
3668 4932 3832 4986 animi

2260 5024 2520 5080 fortitudo
2539 5023 2834 5093 perducat?
2862 5022 2968 5077 Sed
2991 5023 3107 5077 hate
3127 5022 3178 5077 in
3207 5022 3434 5076 aliorttm
3461 5020 3613 5075 libris
3635 5019 3833 5091 justius

2261 5124 2443 5170 essent
2468 5114 2763 5185 praefanda,
2795 5114 2885 5183 qui
2916 5114 2967 5167 in
3010 5114 3153 5168 sedis
3189 5112 3495 5183 apostolica:
3525 5110 3831 5166 clientelam

2261 5209 2383 5264 novi
2423 5215 2774 5276 recentesque
2815 5213 3102 5261 venerunt.
3152 5203 3300 5259 Petri
3354 5203 3499 5259 enim
3544 5200 3785 5257 Damiani
3812 5239 3832 5262 ,

2261 5298 2459 5372 egregii
2507 5298 2748 5354 doctoris
2786 5296 3119 5353 Benedictini
3154 5309 3285 5365 erga
3323 5294 3616 5347 Romanam
3650 5289 3835 5346 Eccle-

2263 5393 2398 5447 siam
2431 5390 2562 5445 fides
2589 5390 2786 5444 eximia
2812 5428 2825 5454 ,
2875 5402 2941 5443 ac
2968 5388 3140 5456 pietas
3182 5398 3321 5453 pene
3344 5381 3632 5452 singularis
3652 5419 3669 5445 ,
3715 5392 3835 5433 mea

580 5480 672 5536 ubi
702 5482 955 5550 perennis
986 5483 1224 5538 thesauri
1254 5485 1391 5539 dona
1419 5485 1831 5555 dispensantur,
1869 5488 1957 5542 ubi
2008 5489 2162 5543 dcni-
2187 5496 2237 5556 ι)
2262 5481 2733 5538 commendatione
2757 5494 2863 5533 non
2899 5477 3105 5548 indiget
3132 5493 3147 5531 :
3182 5474 3448 5545 siquidem
3479 5482 3588 5526 tam
3621 5485 3689 5525 ex
3717 5469 3837 5538 ejus

581 5586 687 5637 quc
710 5576 897 5629 mortis
932 5576 1203 5631 antidotus
1227 5586 1281 5631 et
1306 5576 1427 5630 vitae
1473 5578 1820 5645 pharmacum
1856 5581 2154 5649 prepiuan-

582 5668 688 5718 tur.
740 5663 889 5730 Quod
933 5684 1127 5721 nonien
1180 5668 1383 5724 chartis
1413 5708 1427 5732 ,
1460 5677 1517 5721 ut
1561 5668 1633 5722 ita
1681 5668 1893 5739 dicam,
1925 5671 2151 5727 victuris

2262 5574 2480 5642 scriptis
2507 5572 2760 5643 (quorum
2785 5570 3020 5625 maxima
3044 5566 3157 5636 jam
3180 5575 3356 5638 parte,
3381 5562 3604 5620 summis
3626 5560 3840 5615 duobus

2262 5662 2645 5731 Pontiﬁcihus,
2684 5661 2966 5718 Clemente
2994 5658 3106 5717 Vill
3148 5670 3205 5715 et
3232 5657 3400 5716 Paulo
3443 5655 3487 5712 ν
3534 5651 3841 5711 mandanti-
