4028 6168
403 243 506 303 9n

1644 243 1952 303 CARMLNA
1997 245 2086 302 ET
2126 243 2414 300 PRECES.
2485 231 2490 236 ’

3565 246 3666 301 918

400 359 503 412 bus
526 395 542 420 ,
578 357 824 411 houunes
871 373 966 428 per
1007 373 1104 414 nos
1138 358 1412 425 fruuntur)
1443 374 1605 429 quam
1646 375 1710 415 ex
1751 360 1878 415 vitae
1917 374 1979 416 ac
2009 367 2056 425 Α
2084 361 2242 426 duco,
2268 360 2478 431 possint
2497 359 2694 414 addere
2721 357 2887 424 faces,
2919 368 2976 413 ut
3006 358 3078 412 ita
3101 357 3276 412 dicant
3304 397 3318 420 ,
3345 365 3399 412 et
3421 358 3667 414 stimulos

400 464 586 506 rerum
633 459 912 521 gestarum
953 451 1226 522 praeclaris
1263 451 1596 508 facinoribus
1624 493 1640 519 ,
1684 463 1814 510 nota
1849 453 1983 510 satis

397 559 465 601 ac
495 552 694 599 testata
734 542 967 612 p05teris
1010 553 1422 610 remanserunt;
1473 545 1607 600 adeo
1647 555 1706 600 ut
1746 545 1816 602 ab
1863 543 1984 598 illu.

397 635 605 692 stribus
665 634 785 704 ejus
833 635 1092 704 temporis
1143 651 1320 690 tum
1377 635 1725 692 HIERONYIIUS
1786 635 1984 690 merito

343 787 355 800 δ
398 725 579 779 dictus
600 722 785 778 fuerit.
818 720 1086 779 Nimirum
1111 725 1196 778 vir
1216 724 1596 780 sanctissimus
1619 739 1725 779 non
1755 725 1984 794 degene-

397 812 544 868 ravit
576 826 608 866 ιι
638 809 938 881 majoribus
960 812 1076 867 suis
1102 812 1191 884 (de
1209 813 1416 869 ordinis
1438 813 1710 870 Benedicti
1731 812 1984 869 Pati-ibus

395 902 612 974 loquor)
633 917 864 973 quorum
892 903 1095 968 studia,
1123 903 1356 969 labores,
1390 903 1586 976 vigilite
1613 912 1670 959 et
1708 903 1984 960 excellens

395 996 453 1050 in
479 995 627 1050 omni
669 994 888 1048 laudum
922 1008 1120 1065 genere
1148 994 1342 1059 virtus,
1388 1003 1623 1066 quantos
1650 994 1801 1052 omni
1842 1002 1982 1050 tem-

396 1105 530 1160 pore
575 1089 789 1145 fruetus
819 1088 1148 1145 Gliristiauze
1195 1088 1510 1160 reipublicae
1549 1088 1833 1155 attulerit,
1884 1086 1980 1141 ali-

395 1179 717 1250 quantisper
761 1178 998 1234 fortasse
1025 1179 1130 1234 hoc
1161 1177 1278 1234 loco
1305 1191 1788 1245 commemorarem
1815 1217 1831 1241 ,
1876 1176 1983 1232 nisi

395 1271 630 1341 publicis
656 1280 838 1326 essent
867 1271 1185 1341 consignata
1215 1270 1582 1334 munimentis,
1606 1271 1682 1325 ita
1708 1277 1768 1323 ut
1793 1283 1982 1324 eorum

393 1363 656 1419 memoria
703 1363 758 1417 lu
805 1361 1182 1418 benedictioae
1221 1359 1403 1416 futura
1445 1361 1517 1417 sit
1557 1373 1724 1430 penes
1762 1373 1982 1416 onmem

392 1456 790 1525 posteritatem.
844 1454 1342 1510 Pulcherrimorum
1416 1463 1651 1524 namque
1708 1467 1935 1524 operum
1962 1495 1979 1520 ,

389 1560 518 1613 qua:
542 1559 772 1615 magnus
796 1545 1112 1615 patriarcha
1137 1543 1464 1600 Benedictus
1506 1543 1732 1613 ejusque
1777 1543 1981 1600 alumni

387 1650 496 1704 pro
541 1633 744 1690 Christi
801 1635 973 1706 gloria
1019 1643 1076 1691 et
1104 1634 1379 1690 communi
1417 1635 1702 1690 hominum
1749 1635 1982 1693 utilitate

2084 449 2152 504 ad
2180 449 2316 504 bene
2344 447 2693 503 currendum.
2742 446 2847 502 Sed
2873 448 3026 518 enim
3057 447 3185 516 quid
3217 446 3412 500 attinet
3441 433 3626 501 vetera
3649 485 3666 511 ,

2082 549 2137 596 et
2160 555 2283 610 qua;
2310 540 2441 595 mihi
2479 554 2602 594 cum
2643 539 2765 594 aliis
2805 537 3112 592 communia
3156 545 3326 600 sunt,
3366 551 3664 600 enarrare;

2083 645 2206 686 cum
2232 628 2522 700 singularis
2563 628 2790 683 ali'ectus
2818 639 2873 682 et
2898 626 3333 682 observantiaziu
3362 625 3664 680 Romanum

2081 721 2391 792 pontiﬁcem
2426 721 2672 792 proprias
2715 735 2778 776 ac
2821 720 3126 792 peculiares
3175 733 3366 774 causas
3396 719 3668 774 habeam?

2083 812 2197 868 Tua
2227 813 2370 869 enim
2400 813 2799 874 beneflcentia,-
2825 812 3138 869 beatissime
3185 811 3346 867 Pater
3375 851 3390 878 ,
3423 811 3568 881 quod
3613 811 3666 864 in

2081 919 2169 961 me
2195 905 2440 970 contulit,
2470 915 2528 960 ut
2558 913 2679 976 post
2709 905 2972 959 maximos
3017 903 3137 958 illos
3161 903 3500 974 optimosque
3530 915 3666 972 pou-

2083 998 2278 1063 tificvs,
2302 1008 2678 1056 antecessores
2705 1008 2845 1063 tuos,
2877 998 3210 1054 Clementem
3240 995 3350 1050 Vlll
3382 1035 3397 1061 ,
3432 994 3666 1050 Leonem

2081 1089 2152 1146 XI
2181 1131 2197 1157 ,
2227 1091 2452 1146 Paulum
2488 1091 2526 1146 V
2549 1100 2602 1145 et
2626 1091 2946 1161 GregOrium
2974 1088 3070 1144 XV
3095 1129 3110 1153 ,
3163 1087 3360 1158 quibus
3411 1102 3442 1142 a
3495 1087 3638 1142 sacri

2078 1184 2385 1240 litterarum
2453 1184 2817 1240 monumentis
2894 1181 3193 1246 inserviti,
3268 1179 3364 1235 tibi
3439 1179 3642 1235 inservi

2082 1291 2227 1342 rem,
2278 1277 2402 1347 jure
2449 1292 2548 1332 suo
2605 1276 2841 1347 postulat
2887 1276 3202 1347 exigitque,
3253 1282 3313 1328 ut
3359 1280 3530 1332 totum
3580 1287 3662 1329 me

2079 1383 2181 1440 pro
2211 1377 2300 1423 tua
2331 1367 2704 1438 amplitudine,
2736 1369 2945 1424 honore
2977 1383 3042 1424 ac
3063 1368 3326 1438 dignitate
3348 1367 3665 1431 devoveam,

2079 1469 2246 1532 atque
2290 1459 2359 1516 ad
2397 1459 2556 1530 hujus
2585 1469 2948 1516 sacrosanctae
2992 1460 3138 1515 sedis
3181 1459 3346 1514 decus
3388 1456 3668 1523 existima-

2081 1550 2393 1620 tionemque
2422 1550 2604 1606 omnis
2652 1565 2772 1605 mea
2821 1549 3039 1614 studia,
3076 1553 3240 1605 curas
3265 1587 3282 1612 ,
3311 1547 3670 1621 cogitationes

2077 1653 2416 1700 convertam.
2476 1644 2607 1698 illud
2650 1644 2914 1698 duntaxat
2975 1643 3174 1698 addere
3224 1656 3331 1696 non
3390 1641 3620 1696 verebor
3649 1656 3663 1669 ο

387 1727 758 1798 perfecerunt.
785 1741 893 1782 non
942 1727 1120 1783 solum
1146 1726 1432 1797 exemplis.
1467 1727 1563 1782 sed
1599 1725 1766 1782 etiam
1808 1727 1975 1781 vesti-
2006 1713 2052 1773 Β
2079 1732 2542 1800 Quemadmodum
2578 1733 2753 1802 potuit
2791 1732 3022 1786 antehac
3073 1731 3336 1786 sanctitas
3376 1738 3467 1786 tua
3532 1729 3648 1782 anti

390 1819 512 1891 giis,
545 1820 702 1891 plena
731 1830 816 1876 est
854 1821 1034 1876 omnis
1066 1819 1308 1876 Ecclesia
1349 1826 1685 1874 sanctorum.
1717 1818 1836 1885 Quo
1867 1832 1982 1873 ma-

389 1910 473 1978 gis
496 1925 709 1980 aequum
730 1925 854 1968 esse
870 1919 928 1966 et
949 1910 1144 1965 rationi
1180 1918 1606 1965 consentaneum
1635 1915 1766 1978 puto
1790 1945 1807 1972 ,
1850 1922 1939 1962 me
1959 1945 1977 1970 ,

386 2000 482 2070 Qui
509 2001 758 2056 eamdem
793 2001 1108 2070 religionem
1135 1999 1427 2070 profiteor,
1450 1999 1580 2054 totis
1605 1996 1814 2052 viribus
1844 1996 1979 2052 eniti

386 2095 450 2143 ut
476 2098 585 2143 non
611 2090 931 2145 dissimilem
973 2089 1262 2144 exhibeam
1287 2103 1416 2160 erga
1459 2088 1762 2143 Romanam
1792 2084 1980 2142 Eccle-

383 2179 550 2246 ciam,
578 2189 900 2234 ceterarum
947 2180 1313 2236 Ecclesiaer
1344 2180 1642 2250 principem
1677 2193 1744 2233 ac
1783 2192 1952 2248 paren

385 2278 522 2336 tem,
551 2271 798 2340 obsequii
827 2285 892 2326 ac
918 2270 1137 2340 pietatis
1161 2271 1434 2326 ardorem.
1462 2268 1599 2325 Cum
1621 2270 1768 2325 enim
1796 2267 1976 2324 omni-

383 2359 491 2419 bus
515 2376 546 2415 a
578 2361 846 2430 majorum
871 2363 1092 2416 subrum
1114 2362 1317 2416 virtute
1341 2362 1671 2431 degenerare
1701 2351 1859 2428 turpe
1881 2359 1976 2426 sit,

384 2456 502 2504 tum
535 2449 640 2504 illis
685 2451 1025 2519 potissimum
1057 2451 1110 2506 id
1156 2451 1302 2506 omni
1331 2449 1624 2520 ignominia
1673 2448 1978 2504 deformius

383 2553 511 2600 esse
542 2541 724 2608 debet,
752 2542 842 2612 qui
891 2541 947 2596 in
977 2550 1180 2597 san‘ctte
1224 2541 1500 2612 religionis
1537 2539 1717 2596 studio
1757 2539 1977 2611 gloriosi

385 2632 706 2688 certaminis
754 2647 974 2688 cursum
1037 2633 1306 2690 conficere
1369 2642 1676 2688 statuerunt
1719 2651 1732 2688 :
1781 2633 1976 2702 quibus

386 2723 477 2779 illa
507 2725 782 2794 proposita
814 2734 896 2781 eSt
918 2719 1321 2796 expeditissima
1360 2725 1500 2781 ratio
1525 2725 1801 2791 vincendi,
1829 2734 1977 2780 retro

387 2817 574 2873 oculos
603 2834 882 2889 nunquam
909 2816 1146 2882 ﬂectere,
1179 2834 1280 2874 nec
1317 2819 1369 2873 in
1407 2819 1586 2874 medio
1608 2819 1975 2875 deficientium

388 2907 762 2962 lassitudinem
796 2909 1014 2972 imitari,
1052 2909 1146 2965 sed
1187 2916 1408 2965 strenue
1439 2910 1795 2978 praeeuntium
1822 2908 1977 2965 forti-

385 3007 475 3054 ter
500 2999 706 3055 han-ere
731 3001 992 3073 vestigiis.
1024 3000 1286 3068 Quamvis
1318 3002 1452 3058 mihi
1489 3002 1653 3056 etiam
1681 3002 1975 3057 domestica

2076 1838 2221 1895 quas,
2254 1838 2379 1880 eum
2407 1823 2617 1879 Ordinis
2660 1822 2790 1887 mei,
2822 1829 2934 1877 tum
2960 1826 3225 1894 majorum
3266 1835 3507 1876 meorum
3538 1833 3668 1890 erga

2080 1915 2264 1970 sedem
2295 1914 2672 1985 apostolicam,
2699 1913 3003 1968 devotionis
3049 1920 3107 1968 et
3131 1912 3492 1968 observantia:
3541 1925 3667 1979 spe-

2081 2005 2256 2060 cimen
2287 2005 2344 2060 in
2375 2019 2462 2059 me
2499 2019 2609 2060 uno
2649 2004 2791 2059 haud
2817 2003 3050 2060 obscure
3074 2017 3493 2073 recognoscere;
3525 2006 3596 2056 ita
3621 2001 3668 2056 si

2078 2097 2190 2152 vita
2214 2097 2346 2152 mihi
2379 2105 2659 2167 suppetet,
2690 2095 3020 2167 alllabitque,
3049 2103 3109 2150 ut
3144 2094 3294 2159 facit,
3337 2095 3668 2150 incredibilis

2081 2196 2188 2242 tuae
2214 2187 2374 2242 istius
2400 2187 2750 2260 benignitatis
2768 2201 2920 2253 aura,
2943 2187 3116 2259 magis
3140 2185 3419 2258 magisque
3443 2184 3669 2257 posthac

2079 2278 2503 2350 recognituram.

2152 2368 2373 2422 Interim
2422 2368 2670 2423 ultimum
2725 2369 2873 2424 hunc
2933 2368 3076 2423 illius
3111 2366 3401 2423 clarissimi
3450 2365 3578 2422 olim
3615 2375 3670 2422 et

2079 2457 2406 2514 sanctissimi
2457 2457 2748 2515 cardinalis
2783 2459 3043 2531 episcopi,
3074 2462 3159 2528 {et
3218 2454 3368 2513 Petri
3418 2456 3668 2511 Damiani

2079 2559 2282 2606 tomum
2313 2588 2328 2614 ,
2369 2548 2460 2618 qui
2498 2548 2610 2617 jam
2637 2589 2652 2613 ,
2687 2550 2796 2604 Deo
2839 2550 3057 2618 auspice
3086 2588 3101 2615 ,
3156 2561 3186 2602 a
3226 2561 3313 2602 me
3340 2559 3465 2603 wm
3496 2547 3669 2601 tribus

2079 2643 2203 2699 aliis
2251 2659 2280 2698 a
2314 2643 2550 2700 tenebris
2596 2651 2758 2712 atque
2794 2641 3066 2696 oblivione
3100 2640 3407 2695 vindicatus
3443 2647 3525 2693 est
3551 2677 3564 2700 ,
3612 2639 3670 2692 'at

2082 2745 2173 2789 tuo
2203 2747 2426 2789 munere
2445 2733 2656 2804 publica
2685 2732 2803 2788 luce
2829 2730 3046 2798 fruitur,
3070 2730 3228 2785 hilari
3261 2729 3440 2784 fronte
3459 2729 3666 2799 accipe;

2079 2833 2134 2880 et
2158 2835 2261 2894 qua
2293 2823 2435 2880 soles
2468 2823 2811 2879 humanitate
2835 2861 2849 2890 ,
2893 2821 3275 2893 complectere.
3320 2819 3462 2875 Deus
3486 2819 3668 2874 omni-

2076 2923 2268 2985 potens
2315 2913 2518 2969 salvam
2562 2913 2652 2968 diu
2698 2912 3089 2982 ﬂorentemque
3138 2911 3459 2968 Christiana:
3489 2911 3671 2980 reipu-

2078 3005 2232 3060 blicae
2254 3005 2604 3061 sanctitatem
2642 3012 2789 3058 tuam
2818 3012 3123 3071 conservet,
3155 3003 3506 3086 ejusdemque
3544 3008 3669 3058 vota

386 3089 638 3160 exempla
686 3089 987 3160 majorum,
1025 3106 1058 3146 a
1104 3091 1300 3161 quibus
1353 3090 1408 3146 iu
1465 3090 1662 3147 saeculo
1707 3091 1972 3162 originem
2001 3076 2047 3140 C
2078 3105 2364 3166 cceptaque
2386 3096 2570 3152 omnia
2608 3095 2882 3151 fecundet.

1129 3401 1304 3552 Β.
1428 3393 2004 3550 PETRI
2110 3388 2926 3548 DAMIANI

1668 3646 1727 3700 S.
1767 3642 1834 3700 Β.
1877 3643 1938 3699 Ε.
1979 3639 2392 3698 CARDiNALlS

838 3819 1563 3956 CARMINA
1630 3817 2163 3952 ‘SACRA
2276 3821 2477 3944 ET
2568 3811 3212 3950 PRECES.

647 4195 915 4267 1-2—1.
941 4193 1130 4250 Oratio
1162 4192 1232 4246 ad
1279 4192 1444 4247 Deum
1486 4189 1718 4246 Patrem.

458 4287 614 4359 Rogo
641 4297 712 4354 te,
736 4290 997 4343 immensa
1032 4287 1222 4354 pietas,
1259 4284 1399 4338 Deus
1423 4285 1583 4338 Pater
1603 4283 1966 4353 omnipotens,

389 4393 460 4434 ne
492 4381 685 4449 perdas
711 4393 796 4434 me
823 4386 1132 4434 ereaturam
1163 4386 1308 4431 tuam
1347 4378 1412 4430 ad
1447 4377 1522 4430 tui
1563 4375 1968 4431 similitudinem

389 4469 663 4525 conditam
706 4485 771 4524 ac
797 4468 885 4538 pio
922 4469 1041 4523 Filii
1078 4468 1152 4522 tui
1203 4467 1410 4522 Domini
1460 4468 1562 4522 mei
1592 4467 1719 4523 Jesu
1769 4465 1971 4523 Christi

388 4575 584 4617 cruore
635 4561 986 4641 redemptam.
1041 4551 1263 4630 Porrige
1315 4561 1446 4614 mihi
1511 4573 1734 4614 manum
1783 4569 1972 4627 tuam‘,

390 4649 618 4704 Domine
660 4649 801 4703 Deus
830 4663 1000 4708 meus,
1038 4657 1092 4702 et
1119 4649 1266 4716 eripe
1298 4664 1383 4701 me
1434 4648 1501 4704 de
1546 4650 1974 4718 profundissimo

390 4739 510 4795 lacu
534 4739 880 4808 iniquitatium
903 4753 1168 4794 mearum.
1199 4739 1360 4809 Erige
1385 4740 1616 4809 lapsum,
1649 4733 1797 4796 Solve
1825 4753 1974 4796 com-

389 4825 909 4898 peditum,illumina
933 4842 1158 4892 caecum,
1182 4841 1311 4881 sana
1336 4842 1423 4884 me
1447 4830 1588 4882 mille
1617 4831 1971 4902 malignorum

369 4919 678 4989 ‘Spirittmm
711 4916 1026 4994 vulneribus
1055 4919 1376 4974 sauciatam.
1410 4919 1527 4975 lien
1557 4937 1643 4978 me
1692 4925 1972 4991 miserum,

388 5008 605 5066 hcume
634 5009 932 5080 perditum,
959 5008 1064 5063 heu
1111 5023 1203 5066 me
1229 5009 1557 5068 indeficienti
1606 5013 1971 5085 lacrymarum

389 5101 546 5157 fonte
571 5101 890 5173 lugendum!
936 5100 1025 5170 qui
1057 5101 1182 5156 dum
1210 5101 1576 5172 spurcissimae
1618 5103 1802 5160 carnis
1839 5119 1974 5162 mea:

387 5191 602 5263 legibus
631 5192 769 5256 vixi,
800 5201 1078 5262 nunquam
1127 5201 1178 5246 te
1205 5193 1272 5248 de
1320 5207 1407 5247 me
1447 5194 1683 5264 gaudere
1728 5197 1971 5266 permisi,

385 5283 486 5342 sed
521 5290 736 5354 semper
761 5283 829 5339 de
877 5283 1123 5354 reprobat
1150 5283 1279 5338 vita!
1301 5295 1433 5340 mete
1463 5279 1681 5356 flagitiis
1709 5288 1776 5342 ad
1822 5303 1974 5342 ama-

386 5370 681 5428 ritudinem
707 5375 1012 5442 provocari.
1047 5372 1154 5429 Sed
1184 5373 1327 5439 scio,
1361 5375 1604 5441 Domine,
1632 5377 1758 5447 quia
1789 5377 1844 5432 iu
1872 5392 1972 5432 ve-

386 5459 599 5519 lttntate
628 5473 717 5518 tua
742 5473 934 5520 cuncta
964 5474 1088 5520 sunt
1114 5465 1307 5536 posita,
1334 5475 1389 5520 et
1415 5479 1524 5521 non
1566 5477 1651 5522 est
1679 5467 1768 5537 qui
1797 5469 1972 5538 possit

365 5563 500 5609 tua:
551 5555 810 5612 resistere
856 5555 1121 5611 voluntati
1175 5555 1434 5628 (Esther.
1485 5559 1651 5628 xm).
1703 5558 1760 5614 Si
1824 5559 1971 5614 enim

1988 4186 2039 4246 Ῑ)
2064 4202 2308 4266 Produc,
2342 4201 2600 4265 Domine,
2629 4203 2696 4255 de
2723 4205 2883 4257 saXea
2917 4203 3096 4260 cordis
3118 4205 3224 4262 mei
3255 4205 3457 4262 duritia
3490 4207 3665 4282 lacry—

2077 4308 2284 4347 marum
2331 4290 2715 4347 abundantiam
2737 4334 2752 4358 ,
2785 4294 2876 4363 qui
2909 4295 2975 4350 de
3015 4311 3145 4365 rupe
3176 4297 3374 4352 deserti
3418 4297 3665 4371 largissi-

2076 4399 2218 4437 mam
2248 4379 2562 4452 proﬂuentis
2576 4397 2729 4452 aqua:
2753 4384 2962 4452 copiam
2987 4387 3203 4454 prodire
3227 4386 3433 4458 jussisti
3462 4389 3661 4459 (Exod.

2075 4490 2209 4540 xvu;
2239 4472 2405 4527 Num.
2438 4489 2530 4538 xx;
2561 4469 2708 4527 Psal.
2739 4475 2964 4546 cxxvu).
2995 4473 3221 4533 Domine
3258 4477 3383 4534 Jcsu
3425 4479 3664 4548 Christe,

2075 4565 2120 4619 si
2152 4573 2206 4619 tu
2237 4580 2296 4619 es
2335 4563 2423 4619 lux
2449 4579 2600 4628 vera,
2629 4573 2684 4619 et
2709 4571 2810 4637 ego
2833 4565 2957 4620 eolo‘
2981 4578 3056 4633 te,
3086 4585 3186 4624 cur
3207 4563 3408 4640 pateris
3431 4573 3482 4627 iu
3517 4584 3666 4630 tene-

2074 4658 2188 4713 bris
2215 4672 2336 4712 csse
2387 4655 2509 4712 me?
2539 4657 2626 4710 Vua
2672 4658 2826 4722 mihi,
2860 4658 3038 4713 lumen
3085 4658 3276 4726 adoro,
3307 4673 3362 4718 et
3411 4667 3666 4722 tenebras

2075 4745 2315 4818 perfero;
2347 4747 2561 4803 veritati
2589 4749 2859 4814 deservio,
2885 4759 2937 4805 et
2978 4767 3076 4820 per
3103 4753 3343 4809 inanium
3375 4759 3669 4828 cogitatio~‘

2074 4853 2201 4891 num
2227 4836 2481 4908 figmenta
2512 4835 2756 4891 deludor.
2784 4838 3030 4904 Domine,
3058 4843 3146 4908 qui
3177 4858 3439 4900 cavernas
3472 4849 3660 4902 tartari

2052 4927 2376 4982 divinitatis
2409 4936 2512 4983 tua:
2543 4927 2710 4983 radiis
2742 4927 3058 4998 illust‘rasti;
3084 4931 3176 5002 qui
3205 4931 3406 4991 densas
3435 4935 3660 5010 Egypti

2077 5017 2331 5074 tenebras
2357 5015 2556 5090 Moysis
2585 5013 2770 5074 famuli
2801 5019 2878 5076 tui
2908 5021 3161 5092 precibus
3180 5023 3425 5097 ell'trgasti
3455 5026 3655 5098 (Exod.

2072 5107 2165 5176 x‘);
2210 5107 2418 5178 respice
2463 5109 2630 5164 chaos
2675 5110 2837 5175 istud,
2865 5119 2918 5168 et
2957 5113 3305 5172 tenebrosmn
3335 5117 3441 5172 mei
3477 5115 3659 5176 cordis

2073 5195 2341 5253 infernum
2409 5200 2738 5258 visitatiouis
2783 5211 2888 5258 tua!
2943 5204 3063 5262 luce
3104 5207 3388 5277 perfunde.
3421 5209 3480 5265 ut
3541 5213 3658 5267 an‘i-

2072 5302 2240 5354 mam,
2286 5303 2448 5359 quam
2482 5300 2542 5345 tu
2564 5292 2815 5364 dignatus
2860 5307 2942 5361 es,
2985 5297 3072 5351 lux
3104 5307 3332 5366 mterna,
3368 5302 3656 5370 redimere,

2073 5379 2424 5435 tenebrarum
2449 5391 2640 5436 auctor
2661 5395 2894 5453 nequeat
2936 5385 2992 5440 in
3019 5387 3374 5445 obscuritatis
3413 5407 3525 5448 sua:
3566 5408 3655 5450 ca-

2071 5467 2238 5542 ligine
2262 5474 2559 5541 possidere.
2577 5473 2682 5541 Qui
2702 5474 3016 5532 i’lluminasti
3049 5491 3251 5535 czeeum
3289 5495 3320 5537 a
3349 5484 3652 5552 n‘ativitatc,

2072 5562 2315 5618 illumina
2343 5579 2428 5620 me
2459 5565 2754 5638 (hamis).
2782 5566 2883 5634 Qui
2913 5568 3157 5642 leprosos
3186 5575 3481 5643 mundusti,
3502 5578 3650 5646 puri-

391 5646 700 5730 decreveris
772 5646 983 5714 salvare
1052 5663 1148 5706 nos
1177 5690 1190 5715 ,
1272 5650 1532 5710 continuo
1615 5652 1989 5720 liberabuntur,
2076 5656 2414 5730 licame.Qui
2437 5659 2701 5720 Lazarum
2718 5663 2784 5720 de
2804 5663 3052 5735 sepulcro
3072 5668 3648 5739 suscitasti,resuseita
