4028 6168
382 266 487 321 9Ὶ9

1214 266 1272 323 s.
1312 265 1509 322 perm
1555 238 1834 319 nautam
1872 261 2281 319 OPP.’l‘mlliS
2314 261 2443 321 seu
2484 262 2664 318 rans
2702 260 2791 316 tv.

3540 254 3645 309 9ὲο

388 394 472 432 me
494 375 640 434 vitiis
660 378 905 445 fetidum,
933 384 989 433 et
1012 392 1279 447 perversae
1301 376 1702 432 consuetudinis
1723 375 1862 430 mole
1882 375 1970 429 de-
1999 383 2044 438 Α
2072 391 2191 431 esse
2219 375 2423 446 angelis
2469 374 2561 431 Dei
2591 388 2751 444 super
2787 384 2895 425 uno
2946 376 3234 440 peccatore
3274 366 3645 437 paenitentiam

387 485 635 543 pressum
672 470 855 541 (Joan.
886 470 984 539 ιι).
1014 468 1114 535 Qui
1155 467 1427 522 Danielem
1465 469 1519 521 in
1550 466 1668 522 lacu
1700 482 1729 520 a
1754 466 1966 521 leonum

392 564 666 621 morsibus
694 561 999 625 custodisti,
1030 559 1179 629 eripe
1224 574 1308 613 me
1329 558 1490 630 (Dan.
1546 554 1685 627 xw).
1728 556 1827 622 Qui
1860 565 1971 609 tres

391 667 589 724 pueros
618 652 684 706 de
712 649 913 705 camini
932 646 1213 702 aestuantis
1242 645 1494 700 incendio
1519 644 1781 707 hherasti,
1802 642 1970 697 libera

394 758 483 798 me
511 743 668 813 (Dan.
719 740 824 811 ιιι).
856 739 958 805 Qui
1000 738 1239 793 liberasti
1288 735 1451 791 lsrael
1500 738 1566 790 de
1627 735 1974 805 oppressione

395 834 718 894 Pharaonis.
766 832 931 887 libera
965 845 1051 884 me
1089 829 1287 898 (Exod.
1316 844 1393 881 xu
1439 837 1488 880 et
1526 826 1670 895 xm).
1702 825 1801 892 Qui
1842 824 1978 879 libe—

395 926 525 980 rasti
571 924 740 978 David
783 924 850 979 de
879 923 1133 977 manibus
1159 920 1328 976 Goliae
1372 928 1426 973 et
1456 918 1653 979 Saulis,
1686 917 1853 971 libera
1892 929 1979 970 me

394 1014 451 1085 (Ι
480 1016 606 1087 Reg.
638 1014 774 1084 xvi).
803 1014 902 1081 Qui
948 1012 1183 1068 eduxisti
1222 1011 1446 1066 Petrum
1501 1010 1575 1065 de‘
1612 1021 1834 1065 carcere
1877 1006 1981 1062 lle.

398 1108 565 1171 rodis,
599 1106 770 1161 libera
800 1121 886 1160 me
933 1105 1074 1176 (Act.
1099 1103 1221 1170 xu).
1258 1103 1485 1157 Domine
1533 1100 1839 1163 benedicte,
1868 1097 1983 1169 glo-

398 1198 563 1261 riosc,
594 1196 1034 1265 piissime,vides,
1065 1203 1119 1250 et
1149 1196 1265 1265 ipse
1293 1194 1640 1249 conscientia:
1669 1207 1801 1247 mete
1830 1192 1985 1247 testis

397 1302 482 1351 es.
514 1288 639 1357 quia
662 1287 783 1341 volo
822 1284 960 1340 mala
1001 1299 1121 1339 mea
1167 1292 1360 1338 cuncta
1393 1297 1651 1351 respuere
1675 1282 1986 1349 sanctisque

403 1380 512 1435 tuis
532 1377 889 1448 jnssionibus,
922 1385 981 1430 ut
1010 1376 1229 1445 dignum
1266 1381 1351 1430 est
1377 1414 1393 1436 ,
1440 1373 1690 1438 obedire;
1735 1372 1828 1427 sed
1861 1371 1987 1440 quia

402 1484 614 1540 nequeo
631 1484 696 1525 ex
717 1484 825 1535 me,
846 1483 1004 1539 spero
1034 1468 1086 1521 in
1114 1475 1185 1522 te.
1206 1466 1321 1522 Non
1338 1464 1482 1520 enim
1500 1464 1717 1518 invenio
1740 1464 1791 1517 in
1820 1476 1989 1517 carne

406 1576 526 1616 mea
566 1560 786 1615 bonum.
814 1560 881 1614 Et
911 1573 1119 1620 revera,
1166 1556 1411 1617 Domine,
1448 1555 1571 1625 quis
1605 1569 1841 1626 unquam
1868 1570 1992 1609 san-

404 1661 621 1708 ctorum
638 1668 701 1707 ex
728 1667 788 1707 se
816 1652 1066 1706 virtutem
1105 1650 1185 1705 vel
1203 1650 1546 1704 sanctitatem
1561 1649 1763 1703 habere
1783 1647 1991 1718 potuit?

2071 469 2295 540 agente?
2339 467 2501 539 (Luc.
2547 465 2673 536 xv.)
2712 463 2851 530 Quid
2886 469 2971 517 est
3003 460 3147 531 quod
3185 460 3254 515 de
3291 469 3343 514 te
3377 457 3645 528 Propheta

2072 559 2253 614 dicit:
2294 557 2430 624 Quia
2475 554 2851 610 miserationes
2902 560 3007 605 tuae
3069 557 3195 605 sunt
3247 563 3410 618 super
3469 549 3646 602 omnia

2072 661 2235 717 opera
2276 644 2398 700 tua?
2450 643 2622 713 (Psal.
2650 639 2853 710 exuv.)
2889 639 3076 693 Nonne
3117 647 3171 691 tu
3194 675 3210 703 ,
3237 637 3482 701 Domine,
3526 652 3648 706 per-

2074 737 2267 793 misisti
2323 745 2372 791 te
2423 735 2494 789 ab
2532 734 2621 788 illa
2670 731 3016 802 spurcissima
3073 737 3127 784 et
3193 727 3491 784 foedissima
3538 742 3652 781 mu-

2076 830 2207 883 liere
2236 827 2506 898 contingi,
2538 840 2659 896 qua;
2700 822 2844 877 ﬂuxu
2871 831 2990 876 erat
3018 820 3296 892 sanguinis
3331 818 3652 876 cruentata?

2079 921 2294 992 (Matth.
2334 935 2421 983 ix;
2468 916 2599 970 Luc.
2640 912 2784 982 vni.)
2816 910 2982 981 Cujus
3031 908 3467 980 praesumptionis
3492 907 3657 962 auda-

2078 1013 2220 1068 ciam
2247 1025 2355 1066 non
2383 1009 2543 1064 modo
2567 1006 2878 1061 nullatenus
2906 1000 3306 1065 condemnasti,
3344 999 3438 1055 sed
3466 1007 3525 1053 ut
3565 1013 3655 1053 sa-

2082 1102 2253 1156 lutem
2295 1112 2513 1169 quoque
2537 1111 2661 1151 cum
2691 1095 2809 1165 ipsa
2836 1091 3145 1148 vestimenti
3183 1089 3396 1145 fimbria
3427 1096 3655 1159 raperet,

2086 1190 2376 1247 indulsisti.
2406 1188 2592 1243 Nonne
2626 1193 2702 1249 tu,
2736 1183 3021 1238 mitissime
3044 1180 3291 1245 Domine,
3322 1194 3445 1234 cum
3477 1177 3659 1232 multi-

2084 1282 2200 1336 vira
2230 1280 2318 1335 illa
2361 1270 2895 1344 Samaritana'loqui
2938 1272 3189 1342 dignatus
3234 1270 3330 1325 es?
3355 1268 3533 1340 (Joan.
3558 1267 3657 1338 ιγ.)

2088 1373 2223 1440 sive,
2248 1370 2391 1441 quod
2421 1366 2592 1436 majus
2621 1378 2735 1431 est,
2767 1362 3011 1432 nunquid
3047 1375 3154 1416 non
3179 1374 3305 1414 cum
3334 1357 3662 1421 Chananaea,

2088 1478 2208 1533 quae
2237 1455 2706 1523 adorabatuidola,
2736 1452 3063 1522 colloquium
3110 1447 3413 1503 miscuisti?
3452 1446 3663 1517 (Matth.

2092 1553 2348 1625 xv.)Ejus
2364 1552 2585 1619 insuper
2608 1546 2771 1601 ﬁliam
2793 1561 2825 1599 a
2849 1542 3118 1598 dzemonio
3134 1539 3396 1595 maternis
3417 1537 3668 1609 precibus

2094 1640 2372 1698 liberasti?
2403 1638 2556 1692 Hanc
2575 1635 2719 1690 circa
2762 1647 2873 1699 me,
2902 1644 3107 1701 quaeso,
3140 1627 3388 1692 Domine,
3414 1625 3671 1680 miranda

408 1745 532 1813 quis
553 1758 649 1810 per
663 1758 743 1806 se,
765 1743 883 1797 sine
910 1741 1142 1807 auxilio,
1164 1739 1520 1809 perfectionis
1542 1737 1757 1792 culmen
1792 1750 1987 1790 ascen-
2019 1726 2063 1785 B
2094 1734 2306 1806 pietatis
2329 1742 2432 1788 tuae
2461 1728 2700 1800 regulam
2724 1724 2949 1791 exhibe;
2967 1722 3293 1777 exstinctum
3319 1718 3515 1773 anima:
3542 1730 3672 1770 mea

410 1833 522 1888 dit?
552 1834 734 1894 Certe,
770 1832 1020 1892 Domine,
1052 1847 1157 1886 non
1199 1830 1414 1893 Petrus,
1455 1844 1561 1883 non
1610 1826 1839 1889 Paulus,
1886 1839 1993 1879 non

410 1930 637 1992 martyr,
665 1937 773 1975 non
805 1919 1104 1991 apostolus,
1134 1934 1239 1973 non
1269 1916 1503 1987 denique
1530 1915 1631 1985 ipsi
1656 1914 1859 1985 angeli,
1887 1928 1993 1967 non

412 2012 801 2067 cherubimaut
822 2010 1235 2079 seraphim,nisi
1254 2025 1282 2063 a
1311 2018 1364 2063 te
1382 2007 1769 2078 percepissent,
1797 2006 1995 2061 donum

412 2102 630 2172 aliquod
656 2103 855 2157 habere
883 2101 1208 2172 potuissent.

487 2191 544 2248 Si
573 2207 703 2263 ergo
723 2192 850 2262 ipsae
870 2192 1100 2246 virtutes
1120 2191 1382 2246 caelorum
1406 2188 1535 2245 nihil
1563 2188 1763 2243 habent
1786 2202 1814 2239 a
1840 2186 1892 2256 3
1916 2200 1998 2249 se,

417 2284 512 2339 sed
547 2284 727 2338 omnia
756 2291 1116 2353 perceperunt
1158 2298 1187 2336 a
1219 2291 1291 2347 te,
1316 2282 1443 2350 quid
1497 2295 1627 2350 ergo
1655 2278 1780 2332 boni
1812 2294 1843 2332 a
1891 2290 1999 2341 me,

418 2373 512 2443 qui
558 2388 679 2427 sum
709 2380 924 2427 stercus
972 2381 1027 2426 et
1058 2371 1261 2426 vermis
1281 2412 1295 2435 ,
1322 2370 1499 2440 pulvis
1527 2378 1584 2423 et
1611 2368 1771 2434 ciuis,
1800 2366 2005 2436 puteris

420 2472 755 2533 exspectare,
789 2464 893 2518 nisi
936 2463 1077 2531 quod
1125 2462 1239 2531 ipse
1286 2461 1525 2531 digneris
1574 2458 1893 2513 infundere?
1924 2455 2004 2509 Tu

423 2554 568 2609 enim
598 2568 658 2608 es
688 2552 847 2608 Pater
894 2552 1181 2617 luminum,
1221 2566 1248 2605 a
1298 2566 1407 2621 quo
1438 2564 1600 2619 omne
1650 2549 1836 2602 datum
1868 2547 2007 2617 opti-

436 2657 584 2700 mum
637 2659 904 2714 omneque
936 2646 1135 2698 donum
1169 2643 1463 2713 perfectum
1503 2640 1639 2712 (Jac.
1666 2643 1725 2709 ι).
1749 2639 1829 2694 'fu
1868 2654 1948 2701 es,
1977 2654 2006 2691 a

423 2748 535 2805 quo
565 2738 705 2790 bona
733 2746 922 2790 cuncta
944 2736 1261 2804 procedunt.
1290 2733 1368 2786 Tu
1398 2734 1516 2788 fons
1540 2733 1683 2785 vitm.
1711 2731 1790 2785 Tu
1821 2738 2010 2784 auctor

429 2826 621 2880 salutis
647 2834 886 2880 arternze.
914 2824 1064 2878 Sicut
1088 2824 1231 2878 enim
1258 2831 1416 2876 terrae
1443 2836 1550 2875 non
1590 2835 1619 2872 a
1650 2835 1708 2873 se
1738 2820 1876 2888 ipsa,
1915 2818 2009 2873 sed

431 2916 497 2969 de
521 2914 659 2970 coelo
687 2928 903 2982 semper
945 2912 1125 2967 lumen
1160 2910 1490 2975 infunditur;
1525 2910 1603 2963 sic
1657 2908 1839 2962 anima
1890 2921 2007 2961 mea

433 3004 574 3059 sicut
605 3012 747 3058 terra
798 3004 914 3056 sine
944 3018 1081 3072 aqua
1133 3002 1226 3056 tibi
1258 3000 1431 3071 (Psal.
1484 3000 1687 3068 chu),
1723 2998 2008 3052 tenebrosa

435 3095 645 3164 squalet
673 3109 886 3163 semper
906 3103 960 3149 et
982 3093 1156 3158 arida,
1183 3091 1284 3147 nisi
1316 3100 1419 3145 tuae
1439 3091 1628 3160 gratiae
1654 3104 1776 3143 rore
1798 3087 2010 3159 perfusa
2041 3073 2085 3133 (ἶ

435 3187 511 3240 ιιιί
552 3186 853 3255 splendoris
910 3185 1061 3238 radio
1111 3184 1274 3237 fuerit
1333 3182 1623 3236 illustrata.
1680 3177 1748 3234 Et
1799 3178 2014 3249 quidem

439 3274 659 3343 inquiro
685 3273 823 3345 apud
878 3287 985 3338 me,
1016 3271 1261 3336 Domine,
1295 3279 1353 3324 ut
1385 3270 1480 3325 tibi
1530 3271 1596 3324 de
1644 3270 1777 3323 meis
1812 3267 2015 3337 aliquid

438 3363 687 3429 oﬂ'eram,
718 3364 839 3428 sed,
872 3379 993 3418 cum
1029 3362 1210 3417 omnia
1251 3361 1357 3416 mei
1406 3361 1641 3429 pectoris
1689 3372 1885 3412 arcana
1934 3371 2018 3409 re-

440 3455 620 3529 volvo,
674 3455 807 3509 nihil
840 3454 908 3508 ihi
943 3454 1044 3508 nisi
1092 3452 1346 3507 tenebras
1385 3451 1542 3505 video
1567 3492 1581 3514 ,
1634 3448 1765 3503 nihil
1796 3448 2018 3503 omnino

445 3546 550 3601 nisi
582 3545 834 3599 vitiorum
870 3543 1093 3598 tribulos
1132 3551 1188 3597 et
1234 3543 1419 3611 spinas
1448 3542 1680 3595 invenio.
1714 3538 1847 3593 Vide
1869 3552 2017 3607 ergo,

443 3637 693 3700 Domine,
743 3636 1014 3690 miseriam
1061 3648 1279 3699 meam,
1329 3632 1450 3687 vide
1491 3640 1655 3685 tantm
1691 3628 2025 3700 paupertatis

444 3728 727 3798 inopiam,
780 3726 1020 3794 mihique
1058 3722 1491 3791 compunctionis
1542 3721 1771 3789 gratiam
1826 3718 2018 3781 tribue,

447 3835 567 3890 qua:
597 3819 790 3872 anima:
816 3832 948 3871 mea:
978 3815 1279 3883 rubiginem
1317 3821 1527 3883 tergere
1558 3821 1777 3879 tamque
1797 3817 2020 3864 cruenta

448 3925 693 3966 meorum
722 3908 1008 3962 criminum
1040 3905 1215 3959 valeat
1244 3904 1648 3974 inquinamenta
1682 3902 1885 3955 lavare.
1912 3899 2022 3953 Ex-

448 4002 610 4072 pelle,
650 4000 895 4065 Domine,
949 3997 1117 4066 frigus
1165 3996 1266 4049 hoc
1308 4002 1468 4063 atque
1514 4002 1783 4062 torporem
1812 3990 1879 4045 de
1908 4004 2027 4044 meo

443 4099 687 4161 pectore,
711 4096 763 4143 et
788 4087 1057 4141 ﬂammam
1082 4086 1133 4139 in
1158 4100 1244 4139 me
1265 4083 1589 4137 dulcissima:
1619 4091 1722 4136 tua:
1746 4080 2030 4133 charitatis

450 4183 707 4238 accende.
749 4179 998 4249 Nunquid
1036 4179 1179 4233 enim
1206 4217 1220 4240 ,
1262 4175 1505 4230 Domine.
1560 4174 1877 4226 immensam
1928 4179 2031 4223 tua:

456 4271 675 4342 pietatis
702 4268 1087 4322 abundantiam
1121 4280 1240 4318 mea
1271 4262 1469 4316 valebit
1510 4261 1765 4328 iniquitas
1788 4259 2028 4321 vincere,

454 4377 615 4430 quam
640 4360 805 4424 totius
837 4357 1017 4412 mundi
1046 4371 1150 4410 non
1172 4360 1461 4423 potuerunt
1482 4351 1713 4406 crimina
1739 4350 2033 4418 superare?

453 4422 591 4507 Nam
622 4465 744 4505 cum
776 4422 919 4501 totus
953 4461 1092 4514 pene
1121 4422 1351 4497 mundus
1396 4449 1542 4494 esset
1581 4438 1901 4493 idololatria:
1943 4438 2035 4491 de-
2065 4422 2112 4481 ί)

457 4540 624 4604 ditus,
658 4538 780 4609 quis
817 4545 866 4592 te
895 4549 1087 4605 rogare
1116 4540 1483 4604 praesumeret,
1517 4537 1572 4582 ιιι
1601 4544 1760 4598 quem
1787 4529 1907 4583 εωιί
1933 4544 2038 4581 non

460 4633 683 4704 capiunt
727 4630 866 4684 uteri
914 4625 1193 4695 virginalis
1238 4622 1517 4693 angustias
1569 4622 1911 4675 habitaturus
1954 4619 2039 4672 in-

458 4725 705 4787 viseres,
747 4718 1094 4775 mortalitatis
1140 4722 1341 4770 nostra:
1393 4712 1636 4766 membra
1689 4708 1994 4779 susciperes
2022 4748 2037 4772 ,

460 4819 654 4875 mortis
676 4813 1029 4871 atrocissima:
1061 4817 1330 4865 tormenta
1363 4805 1659 4875 perferres,
1690 4811 1751 4857 ut
1793 4802 2040 4857 inimicos

459 4919 583 4963 tuos
613 4922 641 4961 a
670 4904 858 4961 mortis
902 4902 1096 4958 debitae
1138 4897 1401 4970 supplicio
1443 4894 1737 4950 liherares?

490 5017 592 5073 "Si
636 5031 767 5084 ergo
787 5055 803 5080 ,
833 5010 1258 5068 clementissime
1286 5016 1342 5061 et
1369 5005 1613 5075 piissime
1642 5002 1871 5057 Domine
1897 5042 1911 5065 ,
1944 5000 2044 5053 mi-

463 5106 771 5164 sericordia:
798 5114 903 5158 tuae
932 5094 1358 5171 magnitudinem
1397 5095 1562 5149 totius
1606 5092 1788 5147 mundi
1840 5090 2043 5161 ﬂagitia

464 5214 570 5253 non
594 5196 863 5259 vicerunt,
896 5192 1054 5245 unius
1084 5187 1237 5243 canis
1265 5184 1460 5239 mortui
1494 5193 1714 5252 peccata
1752 5188 2043 5251 quantum-

466 5287 600 5342 libet
646 5286 830 5355 gravia
882 5278 1249 5351 superabunt?
1290 5276 1446 5329 Absit
1492 5276 1592 5330 hoc
1618 5289 1646 5327 a
1680 5281 1754 5338 te,
1794 5270 2040 5325 Domine.

468 5379 623 5433 Absit
643 5395 670 5431 a
692 5387 761 5441 te,
776 5376 867 5445 qui
890 5374 1066 5428 dixisti
1086 5390 1099 5424 :
1117 5370 1246 5425 Nolo
1262 5378 1490 5423 mortem
1512 5360 2046 5435 peccatorisUfzech.

472 5486 631 5531 xvtn,
682 5468 897 5537 χχχιιι).
928 5464 1063 5530 Quid
1114 5470 1199 5516 cst
1237 5474 1367 5530 ergo
1395 5456 1535 5528 quod
1566 5456 1700 5511 dicis
1733 5452 2039 5508 :Gaudium

548 5600 659 5667 (57)
695 5600 920 5668 lntell'g.
950 5612 1113 5664 opera
1162 5603 1344 5649 nostra
1374 5608 1440 5646 ex
1480 5587 1917 5668 n_atur:_e_viribns
1961 5600 2045 5640 sa-

479 5658 727 5725 tisfacere
769 5658 1067 5738 nonfpossc
1102 5685 1113 5718 :
1146 5681 1267 5719 nam
1305 5661 1578 5733 supposita
1625 5660 1718 5716 Dei
1762 5658 1932 5730 gratia
1989 5665 2044 5712 et

2096 1828 2327 1885 infelicis
2354 1824 2644 1897 igniculum
2676 1821 2762 1875 his
2786 1819 2891 1875 olei
2923 1817 2998 1872 tui
3043 1813 3324 1871 tomitibus
3351 1810 3668 1866 reaccende.

2092 1921 2211 1976 Non
2250 1918 2423 1983 Pauli,
2455 1931 2560 1970 non
2606 1912 2752 1969 Petri
2800 1908 3229 1966 misericordiam
3277 1921 3508 1976 quaero,
3548 1902 3671 1974 quia

2096 2012 2224 2067 dum
2256 2010 2392 2064 alter
2419 2004 2747 2078 ignorantia,
2779 2002 2918 2057 alter
2968 2000 3161 2055 timore
3208 1996 3476 2068 peccavit,
3521 1994 3676 2049 facile

2090 2113 2326 2172 uterque
2354 2100 2566 2154 veniam
2600 2094 2855 2152 obtinuit.
2903 2091 3035 2147 Illud
3093 2089 3247 2154 mihi,
3278 2087 3520 2158 piissime
3568 2086 3675 2140 Do.

2102 2198 2266 2261 mine,
2298 2192 2682 2269 misericordiae
2727 2199 2831 2243 tuae
2857 2200 3027 2257 genus
3059 2184 3296 2254 indulge,
3326 2182 3458 2236 illud
3486 2181 3677 2235 anima:

2102 2303 2236 2344 meae
2264 2284 2563 2357 languenti,
2593 2281 2677 2338 vel
2716 2278 2938 2352 jamjam
2966 2278 3147 2347 potius
3172 2274 3447 2339 morienti,
3475 2272 3679 2327 suavis-

2105 2382 2254 2437 simae
2286 2378 2562 2433 medicina:
2577 2384 2680 2428 tuae
2708 2371 2958 2443 poculum
2979 2368 3217 2439 porrige,
3232 2367 3375 2437 quod
3405 2364 3599 2421 latroni
3624 2364 3678 2419 in

2107 2484 2266 2525 cruce
2294 2465 2548 2538 pendenti
2587 2462 2897 2519 misericors
2920 2458 3165 2514 obtulisti
3190 2498 3206 2522 ,
3236 2471 3467 2525 eumque
3495 2454 3681 2509 absor-

2106 2572 2254 2631 ptum
2279 2574 2345 2613 ex
2374 2553 2719 2627 deglutientis
2742 2551 2934 2607 mortis
2978 2549 3233 2603 faucibus
3273 2544 3506 2602 eduxisti
3532 2541 3679 2615 (Luc.

2110 2651 2286 2715 xxin).
2320 2648 2450 2703 lllud
2498 2657 2602 2701 tuae
2642 2642 3028 2699 misericordiae
3074 2653 3245 2709 genus
3275 2651 3494 2706 quaero,
3539 2633 3680 2705 quod

2109 2743 2457 2811 deprehensa:
2482 2740 2533 2792 in
2558 2735 2823 2792 adulterio
2848 2732 3121 2804 praebuisti
3153 2727 3335 2800 (Joan.
3364 2729 3518 2793 vm);
3544 2724 3683 2794 quod

2111 2831 2396 2905 peccatrici
2451 2830 2502 2883 in
2551 2829 2711 2881 domo
2764 2814 3002 2879 Simonis
3047 2817 3316 2875 contulisti
3349 2814 3506 2887 (Luc.
3555 2816 3679 2881 vn);

2111 2942 2231 2997 quae
2279 2926 2403 2979 dum
2456 2920 2623 2992 pedes.
2666 2927 2788 2973 tuos
2834 2914 2890 2987 4
2935 2914 3179 2969 crinibus
3228 2909 3412 2973 tersit,
3443 2906 3678 2960 animam

2116 3031 2269 3073 suam
2293 3029 2321 3067 a
2352 3021 2693 3082 peccatorum
2724 3008 2881 3062 sorde
2906 3003 3177 3074 purgavit.
3205 2999 3320 3054 lloc
3356 2997 3515 3052 modo
3538 2996 3687 3049 trahe

2118 3122 2205 3162 me
2241 3103 2309 3158 ad
2340 3112 2412 3167 te,
2444 3100 2690 3155 Salvator
2718 3110 2890 3157 meus,
2920 3093 3153 3148 accende
3197 3104 3303 3155 me,
3324 3086 3551 3158 puriﬂca
3581 3098 3685 3139 me.

2118 3191 2444 3261 lmpleantur
2472 3200 2657 3240 amore
2684 3192 2776 3237 tuo
2803 3180 2988 3235 omnia
3030 3179 3239 3232 viscera
3273 3189 3414 3238 mea,
3442 3179 3503 3227 ut
3525 3173 3685 3225 bene-

2120 3260 2264 3335 dicat
2292 3277 2385 3332 tibi
2416 3276 2595 3329 anima
2645 3287 2781 3335 mea,
2813 3278 2867 3323 et
2897 3266 3190 3323 descendat
3230 3278 3395 3334 super
3423 3275 3511 3317 me
3534 3260 3691 3314 mise-

2121 3370 2351 3427 ricordia
2381 3377 2489 3422 tua.
2514 3366 2595 3420 Ad
2625 3364 2725 3418 hoc
2746 3362 2890 3417 eiiim
2924 3369 2975 3414 te
3004 3358 3163 3412 Pater
3182 3356 3527 3424 omnipotens
3548 3350 3691 3405 misit
3790 3420 3795 3425 η

2123 3463 2176 3517 in
2208 3472 2402 3527 terras,
2436 3466 2496 3513 ut
2520 3456 2697 3511 salvos
2724 3452 2893 3507 facias
2935 3457 3277 3521 peccatores,
3315 3446 3407 3515 qui
3436 3453 3609 3499 tecum
3637 3451 3692 3494 et

2122 3568 2244 3607 cum
2276 3550 2479 3619 Spiritu
2526 3552 2717 3600 sancto
2745 3540 2879 3596 vivit
2908 3548 2963 3593 et
3009 3545 3198 3608 regnat
3228 3535 3370 3588 Deus
3403 3532 3455 3587 in
3500 3528 3693 3586 saecula

2125 3640 2464 3698 saeculorum.
2493 3638 2686 3690 Amen.

2476 3730 2539 3784 ll.
2571 3728 2753 3791 Oratio
2796 3726 2866 3778 ad
2909 3723 3074 3777 Deum
3127 3720 3348 3774 Filium.

2198 3822 2522 3884 Recordare,
2548 3818 2776 3874 Domine
2811 3815 2937 3870 Jesu
2980 3812 3215 3876 Christe,
3242 3810 3369 3880 quia
3399 3823 3508 3863 non
3546 3821 3697 3869 auro,

2128 3916 2211 3971 vel
2263 3920 2525 3983 argento,
2576 3907 2668 3963 sed
2714 3906 2915 3976 proprii
2968 3901 3244 3972 sanguinis
3286 3898 3362 3953 tui
3409 3913 3495 3953 me
3528 3896 3699 3968 pretio

2131 4004 2402 4063 redemisti
2429 4002 2482 4067 (l
2508 3999 2653 4054 Petr.
2683 3998 2758 4069 t);
2798 4005 2999 4052 etcum
3030 4004 3085 4048 tu
3117 3993 3195 4047 sis
3230 3991 3349 4047 fons
3390 3999 3579 4062 patens
3604 3989 3700 4044 do-

2132 4111 2253 4151 mus
2290 4092 2453 4147 David
2486 4092 2536 4145 in
2586 4089 2860 4144 ablatione
2897 4082 3203 4156 peccatoris
3230 4091 3286 4136 et
3336 4087 3701 4143 mcnstruatae,

2132 4202 2233 4259 ego
2281 4185 2428 4240 solus
2452 4224 2468 4249 ,
2510 4183 2774 4248 Domine,
2825 4191 2987 4236 tanta:
3017 4180 3234 4250 pietatis
3278 4192 3474 4248 expers
3510 4190 3621 4239 ero,
3650 4182 3707 4228 et

2135 4284 2287 4331 extra
2319 4273 2702 4342 redemptionis
2733 4281 2836 4326 tua:
2861 4271 3058 4325 lineam
3088 4268 3412 4324 remanebo?
3457 4266 3566 4321 lleu
3599 4279 3701 4327 me,

2135 4365 2377 4436 piissime
2404 4363 2648 4427 Domine,
2689 4361 2970 4431 permittes
2991 4375 3076 4415 me
3117 4375 3238 4413 cum
3287 4356 3707 4426 regenerationis

2142 4464 2244 4508 tua:
2288 4453 2490 4516 tunica,
2522 4466 2683 4521 quam
2715 4449 2844 4504 mihi
2878 4448 3095 4512 dedisti,
3136 4463 3259 4501 cum
3292 4445 3486 4499 vexillo
3514 4452 3708 4499 sanctae

2141 4542 2354 4612 crucis,
2387 4557 2547 4610 quam
2603 4540 2733 4594 mihi
2775 4540 2829 4593 in
2879 4539 3060 4594 fronte
3110 4537 3362 4606 pinxisti,
3422 4536 3475 4589 in
3525 4546 3707 4586 manus

2142 4635 2327 4690 venire
2358 4632 2575 4695 diaboli,
2603 4640 2656 4687 et
2683 4646 2802 4685 cum
2849 4629 2978 4700 ipsis
3026 4628 3135 4682 tuis
3164 4627 3463 4697 insignibus
3501 4622 3711 4678 aeternis

2143 4725 2411 4781 incendiis
2451 4722 2719 4778 cruciari?
2747 4720 2896 4784 Scio,
2928 4720 3177 4782 Domine,
3207 4717 3331 4786 quia
3366 4725 3527 4769 tantae
3550 4713 3711 4783 picta-

2144 4818 2215 4871 tis
2243 4830 2320 4878 es,
2350 4814 2393 4868 si
2425 4827 2522 4882 ego
2546 4811 2783 4882 perfecte
2819 4817 3111 4863 convertor
3134 4806 3200 4860 ad
3243 4814 3314 4871 te,
3344 4802 3485 4873 quod
3517 4810 3569 4854 tu
3602 4790 3711 4853 sta-

2148 4907 2243 4961 tim
2273 4902 2502 4973 recipies
2526 4915 2631 4956 me.
2666 4899 2772 4955 Sed
2812 4899 2938 4968 quia
2974 4905 3132 4951 tanta:
3162 4892 3464 4965 fragilitatis
3487 4898 3538 4945 et
3566 4889 3713 4958 igno-

2148 4996 2337 5051 rantize
2364 5008 2481 5049 sum
2509 5002 2566 5045 ut
2611 4992 2723 5059 ipsa
2753 4987 3036 5043 conversio
3070 5001 3165 5054 per
3209 4998 3294 5037 me
3322 4981 3439 5036 sine
3474 4989 3525 5033 te
3559 4978 3713 5045 digne

2148 5087 2265 5142 ﬁeri
2311 5102 2415 5141 non
2456 5084 2663 5152 possit,
2716 5090 2773 5134 tu
2829 5094 2915 5133 me
2962 5083 3236 5140 converte,
3267 5073 3409 5126 Deus
3463 5064 3715 5123 salutaris
3806 5112 3809 5115 λ

2150 5192 2321 5238 mens,
2363 5185 2419 5228 tu
2465 5173 2702 5229 illumina
2734 5170 2968 5224 animam
3008 5181 3181 5220 meam
3206 5202 3222 5227 ,
3267 5173 3322 5216 tu
3352 5160 3546 5229 dirige,
3579 5166 3631 5209 tu
3663 5154 3715 5207 in

2152 5281 2238 5321 me
2264 5266 2534 5318 ﬂammam
2591 5272 2693 5315 tua:
2738 5257 3039 5314 dilectionis
3087 5253 3341 5309 accende.
3376 5251 3441 5304 Et
3473 5247 3713 5307 forsitan,

2147 5356 2448 5425 justissime
2495 5361 2551 5407 et
2594 5351 2837 5422 piissime
2864 5347 3111 5411 Domine,
3154 5352 3299 5399 tanta
3334 5339 3472 5395 sunt
3502 5345 3717 5408 peccata

2154 5424 2292 5511 mea,
2318 5445 2503 5515 (57)ut
2523 5441 2667 5497 nulla
2696 5454 2815 5494 mea
2840 5436 3157 5509 poenitentia
3186 5431 3251 5485 ad
3283 5432 3397 5486 haec
3424 5424 3719 5499 plangenda

2152 5584 2270 5709 Ejus
2305 5578 2688 5707 atcceptatione,
2736 5571 3105 5637 satisfaciunt,
3133 5577 3193 5624 ut
3222 5562 3453 5635 theologi
3484 5558 3726 5632 pluribus

2187 5665 2319 5709 occa

2187 5665 2319 5709 ocen
