4028 6168
343 248 440 306 9‘2!

1580 252 1895 310 CARMINA
1930 252 2019 308 ET
2058 252 2350 311 PRECES.

3490 228 3596 313 9:2

342 364 602 429 sufﬁciat;
638 376 765 419 ecce
811 378 1008 435 corpus
1056 380 1232 422 meum
1258 407 1276 436 ,
1323 382 1423 438 per
1465 368 1609 438 quod
1659 375 1712 422 te
1753 366 1920 421 miser
1944 368 1997 427 Α
2020 366 2184 423 Orate
2209 382 2308 436 pro
2324 382 2412 423 me
2428 380 2625 423 misero
2643 374 2696 423 et
2717 366 2955 423 funditus
2983 369 3216 440 perdito,
3244 371 3441 426 domini
3468 375 3594 438 mei,

339 457 574 522 oll'eudi,
618 466 709 521 tu,
759 459 849 527 qui
894 474 954 514 es
1005 460 1307 515 animarum
1358 462 1619 524 medicus,
1662 459 1910 525 verbera,

338 548 581 621 flagella;
630 550 743 604 sive
790 550 967 620 lepra,
1016 552 1132 607 sive
1183 553 1592 623 quibuscunque
1639 551 1916 608 doloribus

343 639 439 693 tibi
488 639 663 693 visum
712 640 909 704 fuerit,
966 640 1254 696 durissime
1304 649 1548 711 percute.
1598 640 1713 695 'l‘ua
1756 640 1916 711 plane

340 736 594 784 creatura
624 744 766 794 sum,
804 729 1053 785 conditor
1093 746 1271 794 meus;
1319 740 1375 784 tu
1399 745 1486 785 me
1518 731 1623 786 tuis
1645 731 1799 799 cinge
1822 727 1920 785 fla-

338 818 514 890 ge!lis,
558 833 657 873 nec
688 819 874 874 tradas
922 834 1007 873 me
1059 819 1113 873 in
1171 835 1364 875 manus
1406 821 1609 876 inimici
1650 822 1786 887 mei;
1825 827 1918 875 aut

340 910 386 967 si
414 924 651 979 eousque
696 925 814 965 mea
867 912 1131 979 processit
1180 912 1441 982 iniquitas
1487 913 1629 968 utin
1664 914 1770 969 hae
1807 929 1914 969 non

342 999 515 1067 possit
548 999 655 1054 vita
701 998 904 1063 deleri,
936 1000 1169 1069 praecipe
1217 1014 1388 1071 usque
1430 1002 1497 1057 ad
1542 1002 1683 1057 diem
1726 1002 1916 1072 judicii

341 1088 420 1143 tui
448 1088 730 1145 ultrio’bus
759 1105 844 1144 me
867 1090 1047 1159 pomis
1074 1090 1334 1162 allligi,ut
1365 1100 1491 1148 tunc
1511 1092 1701 1149 saltem
1732 1102 1914 1148 extre-

343 1195 463 1234 mus
488 1180 729 1234 omnium
776 1179 1071 1236 electorum
1138 1192 1354 1239 tuorum
1401 1198 1614 1240 merear
1660 1186 1914 1240 inveniri.

340 1271 497 1327 Absit
519 1273 663 1327 enim
699 1287 729 1326 a
757 1287 844 1327 me
863 1282 923 1327 ut
952 1273 1218 1342 postulem
1244 1274 1493 1346 gloriam.
1528 1276 1731 1334 Sufﬁcit
1760 1279 1915 1345 mihi,

246 1389 255 1397 -
326 1373 399 1435 but
431 1366 806 1419 tantummodo
839 1379 1034 1435 pmnas
1066 1368 1316 1421 evadam.

412 1452 517 1510 Sed
548 1456 801 1526 quoniam
832 1471 1021 1525 preces
1051 1473 1204 1523 meae,
1235 1466 1345 1514 tam
1391 1461 1611 1517 sordido
1652 1477 1749 1517 ore
1789 1478 1917 1532 pro-

339 1546 483 1612 latae,
523 1550 589 1601 ad
616 1556 665 1601 te
693 1563 799 1603 non
830 1558 1111 1605 merentur
1137 1552 1454 1618 ascendere,
1494 1563 1546 1608 te
1574 1569 1729 1624 rogo,
1757 1554 1916 1610 beata

336 1638 489 1706 virgo
518 1636 705 1700 Maria,
744 1639 1001 1710 templum
1034 1640 1128 1697 Dei
1161 1642 1306 1710 vivi,
1353 1643 1474 1699 aula
1505 1643 1667 1716 Regis
1702 1646 1912 1711 aeterni,

2015 471 2204 512 omnes
2224 457 2394 512 sancti
2425 457 2538 512 Dei.

2084 565 2152 620 Et
2179 582 2297 635 qua:
2326 576 2409 622 est
2443 575 2550 621 tam
2594 566 2831 623 crudelis
2881 568 3167 623 multitudo
3222 572 3447 638 peccati,
3477 587 3596 641 qua:

2016 665 2095 711 tot
2117 665 2425 711 senatorum
2465 657 2768 711 caelestium
2796 669 3067 727 nequeant
3092 659 3481 714 intercessione
3502 661 3599 715 de-

2015 745 2148 801 leri?
2178 745 2286 801 Nec
2313 747 2455 801 enim
2488 748 2714 816 potestis
2757 763 2879 803 esse
2919 749 3287 803 misericordia
3317 750 3469 802 vacui
3503 750 3596 817 qui

2016 852 2137 892 cum
2188 838 2305 907 ipso
2352 836 2502 894 fonte
2551 840 2939 895 misericordiae
2995 840 3425 909 inseparabiliter
3468 842 3600 895 estis

2017 926 2169 982 uniti.
2222 927 2366 995 Scio,
2400 928 2647 998 Domine,
2672 931 2797 999 quia
2842 947 2949 986 non
2982 946 3195 985 mereor
3221 930 3461 986 ecclesiae
3494 940 3599 987 tuae

2014 1017 2200 1073 limina
2231 1035 2386 1074 sacra
2411 1023 2747 1090 contingere,
2790 1039 2888 1078 nec
2917 1022 3158 1077 infelices
3179 1022 3366 1078 oculos
3394 1024 3460 1077 ad
3489 1039 3598 1078 cce-

2016 1107 2126 1161 lum
2166 1106 2361 1164 levare.
2393 1108 2646 1180 Indignus
2682 1126 2800 1165 sum
2845 1111 3185 1166 benedictum
3213 1121 3267 1167 et
3306 1112 3598 1182 gloriosum

2017 1213 2212 1253 nomen
2241 1209 2385 1252 tuum
2418 1214 2513 1269 per
2536 1199 2736 1269 polluta
2764 1210 2815 1256 et
2843 1202 3095 1271 spurcida
3144 1203 3282 1257 labia
3322 1218 3439 1258 mea
3472 1220 3598 1273 pro-

2016 1286 2187 1353 ferre;
2239 1289 2334 1344 sed
2370 1291 2572 1355 veniat,
2617 1306 2735 1357 oro,
2795 1291 3030 1361 Spiritus
3080 1302 3203 1348 tuus
3254 1295 3306 1349 in
3363 1295 3600 1349 animam

2016 1396 2217 1447 meam,
2245 1382 2493 1437 etomnia
2521 1383 2634 1437 haec
2656 1384 3063 1453 inquinamenta
3086 1384 3424 1457 detergat.Si
3454 1386 3599 1442 enim

2015 1469 2096 1526 sol
2127 1470 2249 1535 iste,
2289 1471 2379 1539 qui
2411 1487 2516 1526 non
2550 1473 2618 1528 de
2646 1472 3050 1528 sublimioribus
3081 1473 3185 1529 tuis
3206 1483 3291 1528 est
3311 1476 3598 1539 creaturis,

2016 1568 2196 1615 tantas
2225 1560 2388 1615 habet
2412 1561 2557 1616 vires
2594 1570 2653 1615 ut
2686 1563 2876 1617 sordes
2902 1561 3104 1628 deleat,
3138 1572 3317 1619 terras
3348 1564 3600 1630 illustret,

2017 1664 2146 1703 arva
2187 1648 2466 1714 fecundet;
2513 1661 2715 1718 quanto
2752 1652 2943 1720 magis,
2976 1651 3020 1706 si
3069 1661 3371 1709 coaeternus
3395 1666 3449 1709 et
3473 1671 3604 1710 con-

335 1728 633 1782 sacrarium
663 1728 899 1799 Spiritus
928 1732 1118 1793 sancti,
1146 1731 1426 1787 benedicta
1451 1712 1909 1799 interimulieres;
1945 1712 1989 1772 Β
2019 1739 2390 1796 substantialis
2421 1712 2775 1812 tibi-Spiritus
2806 1712 2937 1798 tuvus
2972 1741 3238 1798 infelicem
3273 1745 3411 1800 hanc
3450 1743 3598 1798 arbu-

336 1819 539 1874 redolet
579 1835 708 1890 ager
752 1823 1104 1878 sacratissimi
1143 1824 1280 1878 uteri
1337 1825 1414 1879 tui
1466 1825 1687 1880 naribus
1734 1825 1915 1881 cordis

335 1908 470 1973 mei;
500 1923 565 1962 ex
615 1924 740 1977 quo,
783 1909 1037 1966 videlicet
1074 1927 1228 1981 agro,
1260 1912 1388 1966 dum
1435 1913 1651 1966 unicum
1697 1912 1825 1968 illud
1853 1927 1917 1969 ac

334 1995 605 2066 singulare
632 1996 802 2053 lilium
829 2000 1051 2069 prodiit,
1079 2015 1243 2056 omne
1271 2016 1394 2057 cum
1419 2016 1485 2057 eo
1514 2001 1775 2056 virtutum
1807 2001 1918 2070 spi-

331 2089 604 2144 ritualium
650 2107 873 2160 germen
914 2093 1113 2163 erupit.
1155 2093 1234 2147 Tu
1270 2095 1415 2149 enim
1455 2109 1515 2149 es
1549 2093 1788 2150 caelestis
1827 2092 1917 2149 illa

334 2191 499 2246 terra,
532 2198 652 2253 quae
694 2181 844 2239 dedit
870 2184 1108 2241 fructum
1152 2201 1328 2241 suum.
1362 2186 1440 2241 Te
1483 2187 1767 2240 materiam
1818 2184 1918 2240 Sa-

328 2275 539 2344 pientia
583 2275 820 2332 caelestis
846 2278 1053 2341 habuit,
1102 2278 1243 2333 unde
1271 2278 1530 2346 templum
1561 2278 1644 2334 sni
1672 2279 1917 2348 corporis

333 2367 639 2422 fabricavit.
673 2368 748 2437 'l‘e
797 2368 1033 2436 Spiritus
1061 2378 1281 2425 sanctus
1327 2369 1589 2438 implevit.
1623 2369 1700 2425 Te
1746 2370 1919 2426 virtus

332 2456 595 2513 Altissimi
646 2457 990 2513 iuefl’abililer
1033 2444 1395 2512 obumbravit.
1427 2457 1506 2511 Tu
1543 2457 1694 2512 defer
1730 2473 1920 2527 preces

334 2562 485 2605 meas
510 2548 577 2603 ad
601 2548 795 2603 Filium
820 2548 1133 2604 Creatorem
1166 2555 1338 2602 tuum.
1354 2547 1466 2602 lmo
1490 2556 1546 2602 tu
1570 2563 1663 2602 ora
1687 2563 1785 2617 pro
1808 2561 1917 2611 me,

336 2648 393 2694 tu
414 2640 666 2703 obsecra,
692 2639 845 2705 cujus
874 2639 1126 2694 nimirum
1150 2648 1275 2693 vota
1303 2653 1410 2693 non
1438 2647 1663 2707 possunt
1690 2638 1916 2708 despici,

336 2728 493 2797 cujus
520 2743 709 2799 preces
737 2728 789 2782 in
812 2727 932 2797 ejus
962 2736 1251 2797 conspectu
1284 2736 1557 2797 nequeunt
1582 2727 1917 2797 parvipendi.

338 2818 499 2882 Ecce,
512 2817 738 2875 Domina
756 2832 898 2880 mea,
913 2816 1096 2871 infelix
1116 2831 1216 2887 ego
1231 2816 1600 2886 deprehensus
1617 2817 1668 2871 in
1693 2816 1921 2872 crimine

338 2908 507 2962 ducor
524 2907 588 2961 ad
612 2907 813 2972 furcas,
829 2916 1013 2976 raptor
1032 2908 1098 2962 ad
1116 2907 1374 2977 gladium,
1390 2909 1680 2977 pertrahor
1705 2909 1773 2963 ad
1792 2922 1920 2978 sup-

337 2998 577 3069 plicium.
597 2999 863 3067 Exsurgat
881 3014 1012 3068 ergo
1034 2998 1237 3068 Regina
1255 3001 1464 3065 mundi,
1481 3008 1715 3069 opponat
1740 3015 1816 3064 se,
1834 3000 1918 3055 in-

2016 1828 2221 1883 sculam
2256 1839 2592 1885 arescentem
2616 1829 2732 1898 jam
2763 1833 3039 1901 comisque
3066 1833 3323 1887 nudatam
3349 1835 3607 1903 dignem]!

2016 1919 2267 1983 invisere,
2294 1919 2455 1976 faciet
2479 1935 2597 1974 eam
2629 1921 2874 1990 protinus
2902 1921 3268 1978 revirescere!
3307 1938 3408 1978 nec
3435 1926 3609 1992 impo.‘

2018 2016 2137 2063 tens
2157 2009 2262 2064 erit
2286 2024 2405 2063 eam
2431 2009 2689 2063 virtutum
2739 2007 2963 2063 floribus
3003 2023 3067 2064 ac
3121 2012 3468 2065 vernantium
3494 2011 3617 2065 frua-

2016 2109 2198 2155 ctuum
2259 2100 2456 2156 decore
2509 2101 2730 2156 vestire.
2785 2101 2941 2167 Veni,
2972 2103 3199 2158 Domine
3248 2102 3397 2169 Jesu,
3456 2106 3603 2171 veni,

2017 2192 2188 2247 dulcis
2219 2192 2492 2247 habitator
2522 2192 2572 2247 in
2600 2207 2706 2249 me.
2740 2190 2886 2247 Odor
2920 2203 3043 2249 tuus
3072 2195 3251 2248 omnia
3280 2195 3449 2250 vincit
3476 2212 3604 2251 aro-

2017 2288 2181 2342 mata,
2210 2281 2451 2337 suavitas
2481 2291 2571 2336 tua
2596 2281 2747 2338 favos
2769 2291 2825 2337 et
2856 2284 3035 2337 omnia
3063 2282 3219 2338 mella
3246 2287 3606 2341 transcendit.

2018 2370 2177 2437 Veni,
2203 2371 2453 2435 obsecro,
2487 2380 2769 2442 totumque
2798 2388 2882 2426 me
2908 2381 2999 2427 tuo
3028 2372 3136 2438 juri
3166 2373 3246 2427 sic
3291 2374 3518 2435 vindica,
3550 2385 3613 2435 ut

2020 2460 2221 2517 nullam
2250 2462 2302 2516 in
2328 2470 2537 2531 partem
2565 2462 2631 2515 de
2661 2469 2861 2516 caetero
2886 2476 2945 2516 se
2988 2470 3252 2533 tyrannus
3286 2461 3489 2515 habere
3514 2478 3607 2515 co-

2017 2560 2258 2624 gnoscat,
2290 2553 2384 2607 sed
2408 2552 2594 2607 dedica
2630 2566 2715 2606 me
2737 2552 2974 2620 undique
2998 2551 3252 2622 templum
3280 2560 3453 2616 tuum,
3477 2552 3604 2619 quia

2020 2655 2074 2701 tu
2090 2660 2149 2702 es
2173 2643 2312 2701 Deus
2329 2653 2384 2698 et
2399 2643 2655 2697 Dominus
2682 2658 2852 2703 meus,
2868 2643 2959 2712 qui
2988 2658 3109 2698 cum
3142 2642 3303 2698 Patre
3318 2650 3372 2698 et
3396 2642 3603 2713 Spiritu

2018 2746 2207 2792 sancto
2242 2735 2380 2790 vivis
2421 2743 2476 2789 et
2502 2748 2698 2802 regnas
2725 2733 2778 2787 in
2808 2732 3001 2788 smcula
3031 2734 3372 2789 saeculorum.
3404 2733 3599 2789 Amen.

2236 2866 2323 2922 Ill.
2350 2864 2535 2921 Oratio
2567 2864 2635 2917 ad
2660 2863 2827 2918 Deum
2849 2862 3102 2934 Spiritum
3122 2873 3381 2919 sanctum.

2092 2983 2329 3053 Spiritus
2356 2990 2543 3038 sancte
2573 2981 2737 3045 Deus,
2765 2981 3127 3051 omnipotens,
3162 2981 3533 3037 coesseutialis
3547 2990 3605 3037 et

339 3049 615 3161 {ru-edimur
633 3090 698 3143 ad
723 3049 915 3143 Fﬁium
944 3049 997 3145 ξι
1014 3049 1206 3144 hbe?“
1237 3106 1409 3145 reum,
1445 3049 1681 3146 λοὲἷιηιε
1709 3100 1764 3146 ει
1788 3049 1916 3155 ξυμ)
1946 3049 1992 3110 C
2023 3084 2291 3131 coaeterne
2317 3088 2528 3129 summo
2548 3072 2695 3127 Patri
2722 3087 2787 3127 ac
2810 3071 2971 3137 Filio,
3000 3072 3341 3128 ineffabiliter
3362 3074 3429 3128 ab
3451 3082 3603 3129 utro.

337 3182 390 3253 5
427 3181 678 3246 Michael,
705 3181 943 3238 caelestis
966 3180 1167 3238 militiae
1214 3181 1465 3252 princeps
1506 3191 1563 3236 et
1590 3183 1681 3252 qui
1720 3183 1772 3237 in
1814 3183 1920 3239 fine

339 3273 523 3329 mundi
573 3280 952 3344 perempturus
984 3287 1044 3327 es
1078 3272 1474 3328 Antichristum
1502 3282 1690 3329 contra
1750 3275 1917 3329 Deum

336 3378 396 3419 se
450 3361 845 3418 contumaciter
892 3361 1258 3426 extollentem,
1286 3361 1398 3430 jam
1453 3362 1600 3416 illum
1651 3360 1820 3431 dejice
1864 3362 1917 3418 in

334 3455 498 3511 corde
542 3469 662 3510 meo
708 3469 937 3524 regnare
972 3462 1289 3509 tentantem.
1321 3452 1515 3508 Libera
1557 3469 1586 3507 a
1626 3453 1920 3508 tentatione

335 3545 569 3600 animam
600 3558 777 3599 meam
827 3544 953 3598 dum
993 3543 1127 3598 vivit
1170 3542 1223 3596 in
1261 3558 1506 3614 corpore,
1543 3552 1600 3598 ut
1640 3559 1760 3600 eam
1798 3551 1920 3614 post

331 3634 799 3707 obitumﬁreatori
824 3650 923 3691 suo
936 3633 1097 3704 digne
1124 3633 1307 3689 valeas
1338 3641 1684 3702 praesentare.
1709 3618 1913 3701 Adjuva

332 3739 421 3780 me
441 3732 496 3779 et
520 3733 596 3788 tu,
628 3739 660 3778 ο
686 3723 747 3777 Β.
772 3722 1017 3787 Gabriel,
1057 3721 1349 3777 ftederator
1369 3722 1671 3778 cmlestium
1705 3724 1919 3792 nuptia-

333 3832 486 3879 rum;
518 3815 661 3871 salva
692 3832 778 3871 me
807 3815 1059 3886 precibus
1107 3814 1212 3869 tuis
1249 3814 1506 3869 miserum
1554 3822 1914 3884 peccatorem,

258 3930 261 3933 ι
332 3908 424 3978 qui
481 3907 627 3961 illum
670 3906 870 3962 missus
898 3920 958 3961 es
985 3905 1235 3959 mmtiare
1267 3905 1359 3974 qui
1387 3913 1645 3959 venturus
1691 3912 1812 3958 erat
1860 3903 1914 3956 in

332 4000 590 4052 mundum
620 4006 938 4069 peccatores
985 4004 1041 4049 et
1099 3996 1326 4050 miseros
1373 3996 1604 4051 liberare
1662 3994 1814 4064 (Luc.
1851 3993 1913 4063 ι).

334 4090 545 4147 Medere
569 4100 625 4144 et
653 4098 705 4143 tu
736 4086 998 4157 languida:
1024 4086 1218 4139 animre
1246 4100 1399 4150 meae,
1426 4084 1487 4139 S.
1517 4084 1774 4154 Raphael,
1798 4084 1917 4153 qui-

331 4196 437 4251 que
492 4179 644 4251 Sara:
694 4176 1017 4232 daemonium
1060 4174 1352 4239 abstulisti,
1382 4182 1463 4251 et_
1492 4173 1672 4228 Tobiaz
1708 4173 1912 4238 oculos,

2020 3182 2125 3238 que
2180 3167 2498 3238 procedens,
2547 3164 2693 3219 cordi
2745 3178 2865 3219 meo
2919 3164 3207 3234 dignanter
3253 3163 3492 3229 illabere,
3546 3172 3604 3220 et

2020 3257 2274 3331 nequitize
2297 3270 2429 3311 mea:
2452 3256 2703 3309 tenebras
2741 3253 3003 3307 mirificus
3027 3253 3321 3307 illustrator
3347 3254 3555 3323 expelle
3581 3271 3597 3318 ;

2020 3355 2079 3401 ut
2109 3347 2249 3402 sicut
2276 3346 2371 3398 Dei
2404 3341 2637 3398 Verbum
2669 3340 2947 3411 virginalis
2975 3342 3151 3410 potuit
3191 3350 3377 3397 uterus
3402 3349 3456 3396 te
3504 3357 3598 3395 su-

2018 3437 2368 3510 perveniente
2404 3432 2720 3501 concipere;
2754 3432 2826 3485 ita
2858 3440 2913 3485 et
2934 3445 3034 3500 ego
3062 3445 3159 3499 per
3186 3429 3443 3483 auxilium
3474 3444 3599 3499 gra-

2020 3529 2107 3584 tia:
2137 3537 2260 3592 tuae,
2282 3527 2339 3597 θ
2361 3526 2611 3580 eumdem
2664 3537 2797 3577 mea:
2825 3521 3015 3577 salutis
3075 3522 3364 3576 Auctorem
3390 3520 3598 3576 valeam

2019 3634 2233 3690 semper
2272 3618 2325 3673 in
2356 3624 2535 3672 mente
2565 3623 2806 3687 portare.
2830 3614 2908 3670 Tu
2938 3615 3105 3680 enim,
3132 3615 3375 3678 Domine,
3406 3614 3496 3669 lux
3539 3630 3603 3669 es

2018 3706 2304 3775 mentium,
2338 3718 2394 3763 tu
2424 3708 2595 3763 virtus
2623 3707 2891 3771 cordium,
2934 3716 2988 3761 tu
3026 3706 3133 3761 vita
3162 3722 3223 3761 es
3273 3706 3598 3762 animarum.

2020 3800 2098 3856 Tu
2122 3800 2349 3872 largitus
2376 3814 2436 3854 es
2455 3799 2660 3854 sanctis
2686 3796 2944 3868 apostolis
2965 3806 3025 3851 ut
3052 3798 3118 3850 ad
3148 3796 3362 3866 plenum
3388 3797 3601 3859 redem-

2016 3891 2216 3962 ptionis
2244 3891 2494 3944 humana:
2542 3897 2881 3943 sacramenta
2920 3894 3309 3955 cognoscerent
3356 3895 3412 3941 ct
3471 3886 3598 3942 fidei

2018 3982 2258 4054 regulam
2310 3978 2572 4035 inoffenso
2611 3979 2857 4034 veritatis
2881 3979 3050 4033 limite
3084 3978 3465 4047 praedicarent.
3515 3975 3597 4032 Tu

2018 4074 2213 4130 dedisti
2239 4073 2413 4128 beatis
2433 4071 2764 4142 martyribus
2785 4078 2985 4126 sanctae
3007 4069 3272 4123 libertatis
3291 4068 3598 4134 audaciam,

2017 4174 2078 4221 ut
2126 4175 2182 4220 et
2226 4163 2412 4219 mundi
2465 4161 2733 4232 principes
2786 4176 2893 4216 non
2920 4166 3220 4214 metuerent
3252 4167 3306 4213 et
3331 4157 3597 4227 exquisita

328 4233 799 4340 quoslmrdidemt
845 4263 1121 4319 reddidisti
1162 4233 1571 4333 (Tobinfﬂ);
1623 4233 1915 4333 malignum
2014 4271 2297 4329 pcenarum
2321 4270 2517 4326 genera
2539 4249 3603 4340 constantissimalonganimitatetrans-

331 4337 402 4413 a—b
439 4337 619 4412 anima
652 4369 767 4411 mea
791 4354 1063 4426 spiritum,
1094 4352 1187 4423 qui
1215 4352 1392 4407 virum
1418 4352 1534 4420 ejus
1554 4352 1826 4407 Christum
1850 4351 1915 4406 ab
1948 4384 1994 4445 υ
2018 4349 2181 4403 irent.
2214 4346 2293 4400 'l‘u
2339 4345 2552 4401 locutus
2601 4356 2661 4398 es
2703 4342 2756 4396 in
2785 4340 3080 4411 prophetis,
3111 4348 3167 4393 tu
3191 4339 3243 4441 in
3273 4337 3598 4445 patriarchis

332 4472 395 4511 ea
429 4456 668 4512 dividere
693 4465 946 4538 conatur,
974 4454 1200 4510 exclude
1227 4460 1281 4508 et
1308 4469 1451 4509 caeco
1492 4453 1639 4508 cordi
1683 4467 1802 4508 meo
1836 4452 1919 4506 lu-

332 4556 498 4614 minis
533 4556 695 4625 jubar
745 4554 985 4610 infunde.
1020 4554 1186 4610 Orate
1239 4569 1339 4623 pro
1389 4569 1498 4619 me,
1527 4566 1715 4606 omnes
1745 4551 1919 4607 sancti

333 4656 532 4727 angeli,
563 4670 751 4711 omnes
780 4654 952 4710 sancti
983 4654 1313 4724 archangeli,
1343 4667 1532 4706 omnes
1586 4660 1787 4706 sanctae
1806 4652 1919 4704 vir.

336 4766 499 4819 tutes,
534 4769 724 4808 omnes
747 4760 946 4807 sanctae
972 4760 1291 4821 potestates,
1318 4763 1504 4804 omnes
1531 4758 1732 4804 sanctae
1752 4747 1925 4803 domi-

333 4860 604 4921 nationes,
634 4868 824 4909 omnes
872 4853 1044 4908 sancti
1096 4853 1447 4922 principatus.
1499 4850 1606 4906 Ora
1658 4865 1757 4921 pro
1811 4864 1917 4916 me,

336 4968 523 5017 sancte
576 4959 777 5013 chorus
827 4955 1029 5019 throni,
1058 4969 1155 5009 ora
1192 4969 1290 5024 pro
1341 4968 1448 5017 me,
1479 4958 1669 5006 sancte
1720 4951 1922 5007 chorus

336 5060 638 5122 cherubim,
678 5070 772 5109 ora
820 5069 920 5125 pro
970 5070 1079 5118 me,
1129 5061 1315 5109 sancte
1373 5052 1571 5107 chorus
1620 5050 1917 5117 seraphim.

335 5159 500 5217 Orate
520 5173 620 5228 pro
640 5172 749 5219 me,
766 5170 958 5210 omnes
977 5154 1149 5209 sancti
1176 5152 1519 5222 patriarchae,
1538 5165 1727 5205 omnes
1747 5148 1919 5204 sancti

334 5261 630 5333 prophetas.
691 5257 821 5313 Oret
868 5272 965 5325 pro
1018 5272 1105 5311 me
1131 5254 1297 5323 judex
1338 5253 1701 5321 apostolorum
1757 5266 1917 5307 sena-

337 5360 446 5409 tus.
477 5350 606 5406 Oret
626 5367 722 5421 pro
738 5366 823 5405 me
848 5346 1165 5404 candidatus
1194 5352 1490 5414 martyrum
1515 5343 1731 5396 chorus.
1752 5342 1921 5397 Oreut

335 5455 438 5513 pro
466 5456 551 5496 me
574 5440 747 5496 sancti
767 5438 1103 5495 confessores
1122 5448 1417 5503 omnesque
1443 5440 1643 5487 sancta:
1662 5431 1922 5500 virgines.

412 5609 527 5681 (58)
567 5608 621 5664 ld
661 5618 763 5677 est,
792 5608 899 5663 vita
940 5604 1205 5677 spirituali
1237 5603 1505 5676 privetur.

2020 4441 2144 4495 fidei
2174 4438 2522 4494 fundamenta
2558 4433 2905 4490 constituisti.
2932 4432 3010 4486 Tu
3043 4430 3247 4487 sanctis
3272 4429 3520 4484 omnibus
3545 4437 3602 4483 et

2018 4534 2155 4589 velle
2183 4541 2239 4587 et
2284 4546 2458 4602 posse,
2489 4528 2837 4596 omniumque
2872 4526 3130 4578 virtutum
3185 4520 3363 4584 flores,
3400 4520 3600 4591 quibus

2020 4624 2259 4679 ccelestia
2308 4621 2646 4682 scanderent,
2679 4616 2971 4687 praebuisti.
3002 4615 3064 4668 Et
3090 4628 3213 4682 ego,
3240 4621 3487 4681 peccator
3516 4610 3597 4666 in-

2025 4715 2175 4778 felix,
2202 4712 2470 4781 quomodo
2493 4711 2610 4765 sine
2632 4720 2684 4763 te
2708 4708 2889 4760 salvus
2922 4705 3035 4759 ﬁeri
3068 4703 3238 4768 valeo,
3270 4703 3360 4771 qui
3390 4702 3600 4757 scilicet

2025 4806 2231 4872 absque
2258 4810 2331 4866 te,
2362 4800 2490 4870 quid
2512 4799 2702 4852 saltem
2732 4808 2889 4850 orare
2916 4794 3162 4855 debeam,
3195 4805 3301 4844 non
3334 4790 3601 4859 agnosco?

2022 4892 2294 4954 Profecto,
2326 4888 2571 4949 Domine,
2617 4886 2663 4939 si
2717 4894 2773 4937 tu
2826 4881 3051 4945 recedis,
3084 4880 3264 4933 anima
3320 4892 3439 4932 mea
3490 4893 3597 4933 non

2021 4984 2173 5040 vivit.
2197 4980 2349 5037 Sicut
2374 4977 2518 5034 enim
2539 4976 2811 5033 subtracta
2844 4972 3045 5036 anima,
3075 4985 3272 5041 corpus
3297 4969 3595 5033 emoritur;

2021 5076 2101 5132 sic
2142 5084 2196 5131 te
2240 5072 2530 5129 recedente
2552 5110 2569 5136 ,
2606 5069 2720 5139 ipsa
2751 5063 2996 5137 protinus
3030 5062 3229 5127 anima,
3268 5074 3489 5115 necesse
3515 5068 3601 5114 est

2021 5169 2394 5238 exstinguatur
2418 5165 2550 5238 (58).
2578 5162 2783 5225 Sentio,
2809 5158 3004 5223 sentio,
3032 5156 3255 5211 Domine
3276 5192 3292 5217 ,
3322 5151 3447 5222 quia
3474 5166 3595 5205 cum
3618 5180 3635 5194 ι

2022 5275 2122 5331 per
2145 5258 2410 5315 occultam
2442 5255 2670 5327 gratiam
2702 5264 2825 5308 tuus
2854 5248 3142 5319 aliquando
3162 5246 3314 5314 vigor
3342 5242 3552 5298 accedit
3576 5282 3593 5306 ,

2024 5366 2175 5406 meus
2207 5348 2348 5404 illico
2370 5348 2594 5418 Spiritus
2622 5341 2968 5400 convalescit.
2995 5340 3129 5395 Cum
3160 5350 3289 5389 vero
3314 5342 3368 5388 te
3395 5348 3594 5402 pecea-

2024 5440 2094 5497 tis
2125 5439 2260 5497 meis
2288 5436 2628 5509 exigentibus
2669 5430 2943 5491 subtrahis
3026 5425 3209 5485 infelix
3250 5423 3428 5479 anima
3476 5437 3597 5479 mea
