4028 6168
433 194 536 249 933
578 206 592 217 °

1268 201 1328 258 S.
1369 200 1572 258 PETRI
1610 199 1893 258 DAMIANI
1930 199 2358 259 OPPwTOMUS
2393 199 2522 261 SEU
2561 199 2740 255 PARS
2778 200 2868 252 ιν.

3589 201 3708 254 9¹Ξῑ

433 319 680 390 protinus
707 314 946 374 arelacta
975 318 1312 375 contabescit
1337 328 1391 372 et
1414 318 1663 382 corruit;
1695 331 1797 372 nee
1846 325 1904 371 ut
1952 317 2010 372 in
2035 318 2086 378 Δ
2112 315 2319 392 hostias
2355 313 2568 384 oﬂ‘erat,
2600 314 2854 370 ineffabili
2881 325 2986 371 tuae
3029 315 3331 372 dulcedinis
3356 317 3514 389 adipe
3553 319 3713 392 sagi-

434 411 613 468 studio
633 425 782 481 pura:
801 410 1063 465 orationis
1091 417 1408 464 exerceatur
1430 409 1685 479 assurgit.
1736 409 2015 464 Descende

433 516 566 572 ergo
595 500 648 554 in
673 516 783 565 me,
814 496 1115 554 viviﬁcator
1141 508 1343 554 aeterne
1364 539 1380 562 ,
1406 498 1620 568 meique
1643 499 1878 568 pectoris
1899 498 2013 569 gla-

436 591 575 647 ciem
629 589 844 644 ﬂamma
875 599 977 644 tum
1017 589 1260 643 caritatis
1304 590 1556 645 accende.
1611 588 1799 645 Praebe
1847 589 2014 660 capiti

436 693 558 735 meo
586 693 802 748 aquam,
833 685 887 732 et
911 692 1130 732 saxeam
1159 677 1338 733 cordis
1363 678 1467 733 mei
1493 677 1703 734 resolve
1721 677 2012 744 duritiam‘;

436 784 599 839 super
647 769 752 822 hoc
799 767 1006 823 scilicet
1049 767 1425 833 elementum,
1474 769 1736 834 Domine,
1779 777 1836 823 et
1887 777 2017 824 ante

433 859 619 915 mundi
645 859 909 929 originem
929 857 1193 914 ferebaris
1213 857 1366 930 (Gen.
1396 858 1461 930 l);
1487 867 1543 913 et
1568 872 1710 914 nunc
1735 860 1802 912 ad
1827 858 2016 927 puriﬁ-

435 949 704 1005 cationem
735 949 1038 1002 animarum
1077 948 1131 1002 in
1171 949 1387 1003 viviﬁca
1435 949 1597 1004 fontis
1649 947 1848 1004 ﬂuenta
1889 951 2016 1004 des-

435 1040 640 1097 cendis.
671 1039 803 1094 Veni
828 1053 958 1106 ergo
990 1038 1041 1092 in
1074 1054 1159 1093 me
1185 1055 1307 1093 cum
1356 1055 1493 1109 aqua
1539 1039 1970 1108 compunctionis
1996 1075 2014 1104 ,

435 1137 489 1182 et
515 1138 698 1200 potum
725 1125 854 1181 mihi
879 1127 944 1182 da
977 1127 1030 1182 in
1064 1126 1323 1198 lacrymis
1353 1128 1407 1182 in
1446 1143 1722 1182 mensura.
1769 1128 1862 1182 Va:
1885 1128 2016 1184 mihi

435 1222 636 1275 misero
679 1220 992 1289 peccatori,
1044 1219 1136 1289 qui
1196 1228 1249 1274 et
1300 1219 1712 1274 innumerabilia
1778 1221 2019 1289 quotidie

434 1306 610 1364 ﬂenda
639 1324 704 1364 co
729 1310 940 1374 nmitto,
972 1318 1026 1364 et
1057 1319 1236 1364 tamen
1262 1309 1392 1365 ﬂere
1445 1325 1552 1365 non
1591 1310 1744 1366 valeo
1773 1311 1787 1364 l
1842 1311 2018 1366 Imber

435 1414 564 1469 ergo
590 1397 779 1470 gratim
801 1407 903 1453 ture
924 1438 940 1464 ,
973 1389 1200 1454 Domine
1219 1440 1232 1464 ,
1261 1398 1312 1453 di
1336 1399 1485 1454 .tillet
1514 1400 1566 1453 in
1597 1415 1684 1455 me
1707 1441 1724 1468 ,
1752 1409 1811 1454 ut
1837 1401 2018 1455 anima

436 1502 556 1542 mea
582 1527 597 1550 ,
629 1502 750 1556 quae
778 1502 807 1540 a
839 1487 963 1542 vitae
988 1486 1134 1543 fonte
1157 1489 1419 1544 recedens
1463 1498 1716 1556 aruerat,
1767 1505 1864 1560 per
1915 1499 2020 1544 tute

433 1571 762 1630 Visitationis
789 1569 1026 1630 afﬂatum
1066 1577 1280 1632 noviter
1309 1577 1622 1634 revirescat.
1651 1578 1910 1639 Paratum.
1927 1596 2020 1635 cor

2111 413 2237 460 nata
2255 405 2592 475 pinguescat.
2622 405 2866 460 illumina
2897 422 3004 472 me,
3034 407 3127 462 lux
3163 409 3432 475 veritatis,
3461 417 3712 471 accendt:

2111 510 2219 562 me,
2249 495 2472 565 puriﬁca
2499 510 2604 550 nte.
2638 495 2718 550 Tu
2745 496 2888 551 enim
2931 507 2993 552 es
3019 497 3244 570 largitor
3279 502 3708 569 charismatum,

2112 593 2170 641 tu
2208 593 2401 640 auctor
2416 586 2930 648 sanctiﬁcationum.
2956 597 3012 642 et
3032 589 3273 644 Omnium
3302 593 3550 649 remissio
3574 609 3711 664 pec-

2113 683 2384 730 calorum.
2429 674 2508 729 Tu
2549 674 2776 731 virtutes
2827 676 3099 748 angelicas
3134 680 3202 734 ad
3253 696 3496 737 amorem
3547 689 3708 739 tuum

2114 765 2480 822 indesinenter
2501 765 2836 832 inﬂammas;
2865 776 2971 821 tuae
2990 767 3274 824 cbaritatis
3303 771 3552 828 incendio
3573 773 3713 830 cbo-

2115 859 2295 914 rubim
2322 864 2380 913 et
2408 857 2678 927 scrapbim
2703 858 3199 928 incomparabiliter
3218 871 3466 918 astuant.
3490 864 3570 920 Tu
3595 881 3707 929 me,

2114 947 2364 1013 Domine,
2388 946 2482 1002 tibi
2513 957 2682 1002 tetum
2732 947 2970 1013 vindica,
3004 957 3176 1004 totum
3207 951 3440 1019 pesside,
3471 952 3710 1009 nullam-

2116 1054 2224 1110 que
2255 1039 2310 1094 in
2341 1054 2428 1094 me
2454 1047 2667 1108 partem
2696 1053 2728 1093 a
2775 1047 2829 1094 te
2853 1049 3052 1095 vacare
3079 1041 3334 1109 permitte
3363 1059 3377 1095 :
3410 1043 3505 1098 sed
3556 1043 3710 1101 solus

2116 1130 2172 1185 in
2221 1129 2576 1214 me'vivas,
2639 1145 2836 1200 meque
2905 1131 2998 1186 tibi
3068 1132 3168 1186 soli
3249 1134 3432 1189 vivere
3482 1134 3656 1191 facias
3690 1177 3709 1201 ,

2118 1222 2210 1292 qui
2263 1222 2398 1278 vivis
2444 1230 2502 1277 et
2546 1223 2796 1292 gloriaris
2842 1223 2896 1277 in
2955 1223 3222 1279 Trinitate
3269 1227 3506 1294 perfecta
3562 1244 3708 1284 unus

2119 1319 2174 1365 et
2235 1325 2397 1367 verus
2473 1311 2616 1367 Deus
2681 1326 2780 1381 per
2853 1313 3037 1368 omnia
3113 1315 3308 1370 saecula
3381 1317 3724 1394 uentorum,

2118 1400 2316 1456 Amen.

2369 1488 2458 1544 IV.
2481 1490 2566 1545 Ad
2588 1503 2822 1547 sanctam
2849 1492 3152 1549 Trinitatem
3175 1498 3458 1553 orationes.

2193 1577 2270 1636 Te
2291 1580 2481 1645 adoro,
2517 1590 2568 1636 te
2587 1581 2731 1646 colo,
2759 1591 2814 1637 te
2837 1582 3100 1653 εισι-ηοξ),
3128 1593 3179 1639 te
3209 1587 3518 1658 magniﬁco,
3542 1589 3711 1646 bene-

435 1682 638 1732 meum,
669 1677 917 1736 paratum
956 1682 1050 1723 cor
1101 1684 1298 1723 meum.
1342 1669 1504 1734 Ecce,
1553 1671 1794 1736 Domine,
1834 1684 2025 1725 omnes
2053 1667 2098 1726 Β
2127 1669 2288 1734 dicte,
2315 1669 2681 1741 omnipotens,
2711 1671 2893 1737 Pater,
2923 1683 2976 1727 et
3004 1673 3196 1740 Filius,
3216 1684 3278 1730 et
3317 1675 3553 1746 Spiritus
3581 1695 3709 1734 san-

435 1761 590 1816 s'nus
632 1757 725 1812 tibi
769 1756 872 1812 mei
919 1753 1099 1813 cordis
1123 1759 1330 1828 aperio,
1360 1774 1557 1814 arcana
1594 1761 1830 1830 pectoris
1875 1760 2022 1828 laxo,

438 1861 654 1924 tuaeque
682 1855 1006 1924 dignationis
1029 1871 1306 1910 accessum
1332 1855 1610 1912 inbianter
1639 1866 1914 1926 exspecto.

510 1939 686 2001 Habet
714 1957 863 2002 certe
903 1946 1092 2002 oculus
1116 1948 1298 2002 carnis
1329 1946 1508 2002 lumen
1550 1962 1730 2014 suum,
1761 1947 2024 2004 visibilem

440 2031 646 2088 scilicet
669 2034 868 2100 solem;
899 2034 994 2090 sed
1019 2043 1072 2090 te
1093 2035 1320 2090 interior
1349 2035 1510 2090 homo
1549 2050 1700 2089 meus
1723 2041 2020 2104 exspectat,

439 2126 532 2196 qui
559 2126 740 2181 lumen
786 2141 846 2182 es
909 2127 1234 2181 animarum.
1283 2125 1384 2194 Qui
1417 2126 1728 2180 illuminasti
1764 2141 1966 2182 caecum
1990 2141 2024 2181 a

439 2215 722 2291 nativitate
753 2215 936 2285 (Joan.
971 2215 1072 2287 ιχ),
1119 2215 1359 2270 ἱιῐιιιιιίιιιι
1403 2230 1508 2269 me.
1540 2215 1642 2282 Qui
1687 2215 2023 2271 resuscitasti

437 2296 704 2360 Lazarum
759 2305 943 2375 (Joan.
974 2305 1074 2378 xi),
1122 2305 1332 2360 viviﬁca
1361 2320 1468 2360 mc.
1511 2305 1652 2370 Heu,
1681 2306 1806 2371 heu,
1839 2303 2026 2361 infelix

440 2387 646 2462 anima,
674 2412 799 2452 cum
831 2406 886 2450 tu
922 2397 997 2452 sis
1024 2398 1132 2451 vita
1155 2395 1415 2467 corporis,
1448 2397 1561 2468 ipsa
1586 2406 1794 2453 mortua
1811 2396 2022 2465 iacens,

442 2490 831 2544 viviﬁcatorem
867 2501 1014 2544 tuum
1066 2489 1269 2544 habere
1321 2488 1582 2558 Spiritum
1628 2505 1734 2544 non
1776 2489 2022 2544 mereris.

440 2580 651 2635 Mortua
674 2579 794 2644 tibi,
818 2580 956 2634 vivis
976 2578 1097 2644 alii;
1131 2578 1352 2649 ipsaque
1378 2579 1432 2632 in
1443 2578 1692 2641 .tenebris
1710 2577 2024 2642 constituta,

441 2669 699 2748 exteriori
728 2670 1042 2726 substantiae
1069 2669 1249 2724 lumen
1280 2670 1561 2733 attribuis;
1587 2671 1681 2726 sed
1707 2671 1888 2725 videre
1919 2685 2028 2747 non

441 2763 610 2829 vales,
635 2763 760 2832 quia
787 2777 890 2817 non
915 2762 1190 2832 proprium
1208 2761 1384 2824 lumen
1415 2763 1602 2817 babes.
1626 2761 1751 2822 Veni
1781 2763 2029 2828 tu,obse-

441 2866 560 2917 cro,
587 2850 820 2921 Spiritus
841 2848 1114 2913 veritatis,
1142 2858 1196 2904 et
1221 2863 1411 2904 omnes
1436 2859 1688 2905 errorum
1713 2849 1968 2905 tenebras
1996 2865 2027 2904 a

444 2957 532 2998 me
550 2949 800 3010 potenter
819 2939 1046 3010 expelle.
1066 2939 1277 3004 Indica,
1301 2939 1817 3004 Domine,nocentes
1843 2953 1950 3007 me,
1973 2947 2030 2996 et

2122 1771 2264 1828 ctus,
2293 1760 2467 1816 trinus
2495 1771 2551 1818 et
2579 1777 2720 1818 unus
2746 1764 2906 1818 Deus.
2938 1763 3147 1834 Adjuva
3193 1780 3301 1830 me,
3338 1766 3581 1831 Domine,
3605 1769 3707 1822 ab-

2122 1851 2269 1906 solve
2290 1865 2398 1914 me,
2419 1850 2646 1921 puriﬁca
2672 1866 2778 1916 me,
2805 1851 3004 1914 rutunda
3036 1866 3143 1918 me,
3170 1852 3285 1908 Rex
3309 1870 3459 1910 meus
3481 1865 3536 1911 et
3564 1855 3708 1913 Deus

2122 1954 2297 1996 meus.
2355 1940 2430 1994 Da
2474 1940 2607 1995 mihi
2658 1940 2952 2012 justitiam,
2985 1940 3376 2009 fortitudinem,
3405 1954 3706 2014 temperan-

2123 2030 2252 2085 tiam
2275 2038 2330 2084 et
2368 2030 2730 2100 prudentiam.
2753 2031 2828 2086 Da
2873 2032 3006 2086 milii
3036 2030 3333 2100 perfectam
3353 2033 3537 2097 ﬁdem,
3559 2045 3708 2105 spem

2123 2128 2180 2174 et
2201 2120 2546 2177 charitatem.
2570 2120 2822 2177 Concede
2872 2121 3005 2177 mibi
3036 2121 3297 2192 Spiritum
3327 2123 3624 2194 sapientiae,
3654 2134 3709 2178 et

2125 2210 2454 2276 intellectus,
2478 2210 2715 2276 consilii,
2743 2220 2797 2266 et
2830 2209 3189 2276 fortitudinis,
3224 2212 3482 2275 scientiae,
3510 2222 3567 2266 et
3597 2212 3712 2283 pie-

2126 2299 2275 2364 tatis,
2307 2308 2363 2356 et
2387 2300 2599 2355 timoris
2639 2299 2738 2354 tui.
2786 2299 2864 2354 Da
2904 2300 3036 2354 mihi
3087 2300 3351 2370 irriguum
3381 2301 3604 2356 inferius
3651 2309 3706 2356 et

2125 2390 2386 2462 irriguum
2413 2390 2684 2460 superius.
2731 2389 2808 2444 Da
2857 2389 2990 2444 milii
3019 2390 3446 2446 benedictionem
3492 2391 3558 2446 de
3589 2405 3710 2446 rore

2125 2480 2250 2536 caeli
2279 2489 2332 2536 et
2373 2479 2443 2536 de
2480 2480 2808 2551 pinguedine
2833 2489 3012 2534 terrae.
3054 2479 3324 2545 Molliﬁca,
3361 2480 3602 2544 Domine,
3635 2481 3712 2534 la-

2123 2572 2344 2643 pideum
2370 2587 2466 2627 cor
2489 2587 2690 2627 meum.
2726 2573 2800 2626 Da
2833 2572 2962 2626 mihi
2986 2573 3457 2644 compunctionem
3502 2583 3558 2629 et
3582 2588 3714 2628 con-

2127 2665 2398 2720 tritionem
2432 2665 2633 2730 cordis,
2663 2672 2724 2719 ut
2768 2662 2992 2718 deﬂeam
3040 2663 3453 2718 innumerabilia
3494 2670 3708 2734 peccata

2128 2770 2270 2812 mea.
2293 2747 2539 2819 Domine,
2566 2769 2672 2808 non
2718 2768 2838 2809 sum
2895 2753 3086 2824 dignus
3124 2761 3190 2806 ut
3234 2753 3429 2808 intrem
3465 2753 3524 2806 in
3544 2751 3706 2808 mole.

2128 2847 2266 2904 siam
2318 2855 2487 2901 tuam.
2539 2845 2796 2916 indignus
2849 2860 2967 2899 sum
3013 2844 3193 2898 levare
3244 2843 3484 2898 infelices
3529 2842 3713 2898 oculos

2128 2952 2281 2993 meos
2323 2936 2390 2991 ad
2439 2935 2658 3000 coelum,
2711 2934 2794 2990 vel
2840 2935 3146 3006 exprimere
3195 2949 3392 2989 nomen
3424 2943 3571 2988 tuum
3614 2934 3711 2988 be-

444 3041 688 3102 expugna
705 3031 1196 3100 impugnantesme;
1215 3031 2029 3100 apprehendearmaetscutum,
2061 3014 2106 3078 C
2136 3029 2416 3083 nedictum
2462 3041 2561 3096 per
2589 3024 2730 3079 labia
2778 3040 2932 3091 mea;
2978 3024 3073 3080 sed
3127 3034 3206 3092 tu,
3255 3025 3346 3094 qui
3398 3024 3592 3078 creasti
3630 3039 3715 3080 me

445 3128 502 3175 et
525 3128 754 3187 exsurge
772 3119 824 3173 in
841 3117 1164 3188 adjutorium
1179 3118 1309 3172 mihi
1333 3117 1506 3189 (Prol.
1533 3117 1736 3178 xxxrv).
1753 3116 1831 3172 Tu
1846 3117 2033 3187 puriﬁ-

446 3217 602 3264 eat'or
629 3217 684 3264 et
697 3208 998 3264 viviﬁcator
1022 3206 1274 3284 Spiritus,
1289 3207 1633 3276 omnipotens
1645 3215 1848 3263 aeterne
1869 3207 2028 3271 Deus.

447 3299 585 3370 ignis
608 3313 1020 3356 consumenses.
1039 3297 1118 3354 Tu
1133 3297 1369 3368 Spiritus
1381 3295 1596 3367 iudicii,
1617 3303 1672 3352 tu
1693 3297 1932 3368 Spiritus
1947 3313 2034 3352 ar-

445 3389 614 3446 doris.
637 3390 862 3460 Corripe
877 3390 1059 3461 itaque
1084 3406 1178 3446 cor
1200 3404 1399 3456 meum,
1421 3397 1478 3445 et
1499 3389 1742 3445 omnium
1755 3389 2034 3460 culparum

447 3481 816 3552 vitiorumque
835 3482 1137 3554 rubiginem
1157 3482 1362 3537 virtute
1388 3482 1465 3536 tui
1484 3482 1696 3537 ardoris
1717 3491 1964 3552 exterge,
1979 3489 2038 3538 et

447 3574 734 3631 inimidum
763 3575 856 3631 tibi
879 3574 1132 3644 nequitia:
1169 3574 1418 3643 spiritum
1447 3589 1481 3628 a
1508 3574 1730 3630 cunctis
1749 3575 1889 3630 meis
1908 3588 2036 3629 sen-

450 3665 609 3722 sibus
627 3676 852 3734 prorsus
876 3663 1119 3720 exclude.
1151 3664 1422 3734 Exsurgat
1445 3663 1614 3728 Deus,
1632 3671 1690 3718 et
1709 3664 2039 3734 dissipentur

450 3751 660 3808 inimici
673 3752 808 3820 ejus,
823 3761 881 3808 et
891 3751 1099 3824 fugiant
1111 3753 1205 3823 a7
1223 3751 1363 3808 facie
1375 3751 1868 3821 ejus,quioderunt
1890 3765 2036 3809 eum.

453 3838 605 3896 Sicut
634 3840 817 3896 deﬁcit
839 3839 1037 3906 fumus,
1069 3841 1351 3909 deﬁciant;
1380 3841 1521 3898 sicut
1542 3841 1658 3897 ﬂuit
1693 3855 1817 3898 cera
1842 3856 1876 3899 ιι
1903 3842 2042 3900 facie

452 3932 618 4003 ignis,
639 3933 721 3989 sie
734 3943 961 4004 pereant
978 3942 1296 4004 peccatores
1317 3945 1347 3988 a
1368 3933 1508 3990 facie
1523 3933 1618 3990 Dei
1644 3932 1820 4006 (Prol.
1847 3938 2038 4007 ιχιτιι).

453 4021 614 4088 Veni,
635 4035 842 4092 quaso.
863 4023 1008 4089 veni,
1027 4023 1309 4079 benedicta
1331 4021 1565 4094 Spiritus
1576 4023 1847 4090 veritatis,
1863 4035 1922 4080 et
1931 4039 2045 4081 om-

459 4125 560 4167 nes
579 4125 820 4168 meorum
844 4112 1115 4170 viscerum
1141 4128 1312 4170 venas
1333 4113 1555 4168 intimus
1570 4122 1842 4170 scrutator
1865 4114 2046 4186 ingre-

455 4202 612 4257 dere.
632 4201 783 4258 Tolle
798 4203 1058 4272 quidquid
1075 4205 1478 4270 fermentatum,
1493 4204 1752 4274 quidquid
1769 4204 2043 4273 vitiosum,

454 4289 718 4360 quidquid
755 4291 959 4359 reperis
994 4292 1170 4346 noxiae
1197 4293 1479 4347 vetustatis
1512 4301 1662 4362 peste
1687 4303 2040 4365 corruptum;

458 4393 652 4450 meque
678 4379 764 4434 fac
790 4393 1042 4450 azymum
1073 4395 1138 4436 ac
1160 4389 1270 4437 tute-
1298 4381 1576 4436 munditiae
1598 4383 1832 4452 puritate
1859 4386 2039 4443 since-

456 4483 602 4526 rum.
632 4469 819 4526 Redde
845 4483 933 4524 me
961 4481 1232 4527 mortuum
1275 4471 1429 4538 mihi,
1465 4473 1730 4530 viventem
1757 4476 1872 4531 tibi.
1901 4475 2041 4533 Mor-

458 4559 608 4617 tiﬁca
659 4560 715 4617 in
760 4576 847 4617 me
894 4576 1084 4619 omnes
1114 4562 1331 4619 fomites
1356 4564 1654 4620 carnalium
1684 4566 2036 4638 voluptatum,

459 4666 704 4722 excoque
743 4667 830 4707 me
862 4653 930 4707 ad
956 4669 1180 4723 purum,
1201 4665 1256 4710 et
1285 4669 1396 4710 non
1440 4653 1612 4711 solum
1638 4657 1808 4724 vitiis,
1839 4661 1932 4714 sed
1977 4667 2043 4716 et

461 4740 668 4796 mundo
687 4755 780 4796 me
800 4741 962 4798 redde
982 4757 1208 4813 prorsus
1229 4745 1574 4801 exstinctum.
1602 4745 1756 4816 Veni,
1787 4752 2036 4818 obsecro,

458 4829 710 4904 Spiritus
730 4834 1121 4892 benedictionis
1147 4844 1388 4904 aeterna,
1412 4853 1706 4910 omnesque
1726 4841 1832 4897 mei
1853 4851 2041 4912 pecto-

463 4922 543 4978 ris
589 4923 824 4979 latebras
881 4925 1229 4982 inenarrabili
1267 4939 1371 4983 tua:
1419 4929 1723 4987 dulcedinis
1778 4931 2043 4988 suavitate

465 5014 749 5085 perfunde.
772 5013 965 5069 Anima
995 5031 1116 5072 mea
1142 5018 1211 5072 ad
1255 5026 1404 5072 tuum
1441 5018 1702 5088 liquescat
1729 5021 2039 5087 adventum,

420 5151 430 5158 .
465 5104 745 5161 caelestem
770 5105 1021 5160 virtutem
1044 5121 1140 5176 per
1163 5116 1216 5161 te
1246 5117 1499 5163 renovata
1525 5110 1817 5180 concipiat.
1841 5111 1926 5165 Ad
1957 5111 2040 5166 sui

465 5196 672 5268 vigoris
701 5195 965 5267 originem
990 5197 1174 5252 redeat
1199 5206 1360 5267 atque
1391 5198 1441 5252 in
1467 5213 1707 5255 amorem
1738 5210 1886 5256 tuum
1915 5214 2042 5255 suc-

466 5286 652 5342 censis
672 5287 970 5342 visceribus
1021 5288 1348 5344 inardescat.
1389 5288 1648 5355 Benedic,
1683 5290 1861 5344 anima
1902 5305 2058 5354 mea,

465 5371 782 5443 Dominum,
808 5385 864 5432 et
889 5378 1068 5432 omnia
1099 5378 1354 5433 interiora
1398 5392 1516 5432 mea
1567 5393 1762 5433 nomen
1799 5387 2046 5450 sanctum

465 5463 585 5530 eius
611 5463 784 5533 (Ptol.
813 5467 929 5534 cu).
972 5465 1201 5522 Ubercm
1229 5469 1415 5537 gratia.-
1464 5475 1568 5523 tuze
1595 5467 2045 5532 benedictionem,

474 5554 717 5621 Domine,
744 5555 922 5611 anima
951 5572 1068 5613 mea
1098 5556 1386 5629 suscipiat;
1409 5565 1486 5625 et,
1519 5567 1576 5613 ut
1609 5557 1703 5615 tibi
1734 5557 2050 5615 medullatas

2131 3120 2277 3176 sicut
2303 3117 2388 3174 vis
2432 3125 2494 3173 et-
2515 3116 2656 3172 sicut
2691 3115 2826 3183 scis,
2851 3116 3111 3171 miserere
3133 3116 3256 3180 mei,
3290 3115 3538 3183 Domine,
3573 3115 3713 3172 Dens

2133 3223 2305 3266 meus.

2637 3296 2700 3354 V.
2730 3296 2977 3354 Secunda
3005 3300 3197 3353 oratio.

2205 3390 2488 3453 Miserere.
2512 3389 2758 3454 Domine,
2783 3389 3037 3444 omnibus
3085 3389 3275 3442 amicis
3329 3388 3568 3455 meis,et
3591 3402 3713 3457 pro-

2135 3481 2373 3555 pinquis,
2423 3490 2479 3536 et
2525 3480 2779 3536 omnibus
2808 3479 3248 3536 benefactoribus
3297 3477 3452 3543 meis,
3502 3486 3558 3532 et
3600 3492 3714 3531 om-

2137 3575 2298 3632 nibus
2335 3574 2434 3644 qui
2487 3583 2648 3630 orant
2701 3581 2755 3628 te
2801 3586 2900 3642 pro
2942 3586 3050 3638 me,
3080 3579 3138 3626 et
3188 3571 3441 3625 omnibus
3485 3569 3576 3637 qui
3630 3583 3714 3622 ro-

2137 3673 2276 3738 εδει·
2291 3680 2385 3720 me
2399 3678 2558 3720 orare
2602 3678 2699 3734 pro
2726 3662 2928 3719 seu-Da
2960 3663 3040 3718 eis
3077 3661 3450 3730 paenitentiam
3495 3658 3716 3730 ﬁfrue-

2140 3764 2392 3830 tuosam,
2441 3751 2711 3807 mortiﬁca.
2768 3751 2820 3805 in
2852 3750 2934 3806 eis
2967 3749 3149 3804 omnia
3198 3749 3352 3812 vitia,
3405 3757 3460 3802 ct
3492 3747 3576 3801 fac
3622 3760 3714 3800 eos

2139 3843 2334 3902 ﬂorere
2378 3842 2668 3898 virtutibus
2715 3841 2840 3897 tuis.
2898 3841 3008 3896 Fac
3055 3855 3168 3906 eos,
3217 3831 3464 3903 Domine,
3511 3837 3595 3893 sic
3622 3851 3715 3907 per

2141 3935 2344 3992 omnia
2363 3934 2568 4000 vivere,
2599 3942 2660 3988 ut
2687 3931 2956 4001 maiestati
2989 3939 3093 3986 tua:
3117 3929 3332 3985 valeant
3355 3929 3421 3984 de
3445 3929 3584 3983 bona
3622 3942 3715 3980 sua

2141 4024 2554 4082 conversatione
2586 4023 2821 4094 placere.
2853 4021 3128 4085 Miserere,
3155 4019 3330 4084 Deus,
3355 4017 3714 4088 pontificibus,
3757 4022 3777 4030 “

2143 4116 2394 4189 regibus,
2443 4115 2807 4186 potestatibus
2857 4121 2914 4169 et
2957 4113 3102 4168 omni
3151 4111 3348 4182 popqu
3393 4109 3716 4166 Christiano.

2146 4206 2345 4262 Sancta
2377 4205 2568 4272 Maria,
2593 4211 2696 4260 era
2736 4219 2840 4275 pro
2877 4203 2959 4260 eis
3003 4203 3274 4258 omnibus.
3307 4200 3508 4256 Omnes
3547 4196 3716 4253 sancti

2147 4307 2202 4354 et
2247 4304 2450 4352 sancta:
2488 4295 2606 4358 Dei,
2652 4302 2812 4350 orate
2857 4307 2956 4364 pro
2983 4293 3085 4348 eis.
3141 4291 3430 4356 Miserere,
3477 4288 3717 4352 Domine,

2146 4385 2399 4442 omnibus
2426 4383 2863 4440 benefactoribus
2887 4383 3023 4438 meis
3050 4381 3340 4446 defunctis,
3370 4389 3426 4436 et
3471 4395 3568 4450 pro
3596 4376 3716 4446 qui-

2145 4478 2462 4546 buscunque
2517 4491 2673 4532 orare
2729 4476 2943 4530 debitor
2995 4491 3145 4541 sum;
3209 4483 3264 4530 et
3313 4489 3506 4529 omnes
3537 4471 3718 4526 ﬁdeles

2149 4581 2273 4622 tuos
2309 4566 2527 4624 absolve
2551 4607 2567 4630 ,
2596 4575 2652 4621 et
2679 4566 2744 4620 da
2773 4566 2850 4620 eis
2888 4575 3098 4636 partem
3143 4574 3198 4620 et
3235 4565 3546 4620 societatem
3596 4559 3716 4616 cuni

2153 4653 2357 4716 sanctis
2412 4660 2539 4714 tuis.
2582 4659 2783 4714 Sancta
2823 4658 2977 4729 virgo
3030 4655 3219 4722 Maria,
3252 4673 3346 4712 ora
3404 4672 3502 4727 pro
3547 4655 3721 4710 omni-

2151 4751 2285 4816 bus;
2318 4764 2506 4805 omnes
2559 4747 2732 4804 sancti
2781 4748 2838 4803 et
2883 4756 3086 4803 sanctae
3140 4747 3266 4813 Dei,
3303 4753 3454 4801 orate
3498 4755 3594 4815 pro
3639 4742 3719 4797 eis

2149 4841 2418 4897 munibus.

2681 4926 2767 4982 Vl.
2810 4926 2990 4981 Tertia
3005 4927 3193 4980 oratio.

2219 5015 2301 5074 'l'e‘
2325 5020 2492 5074 adoro
2514 5031 2678 5074 unum
2717 5017 2769 5072 in
2806 5017 3076 5082 trinitate,
3104 5025 3164 5070 et
3198 5015 3397 5070 trinum
3444 5013 3498 5066 in
3539 5011 3716 5066 unita-

2149 5120 2222 5173 te,
2253 5095 2560 5174 bened‘icte,
2588 5108 2950 5176 omnipotens,
2979 5105 3161 5172 Pater,
3197 5115 3251 5161 et
3298 5105 3488 5169 Filius,-
3513 5112 3577 5159 et-
3603 5101 3724 5174 Spi-

2154 5198 2294 5251 ritus
2320 5206 2558 5251 sanctus.
2617 5195 2880 5251 Miserere
2920 5195 3050 5250 mihi
3087 5195 3392 5250 miserrimo
3427 5191 3719 5263 pet-calori,

2149 5287 2612 5354 clementissime,
2642 5288 2784 5343 Deus
2835 5304 3022 5354 meus,
3070 5297 3126 5342 et
3169 5287 3426 5341 miserere
3471 5284 3719 5340 omnibus

2151 5379 2396 5436 ﬁdelibus
2421 5380 2527 5435 tuis
2554 5381 2765 5436 vivis-et
2787 5380 3071 5436 defunctis.
3105 5378 3302 5434 Sancta
3339 5379 3490 5447 virgo
3530 5375 3714 5438 Maria,

2152 5476 2324 5524 mater
2346 5469 2440 5524 Dei
2464 5477 2518 5524 et
2543 5469 2798 5535 hominis,
2833 5469 3087 5538 templum
3131 5467 3225 5522 Dei
3263 5466 3391 5530 vivi,
3417 5466 3567 5536 virgo
3595 5471 3718 5516 ante

2152 5571 2366 5629 partum
2393 5567 2448 5615 ct
2475 5559 2629 5631 virgo
2656 5567 2776 5631 post
2802 5567 3039 5631 partum,
3077 5558 3502 5628 exaltatasuper
3527 5558 3718 5613 choros
