4028 6168
497 208 604 266 923

501 417 756 485 princeps
783 409 987 462 militiae
1013 409 1276 473 calcatis,
1313 419 1500 463 sancte
1524 408 1762 473 Gabriel,
1788 409 2084 465 foedera-tor

501 502 804 560 ctelestium
831 500 1161 570 mrptiarmn,
1181 508 1370 554 sancte
1393 500 1654 570 Raphael,
1687 500 1951 556 medicina
1965 500 2083 564 Dei,

499 605 654 650 crare
678 607 776 663 pro
798 591 978 646 nobis.
1008 590 1067 646 8.
1097 591 1335 646 .loamres
1361 591 1620 662 Baptista,
1656 609 1753 647 ora
1782 606 1881 662 pro
1904 591 2080 646 nobis.

502 687 560 742 S.
590 686 774 750 Petre,
804 683 898 752 qui
924 683 1093 737 habes
1112 681 1294 737 claves
1319 682 1468 752 regni
1494 682 1779 746 cmlorum,
1809 681 1868 737 8.
1893 680 2079 745 Paule,

502 777 562 832 8.
595 773 835 840 Andrea,
865 774 926 826 8.
949 771 1184 827 Joannes
1208 772 1568 840 evangelista,
1595 781 1752 827 orate
1785 787 1885 840 pro
1924 770 2086 826 nobis

503 866 781 923 omnllms.
819 863 882 917 8.
909 863 1206 932 Stephano,
1235 860 1293 916 S.
1338 861 1688 930 Apollinaris,
1713 860 1772 916 S.
1802 861 2098 927 Laurenti,

505 969 658 1014 orate
685 969 784 1026 pro
810 953 965 1009 nobis
1009 952 1281 1008 omnibus.
1313 951 1374 1006 S.
1405 951 1690 1014 Silvester,
1727 951 1782 1005 S.
1834 950 2082 1014 Martiae,

505 1046 566 1102 S.
617 1046 930 1109 Benedicte,
977 1043 1306 1098 venerabilis
1347 1052 1504 1112 pater
1549 1051 1754 1107 noster,
1785 1048 1938 1096 orate
1986 1055 2086 1111 pro

503 1137 660 1191 nobis
678 1134 952 1190 onanihu’s.
985 1131 1183 1188 Sancta
1214 1134 1448 1202 Agathe,
1488 1133 1548 1188 S.
1578 1133 1778 1203 Agnes,
1813 1131 1872 1186 S.
1911 1130 2084 1186 Ceci-

503 1226 591 1288 lia,
617 1234 774 1282 orate
816 1239 915 1294 pro
939 1223 1096 1279 nobis
1123 1224 1396 1279 omnibus.
1437 1222 1641 1277 Omnes
1680 1222 1853 1276 sancti
1909 1221 2084 1292 angeli

501 1328 556 1371 et
587 1314 928 1386 archangeli,
960 1314 1139 1369 throni
1174 1321 1227 1368 et
1263 1311 1692 1375 dominationes,
1725 1310 2084 1380 principatus,

501 1414 822 1477 potestates,
843 1405 1100 1468 virtutes,
1129 1400 1435 1465 cherubim,
1463 1411 1518 1455 et
1550 1401 1852 1470 seraphim,
1896 1415 2086 1456 omnes

505 1500 678 1552 sancti
707 1496 1034 1566 patriarcha:
1069 1502 1124 1548 et
1149 1493 1450 1564 prophetae,
1487 1493 1738 1562 apostoli,
1789 1500 2084 1561 martyres,

501 1587 868 1652 confessores,
919 1585 1178 1655 virgines,
1231 1583 1594 1646 anachoreta,
1638 1582 1834 1643 viduae,
1892 1595 2080 1637 otnnes

1741 208 2048 268 CARMINA
2087 210 2174 265 ET
2217 207 2502 269 PRECKS.

507 320 846 392 angelorum,
870 331 963 371 ora
991 332 1092 386 pro
1122 317 1279 374 nobis
1303 318 1573 374 omnibus.
1595 319 1794 376 Sancte
1829 319 2083 384 Michael,
2115 324 2162 382 Α

2691 321 2874 377 XVIII.
2917 323 2994 378 De
3026 335 3236 395 patrna.

2187 409 2349 465 Esum
2376 420 2649 480 perpetua:
2672 413 2891 480 pariunt
2913 413 3029 469 haec
3051 413 3256 469 fercula
3285 415 3429 470 vitta.

2468 501 2609 557 XIX.
2650 502 2752 558 Ubi
2772 504 2942 559 ludas
2973 505 3252 561 Dominum
3278 510 3462 563 tradit.

2186 590 2341 647 Falsa
2366 592 2513 648 ferox
2536 592 2735 648 blando
2757 593 2915 662 lupus
2949 597 3132 650 oscula
3163 599 3385 667 porrigit
3413 599 3590 669 Agno.

2487 683 2606 737 XX.
2653 681 2752 738 Ubi
2779 681 3020 739 Christus
3049 697 3196 755 rogat
3222 686 3454 744 Patrem.

2183 770 2424 838 Patrem,
2445 774 2682 838 Christe,
2711 789 2889 844 rogas,
2914 790 3164 846 cumquo
3183 777 3342 832 simul
3363 781 3542 835 omnia
3571 783 3766 854 donas,

2219 915 2222 918 .
2283 860 2422 917 XXl.
2469 861 2721 917 Dmninus
2750 864 2878 917 dicit
2903 865 3315 934 discipulis'suir
3345 882 3364 920 :
3416 867 3658 940 l'igilate.

2173 935 2331 1017 ‘Quos
2351 967 2514 1021 sopor
2536 954 2827 1023 oppressit,
2854 955 3078 1025 vigilum
3110 956 3222 1012 Rex
3245 935 3672 1030 surgereﬁrssit.

2189 1065 2327 1119 XXII
2356 1074 2410 1121 et
2434 1063 2617 1120 XXIII.
2649 1065 2926 1121 Orationes
2948 1069 3032 1122 die
3061 1068 3276 1124 Veneris
3299 1081 3477 1127 sancto
3513 1075 3566 1128 in
3594 1076 3764 1132 crucis

2666 1138 2977 1192 adcretione
3014 1141 3270 1194 dicendw.

2256 1228 2437 1296 (59)...
2471 1226 2708 1282 inﬁictus
2739 1229 2806 1282 ad
2864 1244 2987 1284 eum
3039 1231 3356 1300 respiceret,
3410 1241 3468 1287 et
3496 1245 3768 1292 venenum

2184 1318 2406 1373 exitiale
2455 1319 2738 1382 evaderet,
2764 1327 2961 1389 optatae
2991 1319 3183 1375 salutis
3226 1323 3389 1377 vitam
3441 1324 3770 1392 adipiscere-

2185 1415 2290 1469 tur,
2321 1407 2634 1477 signiﬁcans
2657 1417 2709 1462 te
2746 1409 2918 1478 ipsum
2944 1409 3126 1463 futura
3155 1409 3310 1480 longe
3335 1421 3460 1481 post
3486 1413 3766 1482 curricula

2184 1513 2283 1567 pro
2308 1498 2383 1552 tui
2405 1497 2579 1552 Salute
2601 1497 2882 1568 plasmatis
2912 1500 3090 1554 crucis
3112 1499 3352 1568 patibulo
3373 1501 3768 1570 extollendum,

2183 1595 2246 1642 ut
2293 1603 2432 1657 quos
2460 1587 2711 1642 diabolus
2765 1589 2935 1643 armis
2984 1589 3202 1643 invidia:
3246 1591 3643 1660 captivaverat,
3672 1601 3768 1647 tua

500 1677 675 1733 sancti
698 1687 751 1732 et
771 1684 974 1731 sancite
1000 1675 1120 1739 Dei,
1146 1682 1300 1729 orate
1327 1688 1424 1744 pro
1459 1673 1618 1728 nobis
1651 1671 1908 1727 omnibus
1945 1672 2082 1728 ﬁde-
2110 1671 2557 1734 B'desiderabilis
2582 1681 2763 1750 passio
2787 1681 2855 1735 ad
2895 1681 3124 1750 patriam
3174 1692 3471 1738 revocaret.
3517 1683 3770 1740 Concede

501 1769 644 1824 libus
673 1767 876 1823 Christi
913 1767 1052 1821 vivis
1089 1773 1147 1821 et
1172 1764 1460 1820 defunctis.
1495 1762 1659 1818 Pater
1684 1774 1874 1818 noster.

675 1856 798 1912 VII.
826 1855 990 1923 Item,
1016 1853 1283 1910 orationes
1318 1855 1384 1909 de
1401 1865 1586 1910 sancta
1624 1853 1901 1908 Trinitate‘.

565 1944 733 2013 Deus,
789 1945 947 2018 cujus
995 1959 1220 2001 munere
1269 1953 1326 2000 et
1371 1944 1676 2000 trinitatem
1723 1943 1778 1998 in
1807 1941 2082 2012 personis,

495 2049 551 2095 et
606 2040 876 2095 unitatem
947 2037 1002 2093 in
1078 2037 1263 2092 divina
1337 2035 1642 2092 substantia
1717 2033 2084 2100 conﬁtemur,

495 2128 736 2184 concede
786 2126 1058 2198 propitius
1111 2135 1194 2190 ut,
1242 2127 1344 2180 hac
1401 2125 1526 2180 ﬁdei
1581 2124 1752 2180 lorica
1795 2125 2017 2189 muniti,
2049 2139 2084 2179 a

495 2218 710 2274 cunctis
735 2232 1045 2272 mereamur
1089 2205 1514 2272 adversitatihus
1544 2212 1790 2269 liberari.
1839 2211 1945 2269 Per
1970 2213 2081 2276 Do-

495 2309 726 2364 Initium.

1129 2395 1261 2452 Vlll.
1302 2395 1448 2450 Alia.

572 2488 844 2554 Concede,
899 2497 1231 2557 quaesumus,
1281 2487 1626 2556 omnipotens
1670 2485 1935 2549 Deus,ut
1986 2483 2084 2554 qui

497 2588 700 2636 sanctae
757 2579 1044 2634 Trinitatis
1109 2591 1276 2633 unam
1348 2578 1671 2633 conﬁtemur
1732 2577 2078 2642 essentiam;

498 2673 640 2728 sicut
666 2685 812 2726 nunc
835 2669 1209 2732 ambulamus,
1236 2677 1288 2724 te
1319 2669 1570 2733 ducente,
1604 2685 1704 2739 per
1733 2651 1946 2734 ﬁdem;
2000 2667 2082 2722 sic

498 2761 832 2833 aliquando,
885 2768 942 2815 te
990 2759 1361 2829 suscipiente,
1407 2759 1773 2829 perducemur
1825 2759 1897 2814 ad
1951 2771 2079 2829 spe-

497 2855 662 2910 ciem.
683 2852 810 2908 Per.

485 2945 490 2948 ’
1150 2940 1248 2995 ΙέΧ.
1284 2941 1428 2995 Alia.

2187 1777 2296 1823 tam
2347 1769 2481 1824 mihi
2531 1771 2732 1826 misero
2786 1772 2890 1841 ιο
2943 1779 2997 1825 et
3044 1774 3320 1842 peccatori
3367 1789 3530 1842 quam
3585 1773 3769 1830 omni-

2185 1858 2286 1914 bus
2350 1867 2446 1916 tuo
2510 1875 2706 1917 cruore
2771 1861 3028 1917 mercatis
3057 1901 3073 1926 ,
3133 1863 3226 1932 qui
3293 1862 3456 1918 hodie
3523 1870 3772 1919 sanetam

2183 1952 2491 2022 passionem
2550 1961 2699 2008 tuam
2743 1952 3022 2024 supplices
3071 1962 3399 2008 veneranutr
3460 1952 3774 2024 lignumque

2182 2044 2314 2100 vita:
2339 2047 2592 2111 adorant,
2638 2053 2699 2100 ut
2747 2045 3042 2100 diabolieas
3093 2045 3320 2101 insidias
3378 2054 3430 2102 te
3476 2046 3772 2117 adiuvante

2181 2135 2483 2197 vincamus.
2515 2143 2573 2191 et
2595 2144 2813 2191 aeterna:
2848 2137 2974 2191 vitae
3021 2137 3312 2206 participes
3359 2136 3504 2192 efﬁci
3555 2151 3768 2193 merea-

2183 2239 2330 2290 mur,
2388 2227 2484 2294 qui
2534 2241 2657 2280 cum
2711 2226 2874 2282 Patre
2923 2235 2979 2282 et
3030 2227 3238 2298 Spiritu
3290 2239 3480 2284 saneto
3535 2229 3674 2284 vivis
3709 2238 3770 2285 et

2185 2327 2385 2388 regnas
2400 2316 2542 2371 Deus
2570 2331 2668 2385 per
2693 2317 2874 2371 omnia
2901 2319 3096 2372 stecnla
3123 2320 3468 2374 saeculorum.
3498 2320 3693 2376 Amen.

2516 2407 2703 2465 XXIV.
2744 2409 2810 2465 In
2841 2413 2997 2466 tertia
3035 2414 3420 2483 genu/lesione.

2253 2501 2482 2556 Domine
2510 2500 2635 2556 Jesu
2663 2502 2900 2568 Christe,
2929 2506 3018 2574 qui
3043 2518 3141 2560 nos
3171 2520 3269 2574 per
3295 2506 3603 2576 passionem
3635 2519 3766 2560 san-

2183 2598 2288 2645 ctae
2309 2591 2491 2645 crucis
2516 2591 2776 2646 hodierna
2805 2591 2892 2647 die
2919 2593 2988 2647 de
3015 2593 3282 2649 diabolica
3317 2594 3583 2648 servitute
3630 2594 3768 2649 lihe-

2183 2681 2333 2745 rssti,
2360 2690 2420 2735 ut
2451 2696 2561 2751 quo
2586 2683 2672 2736 die
2691 2683 2978 2737 hominem.
3007 2683 3364 2751 condiderasr
3380 2685 3570 2739 eodem
3601 2691 3656 2739 et
3684 2697 3768 2739 re-

2181 2773 2468 2836 formares,
2502 2773 2702 2827 exaudi
2735 2786 2820 2828 me
2842 2774 3104 2828 miserum
3131 2782 3186 2830 et
3204 2785 3542 2844 peccatorem
3580 2787 3765 2832 coram

2183 2861 2288 2915 hoc
2315 2859 2593 2929 signacqu
2621 2871 2823 2914 sanctae
2845 2863 3027 2917 crucis
3052 2870 3156 2917 tute
3184 2863 3529 2919 conﬁtentem
3562 2872 3618 2921 et
3670 2865 3767 2920 de-

2182 2961 2512 3023 precantem,
2539 2951 2770 3020 ntlrujns
2791 2954 3120 3009 venerabilis
3143 2963 3200 3009 et
3216 2954 3396 3009 vitalis
3419 2954 3555 3025 signi
3575 2955 3761 3010 tuitio-

569 3034 732 3099 Dens,
763 3031 854 3103 qui
885 3046 999 3088 nos—
1025 3041 1080 3088 et
1106 3034 1225 3088 sine
1277 3033 1600 3088 confusione
1647 3029 1970 3097 trinitatem,
2025 3039 2083 3085 et

2189 3019 2255 3097 ne
2282 3041 2546 3107 munitus,
2569 3051 2629 3097 et
2655 3019 2828 3097 hostis
2847 3043 3352 3114 nequissimiignita
3376 3019 3494 3098 tela
3503 3044 3768 3114 repellere

499 3128 620 3183 sine
661 3127 928 3182 divisione
957 3126 1318 3182 substantiam
1369 3135 1474 3180 tua:
1505 3123 1807 3193 maiestatis
1857 3121 2084 3180 credere

2186 3143 2242 3190 et
2282 3133 2352 3190 ab
2409 3134 2633 3190 inﬂictis
2678 3135 2933 3190 evacuari
2985 3135 3322 3200 vulneribus,
3375 3144 3429 3190 et
3477 3135 3551 3190 ad
3604 3135 3768 3190 vitam

498 3221 751 3290 docuisti,
781 3221 980 3291 largire
1007 3221 1364 3293 supplicibus,
1401 3230 1458 3275 ut
1505 3220 1804 3291 superhoc
1851 3218 2090 3274 catholi—
2186 3232 2452 3278 ater-nam.
2497 3225 2712 3279 valeam
2741 3225 3048 3292 pervenire,
3098 3240 3194 3294 per
3245 3234 3322 3290 te,
3371 3225 3597 3280 Domine
3640 3223 3768 3280 Jesu

497 3328 577 3371 ca:
614 3316 742 3371 ﬁdei
775 3316 1190 3372 fundamentum
1235 3323 1429 3387 surgat
1475 3315 1535 3385 9
1567 3315 1620 3369 in
1673 3315 1829 3371 nobis
1867 3322 2084 3370 saneta-

497 3423 619 3464 rum
648 3412 932 3464 'structura
960 3407 1248 3462 virtutum.
1281 3407 1390 3461 Per
1414 3405 1722 3461 Dominum.

1169 3493 1241 3550 Χ.
1282 3495 1424 3549 Alia.

439 3645 452 3654 ,
567 3588 730 3655 Deus,
759 3589 850 3660 qui
879 3589 1034 3645 nobis
1077 3593 1284 3644 sanctae
1326 3586 1610 3643 Trinitatis
1639 3581 1962 3657 mysterium
1991 3595 2082 3639 re-

496 3677 708 3743 velasti,
739 3677 937 3744 tribue,
968 3691 1302 3748 qnatsmnus,
1325 3684 1385 3731 ut
1409 3674 1500 3748 qui
1542 3672 1655 3746 jam
1695 3689 1761 3730 ex
1799 3675 1903 3728 ﬁde
1951 3673 2085 3728 vivi-

498 3781 640 3834 mus,
665 3783 764 3839 per
786 3768 916 3824 boni
953 3771 1134 3841 operis
1149 3773 1450 3841 augmenta
1481 3779 1812 3824 crescamus.
1853 3763 1958 3822 Per
1976 3767 2086 3822 D‘o:

499 3860 706 3914 minum
734 3869 1000 3915 nostrum.

835 3949 928 4004 XI.
970 3950 1048 4005 De
1077 3951 1478 4004 annuntiatione
1509 3950 1742 4004 Domini.

498 4040 640 4096 E'cce
670 4047 827 4111 parat
851 4039 1092 4094 clausam
1121 4040 1281 4111 Regis
1309 4040 1644 4110 praenuntius
1674 4035 1872 4092 aulam.

898 4127 1014 4183 XII.
1057 4127 1134 4183 De
1155 4127 1430 4183 nativitale
1458 4127 1690 4182 Domini.

501 4219 675 4276 Natus
703 4219 772 4276 ab
792 4227 999 4276 aeterno
1022 4220 1206 4291 prodit
1234 4223 1302 4276 de
1334 4219 1570 4291 Virginis
1589 4220 1734 4275 alvo.

888 4308 1024 4365 XIII.
1066 4310 1428 4365 De‘oblatione
1452 4309 1687 4365 Domini.

2186 3313 2424 3378 Christe,
2453 3313 2550 3383 qui
2576 3329 2699 3384 cum
2728 3312 2892 3368 Patre
2917 3322 2976 3368 et
2993 3312 3198 3382 Spiritu
3225 3322 3420 3369 sancto
3441 3313 3576 3369 vivis
3605 3322 3661 3368 et
3681 3328 3768 3369 re-

2187 3413 2326 3476 gnas
2349 3405 2494 3460 Deus
2521 3405 2572 3457 in
2609 3403 2807 3459 saecula
2838 3403 3187 3459 saecnltnum.
3218 3405 3410 3459 A-mcn.

2286 3552 2300 3563 _
2469 3493 2638 3548 XXV.
2678 3493 2754 3549 De
2792 3492 2854 3550 S.
2880 3507 3038 3548 cruce
3056 3494 3318 3548 orationes
3341 3494 3481 3548 alia.

2254 3584 2392 3639 Dum
2451 3599 2669 3640 crucem
2712 3583 3050 3640 dilectissimi
3104 3583 3231 3639 Filii
3271 3585 3376 3649 tui,
3425 3583 3770 3654 omnipotens

2185 3675 2366 3742 Pater,
2409 3677 2602 3740 adoro,
2644 3685 2829 3748 pateat
2873 3675 3009 3732 mihi
3057 3675 3278 3742 calum,
3323 3676 3554 3732 obsecro
3595 3685 3654 3731 ut
3712 3685 3770 3731 et

2184 3769 2366 3824 oratio
2390 3782 2508 3823 mea
2527 3767 2828 3837 pervenire
2851 3769 3027 3839 possit
3045 3766 3124 3822 ad‘
3141 3776 3218 3831 te,
3240 3775 3295 3822 et
3331 3775 3425 3820 tua
3467 3767 3770 3823 descendat

2183 3859 2556 3915 misericordia
2584 3873 2751 3930 super
2779 3873 2886 3914 me.
2912 3843 3046 3916 Haec“
3068 3859 3217 3915 enim
3253 3859 3428 3915 hostia
3452 3859 3766 3930 singularis,

2182 3949 2390 4020 piissim
2403 3949 2683 4014 eDomine,
2715 3950 2773 4004 in
2791 3950 3018 4006 odorem
3049 3952 3147 4007 tibi
3169 3951 3452 4007 suavitatis
3475 3951 3677 4015 oblata,
3711 3961 3769 4007 et

2183 4049 2334 4096 tuam
2365 4039 2511 4096 circa
2537 4049 2638 4094 nos
2671 4037 2944 4108 iustitiam
2985 4041 3224 4112 mitigat,
3256 4047 3331 4104 et,
3379 4049 3634 4110 tanquam
3683 4041 3757 4109 pii

2183 4130 2359 4185 thuris
2388 4127 2702 4184 incendium
2725 4129 2792 4184 de
2823 4128 3101 4184 thuﬁbnlo
3149 4127 3541 4184 sacratissiiuai
3559 4129 3770 4198 passio-

2145 4261 2156 4271 .
2183 4221 2272 4276 nis
2291 4231 2618 4291 evaporans,
2648 4219 3012 4274 humanarum
3039 4220 3301 4274 mentium
3352 4232 3518 4274 nares
3568 4219 3765 4274 obdul-

2182 4322 2290 4368 cat.
2324 4313 2376 4369 Ο
2399 4312 2783 4368 inenarrabilis
2806 4311 3050 4375 victima,
3075 4322 3194 4381 qua
3219 4321 3273 4367 et
3305 4312 3609 4367 cautionem
3651 4325 3771 4366 ma-

501 4402 614 4457 Non
637 4391 854 4473 capitur'
873 4403 1050 4468 ctelis,
1085 4401 1304 4457 Simeon
1331 4416 1492 4473 quem
1523 4401 1736 4474 stringit
1766 4400 1824 4457 in
1845 4401 2005 4458 ulnis.
2108 4363 2368 4459 1)Bledieti
2399 4404 2602 4458 veteris
2623 4399 2881 4467 ahoievit,
2905 4410 2962 4456 et
2985 4363 3322 4473 signaculum
3359 4402 3517 4458 nobis
3551 4411 3776 4456 aeternae

895 4492 1031 4547 XIV.
1073 4491 1150 4545 De
1171 4493 1429 4561 baptismo
1455 4491 1686 4545 Domini.

2189 4491 2582 4552 benedictionis
2611 4495 2910 4564 impressit.
2950 4494 3346 4550 Osacriiicium
3392 4509 3537 4550 vera:
3579 4493 3775 4564 placa-

501 4581 581 4634 En
606 4579 801 4636 ﬂuvius
853 4581 1056 4636 fontem
1106 4583 1369 4637 mundqu
1400 4580 1567 4646 lavat,
1600 4583 1764 4644 unda,
1810 4582 2081 4638 lavantem
2187 4589 2352 4644 tionis
2395 4595 2450 4643 et
2499 4585 2872 4655 laudis,quod
2922 4593 2976 4638 et
3032 4585 3270 4655 antiqua:
3318 4584 3778 4654 transgressionis;

501 4668 695 4734 Ablue,
727 4669 1006 4736 Iordanis,
1025 4685 1054 4724 a
1077 4683 1186 4740 quo
1222 4670 1396 4741 magis
1425 4670 1542 4741 ipse
1575 4670 1794 4726 lavaris.
2187 4676 2506 4732 inimicitias
2530 4675 2775 4739 abstulit,
2806 4684 2862 4730 et
2884 4673 3027 4728 inter
3050 4674 3248 4730 οωιιιιιι
3282 4682 3337 4729 et
3367 4682 3565 4728 terram
3591 4671 3779 4728 finitus

804 4758 922 4812 χι.
963 4758 1040 4813 De
1065 4760 1528 4830 transﬁguratione
1549 4759 1780 4814 Domini.

503 4848 644 4904 l'linc
681 4851 821 4904 Deus
846 4849 1081 4904 ostendit
1107 4851 1250 4919 quod
1276 4850 1459 4905 carnis
1501 4852 1737 4921 tegmine
1762 4849 1976 4906 clausit.

818 4939 955 4995 XVI.
995 4938 1096 4994 Ubi
1113 4941 1264 5011 pueri
1290 4942 1471 4994 dicunt
1506 4941 1784 4996 "osanna.

505 5036 706 5099 Astra,
737 5036 923 5107 polus,
955 5045 1098 5091 terra
1120 5076 1136 5103 ,
1169 5045 1422 5091 metuunt
1447 5051 1608 5106 quem
1663 5045 1846 5106 portat
1896 5034 2084 5093 asella.

509 5123 650 5180 Voce
683 5127 792 5182 Deo
819 5141 1014 5197 magna
1043 5133 1218 5180 cattus
1244 5125 1514 5195 depromit
1543 5128 1809 5184 hosanna.

930 5215 1094 5272 XVII.
1129 5216 1208 5271 De
1245 5233 1390 5271 corna
1427 5216 1658 5272 Domini.

509 5308 608 5374 Qui
649 5320 805 5380 caput
829 5320 912 5366 est
935 5310 1100 5380 justis
1127 5311 1352 5382 vestigia
1391 5312 1552 5381 tergit
1577 5310 1830 5367 alumnis.

501 5400 660 5469 Quod
686 5403 857 5458 vetuit
878 5403 1044 5473 parti,
1071 5402 1267 5460 Petrus
1301 5401 1414 5457 vult
1443 5401 1658 5458 solvere
1685 5403 1802 5458 toti.

2187 4775 2407 4820 aeternae
2453 4763 2760 4820 concordiae
2798 4763 3134 4817 reformavit.
3190 4762 3294 4816 Per
3347 4761 3470 4827 hoc,
3517 4757 3772 4827 Domine,

2188 4864 2296 4910 tute
2315 4852 2535 4907 virtutis
2557 4851 2766 4921 insigne
2789 4849 3044 4904 vexillum
3074 4849 3324 4903 miseram
3355 4863 3446 4905 me
3482 4849 3558 4904 tui
3587 4849 3777 4919 gregis

2186 4943 2458 5001 ovicalam
2488 4943 2554 4995 de
2589 4941 2801 4997 cruenti
2832 4940 3004 4996 leonis
3033 4939 3282 4995 faucibus
3296 4940 3473 5010 eripe,
3507 4949 3566 4994 ut
3590 4939 3775 4994 victus

2189 5043 2353 5104 atque
2373 5033 2648 5088 contritus
2665 5043 2694 5085 a
2724 5039 2778 5087 te
2806 5043 2970 5102 super
2991 5045 3078 5086 me
3120 5040 3356 5101 nequeat
3403 5030 3763 5100 triumphare.

2186 5122 2372 5178 Reduc
2396 5135 2482 5178 me
2512 5121 2582 5176 ad
2624 5135 2839 5191 pascuae
2873 5130 2983 5176 tuae
3006 5131 3220 5193 semper
3259 5133 3474 5175 arntnna
3511 5120 3765 5185 virentia,

2189 5227 2294 5270 nec
2328 5213 2554 5284 ahjicias
2581 5225 2828 5297 servum,
2861 5225 2960 5281 pro
2997 5225 3106 5281 quo
3141 5211 3354 5266 tradere
3399 5211 3651 5280 dignatus
3701 5223 3771 5264 es

2189 5306 2406 5371 Filium,
2431 5305 2521 5375 qui
2554 5313 2728 5359 tecum
2757 5311 2814 5358 et
2833 5315 2955 5356 cum
2985 5300 3189 5370 Spiritu
3213 5307 3407 5355 sancto
3430 5299 3564 5356 vivit
3591 5305 3650 5354 et
3677 5311 3772 5355 rc-

2189 5405 2319 5470 gnat
2341 5396 2484 5451 Deus
2503 5395 2556 5450 in
2591 5392 2792 5449 sarcula
2814 5390 3154 5449 saeculorum.
3185 5390 3378 5444 Amen.

585 5592 700 5668 ('59)
739 5592 926 5652 Oratio
964 5595 1147 5667 prima:
1187 5591 1597 5664 genuﬁcxiOnis,
1632 5593 1774 5650 sicut
1798 5599 1852 5650 et
1876 5592 2138 5650 sccundac‘
2160 5606 2286 5662 pars
2315 5587 2484 5645 dcsid.
2510 5585 2565 5644 in
2586 5599 2690 5641 ms.
