4028 6168
272 231 372 287 927

856 342 1042 398 XXVI.
1086 340 1291 395 Oratio.

344 439 608 497 Iledialor
632 436 729 493 Dei
756 444 811 491 et
838 435 1137 496 hominum,
1172 430 1395 486 Domine
1442 428 1568 483 Jesn
1614 427 1850 490 Christe,

273 530 367 604 qui
397 543 581 585 veram
610 542 827 581 carnem
875 541 939 580 ex
974 522 1312 579 intemeratis
1350 522 1520 576 beata:
1543 518 1722 574 Mariae
1777 519 1855 572 vi-

274 622 523 678 sceribus
554 618 861 689 suscepisti,
896 616 1095 685 quique
1126 630 1223 684 pro
1252 612 1422 668 salute
1462 621 1643 666 nostra
1676 611 1850 680 ipsum

277 712 489 781 Agnum
516 708 846 765 immaculati
872 706 947 760 tui
978 704 1223 773 corporis
1258 701 1499 757 obtulisti
1548 701 1657 755 Deo
1703 699 1852 754 Patri

276 816 438 872 super
465 815 612 855 aram
660 799 837 854 crucis
872 797 926 851 in
972 796 1193 852 odorem
1248 793 1553 857 suavitatis,
1580 800 1763 861 atque,
1796 800 1856 846 ut

274 890 513 962 antiquaa
536 886 1002 959 praevaricationis
1022 886 1172 948 virus
1188 891 1482 946 evomeret,
1508 881 1853 950 temetipsum

273 979 451 1035 fecieti
478 979 712 1032 humano
738 976 920 1047 generi
945 965 1267 1029 medicinam
1291 987 1308 1037 ;
1334 970 1554 1026 absolve
1584 985 1668 1025 me
1689 970 1855 1026 nimis

274 1066 544 1122 infelicem
591 1075 648 1121 et
695 1065 973 1129 miserum,
1006 1062 1304 1117 innumeris
1351 1068 1695 1130 peccatorum
1738 1060 1856 1113 vin-

274 1157 410 1215 culis
430 1158 745 1229 obligatum.
774 1156 917 1212 Ecce
954 1163 1079 1209 ante
1106 1154 1318 1222 ipsum,
1350 1152 1595 1216 Domine,
1628 1151 1856 1206 vivilicze

276 1248 459 1305 crucis
501 1256 605 1302 tuae
652 1262 740 1301 me
790 1253 1072 1316 prosterno
1120 1243 1399 1307 vexillum,
1444 1257 1751 1311 novumque
1802 1250 1857 1297 et

274 1339 579 1396 inauditum
618 1338 860 1393 victoriae
888 1345 993 1390 tuae
1034 1334 1256 1405 supplex
1286 1335 1455 1389 adoro
1504 1334 1851 1404 triumphum.

273 1427 353 1484 'I‘u
380 1428 525 1484 enim
556 1427 814 1483 sacerdos
834 1434 889 1480 et
930 1425 1137 1488 hostia;
1192 1432 1243 1478 tu
1292 1424 1606 1493 redemptor
1654 1432 1708 1478 ct
1738 1439 1859 1492 pre-

276 1517 434 1572 tium.
465 1516 645 1581 Libet,
671 1514 911 1586 piissime
935 1514 1179 1580 Domine,
1207 1521 1463 1583 tanquam
1510 1514 1609 1569 sub
1654 1516 1857 1569 recenti

276 1615 385 1661 tuze
417 1606 684 1676 passionis
713 1606 811 1675 ιι
842 1605 1071 1659 articulo
1100 1613 1150 1658 te
1192 1604 1245 1657 in
1271 1604 1449 1659 crucis
1474 1604 1738 1674 supplicio
1778 1604 1861 1658 vi-

1110 229 1168 283 S.
1209 228 1410 284 PETRI
1454 225 1734 282 υΑιιιΑΝι
1774 225 1924 281 OPP.
1949 222 2183 280 TOMUS
2215 223 2343 277 SEU
2388 223 2561 294 ΡΜᾏὸ
2599 222 2683 275 IV.

3428 220 3533 275 99.3

1885 344 1929 399 Α
1960 338 2201 406 quinque
2224 352 2413 390 sensus
2452 335 2697 404 corporis
2749 333 2940 388 nostri.
2990 331 3069 386 'I‘u
3119 330 3267 386 Patri
3315 331 3531 387 victima

1958 426 2242 481 suavitatis
2271 434 2327 481 et
2354 426 2508 481 nobis
2538 426 2715 481 factus
2758 438 2820 480 es
2860 423 3093 495 pretium
3126 423 3532 493 redemptionis.

1954 517 2166 582 Adero,
2222 517 2479 578 Domine.
2527 531 2744 572 crucem
2808 526 2990 582 tuam;
3047 515 3216 570 adoro
3262 516 3532 570 viviﬁcam

1954 615 2186 661 mortem
2214 613 2384 660 tuam.
2405 604 2624 669 Abluat,
2653 605 2904 669 obsecro,
2931 603 3155 674 sanguis
3190 612 3317 659 tuus
3347 606 3534 660 sordes

1955 695 2149 751 animae
2178 710 2332 760 meae,
2372 710 2472 750 nec
2493 694 2721 749 ulterius
2750 701 2931 749 teneat
2956 701 3183 748 exactor
3217 693 3508 748 obnoxium

1952 803 2053 858 pro
2074 804 2182 859 quo
2210 798 2319 843 tam
2344 788 2577 843 sublime
2604 787 2837 858 pretium
2886 794 2972 841 est
3016 785 3275 841 solutum.
3309 784 3393 840 Sit
3437 785 3537 840 iste

1952 881 2194 935 victoriae
2220 888 2322 935 tua:
2357 879 2561 943 titulus,
2593 878 2840 941 Domine,
2868 877 2921 931 in
2952 878 3130 931 anima
3153 890 3298 939 mea,
3322 891 3536 946 semper

1955 982 2194 1038 erectus,
2227 983 2287 1027 ut
2307 958 2512 1027 nullum
2545 972 2600 1026 in
2623 970 2969 1042 possessione
2998 978 3087 1043 tua
3120 968 3211 1038 jus
3231 967 3335 1023 sibi
3361 968 3534 1022 vindi-

1955 1073 2043 1119 cet
2071 1064 2290 1119 invasor
2318 1064 2598 1132 antiquus,
2621 1064 2716 1118 sed
2745 1063 2849 1118 hoc
2876 1070 3187 1133 pr05pecto,
3213 1068 3409 1130 praesto
3433 1058 3535 1114 dif-

1956 1155 2129 1225 fugiat
2154 1164 2210 1209 et
2256 1154 2403 1210 velut
2431 1154 2612 1209 fumus
2637 1154 2704 1208 ad
2737 1168 3015 1208 accessum
3050 1152 3124 1206 tui
3154 1150 3390 1220 Spiritus
3410 1166 3535 1206 eva-

1956 1253 2170 1311 nescat;
2198 1254 2256 1300 ut
2283 1245 2653 1301 [nereditatem
2686 1252 2829 1298 tuam
2852 1283 2867 1307 ,
2893 1258 3051 1312 quam
3077 1242 3303 1312 proprio
3334 1256 3535 1296 merear

1957 1343 2046 1393 tus
2073 1350 2133 1390 es
2180 1336 2464 1406 sanguine,
2518 1350 2616 1405 per
2668 1334 2981 1389 continuam
3020 1333 3258 1404 digneris
3305 1333 3533 1402 gratiam

1956 1425 2269 1496 possidere;
2301 1425 2388 1481 cui
2428 1426 2507 1482 sis
2528 1440 2626 1495 per
2651 1424 3084 1481 misericordiam
3142 1432 3290 1477 tuam
3331 1432 3385 1477 et
3414 1438 3535 1492 pro-

1958 1525 2133 1571 tector
2163 1516 2398 1571 invictus
2420 1523 2475 1571 et
2498 1515 2830 1570 inhabitator
2852 1513 3125 1577 assiduus,
3159 1512 3249 1581 qui
3284 1512 3385 1580 12
3412 1528 3533 1565 cum

1960 1607 2072 1663 Deo
2104 1607 2265 1663 Patre
2285 1616 2339 1663 et
2363 1607 2566 1677 Spiritu
2599 1614 2787 1662 sancto
2834 1605 2973 1659 vivis
2996 1613 3051 1659 et
3078 1618 3274 1674 regnas
3301 1618 3396 1673 per
3421 1620 3538 1657 out-

277 1699 411 1754 dere
447 1699 785 1769 pendentem.
836 1697 991 1751 Libet
1031 1694 1480 1765 pretiosissimum
1537 1694 1854 1763 sanguinem
1888 1686 1935 1747 Β
1962 1697 2051 1753 nia
2081 1697 2274 1753 secula
2305 1695 2650 1752 saeculorum.
2691 1697 2886 1761 Amen,

274 1790 334 1846 in
362 1804 461 1844 ore
498 1803 618 1844 meo
646 1787 921 1857 suscipere
966 1786 1342 1842 distillantem.
1376 1786 1421 1841 0
1470 1787 1626 1840 beata
1648 1786 1857 1841 scilicet

274 1878 476 1945 hostia,
507 1895 629 1950 quae
650 1889 705 1934 et
726 1888 961 1934 tartarea
997 1888 1149 1946 septa
1190 1878 1469 1947 dirumpit,
1511 1885 1565 1930 et
1616 1876 1857 1932 caelestis

273 1971 428 2042 regni
450 1970 673 2040 januam
701 1969 948 2025 ﬁdelibus
970 1970 1163 2040 aperit.
1188 1968 1232 2025 Ο
1261 1970 1417 2040 pretii
1446 1969 1617 2023 nostri
1650 1970 1858 2037 pondus

276 2061 334 2116 in
358 2062 537 2116 crucis
555 2069 758 2117 statera
784 2060 1060 2126 libratum,
1091 2075 1199 2129 quo
1243 2059 1406 2115 debiti
1455 2060 1626 2114 nostri
1676 2060 1859 2114 chiro-

275 2152 545 2224 graphum
586 2152 845 2223 antiquus
862 2160 1086 2207 exactor
1107 2152 1348 2221 deplorat
1394 2152 1655 2207 excisum.
1691 2151 1859 2207 Video

274 2252 329 2297 te
351 2242 698 2297 interioribus
722 2242 912 2307 oculis,
938 2241 1266 2309 Redemptor
1290 2256 1462 2304 meus,
1490 2241 1669 2297 crucis
1687 2240 1858 2297 clavis

276 2328 515 2384 atIixum.
546 2329 715 2384 Video
744 2338 797 2385 te
832 2330 985 2385 novis
1010 2329 1328 2385 vulneribus
1370 2329 1690 2385 sauciatmn.
1747 2334 1858 2384 Au-

275 2420 365 2475 dio
402 2428 453 2475 te
480 2420 675 2476 latroni
700 2420 848 2476 clara
875 2435 1007 2476 voce
1042 2420 1311 2476 dicentem
1359 2438 1371 2474 :

273 2511 383 2565 eris
420 2510 475 2565 in
506 2511 759 2581 paradiso
785 2510 940 2581 (Luc.
972 2512 1149 2580 xxtn).
1174 2510 1279 2565 Per
1302 2510 1446 2565 istud
1482 2511 1664 2581 itaque
1704 2511 1853 2565 salu-

273 2602 446 2657 tifera:
473 2611 577 2657 tuae
604 2603 876 2673 passionis
906 2618 971 2657 ac
1010 2603 1203 2657 mortis
1228 2601 1457 2671 imploro
1500 2602 1853 2672 mysterium;

275 2706 376 2762 per
411 2692 534 2758 hoc,
559 2693 801 2763 inquam,
831 2693 1216 2762 redemptionis
1261 2701 1459 2747 nostra:
1498 2692 1861 2764 lacrymabili-

272 2789 361 2836 ter
385 2781 614 2836 obsecro
655 2791 1076 2836 sacramentum.
1122 2780 1239 2835 Noli
1271 2796 1377 2845 me,
1429 2781 1573 2836 sicut
1617 2797 1856 2848 mereor,

279 2874 348 2929 ab
372 2873 667 2928 electorum
690 2883 907 2928 tuorum
935 2873 1192 2928 societate
1220 2872 1484 2937 dividere,
1518 2874 1610 2927 sed
1661 2874 1715 2927 in
1764 2889 1857 2943 pa-

281 2964 444 3019 radisi
468 2964 640 3035 gloria
671 2980 793 3019 cum
838 2966 1068 3034 ipsomet
1112 2966 1270 3019 beato
1303 2964 1515 3021 latrone
1563 2964 1851 3019 constitue.

1428 2419 1599 2483 Hodie
1642 2436 1856 2476 mecum

2504 1785 2736 1842 XXVIII.
2780 1785 2987 1841 Oratio.

2028 1877 2255 1935 Domine
2290 1877 2415 1934 Jesu
2456 1878 2690 1943 Christe,
2716 1877 2815 1932 Fili
2868 1877 2959 1930 Dei
3004 1877 3134 1940 vivi,
3177 1879 3381 1947 gratias
3424 1878 3538 1947 agi-

1958 1985 2080 2026 mus
2102 1970 2384 2025 immensae
2427 1979 2530 2025 tua:
2561 1971 2770 2040 pietati,
2813 1972 2905 2040 qui
2941 1986 3065 2024 cum
3120 1971 3173 2025 in
3221 1970 3393 2025 forma
3445 1971 3533 2024 Dc'

1957 2075 2129 2126 esses,
2156 2076 2254 2132 pro
2275 2061 2431 2116 nobis
2456 2062 2795 2131 temetipsum
2823 2061 3114 2115 humiliasti
3135 2103 3149 2126 ,
3180 2062 3357 2117 factus
3405 2064 3537 2117 obc-

1957 2151 2114 2207 diens
2138 2166 2310 2222 usque
2344 2152 2409 2206 ad
2439 2162 2693 2217 mortem,
2721 2161 2954 2207 mortem
2983 2162 3165 2208 autem
3203 2155 3400 2209 crucis.
3439 2154 3540 2208 De-

1955 2256 2245 2312 precamur
2272 2252 2345 2305 te,
2389 2242 2639 2307 Domine,
2670 2252 2729 2297 ut
2765 2244 2962 2312 quibus
3005 2252 3210 2299 tantam
3262 2245 3536 2299 contulisti

1958 2332 2213 2402 gratiam,
2258 2347 2442 2387 veram
2478 2342 2824 2402 peccatorum
2871 2334 3075 2389 tribuas
3129 2334 3535 2405 indulgentiam.

1957 2419 2178 2475 Custodi
2206 2420 2262 2475 in
2285 2420 2441 2475 nobis
2470 2435 2634 2489 opera
2669 2420 3051 2476 misericordiae
3074 2431 3197 2488 tute,
3217 2440 3284 2479 ne
3312 2434 3533 2492 pereant

1958 2524 2096 2579 quos
2147 2510 2380 2565 redemit
2409 2512 2628 2566 dextera
2664 2520 2775 2566 tua.
2831 2510 2974 2566 Sana
3024 2512 3311 2581 languores
3358 2514 3535 2585 populi

1960 2598 2035 2653 tui
2066 2608 2122 2653 et
2145 2599 2211 2653 da
2236 2600 2463 2669 gloriam
2492 2601 2697 2655 nomini
2726 2610 2837 2655 tuo.
2869 2600 3021 2671 Rogo
3052 2602 3219 2656 etiam
3246 2612 3331 2667 te,
3358 2604 3539 2658 Domi-

1959 2703 2029 2741 ne
2055 2687 2316 2756 piissime,
2341 2696 2398 2741 ut
2428 2704 2514 2743 me
2552 2690 2810 2743 miserum
2850 2705 2914 2744 ac
2946 2690 3192 2761 fragilem
3222 2706 3254 2746 a
3295 2702 3381 2745 tua
3429 2708 3535 2746 non

1961 2775 2191 2845 repellas
2220 2777 2414 2847 gratia,
2446 2786 2499 2832 et
2525 2778 2616 2847 qui
2645 2777 2926 2847 hucusque
2967 2779 3124 2851 longe
3150 2796 3178 2832 a
3226 2790 3314 2835 tua
3351 2781 3537 2836 volun-

1958 2872 2069 2918 tate
2096 2864 2323 2931 vitiosus
2345 2866 2588 2927 discessi,
2610 2866 2862 2937 deinceps
2890 2882 2987 2937 per
3011 2866 3334 2924 ineliabilem
3374 2872 3534 2926 mise-

1960 2952 2251 3008 ricordiam
2303 2964 2451 3007 tuam
2508 2956 2829 3011 emendatus
2879 2964 2984 3011 tute
3028 2957 3267 3027 placeam
3306 2959 3537 3015 feliciter

282 3051 385 3118 Tu,
428 3053 677 3119 Domine,
721 3053 959 3107 animam
990 3069 1169 3109 meam
1225 3053 1384 3122 hujus
1431 3062 1633 3108 saneta:
1673 3053 1855 3109 crucis

1959 3039 2251 3109 majestati.
2285 3040 2503 3111 Depelle
2531 3058 2561 3097 a
2594 3057 2701 3107 me,
2726 3043 2974 3109 Domine,
3003 3047 3261 3116 quidquid
3295 3051 3533 3114 noxium,

276 3145 628 3215 impressione
651 3146 943 3215 consigna.
978 3154 1033 3199 tu
1064 3161 1148 3199 me
1178 3146 1337 3215 hujus
1364 3146 1567 3199 virtute
1605 3144 1853 3215 purifica.

272 3236 381 3293 Per
405 3238 546 3293 hanc
574 3253 660 3292 me
694 3246 863 3292 totum
903 3238 1139 3307 undique
1166 3237 1270 3307 iuri
1304 3246 1396 3292 tuo
1420 3238 1498 3291 sic
1528 3237 1763 3302 vindica,
1795 3245 1856 3291 ut

273 3324 416 3382 nulla
438 3342 663 3397 prorsus
683 3329 981 3383 adversarii
1010 3329 1184 3383 valeat
1210 3329 1262 3383 in
1288 3343 1373 3383 me
1402 3328 1581 3399 portio
1604 3327 1852 3397 reperiri,

275 3427 543 3486 quatenus
574 3427 625 3473 te
654 3418 723 3473 ad
751 3417 1013 3486 judicium
1040 3419 1308 3482 veniente,
1351 3433 1473 3474 cum
1501 3418 1604 3473 hoc
1631 3418 1682 3472 in
1714 3417 1854 3472 caelo

280 3506 477 3560 divina
502 3506 719 3560 virtutis
764 3506 976 3575 insigne
1018 3506 1297 3569 claruerit,
1330 3522 1432 3577 ego
1469 3508 1574 3561 hoc
1599 3506 1855 3577 stigmate

272 3595 515 3668 signatus
534 3597 800 3662 inveniar,
826 3606 885 3652 ut
908 3598 1171 3652 cruciﬁxo
1191 3598 1563 3670 conﬂguratus
1586 3599 1639 3653 in
1665 3613 1854 3670 paena,

271 3698 498 3741 consors
529 3686 643 3741 fieri
675 3702 890 3741 merear
919 3673 1255 3757 resurgentis
1284 3689 1335 3741 in
1357 3688 1550 3757 gloria,
1586 3690 1678 3758 qui
1713 3689 1856 3745 vivis

272 3782 330 3828 et
392 3789 590 3845 regnas
635 3790 756 3829 cum
787 3776 897 3830 Deo
927 3775 1088 3831 Patre
1119 3776 1173 3831 in
1188 3776 1396 3831 unitate
1424 3776 1659 3847 Spiritus
1683 3778 1856 3834 sancti

272 3878 370 3935 per
389 3864 573 3919 omnia
600 3863 799 3919 secula
826 3863 1169 3920 saeculorum.
1195 3866 1393 3920 Amen.

836 3954 1047 4010 XXVII.
1090 3955 1301 4011 Oratio.

353 4042 412 4098 Si
459 4043 715 4114 pietatem
766 4053 912 4099 tuam
940 4085 956 4112 ,
1004 4046 1291 4101 mitissime
1343 4045 1506 4112 Deus,
1562 4046 1857 4102 humanam

276 4149 587 4190 mensuram
616 4136 819 4192 habere
844 4152 1258 4206 cognoscerem,
1285 4153 1385 4208 ego
1416 4147 1527 4192 tam
1570 4139 1849 4195 immanis-

275 4223 412 4279 sima
438 4226 709 4279 scelerum
742 4226 882 4280 mole
907 4226 1193 4295 depressus
1221 4226 1463 4283 funditus
1483 4228 1851 4298 desperarem.
1901 4279 1912 4287 .

275 4313 384 4370 Sed
413 4315 541 4370 dum
572 4316 838 4369 immolari
870 4331 970 4384 pro
1009 4332 1096 4372 me
1126 4326 1235 4371 tam
1282 4326 1559 4387 potentem
1617 4318 1850 4374 hostiam

1958 3130 2221 3201 quidquid
2254 3131 2517 3201 ineptum,
2544 3133 2807 3203 quidquid
2846 3134 3119 3200 vitiosum,
3148 3138 3406 3207 quidquid
3433 3149 3535 3193 tuae

1956 3219 2221 3276 voluntati
2252 3230 2338 3275 est
2355 3221 2709 3277 contrarium.
2749 3222 2995 3279 Concede
3027 3226 3182 3293 mihi,
3210 3228 3453 3293 Domine,
3478 3238 3537 3285 ut

1957 3312 2095 3367 mala
2126 3326 2244 3367 mea
2273 3311 2383 3379 hic,
2410 3311 2538 3366 dum
2570 3313 2714 3380 vivo,
2745 3314 2904 3385 digne
2931 3314 3177 3381 deﬂeant,
3209 3328 3263 3372 et
3292 3328 3536 3389 accepta-

1954 3405 2077 3460 bilis
2107 3405 2182 3459 sit
2205 3404 2527 3475 ptenitentia
2566 3422 2687 3461 mea
2730 3407 2785 3461 in
2832 3417 3125 3477 conspectu
3179 3418 3287 3463 tuo.
3338 3409 3536 3464 Tribue

1957 3495 2091 3549 mihi
2117 3509 2301 3549 veram
2346 3494 2528 3559 ﬁdem,
2568 3512 2721 3565 spem
2776 3497 3011 3565 firmam,
3065 3498 3385 3553 charitatetn
3430 3515 3532 3552 non

1956 3582 2161 3638 fictam.
2195 3582 2277 3638 Sit
2305 3584 2361 3639 in
2393 3600 2480 3639 me
2525 3585 2631 3639 fixa
2674 3586 2974 3653 humilitas,
3002 3589 3182 3643 sobria
3234 3589 3361 3655 vita,
3410 3604 3533 3644 vera

1957 3671 2207 3737 scientia,
2248 3670 2532 3737 fortitudo,
2560 3675 2867 3744 prudentia,
2893 3676 3124 3746 justitia,
3158 3679 3530 3747 temperantia,

1956 3774 2150 3816 cursus
2197 3769 2416 3829 rectus,
2449 3762 2574 3817 linis
2620 3762 2913 3835 perfectus,
2964 3776 3015 3822 te
3046 3776 3366 3837 prmstante,
3398 3768 3534 3823 Deus

1956 3862 2164 3921 uoster,
2193 3854 2436 3924 quicum
2465 3854 2650 3921 Patre,
2677 3864 2785 3911 etc.

2528 3945 2720 4001 XXIX.
2762 3946 2967 4003 Oratio.

2030 4038 2256 4093 Domine
2283 4036 2411 4094 Jesu
2449 4036 2665 4109 Christe
2691 4036 3007 4103 Nazarene,
3071 4054 3164 4117 rex
3222 4041 3529 4112 angelorum

1956 4137 2011 4182 et
2034 4137 2345 4181 sanctorum
2368 4130 2636 4191 omnium,
2666 4129 2757 4196 qui
2785 4143 2908 4182 eras
2935 4136 3060 4182 ante
3085 4128 3281 4183 stecula
3314 4130 3367 4182 in
3397 4131 3530 4183 divi—

1950 4220 2144 4274 nitatis
2168 4221 2409 4274 essentia
2437 4236 2560 4275 cum
2606 4220 2716 4277 Deo
2754 4220 2915 4277 Patre
2969 4223 3282 4292 unigenitus
3333 4223 3528 4286 Filius;

1958 4308 2012 4363 in
2054 4308 2389 4378 plenitudine
2415 4318 2594 4364 autem
2647 4312 2907 4381 temporis
2950 4313 3262 4367 exinanitus
3307 4312 3533 4368 formam

274 4405 454 4468 video,
481 4405 750 4474 quomodo
776 4420 861 4467 me
886 4407 1176 4475 desperare
1196 4370 1441 4471 debeam,
1467 4424 1573 4463 non
1607 4412 1848 4465 attendo.

1957 4398 2171 4452 servilis
2198 4398 2443 4467 corporis
2472 4413 2538 4452 ex
2566 4398 2732 4452 Maria
2774 4401 2979 4471 virgine
3015 4402 3307 4471 accipiens,
3360 4401 3413 4455 in
3463 4401 3536 4455 si-

279 4494 417 4550 Nam
444 4497 487 4550 si
516 4511 684 4565 agnus
710 4496 797 4550 ille
822 4497 1111 4565 paschalis,
1143 4500 1359 4553 brutum
1392 4498 1600 4555 scilicet
1628 4500 1851 4566 animal,

277 4585 532 4655 populum
599 4586 761 4641 Israel
814 4601 842 4639 a
909 4585 1065 4656 plaga
1134 4587 1325 4642 mortis
1383 4589 1557 4659 patuit
1622 4588 1854 4645 liberare

276 4675 475 4747 (Exod.
508 4676 639 4746 xu);
675 4686 879 4746 quanto
909 4677 1080 4747 magis
1104 4677 1245 4732 illius
1283 4678 1685 4733 sacratissimus
1723 4694 1851 4733 san-

278 4764 419 4833 guis,
451 4765 542 4834 qui
571 4765 831 4821 Conditor
855 4776 936 4821 est
962 4767 1272 4837 angelorum
1294 4808 1307 4831 ,
1337 4769 1701 4837 quantaslibet
1739 4766 1855 4823 ani-

277 4871 379 4909 tua:
408 4872 539 4909 mere
578 4857 766 4911 sordes
793 4858 937 4912 valet
962 4842 1214 4913 abluere?
1251 4858 1354 4923 Tu,
1382 4861 1623 4930 piissime
1673 4862 1859 4916 Domi-

276 4959 346 4998 ne
374 4942 500 4999 Jesu
526 4944 765 5011 Christe,
794 4946 941 5000 velut
963 4947 1172 5015 species
1201 4950 1495 5004 aromatica
1538 4950 1745 5006 redoles
1799 4953 1855 5006 in

277 5035 538 5089 mortario
568 5034 834 5105 passionis
859 5036 1063 5097 attrita,
1097 5045 1157 5089 ut
1180 5036 1336 5090 nobis
1366 5037 1584 5093 miseris
1641 5049 1697 5093 ct
1730 5054 1863 5108 pec-

276 5131 526 5179 catorum
583 5125 770 5180 morbo
804 5123 1184 5194 languentibus
1238 5124 1396 5181 lieres
1449 5128 1737 5182 medicina.
1772 5128 1851 5183 Tu

276 5223 530 5284 tanquam
561 5216 748 5272 botrus
772 5215 860 5270 ille
889 5224 1043 5270 terra:
1064 5215 1220 5271 lactis
1235 5225 1291 5270 et
1310 5217 1483 5273 mellis
1511 5217 1699 5290 (Num.
1728 5220 1852 5291 xm)

275 5302 493 5374 irrigua
522 5305 762 5362 calcatus
785 5321 844 5361 es
874 5307 925 5361 in
958 5306 1108 5375 prelo
1143 5308 1340 5374 crucis,
1367 5317 1425 5363 ut
1454 5310 1607 5365 nobis
1634 5319 1853 5365 :eternaa

272 5390 465 5447 salutis
506 5394 754 5463 poculum
786 5396 1102 5466 propinares
1137 5405 1191 5451 et
1217 5398 1428 5452 arentia
1459 5400 1621 5453 corda
1664 5408 1851 5455 nostra

278 5480 453 5535 sancti
484 5482 714 5550 Spiritus
757 5484 1103 5539 inundatione
1136 5484 1510 5553 perfunderes.
1545 5486 1645 5551 Tu,
1676 5488 1852 5541 Domi-

282 5584 387 5634 ne,
420 5584 518 5640 per
565 5572 803 5641 quinque
855 5572 1037 5642 plagas
1089 5574 1438 5629 sacratissimi
1478 5576 1722 5644 corporis
1770 5577 1846 5631 tui

277 5660 479 5719 Sanasti
508 5661 685 5716 omnia
707 5662 946 5729 vulnera,
979 5679 1097 5732 qua:
1137 5666 1293 5722 nobis
1338 5665 1536 5722 inflicta
1578 5675 1700 5723 sunt
1751 5684 1846 5739 per

1960 4488 2263 4542 militudine
2293 4489 2528 4543 hominis
2549 4488 2723 4545 factus
2751 4502 2805 4547 et
2835 4493 3302 4561 habituinventus
3339 4502 3395 4547 ut
3438 4492 3533 4545 ho-

1960 4594 2070 4635 mo.
2111 4580 2312 4635 Verum
2337 4581 2523 4650 utique
2560 4582 2830 4636 hominem
2862 4582 2915 4635 in
2946 4582 3054 4636 Deo
3076 4598 3204 4637 vero
3230 4596 3531 4645 assumens,

1960 4669 2276 4726 humiliatus
2322 4680 2375 4724 et
2412 4671 2672 4725 obediens
2723 4670 2899 4727 factus
2957 4688 3127 4742 usque
3174 4674 3241 4727 ad
3283 4679 3530 4737 mortem,

1960 4769 2190 4814 mortem
2220 4770 2401 4815 autem
2427 4762 2627 4827 crucis,
2652 4762 2929 4817 redemisti
2957 4779 3056 4818 nos
3081 4774 3172 4818 tuo
3194 4773 3383 4819 sancto
3410 4780 3533 4818 sau-

1960 4854 2123 4923 guine
2148 4854 2405 4924 pretioso.
2430 4854 2615 4924 Agnus
2637 4855 3016 4910 immaculatus
3054 4872 3280 4927 surgens
3308 4874 3338 4911 a
3387 4872 3531 4909 mor-

1959 4946 2087 5013 tuis,
2119 4947 2417 5001 ascendens
2444 4948 2497 5001 in
2527 4948 2747 5013 coelum,
2791 4949 2950 5003 sedes
3000 4950 3067 5004 ad
3113 4951 3390 5005 dexteram
3443 4948 3531 5002 Dei

1955 5036 2135 5092 Patris
2182 5038 2587 5107 omnipotentis.
2628 5039 2797 5105 Quem
2831 5040 3059 5095 adorant
3098 5042 3298 5110 angeli,
3337 5051 3392 5097 et
3436 5056 3534 5111 ego

1955 5125 2139 5182 infelix
2167 5136 2421 5197 peccator
2451 5138 2503 5184 te
2532 5129 2849 5199 suppliciter
2888 5130 3075 5197 adoro,
3112 5133 3378 5189 confitens
3414 5147 3534 5202 pec-

1950 5224 2075 5270 cata
2101 5229 2244 5281 mea,
2266 5228 2320 5271 et
2360 5202 2658 5287 deprecans
2687 5228 2765 5284 ut,
2804 5220 2945 5275 sicut
2975 5236 3061 5275 me
3095 5222 3413 5293 participem
3444 5236 3530 5276 sa-

1952 5313 2354 5359 cramentorum
2389 5307 2579 5362 mortis
2607 5315 2664 5362 et
2705 5309 3092 5379 redemptionis
3130 5319 3234 5365 tuae
3262 5326 3361 5380 per
3406 5326 3534 5365 cru-

1955 5407 2072 5447 cem
2102 5392 2300 5461 fecisti,
2325 5394 2402 5448 ita
2432 5410 2529 5465 per
2553 5396 2808 5451 virtutem
2830 5397 2990 5467 hujus
3018 5408 3383 5454 sacrosancta:
3410 5415 3533 5454 cru-

1955 5482 2053 5548 cis,
2081 5483 2262 5537 omnia
2300 5483 2353 5537 in
2381 5499 2466 5539 me
2494 5485 2627 5540 vitia
2652 5493 2704 5541 et
2734 5496 2955 5557 peccata
2984 5488 3297 5558 exstinguas
3342 5496 3398 5543 et
3443 5503 3533 5557 pc-

1952 5572 2138 5637 rimas,
2173 5581 2227 5627 et
2246 5582 2434 5628 contra
2464 5590 2652 5632 omnes
2680 5577 2989 5646 spiritualcs
3018 5579 3289 5650 nequitias
3311 5589 3364 5633 et
3394 5580 3527 5633 anti.

1954 5664 2045 5734 qui
2071 5664 2246 5758 hostis
2274 5664 2526 5735 insidias,
2561 5664 2804 5736 ejusdem
2832 5680 3193 5728 sacrosancta:
3224 5670 3400 5728 crucis
3424 5670 3528 5723 vir-
