4028 6168
502 308 607 365 929

1732 307 2035 363 CARMINA
2080 308 2167 364 ET
2207 309 2498 367 PRECES.

3651 321 3758 376 930

501 432 615 478 tute
657 422 925 487 invocata,
956 419 1201 476 victricia
1234 418 1337 475 tela
1385 416 1616 485 efﬁcias;
1649 427 1702 473 et
1748 433 2079 489 eonsurgen—
2105 422 2155 482 Α
2183 417 2341 488 hujus
2364 420 2618 476 salutaris
2645 421 2783 492 signi
2841 422 3230 493 redemptionis
3276 432 3476 480 nostrae
3529 429 3770 490 redimas

499 524 607 571 tem
640 528 726 567 me
758 524 934 567 tecum
965 512 1019 565 in
1051 519 1294 566 novrtate
1315 510 1537 581 spiritus
1576 520 1631 563 et
1654 508 1860 579 gloriae,
1889 508 1955 562 ad
1985 523 2072 570 ea,

494 617 617 672 quae
657 616 873 657 sursum
919 610 1063 666 sunt,
1089 616 1212 655 eum
1262 601 1466 655 sanctis
1510 610 1566 654 et
1612 599 1800 655 electis
1854 599 1961 654 tuis
2006 600 2075 655 ad

493 691 773 746 dexteram
833 698 978 744 tuam
1033 688 1244 759 positis,
1283 688 1593 757 pertingere
1642 689 1910 743 concedas
1961 687 2077 757 ipse

493 780 744 849 idemque
774 778 899 833 Jesu
948 778 1184 842 Christe,
1215 777 1359 833 Deus
1403 777 1755 843 immortalis,
1805 778 1896 848 qui
1948 794 2072 833 cum

493 869 604 924 Deo
629 869 789 924 Patre
818 877 875 924 et
912 867 1121 937 Spiritu
1150 875 1340 922 sancto
1360 866 1499 922 vivis
1527 876 1583 921 et
1604 882 1799 937 regnas
1826 883 1924 939 per
1955 868 2076 922 inli-

478 946 605 1015 ‘nita
630 957 827 1015 saacula
852 959 1196 1015 saeculorum.
1230 957 1423 1011 Amen.

1073 1047 1242 1101 XXX.
1285 1047 1494 1101 Oratio.

559 1140 786 1194 Domine
813 1137 940 1193 Jesu
980 1136 1217 1201 Christe,
1248 1120 1477 1192 Fili'Dei
1509 1138 1640 1203 vivi,
1680 1128 2071 1209 gloriosissime

488 1229 746 1284 Conditor
774 1227 983 1291 mundi,
1025 1226 1115 1296 qui
1147 1242 1271 1281 cum
1303 1226 1379 1282 sis
1422 1226 1678 1297 splendor
1711 1228 1812 1299 l3
1862 1228 2067 1299 gloriae,

485 1327 790 1374 coaeternus
820 1326 875 1372 et
902 1316 1128 1385 aequalis
1155 1315 1302 1371 Patri
1329 1326 1625 1386 sanctoque
1658 1316 1910 1385 Spiritui,
1949 1320 2071 1376 ideo

487 1408 749 1477 dignatus
777 1422 835 1462 es
857 1421 1077 1461 carnem
1106 1406 1510 1461 immaculatam
1552 1422 1615 1460 ex
1646 1407 1863 1478 Virgine
1889 1425 2070 1484 sume-

486 1511 569 1562 re,
595 1506 651 1551 et
681 1496 999 1551 innocentes
1026 1510 1090 1551 ac
1117 1496 1380 1565 gloriosas
1412 1504 1533 1551 tuas
1565 1496 1775 1566 palmas
1807 1497 1858 1552 in
1890 1500 2068 1556 crucis

485 1585 731 1657 patibulo
780 1586 1076 1657 permisisti
1116 1586 1311 1657 conﬁgi
1361 1594 1421 1640 ut
1482 1586 1719 1640 claustra
1774 1588 2070 1658 dissipares

485 1676 682 1731 inferni
707 1685 763 1731 et
786 1677 1078 1732 humanum
1106 1692 1278 1747 genus
1303 1676 1563 1732 liberares
1586 1676 1653 1732 de
1676 1687 1868 1732 morte.
1909 1678 2067 1734 Mise-

2181 522 2267 563 me
2294 509 2550 564 miserum
2581 518 2636 565 et
2681 511 2900 581 dignum
2931 521 3104 568 morte
3145 522 3519 582 peccatorem,
3551 517 3622 572 ab
3647 533 3765 574 etn-

2179 598 2338 653 nibus
2369 599 2688 654 criminibus
2716 610 2773 655 et
2819 600 3155 657 facinoribus
3199 604 3368 671 meis,
3400 614 3456 660 et
3480 606 3649 663 libera
3676 624 3765 665 me

2177 686 2247 742 ab
2273 689 2527 745 omnibus
2548 689 2705 745 malis
2728 693 3038 760 praeteritis,
3066 695 3427 763 praesentibus
3447 706 3501 752 et
3523 698 3721 756 futuris
3744 741 3759 767 ,

2176 787 2229 834 et
2258 779 2524 834 mortiﬁca
2557 780 2608 834 in
2653 796 2740 835 me
2766 781 2947 836 omnia
2977 782 3111 836 vitia
3139 783 3501 853 spiritualium
3535 797 3591 842 et
3642 804 3763 843 ear-

2176 867 2379 922 nalium
2404 869 2769 938 nequitiarum
2786 910 2801 935 ,
2824 880 2880 924 et
2901 865 2987 925 I'ac
3016 886 3104 927 me
3128 886 3409 942 resurgere
3432 874 3485 929 in
3511 874 3618 949 14
3641 878 3761 933 vir-

2176 966 2288 1012 tute
2322 960 2514 1028 gratia:
2574 969 2628 1014 et
2684 958 2869 1029 gloria:
2924 968 3062 1027 tuae;
3112 972 3167 1015 et
3210 979 3332 1033 quae
3362 979 3576 1019 sursum
3604 976 3758 1033 sunt,

2174 1046 2415 1102 cmlestia
2444 1048 2755 1105 desiderare
2787 1059 2842 1105 et
2868 1066 3143 1120 quaerere,
3193 1062 3248 1107 et
3287 1053 3355 1108 ad
3383 1063 3603 1109 mternze
3630 1055 3759 1111 bea-

2174 1137 2419 1192 titudinis
2449 1138 2672 1206 gloriam
2725 1140 2959 1195 feliciter
3002 1144 3317 1211 pervenire,
3351 1154 3641 1210 praestante
3671 1157 3760 1198 tua

2172 1228 2434 1282 immensa
2463 1228 2783 1293 clementia,
2834 1228 3059 1284 llontiue
3100 1229 3228 1285 Jesu
3259 1230 3494 1298 Christe,
3531 1232 3672 1287 Deus
3701 1242 3760 1288 et

2170 1317 2430 1374 Dominus
2479 1329 2689 1383 noster,
2741 1320 2834 1389 qui
2881 1336 3004 1375 cum
3056 1322 3167 1376 Deo
3228 1321 3392 1377 Patre
3442 1332 3500 1377 et
3552 1322 3759 1393 Spiritu

2168 1421 2357 1468 sancto
2383 1414 2437 1468 in
2470 1414 2676 1470 unitate
2720 1416 2937 1471 dcitatis
2985 1418 3165 1471 omnia
3201 1418 3437 1473 creando
3468 1419 3643 1490 regis,
3676 1419 3759 1475 vi-

2170 1503 2354 1559 viﬁcas
2380 1513 2437 1560 et
2464 1506 2736 1574 gubernas
2781 1522 2879 1577 per
2926 1506 3254 1562 immortalia
3297 1508 3492 1563 saecula
3535 1509 3759 1567 saculo-

2167 1610 2308 1651 rum.
2338 1596 2534 1651 Amen.

2696 1686 2936 1742 XXXIV.
2976 1687 3222 1744 Lilaniaz.

485 1782 608 1824 rere
638 1769 769 1825 mihi
797 1771 1017 1834 misero,
1044 1770 1568 1840 Dominc,oppresso
1592 1770 1739 1840 gravi
1764 1770 2064 1826 facinorum
2094 1776 2141 1835 B
2237 1774 2482 1841 Christe,
2529 1776 2653 1831 audi
2702 1790 2833 1843 nos,
2880 1793 2964 1832 ιιι.
3019 1778 3182 1833 Pater
3230 1780 3296 1834 de
3345 1781 3528 1846 caalis,
3580 1782 3753 1850 Deus,

482 1860 723 1929 pondere
750 1860 1152 1931 multarumque
1200 1860 1565 1930 nequitiarum
1593 1860 1843 1917 sordibus
1889 1862 2068 1933 inqui-

485 1960 629 2005 uato.
664 1950 785 2005 Noli
808 1966 894 2006 me
922 1951 1249 2021 relinquere,
1279 1950 1523 2021 piissime
1562 1950 1806 2015 Domine,
1849 1952 1943 2007 sed
1984 1953 2068 2007 in-

482 2041 642 2107 dulge
671 2042 1116 2105 misericorditer,
1145 2042 1291 2112 quod
1334 2041 1500 2110 impie
1540 2042 1705 2110 gessi,
1732 2050 1788 2097 et
1816 2058 1937 2113 qua:
1968 2058 2063 2098 ne-

482 2132 751 2203 gligenter
776 2132 903 2187 feci.
934 2132 1141 2187 Exaudi
1176 2146 1283 2198 me,
1312 2147 1516 2201 quazso,
1540 2133 1966 2189 clementissime
1999 2149 2063 2191 ac

480 2222 994 2278 misericordissime
1016 2220 1165 2286 .lesu,
1194 2222 1337 2277 Deus
1368 2223 1508 2277 bone
1550 2231 1606 2277 et
1646 2222 1899 2293 benigne,
1941 2239 2063 2293 pro-

478 2320 711 2366 stratum
740 2320 868 2365 ante
909 2311 1242 2366 adorandam
1283 2309 1728 2381 gloriosissimam
1759 2320 1907 2366 tuam
1940 2328 2063 2366 cru-

477 2416 620 2467 cem,
652 2411 712 2457 ut
736 2402 791 2456 in
819 2402 907 2457 his
933 2402 1142 2456 sanctis
1169 2400 1361 2455 diebus
1385 2408 1438 2454 et
1464 2414 1681 2470 semper
1720 2400 1814 2455 tibi
1849 2417 2062 2456 merear

436 2491 736 2561 \assistere
762 2490 1019 2557 mundus,
1048 2499 1103 2545 et
1127 2491 1235 2546 tuis
1256 2489 1464 2560 jugiter
1497 2489 1713 2559 placere
1750 2494 2057 2563 conspecti-

476 2580 598 2647 bus,
623 2590 892 2651 quatenus
934 2581 1198 2637 liberatus
1226 2595 1256 2633 a
1291 2580 1447 2634 malis
1494 2579 1766 2644 omnibus,
1808 2589 1904 2636 tuo
1954 2583 2056 2637 sim

476 2688 693 2746 semper
725 2673 998 2743 adiutorio
1019 2674 1357 2739 consolatus,
1398 2671 1615 2728 Christe
1644 2672 1869 2728 Domine
1891 2714 1906 2739 ,
1938 2674 2058 2729 Sal-

474 2774 633 2822 vator
664 2766 872 2834 mundi,
901 2766 993 2837 qui
1020 2766 1156 2822 vivis
1182 2774 1238 2821 et
1270 2779 1468 2837 regnas
1498 2763 1553 2819 in
1599 2763 1795 2821 saecula
1831 2765 2057 2821 saeculo-

473 2872 616 2913 rum.
644 2858 842 2914 Amen.

452 2955 462 2965 '
1041 2947 1233 3004 XXXI.
1276 2948 1482 3005 Oratio.

506 3052 507 3055 ‘
544 3041 790 3110 Christe,
828 3042 919 3113 qui
949 3057 1047 3113 pro
1075 3042 1230 3097 nobis
1257 3042 1555 3113 patibulum
1586 3042 1767 3099 crucis
1809 3051 1864 3098 et
1901 3058 2049 3098 mor-

475 3141 583 3189 tem
610 3133 862 3199 subiisti,
892 3143 950 3187 ut
977 3147 1008 3186 a
1053 3132 1209 3188 nobis
1249 3132 1547 3203 expelleres
1593 3134 1784 3187 mortis
1815 3142 2055 3203 potesta-
2080 3121 2127 3185 C

472 3237 583 3282 tem
604 3266 621 3293 ,
647 3234 703 3282 et
730 3224 1013 3295 sanguinis
1043 3225 1121 3279 tui
1152 3240 1251 3279 nos
1276 3225 1453 3295 pretio
1478 3224 1735 3280 liberares
1752 3266 1766 3291 ,
1794 3225 2054 3279 miserere

470 3315 603 3371 mihi
638 3315 936 3371 humillimo
964 3329 1123 3370 servo
1151 3324 1264 3382 tuo,
1289 3323 1344 3369 et
1372 3315 1615 3369 omnium
1644 3330 1888 3369 meorum
1918 3314 2049 3369 mihi

467 3406 681 3461 veniam
725 3406 901 3460 tribue
934 3414 1318 3476 peccatorum,
1345 3416 1402 3460 et
1429 3421 1515 3461 me
1563 3422 1748 3460 coram
1777 3407 2052 3461 adoranda

469 3508 561 3555 tua
586 3514 747 3554 cruce
776 3507 1107 3570 prostratum
1137 3498 1192 3553 in
1229 3498 1314 3553 his
1348 3498 1554 3553 sanctis
1585 3497 1794 3564 diebus,
1826 3508 1880 3552 et
1905 3497 2051 3568 jugi-

469 3601 553 3647 ter
579 3591 649 3646 ab
678 3591 930 3645 omnibus
957 3590 1112 3644 malis
1153 3588 1303 3658 eripe
1324 3627 1339 3654 ,
1386 3588 1651 3658 bonisque
1700 3589 1806 3643 tuis
1837 3588 2050 3643 miseri-

467 3684 707 3739 corditer
734 3682 929 3750 retice,
960 3683 1049 3752 qui
1077 3695 1199 3737 cum
1230 3681 1340 3736 Deo
1360 3680 1524 3735 Patre
1546 3690 1601 3735 et
1624 3681 1830 3751 Spiritu
1863 3689 2053 3736 sancto

465 3774 606 3830 vivis
660 3783 715 3829 et
767 3789 961 3846 regnas
1009 3789 1106 3842 per
1148 3773 1412 3827 immensa
1468 3771 1664 3827 saecula
1701 3773 2048 3827 saeculorum.

463 3865 659 3921 Amen.

1024 3950 1239 4006 XXXII.
1279 3951 1482 4005 Oratio.

534 4044 714 4111 Deus,
744 4043 835 4113 qui
867 4042 1011 4112 ligno
1040 4050 1358 4111 pereuntem
1410 4040 1683 4096 hominem
1718 4055 1816 4110 per
1844 4040 2048 4111 lignum

463 4133 730 4206 reparasti
785 4134 838 4188 in
886 4131 1113 4198 melius,
1159 4145 1501 4201 quaesumus,
1554 4137 1615 4183 ut
1669 4131 1842 4185 virtus
1891 4129 2052 4199 hujus

464 4222 807 4293 triumphalis
852 4221 982 4290 ligni
1028 4229 1206 4275 morte
1248 4227 1303 4274 et
1332 4219 1592 4289 sanguine
1622 4227 1714 4273 tuo
1743 4218 1897 4273 dilati
1917 4259 1932 4285 ,
1962 4221 2051 4275 cui

463 4320 578 4369 tota
605 4311 887 4368 devotione
927 4309 1063 4365 colla
1096 4308 1500 4372 submittimus,
1532 4317 1589 4364 et
1615 4308 1746 4362 vitia
1788 4308 1844 4363 in
1891 4308 2048 4365 nobis

464 4404 715 4460 universa
747 4400 1069 4468 mortiﬁcet,
1118 4408 1176 4456 et
1222 4409 1412 4456 contra
1453 4400 1632 4456 omnia
1671 4401 1900 4456 adversa
1944 4416 2045 4457 nos

464 4495 711 4561 muniat,
754 4494 845 4563 qui
894 4494 1031 4548 vivis
1071 4502 1126 4547 et
1162 4506 1356 4562 regnas
1384 4506 1508 4545 cum
1549 4489 1712 4547 Patre
1747 4500 1803 4546 et
1844 4491 2046 4547 Spiritu
2076 4462 2127 4522 Ῑ)

462 4594 657 4643 sancto
686 4585 828 4641 Deus
858 4599 955 4656 per
983 4584 1163 4639 omnia
1193 4582 1388 4639 saecula
1418 4582 1762 4638 saeculorum.

1020 4673 1235 4728 XXXIII
1282 4670 1493 4729 Oratio.

536 4760 766 4823 Domine
788 4763 916 4821 Jesu
937 4764 1175 4829 Christe,
1197 4764 1288 4834 qui
1314 4778 1373 4819 es
1402 4772 1458 4818 et
1490 4763 1580 4832 qui
1606 4777 1728 4818 eras
1757 4762 1898 4817 Deus
1921 4778 2045 4818 cum

464 4854 629 4912 Patre
656 4863 782 4908 ante
811 4852 1003 4909 saacula
1032 4853 1274 4923 genitus,
1304 4851 1447 4907 Deus
1480 4866 1544 4906 ex
1576 4851 1688 4906 Deo
1716 4866 1845 4906 vero
1868 4891 1883 4915 ,
1912 4867 2046 4906 con-

464 4954 656 5017 ceptus
680 4946 748 5000 de
775 4943 979 5013 Spiritu
1006 4951 1193 4999 sancto
1213 4981 1229 5008 ,
1257 4951 1313 4995 et
1338 4949 1497 4997 natus
1529 4941 1690 4996 homo
1719 4941 1773 4995 in
1805 4942 1912 4996 ﬁne
1940 4958 2042 4996 sa:-

465 5043 712 5097 culorum
735 5040 802 5096 de
820 5038 1031 5109 virgine
1054 5051 1269 5105 semper
1287 5036 1479 5101 Maria,
1504 5036 1596 5106 qui
1618 5034 1875 5091 obediens
1897 5035 2042 5091 Patri

466 5148 639 5203 usque
664 5132 729 5187 ad
758 5138 1011 5196 mortem,
1052 5136 1283 5184 mortem
1312 5139 1495 5182 autem
1526 5126 1734 5192 crucis,
1763 5126 2040 5182 redemisti

467 5239 567 5279 nos
597 5233 689 5279 tuo
733 5229 922 5277 sancto
948 5227 1005 5274 et
1043 5217 1281 5289 pretioso
1325 5215 1620 5286 sanguine,
1668 5224 1723 5270 et
1766 5214 2042 5271 destruc:o

467 5314 660 5369 mortis
690 5313 914 5383 imperio
937 5351 952 5377 ,
980 5309 1231 5368 omnibus
1263 5308 1316 5362 in
1352 5315 1404 5361 te
1432 5305 1780 5362 credentibus
1803 5306 2042 5363 cmlestis

468 5407 653 5478 gloriae
679 5406 885 5460 aditum
914 5403 1202 5469 reserasti,
1235 5411 1287 5458 te
1330 5401 1498 5455 Deum
1528 5415 1715 5454 verum
1734 5438 1750 5463 ,
1779 5407 1834 5454 et
1862 5399 2043 5456 Domi-

467 5513 597 5553 num
635 5510 812 5551 meum
834 5496 1156 5567 suppliciter
1186 5494 1389 5561 adoro,
1432 5491 1709 5547 sedentem
1738 5491 1806 5545 ad
1849 5491 2040 5546 dexte-

468 5602 584 5641 ram
612 5586 701 5639 Dei
730 5585 904 5640 Patris
929 5584 1347 5655 omnipotentis,
1388 5582 1728 5653 deprecando
1774 5580 2038 5636 inﬁnitam

470 5686 521 5731 et
550 5671 869 5730 ineﬂabilem
897 5674 1322 5731 misericordiam
1368 5681 1513 5729 tuam
1533 5713 1549 5741 ,
1578 5680 1637 5728 ut
1656 5684 1761 5749 per
1784 5671 2039 5728 virtutem

2167 1864 2431 1920 miserere
2510 1865 2685 1920 nobis.
2759 1864 2861 1919 Fili
2920 1866 3254 1938 Redemptor
3299 1871 3515 1936 mtmdi,
3573 1872 3751 1940 Deus,

2166 1953 2427 2011 miserere
2484 1955 2660 2012 nobis.
2712 1954 2947 2026 Spiritus
2988 1965 3207 2023 sancte,
3261 1958 3438 2026 Deus,
3493 1962 3758 2018 miserere

2165 2047 2339 2102 nobis.
2373 2045 2574 2102 Sancta
2605 2048 2877 2112 Trinitas,
2914 2063 3054 2103 unus
3082 2049 3246 2115 Deus,
3282 2051 3543 2107 miserere
3573 2054 3751 2109 nobis.

2165 2133 2364 2190 Sancta
2396 2136 2491 2191 Dei
2522 2136 2801 2203 Genitrix,
2830 2150 3045 2207 semper
3074 2138 3430 2205 intemerata,
3458 2140 3612 2209 virgo
3640 2140 3755 2195 Ma-

2162 2228 2272 2290 ria,
2305 2237 2359 2281 et
2385 2231 2569 2281 omnia
2597 2238 2787 2282 sancta
2835 2229 3112 2297 seraphim
3143 2238 3200 2284 et
3226 2230 3547 2299 cherubim,
3582 2231 3751 2287 inter-

2162 2313 2339 2369 cedite
2364 2329 2463 2384 pro
2491 2316 2650 2370 nobis
2695 2324 2751 2369 et
2795 2331 2896 2385 pro
2923 2317 3177 2373 omnibus
3219 2320 3356 2375 vivis
3383 2329 3439 2375 et
3483 2317 3754 2378 defunctis

2164 2406 2452 2465 Iidelibus..
2463 2445 2500 2461 ..
2880 2416 2885 2419 ’

2502 2495 2720 2551 XXXV.
2760 2497 3003 2568 Hymnus
3032 2500 3099 2554 de
3130 2500 3192 2555 S.
3220 2516 3394 2555 cruce.

2723 2588 2806 2641 Ad
2844 2601 3180 2643 nocturnum.

2439 2674 2584 2729 Crux
2610 2676 2758 2730 orbis
2790 2676 2939 2730 salus
2971 2678 3209 2748 perditi,

2368 2765 2639 2835 Perempti
2675 2768 2783 2829 vita
2808 2767 2990 2822 swculi
3010 2807 3025 2833 ,

2369 2854 2543 2921 Quam
2571 2856 2710 2910 victa
2742 2865 2982 2910 tremunt
3005 2864 3211 2911 tartara

2367 2944 2500 2999 Caeli
2533 2954 2789 3000 vereantur
2818 2946 3054 3016 agmina.

2434 3034 2493 3088 lu
2528 3045 2578 3090 te
2607 3036 2734 3091 dum
2760 3037 2867 3090 vita
2901 3039 3156 3102 moritur,

2352 3126 2567 3182 Mortis
2592 3138 2784 3183 catena
2811 3128 3057 3193 solvitur,

2371 3215 2589 3285 Egypti
2606 3217 2739 3286 jugo
2770 3217 2925 3272 liberi

2384 3306 2535 3361 Verre
2559 3315 2687 3359 sunt
2712 3306 2847 3361 lucis
2878 3307 2993 3361 lilii.

2438 3395 2515 3449 Te
2540 3396 2693 3465 ponit
2718 3394 2891 3450 Judex
2923 3397 3197 3464 omnium,

2372 3483 2507 3538 Cum
2526 3485 2825 3553 iudicatur,
2853 3486 3079 3553 solium;

2366 3572 2484 3627 Jam
2515 3582 2625 3627 tum
2657 3575 2840 3630 bardos
2862 3578 2931 3631 ab
2957 3577 3153 3632 ovibus

2368 3661 2631 3734 Segregat
2660 3665 2712 3719 in
2745 3664 3065 3722 latronibus.

2433 3756 2513 3812 Tu
2552 3759 2737 3813 mundi
2765 3758 2904 3814 ludis
2939 3760 3272 3830 principem,

2363 3848 2500 3903 Dum
2533 3850 2691 3918 punis
2720 3850 3137 3919 impassibilem,

2362 3940 2507 3996 Reos
2529 3940 2725 3997 offerre
2751 3941 2910 3996 solita

2359 4033 2529 4100 Quem
2559 4048 2703 4088 nunc
2726 4035 2853 4100 das,
2877 4033 3055 4090 aufert
3084 4034 3279 4105 spolia.

2443 4125 2498 4179 In
2532 4134 2584 4181 te
2611 4133 2881 4179 mactatur
2906 4125 3125 4180 victima
3146 4166 3162 4188 ,

2362 4217 2492 4284 Qua:
2529 4217 2714 4271 mundi
2746 4227 2941 4289 purgat
2973 4219 3199 4273 crimina
3219 4257 3236 4287 ,

2359 4308 2479 4363 Tibi
2514 4308 2773 4364 talentum
2798 4309 3062 4374 creditur,

2364 4398 2495 4455 Adae
2520 4399 2664 4469 quod
2697 4399 2859 4454 solvit
2884 4400 3144 4455 debitum.

2435 4490 2697 4553 Nos,vitze
2723 4491 3216 4562 signum,protege:

2373 4578 2519 4644 Quos
2545 4578 2658 4632 Rex
2689 4579 2986 4648 triumphat
3016 4579 3201 4648 gloriae
3235 4596 3253 4636 ξ

2366 4668 2471 4723 Per
2497 4679 2550 4723 te
2578 4669 2646 4723 ad
2678 4684 2902 4738 regnum
2937 4670 3232 4739 provehat,

2365 4759 2509 4825 Quos
2532 4760 2795 4813 servitute
2830 4759 3046 4813 liberat.

2433 4847 2515 4903 Sit
2546 4846 2692 4902 Patri
2722 4848 2840 4902 laus
2871 4847 3144 4917 ingenito,

2363 4937 2445 4993 Sit
2472 4939 2636 4995 decus
2671 4938 2961 5010 Unigenito
2976 4979 2992 5005 ,

2360 5029 2442 5084 Sit
2472 5029 2754 5100 utriusque
2779 5029 2938 5101 parili

2296 5165 2305 5172 .
2355 5122 2606 5191 Maiestas
2631 5137 2844 5178 summa
2870 5122 3124 5177 Flamini.

2635 5214 2876 5270 XXXVI.
2912 5215 2996 5267 Ad
3025 5214 3229 5270 laudes.

2427 5308 2575 5363 Crux
2604 5307 2788 5361 mundi
2817 5306 3155 5371 benedictio,

2358 5399 2495 5469 Spes
2519 5406 2573 5453 et
2607 5406 2756 5452 certa
2791 5396 3128 5466 redemptio,

2354 5486 2491 5544 Olim
2520 5489 2782 5559 gehennae
2810 5485 2989 5554 bajula
3008 5528 3024 5552 ,

2350 5577 2505 5633 Nunc
2530 5578 2677 5631 clara
2708 5574 2829 5633 cadi
2856 5575 3023 5645 janua
3055 5615 3071 5639 ,

2437 5667 2496 5725 In
2527 5675 2584 5725 te
2607 5667 2819 5725 lcivatur
2844 5666 3051 5734 hostia,
