2009 3091
162 162 212 191 951

466 159 495 187 S.
516 158 618 186 PETRI
638 158 779 186 DAMIANI
799 158 875 187 OPP.
895 157 1012 187 TOMUS
1033 157 1097 187 SEU
1116 157 1204 188 PARS
1224 156 1268 184 IV.
1287 172 1322 177 --
1341 156 1489 184 PROLEG.

270 216 311 244 Ad
324 222 354 243 se
365 215 411 250 qui
429 213 512 242 traxit
526 214 629 244 omnia.

267 261 353 294 Quam
367 260 459 287 mundi
473 260 600 293 princeps
614 258 718 293 impetit

267 307 405 340 Suumque
417 304 483 332 nihil
495 303 610 330 invenit.

300 352 364 379 Ture
377 350 445 384 legis
454 349 586 377 articulus

265 397 349 424 Vetus
362 399 453 425 cassat
464 393 675 428 chirographum
685 412 692 425 ,

263 441 382 475 Antiqua
397 440 468 475 perit
479 439 597 466 servitus
608 457 616 470 ,

263 487 334 515 Vera
350 486 461 513 libertas
476 484 611 511 redditur.

299 532 398 560 Oderis
411 531 448 558 tui
464 530 541 564 copia

268 578 370 603 Cuncta
387 575 472 602 vincit
487 578 607 601 aromata
619 592 627 604 ,

265 621 316 656 15
335 620 384 646 'I‘ui
398 618 511 645 dulcedo
527 617 644 644 nectaris

262 666 358 700 lleplet
373 671 473 691 arcana
489 662 618 697 pectoris.

296 711 348 738 Per
362 717 471 737 crucem
481 729 489 740 ,
512 708 636 738 Christe,
651 713 807 741 quazsumus
817 725 825 738 ,

258 757 299 784 Ad
314 756 376 783 vitae
391 753 510 782 transfer
526 752 684 787 praemium,

264 803 338 836 Quos
352 801 415 835 ligni
434 800 503 826 [ixus
520 798 630 832 stipite,

264 849 393 882 Dignatus
406 853 436 873 es
449 845 592 871 redimere.

298 894 339 920 Sit
352 891 424 919 Patri
439 890 498 917 laus
511 888 646 923 ingenito,

262 938 303 965 Sit
315 938 398 964 decus
412 934 555 969 Unigenito
565 953 572 966 ,

264 985 306 1011 Sit
321 983 460 1017 utriusque
474 980 552 1015 parili

260 1028 386 1062 Maiestas
401 1034 507 1054 summa
521 1024 650 1053 Flamini.

216 1073 348 1102 XXXVII.
370 1071 568 1099 Paraclericum
583 1077 689 1098 carmen
703 1069 736 1097 de
752 1068 782 1097 S.
798 1076 884 1095 cruce.

155 1119 240 1148 Unica
256 1126 319 1154 spes
334 1118 490 1148 hominum,
506 1108 574 1143 crux
592 1123 608 1143 ο
622 1114 777 1142 venerabile
792 1114 916 1148 signum,

188 1165 320 1193 Omnibus
333 1169 392 1190 esto
406 1163 496 1192 salus,
515 1161 595 1188 unica
611 1168 673 1195 spes
688 1159 838 1187 hominum.

153 1212 244 1244 Ihunla
262 1215 288 1237 tn
303 1208 399 1243 pretii,
419 1206 490 1242 quod
510 1205 604 1233 mundi
620 1204 710 1232 debita
726 1204 821 1237 solvit,

187 1256 246 1289 Quo
261 1254 360 1282 meruit
373 1252 468 1279 redimi
479 1271 487 1282 .
500 1250 591 1285 bajula
609 1254 635 1278 tu
651 1249 741 1284 pretii.

153 1301 237 1330 Unica
251 1306 313 1334 spes
327 1298 484 1328 hominum,
502 1303 568 1323 crux
585 1303 601 1323 ο
621 1294 774 1324 venerabile
792 1293 909 1328 signum,

185 1345 317 1373 Omnibus
331 1348 398 1372 esto.
411 1342 486 1369 salus
496 1362 503 1374 ,
517 1342 596 1369 unica
610 1348 672 1374 spes
687 1340 838 1368 hominum.

156 1391 264 1420 Tartara
280 1391 351 1417 victa
368 1389 422 1415 tuis
436 1387 552 1422 spolium
569 1393 676 1413 cessere
692 1385 855 1419 triumphis;

187 1437 291 1473 Lugent
303 1435 410 1463 vexillis
425 1438 529 1460 tartara
543 1432 614 1459 vieta
633 1431 697 1459 tuis.

152 1483 248 1510 Pandis
263 1486 290 1509 et
303 1485 375 1508 astra
393 1480 461 1514 piiS,
476 1478 586 1513 proprio
599 1484 667 1511 quos
682 1476 809 1511 stigmate
833 1476 942 1511 signas;

188 1528 239 1554 Das
255 1526 377 1560 requiem
390 1524 487 1556 fessis,
501 1523 598 1558 pandis
612 1525 639 1548 et
657 1527 729 1548 astra
744 1521 804 1555 piis.

151 1574 236 1602 Unica
252 1580 314 1607 spes
326 1570 466 1599 hominum
476 1590 483 1601 ,
501 1577 568 1596 crux
586 1576 603 1595 ο
619 1568 774 1595 venerabile
789 1567 894 1603 signum
905 1587 912 1600 ,

185 1619 317 1648 Omnibus
330 1622 388 1645 esto
407 1616 498 1648 salus,
514 1615 593 1642 unica
607 1622 669 1649 spes
682 1614 836 1643 hominum.

150 1665 365 1702 Chirographum
380 1663 456 1690 vetiti
476 1661 577 1697 pepigit
589 1654 666 1695 'quod
684 1660 775 1687 cautio
790 1659 870 1695 ligni,

185 1711 270 1739 Diluis
283 1715 310 1737 et
322 1709 392 1744 pomi
406 1708 614 1743 chirographum
630 1706 714 1733 vetiti.

151 1758 219 1788 Lux.
234 1756 332 1787 honor,
347 1753 502 1788 imperium,
518 1752 587 1784 laus,
601 1751 697 1785 gloria,
709 1751 779 1778 doxa
793 1757 841 1785 per
855 1757 942 1777 mvum

186 1802 229 1831 Sit
244 1801 303 1834 tibi,
320 1801 389 1827 trine
404 1799 493 1831 Deus,
507 1797 569 1827 lux.
585 1797 683 1828 honor,
700 1796 854 1830 imperium.

149 1848 235 1876 Unica
250 1854 312 1882 spes
324 1845 463 1873 hominum
475 1863 482 1876 ,
496 1851 562 1870 crux
576 1849 593 1869 o
610 1841 767 1869 venerabile
785 1841 904 1876 signum,

184 1892 317 1921 Omnibus
330 1895 389 1918 esto
401 1889 491 1920 salus,
508 1888 586 1915 unica
602 1894 664 1922 spes
682 1886 833 1913 hominum.

126 2015 129 2018 ,
144 1983 282 2012 Omnibus
295 1985 337 2009 est
350 1988 402 2008 una
417 1987 479 2015 spes
492 1980 549 2006 lucc
564 1978 708 2006 metuenda
725 1977 825 2012 lignra,

149 2030 257 2059 Cernite
269 2028 366 2055 librata
380 2026 495 2062 pretium
509 2025 627 2060 pendere
641 2028 741 2051 statera
752 2044 760 2056 ,

149 2075 226 2109 Quod
242 2073 370 2101 mundum
385 2072 491 2098 redimit
506 2069 666 2105 protoplasti
680 2069 771 2096 debita
783 2068 873 2096 solvit.

362 1933 504 1962 XXXVIII.
525 1932 564 1960 De
586 1932 617 1960 S.
639 1939 725 1959 cruce.

145 2122 219 2148 Crux
232 2124 273 2147 est
286 2119 340 2145 vita
357 2118 438 2148 mihi,
455 2124 529 2143 mors
543 2116 651 2144 inimice
666 2115 725 2142 tibi.

148 2163 346 2193 )tXXlX.Ilem
357 2183 364 2194 ,
380 2162 412 2189 de
426 2161 455 2188 S.
470 2168 557 2192 cruce,
572 2160 674 2186 duobus
688 2159 797 2185 invicem
813 2158 937 2185 inimicis.

149 2212 221 2239 Ecce
235 2210 316 2237 rubet
328 2207 429 2234 Christi
444 2214 510 2233 crux
524 2204 656 2239 sanguine
673 2204 755 2231 tincta
771 2203 883 2235 recenti,

148 2257 212 2285 Ilzec
226 2255 324 2283 caelum
339 2253 419 2281 terris
439 2250 622 2284 eonftnderat,
639 2249 730 2277 intima
746 2249 859 2277 summis
876 2258 883 2276 :

147 2302 212 2331 Ihec
228 2301 304 2335 jubet
319 2300 345 2326 in
360 2298 436 2325 vobis
446 2318 453 2330 ,
470 2302 499 2324 ut
513 2296 557 2323 lux
574 2296 679 2325 oriatur
694 2295 813 2328 amoris.

147 2348 252 2378 Litibus
266 2345 367 2374 sedatis
379 2343 526 2371 succedant
538 2342 631 2370 oscula
647 2341 732 2376 pacis.

353 2389 410 2416 XL.
433 2388 576 2423 Rhythmua
589 2387 732 2422 past/talis.

285 2435 425 2463 Paschalis
437 2434 498 2461 l'esti
512 2434 639 2468 gaudium

252 2481 342 2509 Mundi
358 2479 440 2514 replet
455 2478 586 2506 ambitum
597 2498 604 2509 ,

195 2542 200 2547 -
251 2526 355 2555 C(elum
366 2545 372 2557 ,
388 2524 481 2554 tellus,
496 2530 528 2548 ac
540 2522 625 2550 maria

250 2573 323 2600 Latta
338 2572 462 2605 promant
476 2567 597 2595 carmina
607 2587 616 2600 ,

251 2618 284 2645 Et
299 2615 405 2643 alleluia
421 2613 548 2642 consonis

250 2662 420 2691 Hodulentur
433 2659 550 2694 organis.

286 2707 364 2735 Solus
379 2706 462 2733 ululct
476 2708 593 2732 tartarus

250 2755 335 2788 Rapta
351 2754 439 2788 praula
454 2758 556 2779 vacuus
564 2770 573 2783 ,

250 2799 363 2827 Fractos
375 2801 480 2828 vectes.
493 2800 522 2823 et
536 2795 624 2823 ferrea

254 2842 345 2872 Strata
359 2841 463 2875 plorent
479 2840 577 2867 munia
586 2860 593 2873 ,

1114 212 1179 245 Qua:
1190 212 1298 241 subruit
1315 212 1373 239 Rex
1389 211 1483 247 glotitn

1110 258 1177 287 Cum
1193 257 1274 285 laude
1285 257 1417 287 victoria.

1146 302 1284 336 Stuponda
1302 302 1342 329 lex
1357 301 1479 337 mysterii
1491 322 1499 335 ,

1107 346 1212 375 Novum
1225 353 1309 380 genus
1324 346 1409 380 prxlii
1419 365 1427 378 ,

1108 391 1219 426 Ligatns
1231 399 1315 420 nexos
1329 391 1445 424 liberat,

1110 436 1233 469 Mortuus
1249 435 1387 469 viviﬁcat;

1113 481 1166 516 16
1185 481 1307 515 Dumque
1320 481 1375 508 vita
1387 480 1541 516 perimitur,

1112 527 1206 554 Mortis
1219 535 1294 560 mors
1305 527 1431 561 edicitur.

1143 572 1249 599 Statera
1263 573 1353 602 crucis
1367 573 1513 607 pendulum

1108 617 1198 645 Mnmli
1218 618 1298 645 librat
1313 619 1431 652 pretium
1444 638 1452 651 ,

1108 663 1183 696 Quod
1199 663 1262 692 dum
1279 669 1392 693 exactor
1407 665 1486 699 petiit

1108 707 1154 736 lus
1170 708 1312 742 antiquum
1328 710 1464 743 perdidit.

1107 753 1205 783 Escam
1220 753 1318 788 glutire
1333 754 1441 787 nititur,

1110 797 1164 827 Sed
1180 798 1262 826 hamo
1278 798 1459 833 transﬁgitur.

1143 843 1301 878 Composuit
1311 844 1528 880 chirographum

1105 888 1293 923 Protoplastus
1309 889 1447 921 hominum
1456 911 1463 921 ,

1100 932 1177 966 Quod
1190 933 1318 963 Christus
1333 938 1393 968 post
1407 934 1434 966 iu
1453 934 1506 966 alia

1103 977 1188 1009 Solvit
1203 977 1267 1013 ligni
1288 978 1393 1011 tabula;

1102 1022 1167 1056 Qua;
1178 1023 1283 1057 primus
1296 1023 1383 1051 Adam
1396 1024 1562 1060 scripserat,

1105 1068 1246 1099 Secundus
1260 1069 1400 1098 obliterat.

1136 1114 1203 1143 Cum
1218 1116 1321 1144 Auctor
1335 1115 1396 1143 vite
1411 1115 1539 1151 moritur,

1102 1159 1184 1190 Orbis
1201 1164 1229 1187 et
1237 1160 1434 1196 ,commoritur;

1106 1203 1153 1233 Sol
1169 1204 1260 1232 radios
1274 1204 1400 1239 operuit;

1106 1249 1214 1283 Lugeus
1228 1254 1299 1277 terra
1318 1250 1447 1284 tremuit;

1106 1293 1209 1327 Eempli
1225 1294 1314 1324 velum
1326 1294 1468 1328 dividitur,

1104 1339 1152 1368 Vis
1166 1347 1295 1369 saxorum
1311 1339 1455 1368 scinditur.

1137 1385 1217 1413 Brevi
1232 1384 1356 1420 sepulcro
1374 1384 1523 1419 clauditur,

1101 1429 1153 1462 Qui
1169 1429 1238 1456 caslo
1253 1437 1307 1456 non
1324 1430 1440 1464 capitur.

1103 1475 1196 1502 Praeda
1211 1475 1326 1502 vallatus
1340 1475 1440 1508 divite,

1102 1520 1182 1549 Victo
1199 1521 1297 1548 mortis
1311 1521 1435 1558 principe

1099 1565 1283 1603 Triumphalis
1298 1566 1418 1603 potentia

1104 1611 1198 1646 Surgit
1213 1612 1258 1641 die
1271 1613 1362 1642 tertia.

1135 1658 1250 1685 Reddite
1262 1658 1401 1687 Christum
1414 1658 1512 1694 vigiles

1099 1703 1184 1737 Quem
1198 1700 1328 1732 servastis
1343 1704 1458 1738 milites,

1105 1750 1149 1776 γρι
1165 1754 1301 1777 mortuum
1319 1751 1468 1782 ostendite,

1102 1794 1150 1821 Vel
1164 1795 1189 1821 in
1202 1795 1292 1821 vivum
1305 1795 1424 1826 credite,

1097 1837 1152 1864 Cur
1165 1837 1250 1871 gratis
1264 1845 1327 1864 vera
1341 1837 1429 1864 dicitis
1440 1858 1447 1870 ,

1098 1883 1187 1918 Empti
1203 1883 1268 1910 falsa
1290 1883 1408 1917 fingitis?

1135 1929 1195 1955 Mox
1210 1929 1316 1956 intonat
1329 1929 1466 1964 angelicus

1097 1974 1192 2002 Sermo
1205 1974 1375 2007 mulieribus,

1099 2019 1238 2055 Apostolis
1252 2024 1283 2047 ut
1296 2019 1385 2047 dulcia

1096 2065 1159 2095 Ilaec
1173 2064 1310 2094 deferrent
1326 2064 1420 2093 mmtia
1437 2074 1443 2092 :

1099 2111 1127 2141 In
1147 2110 1284 2139 Galilaeam
1300 2111 1403 2147 pergite
1412 2131 1419 2143 ,

1096 2157 1134 2190 Ibi
1149 2156 1288 2196 Chrismm
1304 2157 1418 2185 cernite.

1124 2202 1183 2232 Jam
1199 2202 1270 2237 regis
1283 2201 1436 2240 Egyptiaci

1097 2248 1234 2278 Servitute
1247 2248 1325 2276 liberi
1333 2268 1341 2283 ,

1096 2294 1160 2327 Post
1175 2294 1259 2324 maris
1272 2294 1357 2324 Rubri
1371 2294 1535 2330 transitum,

1088 2340 1203 2367 'Novnm
1218 2339 1315 2376 demus
1326 2340 1462 2370 canticum
1472 2359 1482 2374 ,

1099 2385 1192 2415 Mortis
1208 2385 1288 2413 soluti
1301 2384 1404 2421 legibus
1412 2405 1420 2417 ,

1094 2430 1204 2461 Christo
1214 2430 1447 2465 consurreximus.

1126 2474 1224 2507 Colite.
1244 2474 1307 2503 novi
1320 2474 1424 2512 populi,

1097 2523 1158 2554 Rite
1172 2522 1277 2550 Pascha
1294 2522 1398 2551 Domini
1406 2542 1414 2554 .

1092 2565 1232 2594 Paschalis
1240 2565 1308 2602 Agni
1315 2565 1447 2600 sanguine

1092 2611 1187 2641 Postes
1198 2610 1293 2638 domus
1307 2602 1419 2645 tingilc;

1093 2657 1268 2687 Fcrmentum
1282 2655 1360 2686 vetus
1372 2655 1478 2690 pellite,

1092 2702 1191 2739 Azyma
1208 2701 1351 2730 comedite.

1127 2745 1484 2777 Totis,Christe.visceribus

1091 2792 1150 2819 Τῆιιὶ
1167 2792 1258 2821 laudes
1274 2792 1411 2820 reddimus
1427 2799 1434 2818 :

1091 2837 1142 2872 Qui
1157 2843 1302 2871 resurgens
1315 2844 1328 2863 a
1346 2836 1460 2864 mortuis
1470 2855 1477 2869 ,

1748 158 1799 184 952
