4028 6168
397 329 499 387 955

612 441 761 498 Ultra
784 441 894 511 jam
927 457 1033 502 non
1065 443 1316 500 mereris.

609 532 693 594 Sit
719 531 871 590 Patri
903 533 1023 590 laus
1046 543 1102 592 et
1141 534 1297 604 parili

610 624 788 680 Decus
816 638 978 685 omne
1009 623 1263 679 Flamini.
1292 623 1487 678 Amen.

765 711 900 769 XLI.
946 712 1019 770 De
1045 712 1345 776 ascensione
1386 711 1620 767 Domini.

395 800 507 856 Ima
537 799 681 860 Dens
709 801 865 870 petiit
883 840 899 866 ,
926 799 1022 856 sed
1051 816 1157 858 non
1184 800 1398 857 excelsa
1425 800 1669 868 reliquit;

471 892 564 957 Est
590 891 662 946 ibi
691 907 800 961 quo
830 891 1028 956 tendit,
1057 899 1338 960 permanet
1369 890 1509 951 unde
1537 890 1702 946 venit.

467 982 622 1040 XLII.
662 983 906 1053 Hymnus
929 983 986 1038 in
1011 976 1312 1042 ascensione
1343 981 1575 1046 Domini.
1609 982 1688 1034 Ad
1717 980 1923 1034 lauacs.

676 1074 832 1135 Clara
861 1075 1104 1145 polorum
1131 1073 1366 1128 culmina

603 1163 753 1226 Lata
781 1163 1047 1222 mirentur
1075 1163 1275 1219 lumina
1293 1201 1309 1226 ,

611 1255 714 1325 17
743 1254 874 1322 Quae
901 1263 1152 1324 penetrat
1172 1252 1286 1308 Rex
1324 1251 1515 1320 gloriae

557 1359 562 1362 '
605 1346 739 1406 Cum
774 1345 1045 1415 triumpho
1067 1343 1332 1398 victoriae.

677 1435 780 1502 Qui
805 1435 1103 1492 moriturus
1133 1440 1380 1499 venerat,

607 1523 892 1594 Perempta
924 1533 1098 1581 morte
1123 1532 1329 1579 remeat

615 1613 796 1669 Victor
816 1615 882 1674 ad
908 1622 1053 1674 astra
1084 1612 1322 1675 nobilis,

609 1690 806 1772 Raptis
831 1703 1091 1774 gehennae
1120 1701 1326 1776 spoliis.

675 1792 911 1848 Acclivis
936 1802 995 1848 ut
1018 1792 1278 1863 erigeret,

613 1881 871 1936 Venditus
895 1890 955 1938 ut
983 1882 1296 1945 redimeret,

607 1975 819 2045 Spretis
844 1984 1116 2032 errantem
1149 1973 1368 2048 pascuis

606 2067 772 2124 Ovem
797 2075 1040 2137 reportat
1063 2065 1320 2139 pasculis.

673 2156 814 2220 Jam,
844 2170 994 2216 caro,
1022 2156 1192 2208 lutum
1215 2154 1451 2223 despice,

610 2247 838 2311 Caelum,
867 2244 1050 2309 tellus,
1079 2243 1365 2316 ingredere
1389 2261 1402 2295 :

616 2334 750 2390 Nam
785 2333 1041 2388 membris
1073 2332 1157 2386 via
1188 2331 1449 2386 sternitur

612 2425 730 2494 Quo
755 2429 917 2493 caput
944 2423 1024 2476 ire
1043 2419 1302 2476 cernitur.

675 2513 826 2576 Jesu,
851 2513 1016 2566 decus
1046 2508 1374 2582 angelicum,

610 2603 870 2665 Dulcedo,
899 2587 1251 2665 desiderium,

610 2693 677 2750 Et
705 2708 804 2748 nos
832 2692 958 2748 totis
985 2689 1288 2758 visceribus

613 2777 691 2834 Te
726 2777 813 2834 fac
843 2776 1072 2840 ambire,
1109 2789 1441 2846 quaesumus.

687 2867 763 2922 Da
796 2866 951 2921 nobis
975 2865 1027 2918 in
1061 2876 1112 2919 te
1140 2865 1344 2928 vivere,

609 2960 692 3014 Ad
720 2969 772 3014 te
797 2973 894 3012 cor
919 2967 1162 3011 nostrum
1198 2955 1388 3036 dirige,

534 3111 538 3115 _
611 3046 889 3102 Accendat
926 3054 1106 3098 nostra
1138 3053 1358 3113 pectora

613 3136 761 3191 Tuus
789 3149 941 3188 amor
966 3134 1018 3187 in
1045 3130 1260 3187 saecula.

405 3228 582 3282 XLIII.
617 3225 718 3280 Ubi
747 3224 978 3294 Spiritus
1003 3231 1216 3276 sanctus
1235 3222 1499 3275 descendi:
1520 3238 1676 3294 super
1693 3223 1978 3292 rrpostolos.

475 3321 605 3387 lgrit
631 3316 984 3389 apostolicum
1011 3313 1315 3384 linguarum
1349 3310 1567 3366 flamma
1597 3322 1871 3374 senatum.

475 3410 755 3466 Germiuat
781 3419 836 3464 et
863 3407 1039 3461 varias
1072 3404 1224 3474 quasi
1250 3419 1352 3466 vos
1394 3402 1619 3460 fecunda
1648 3403 1905 3475 loquela’s.

405 3498 586 3558 XLIV.
627 3499 694 3553 In
725 3494 1479 3566 annuntiationebeatissima:
1508 3493 1718 3566 uirginis
1768 3495 1977 3550 Μανίαν.

834 3566 1096 3636 Hymnus.
1122 3563 1201 3616 Ad
1220 3575 1553 3616 nocturnum.

683 3660 922 3715 Terrena
951 3662 1146 3711 cuncta
1166 3652 1414 3724 jubilent,

614 3750 774 3804 Astra
806 3748 1054 3804 laudibus
1087 3746 1356 3811 intonent,

621 3838 855 3910 Virginis
890 3847 1015 3892 ante
1045 3836 1344 3891 thalamum

611 3929 824 3985 Laudes
850 3928 1123 3982 alternent
1159 3925 1518 3994 dragmatnm.

685 4018 813 4073 Haec
844 4016 1006 4087 Virgo
1032 4013 1212 4068 Verbo
1236 4015 1456 4084 gravida

615 4110 706 4168 Fit
732 4109 967 4180 paradisi
983 4105 1176 4176 jauua,

615 4200 748 4268 Qua:
787 4199 953 4252 Deum
983 4197 1186 4252 mundo
1215 4193 1447 4249 reddidit

614 4287 826 4349 Caelum
855 4287 1013 4342 nobis
1037 4286 1268 4356 aperuit.

685 4379 835 4434 Felix
865 4379 969 4433 ista
999 4388 1286 4446 puerpera,

616 4470 742 4526 Eva:
770 4471 884 4540 lege
910 4467 1210 4531 liberrima,

617 4562 876 4632 Concepit
909 4561 1027 4613 sine
1055 4556 1316 4621 masculo,

619 4652 836 4722 Peperit
863 4652 1065 4719 absque
1091 4649 1313 4719 gemitu.

695 4745 855 4797 Dives
892 4742 1074 4795 Maria
1109 4742 1376 4811 gremium

626 4833 808 4888 Mundi
839 4830 1069 4902 gestavit
1095 4830 1352 4898 pretium,

628 4923 746 4992 Quo
773 4921 1070 4993 gloriamur
1093 4919 1306 4985 redimi,

623 5015 796 5070 Soluti
817 5013 950 5084 jugo
983 5012 1169 5066 debiti.

695 5108 866 5176 Quam
896 5105 1075 5160 Patris
1105 5104 1290 5173 implet
1321 5104 1488 5160 Filius

635 5196 870 5250 Sanctus
895 5192 1186 5249 obumbrat
1222 5192 1491 5263 Spiritus;

623 5287 828 5344 Caelum
858 5287 993 5340 ﬁunt
1017 5284 1321 5341 castissima

624 5374 806 5430 Sacrae
829 5374 1020 5444 puellae
1042 5375 1275 5429 viscera.

697 5465 782 5521 Sit
816 5466 908 5520 tibi
938 5465 1074 5529 laus,
1098 5458 1398 5524 Altissime,

628 5558 730 5624 Qui
770 5569 928 5612 natus
956 5571 1016 5612 es
1039 5572 1106 5610 ex
1136 5555 1381 5625 Virgine,

623 5644 708 5700 Sit
741 5645 913 5699 honor
945 5643 1198 5698 iuell'abili

627 5733 777 5789 Patri
805 5741 1101 5802 sanctoque
1127 5731 1376 5786 Flamini.
1409 5730 1605 5786 Amen.

1646 328 1951 387 CAMINA
1995 326 2081 382 ET
2124 325 2410 384 PRECES.

2002 445 2056 504 A

2019 3147 2050 3170 ,η

2032 3187 2052 3209 δ

2012 4508 2064 4568 D

3542 321 3648 379 93-3

2610 436 2770 495 XLV.
2803 438 2885 494 Ad
2911 437 3114 494 laudes.

2360 529 2570 583 Aurora
2599 531 2746 585 velut
2771 521 2996 600 fulgida,

2290 619 2373 680 Ad
2397 620 2520 674 caeli
2554 627 2696 674 meat
2722 621 2982 686 culmina,

2290 709 2360 765 Ut
2388 710 2467 767 sol
2501 709 2666 764 Maria
2693 711 2993 780 splendida,

2293 798 2573 868 Tanquam
2604 800 2740 854 luna-
2763 801 3153 870 pulcherrima.

2359 889 2562 958 Regina
2591 891 2776 944 mundi
2807 890 2970 947 hodie

2291 975 2566 1037 Thronum
2595 979 2911 1034 conscendit
2932 980 3136 1052 gloriae,

2292 1064 2444 1119 Illum
2469 1067 2627 1120 enixa
2663 1067 2852 1132 lilium,

2291 1154 2391 1220 Qui
2423 1165 2504 1210 est
2532 1165 2658 1211 ante
2684 1157 3012 1213 Luciferum.

2365 1246 2471 1315 ιε
2499 1246 2784 1313 Assumpta
2803 1289 2806 1292 .
2823 1261 2985 1315 super
3011 1245 3231 1317 angelos

2290 1333 2515 1390 Excedit
2537 1344 2592 1389 et
2612 1335 3003 1406 archangelos;

2290 1425 2502 1480 (Iuncta
2524 1435 2841 1482 sanctorum
2869 1429 3062 1482 merita

2295 1511 2652 1572 Transeendit
2683 1531 2790 1570 una
2835 1515 3055 1572 femina.

2358 1603 2528 1669 Quem
2557 1604 2768 1659 foverat
2803 1605 2856 1658 in
2889 1606 3117 1675 gremia,

2286 1693 2516 1750 Locarat
2539 1696 2592 1752 in
2618 1697 2903 1766 praesepio,

2289 1784 2441 1840 Nunc
2469 1800 2650 1857 regem
2689 1802 2852 1858 super
2878 1789 3057 1843 omnia

2297 1877 2474 1934 Patris
2496 1879 2643 1935 videt
2675 1880 2726 1934 in
2758 1881 2945 1951 gloria.

2351 1969 2461 2024 Pro
2492 1971 2670 2037 nobis,
2699 1972 2860 2043 Virgo
2889 1973 3182 2046 virginum,

2293 2059 2468 2115 Tuum
2499 2062 2731 2132 deposce
2756 2064 2988 2129 Filium,

2292 2148 2396 2204 Per
2413 2166 2575 2220 quam
2601 2165 2784 2208 nostra
2808 2163 3126 2225 susceperat

2302 2237 2370 2292 Ut
2395 2253 2490 2292 sua
2524 2241 2678 2295 nobis
2707 2244 2964 2310 praebeat.

2359 2324 2443 2378 Sit
2465 2327 2556 2380 tibi
2587 2327 2724 2392 laus,
2747 2329 3045 2396 Altissime,

2291 2415 2393 2482 Qui
2424 2425 2582 2472 natus
2604 2433 2662 2473 es
2691 2434 2758 2474 ex
2790 2421 3029 2491 Virgine,

2291 2503 2372 2558 Sit
2405 2506 2577 2560 honor
2608 2507 2866 2563 inelfabili

2292 2593 2466 2660 Patri,
2497 2607 2795 2668 sanctoque
2821 2599 3070 2652 Flamini.
3101 2599 3293 2655 Amen.

2082 2682 2262 2739 XLVI.
2306 2683 2374 2738 In
2409 2687 2590 2768 eodem
2635 2689 3395 2768 annuntintione"beatissima
3442 2695 3661 2768 virginis

2424 2753 2634 2812 Maria’.
2663 2757 2744 2810 Ad
2775 2759 3009 2823 missam,
3035 2757 3315 2828 Prwfntio.

2149 2844 2256 2901 Per
2277 2846 2551 2901 Christum
2587 2848 2872 2902 Dominum
2897 2863 3162 2905 nostrum.
3192 2851 3293 2918 Qui
3323 2854 3660 2911 intemeratae

2080 2936 2361 3002 Genitrici,
2408 2939 2582 3008 gratia
2636 2939 2828 3008 plenae,
2877 2955 2976 3010 per
3037 2943 3344 3013 archangeli
3390 2943 3662 3004 Gabrielis

2079 3026 2381 3092 oraculum,
2415 3027 2674 3082 hodierna
2705 3028 2792 3085 die
2816 3028 3070 3086 salutaris
3101 3031 3368 3086 adventus
3397 3033 3481 3086 sui
3510 3043 3662 3103 pate-

2084 3115 2210 3170 fecit
2240 3131 2530 3182 arcanum;
2580 3117 2780 3187 quique
2827 3117 3103 3172 vernantis
3142 3117 3314 3173 vulva:
3354 3118 3487 3174 ﬂore
3530 3137 3662 3176 con-

2085 3213 2290 3275 ceptus,
2341 3205 2667 3260 fermentum
2714 3215 2870 3260 vetus
2923 3207 2975 3260 in
3019 3223 3265 3278 azymam
3315 3211 3498 3274 vertit,
3533 3213 3662 3281 quia

2084 3288 2358 3347 hominem
2391 3294 2638 3358 intluens,
2682 3293 2936 3347 humana:
2971 3305 3180 3349 natura:
3215 3297 3554 3366 originaliter
3579 3300 3663 3370 vi-

2086 3384 2228 3438 tiata:
2255 3384 2503 3451 contagia
2548 3397 2652 3438 non
2695 3383 2987 3436 contraxit.
3034 3383 3520 3456 Loricam-nempe
3559 3387 3665 3442 sibi

2083 3474 2150 3531 de
2177 3483 2361 3528 nostra
2401 3473 2692 3544 fragilitate
2723 3474 3048 3544 composuit,
3091 3474 3143 3528 in
3169 3489 3274 3542 qua
3297 3475 3580 3548 ex‘sultans
3603 3486 3666 3531 ut

2083 3567 2256 3636 gigas,
2287 3573 2342 3620 et
2367 3573 2554 3634 potens
2582 3580 2648 3618 ac
2663 3563 2820 3618 fortis
2843 3565 2895 3618 in
2921 3563 3128 3631 prmlio,
3157 3573 3452 3634 potestates
3471 3580 3664 3622 aereas

2082 3656 2390 3713 debellavit.
2424 3655 2655 3720 lnlirtnae
2684 3671 2740 3710 se
2767 3657 2948 3710 Carnis
2989 3657 3196 3712 obtexit
3240 3655 3529 3722 velamine,
3569 3658 3665 3727 qui

2082 3757 2202 3804 erat
2247 3747 2590 3817 omnipotens
2637 3747 2690 3801 in
2745 3747 3000 3818 pere-nuis
3047 3746 3299 3801 essentia:
3344 3747 3665 3816 majestate;

2082 3839 2320 3909 dumque
2346 3853 2406 3892 se
2445 3837 2696 3891 humana:
2738 3844 2949 3890 naturae
2979 3834 3214 3891 Verbum
3244 3835 3423 3892 Patris
3465 3837 3666 3902 univit,

2083 3928 2138 3982 in
2163 3927 2443 3996 virginalis
2471 3928 2575 3980 alvi
2605 3925 2840 3981 thalamo
2868 3926 3108 3982 caelestis
3139 3926 3384 3997 Sponsus
3411 3937 3659 3986 sanctam

2083 4019 2300 4073 sibimet
2347 4018 2646 4073 Ecclesiam
2683 4016 2991 4081 fmderavit,
3033 4033 3132 4088 pro
3159 4019 3312 4089 cujus
3338 4033 3526 4074 amore
3560 4035 3666 4073 an-

2085 4107 2292 4177 gustias
2340 4105 2572 4164 materni
2608 4121 2714 4161 non
2760 4106 3080 4176 dedignatus
3125 4116 3213 4161 est
3243 4108 3402 4173 uteri,
3450 4108 3542 4178 qui
3583 4108 3668 4162 in-

2086 4200 2238 4256 finita
2259 4201 2543 4258 latitudine
2574 4217 2680 4260 non
2704 4201 2916 4272 capitur
2944 4202 3088 4257 οωιε.
3119 4201 3292 4270 Quem
3317 4202 3539 4259 laudant
3568 4219 3666 4259 an-

2085 4290 2210 4361 geli.

2086 4382 2294 4438 XLVII.
2334 4383 2402 4440 In
2436 4385 2790 4456 assumptione
2816 4385 2980 4456 ipsius
3023 4383 3372 4440 sanctissima:
3414 4383 3670 4456 Virginis,

2564 4453 2806 4524 Hymnus
2835 4453 2904 4514 ad
2933 4471 3188 4525 vesperas.

2301 4545 2567 4604 Gaudium
2592 4546 2800 4609 mundi,
2837 4561 2977 4602 nova
3003 4545 3158 4606 stella
3184 4559 3332 4610 omn,

2231 4637 2531 4696 Procreans
2562 4637 2764 4702 Solem,
2793 4638 3012 4706 pariens
3040 4638 3362 4700 Parentetu,

2229 4726 2308 4782 Da
2336 4744 2528 4786 manus
2559 4727 2746 4796 lapsis,
2783 4726 2862 4783 fer
2885 4741 3042 4795 opem
3069 4726 3314 4790 caducis,

2672 4817 2838 4886 Virgo
2877 4816 3067 4871 Maria.

2304 4907 2382 4963 Te
2413 4907 2523 4964 Deo
2549 4906 2748 4961 iactam
2780 4906 2950 4978 liquet
2977 4921 3096 4961 esse
3121 4907 3349 4976 scalam,

2235 4997 2354 5065 Qua
2382 5007 2569 5058 tenens
2593 5012 2886 5062 summum,
2917 4997 3055 5065 petit
3079 4996 3222 5054 altus
3243 4999 3434 5065 imum,

2237 5088 2344 5145 Nos
2369 5089 2437 5145 ad
2476 5087 2673 5145 excelsi
2703 5102 2950 5143 remeare
2978 5087 3100 5150 caeli

2657 5177 2908 5234 Culmina
2941 5178 3101 5234 dona.

2309 5269 2384 5326 Te
2408 5271 2690 5326 beatorum
2719 5268 2922 5323 chorus
2943 5267 3286 5338 angelorum,

2241 5363 2318 5419 Te
2343 5364 2484 5420 sacri
2514 5374 2665 5416 vates
2691 5370 2745 5416 et
2779 5358 3145 5430 apostolorum

2236 5451 2384 5508 Ordo
2410 5451 2684 5522 pralatam
2715 5451 2820 5506 sibi
2850 5449 3024 5504 cernit
3053 5465 3216 5502 unam

2660 5539 2790 5594 Post
2827 5540 3112 5594 Deitatem.

2315 5630 2450 5684 Aula
2481 5629 2723 5684 caelestis
2756 5627 2999 5695 speciosa
3033 5627 3218 5696 Regis,

2243 5719 2401 5786 Fulta
2429 5718 2666 5788 septenis
2693 5716 2897 5786 sophiae
2923 5715 3233 5774 colunmis:
