4028 6168
439 315 544 373 955

580 427 750 497 Quem
772 408 957 501 nequit
983 439 1123 486 totus
1148 431 1401 487 cohibere
1432 433 1664 489 mundus

983 519 1200 574 Claudis
1231 520 1284 574 in
1323 521 1464 576 alvo.

646 607 816 673 Quem
855 616 1089 663 tremunt
1117 609 1262 675 coeli,
1296 618 1543 666 metuunt
1565 610 1766 682 abyssi,

579 694 882 749 Fluminum
913 706 1095 767 guttaa,
1129 701 1296 752 maris
1330 708 1385 753 et
1417 698 1686 768 procella},

581 783 788 839 Laudat
820 800 1065 850 occasus,
1095 798 1388 843 veneratur
1413 800 1590 856 ortus,

963 877 1200 944 Stringis
1236 879 1289 933 in
1322 880 1484 935 ulnis.

642 961 808 1017 Lacte
834 964 1072 1019 nutritur
1098 966 1251 1021 cibus
1284 968 1620 1037 angelorum,

578 1055 773 1110 Fertur
802 1058 1038 1127 innupta:
1072 1060 1279 1128 gremio
1307 1059 1496 1128 puella:

576 1144 678 1207 Qui
702 1160 801 1197 sua
828 1145 933 1199 late
956 1147 1159 1201 ditione
1186 1156 1345 1201 terra:

1002 1234 1245 1290 Pondera
1275 1236 1453 1291 librat.
1766 1310 1771 1314 ι

650 1322 754 1392 19
779 1321 868 1378 Sic
894 1323 1057 1378 decus
1092 1340 1304 1380 summo
1326 1326 1443 1380 sine
1467 1327 1572 1382 line
1595 1327 1837 1395 Christo,

573 1408 773 1466 Sancta
802 1427 960 1482 quem
989 1414 1139 1484 virgo
1170 1416 1356 1484 gbnuit
1384 1415 1555 1471 Maria
1597 1434 1610 1470 :

576 1500 677 1568 Qui
718 1501 862 1556 Patri
895 1518 1137 1571 compar,
1175 1505 1515 1574 Flaminique
1542 1516 1757 1574 sancto,

841 1595 1049 1665 Regnat
1098 1597 1149 1650 in
1187 1612 1382 1651 aevum.
1420 1599 1613 1654 Amen.

434 1681 663 1741 XLVIII.
802 1686 1047 1759 honorem
1071 1696 1265 1759 sancite
1299 1687 1486 1742 Maria
1508 1690 1741 1759 virginis.
1770 1687 2010 1759 Oﬁictum

581 1755 896 1826 quotidianis
926 1756 1130 1809 diebus.
1178 1756 1260 1808 Ad
1300 1774 1559 1826 vesperas.
1585 1755 1868 1831 'Hymnus.

713 1843 896 1911 Sidus,
929 1844 1116 1910 Maria,
1146 1845 1509 1915 splendidum,

646 1932 723 1987 Te
750 1932 931 1987 laudat
971 1948 1134 1988 omne
1160 1934 1451 2001 saeculum,

649 2022 727 2077 Ex
755 2037 859 2092 qua
888 2024 989 2078 sub
1012 2024 1193 2079 mundi
1216 2039 1461 2096 vespere,

645 2112 736 2169 Sol
761 2123 914 2169 ortus
935 2123 1019 2170 est
1033 2113 1281 2183 iustitiae.

719 2203 797 2257 Da
826 2218 918 2257 cor
948 2205 1183 2259 tenebris
1212 2205 1371 2274 eripi,

642 2291 718 2347 Da
752 2308 877 2347 vera
921 2294 1037 2349 luce
1069 2295 1295 2362 perfrui.
1332 2308 1349 2322 '

642 2384 772 2447 Quae
804 2392 1016 2437 noctem
1046 2385 1166 2438 vitae
1191 2385 1393 2439 veteris

643 2471 810 2528 Novis
838 2474 1068 2527 illustret
1093 2476 1321 2530 meritis.

713 2562 815 2615 Per
839 2573 891 2616 te
915 2578 1208 2633 purgemur
1234 2564 1401 2630 vitiis,

641 2648 931 2706 Solvamur
960 2653 1129 2721 eulpae
1168 2653 1435 2719 vinculis;

639 2740 789 2796 Mens
825 2743 990 2796 vulsis
1018 2744 1186 2811 spinis
1207 2752 1361 2798 eruta

649 2828 917 2885 Virtutum
948 2833 1087 2885 ferat
1112 2833 1376 2902 germina.

718 2922 802 2976 Sit
834 2923 925 2977 tibi
957 2924 1096 2991 laus,
1125 2924 1402 2980 Altissime

648 3014 749 3079 Qui
778 3024 936 3068 natus
958 3030 1016 3069 es
1043 3028 1110 3068 ex
1149 3015 1398 3084 Virgine;

644 3106 728 3160 Sit
751 3106 923 3160 honor
946 3105 1203 3159 ineffabili

645 3193 792 3249 Patri
820 3204 1115 3265 sanctoque
1138 3195 1389 3249 Flamini.
1431 3196 1623 3252 Amen.

520 3284 707 3341 XLIX.
748 3286 1017 3340 Lectiones
1044 3286 1114 3339 ad
1144 3288 1480 3340 matutinum.
1515 3286 1688 3344 Lectio
1716 3291 1911 3362 prima.
1932 3280 1953 3284 Μ

500 3376 663 3431 Beata
707 3375 803 3431 Dei
850 3377 1099 3447 genitrix,
1156 3377 1309 3448 virgo
1363 3377 1549 3443 Maria,
1600 3382 1857 3449 templum
1910 3385 2002 3442 Dei

428 3466 561 3529 vivi,
587 3466 706 3521 aula
743 3466 908 3537 Regis
944 3468 1153 3532 aeterni,
1202 3468 1499 3522 sacrarium
1544 3468 1782 3536 Spiritus
1810 3475 2006 3528 sancti.

432 3556 512 3610 Tu
541 3558 689 3627 virga
711 3558 777 3612 de
807 3558 988 3612 radice
1022 3556 1196 3613 Iesse.
1238 3557 1317 3611 Tu
1347 3559 1540 3614 cedrus
1580 3560 1634 3613 in
1671 3560 1896 3619 Libano.
1926 3565 2004 3619 Tu

431 3660 554 3700 rosa
596 3661 866 3717 purpurea
909 3646 961 3700 in
994 3646 1231 3702 Jericho.
1278 3647 1356 3702 'I‘u
1392 3664 1681 3718 cypressus
1721 3653 1775 3707 in
1823 3665 2006 3709 monte

430 3733 596 3800 Sion,
640 3751 760 3806 quae
810 3736 1072 3805 singulari
1122 3736 1403 3807 privilegio
1453 3739 1808 3807 meritorum,
1863 3744 2007 3799 sicut

430 3826 607 3880 nescis
647 3824 701 3879 in
744 3826 1049 3881 hominibus
1078 3842 1406 3897 comparem,
1441 3828 1515 3882 ita
1551 3830 1903 3888 nihilominus
1948 3844 2004 3890 et

432 3914 725 3985 angelicam
754 3931 977 3985 superas
1002 3917 1339 3988 dignitatem.
1375 3918 1483 3972 Cui'
1506 3934 1644 3974 novo
1670 3930 1725 3975 et
1757 3922 2001 3978 inaudito

428 4002 693 4059 miraculo
734 4005 915 4060 datum
955 4015 1038 4061 est
1077 4016 1135 4060 ut
1179 4007 1433 4071 Verbum,
1464 4010 1607 4078 quod
1651 4019 1777 4066 ante
1806 4013 2003 4068 saacula

428 4089 570 4145 Deus
595 4094 802 4163 genuit,
839 4095 991 4149 Iieret
1022 4096 1162 4151 Illius
1196 4107 1337 4161 tuus.
1373 4108 1426 4151 et
1460 4098 1643 4165 homo,
1672 4116 1832 4170 quem
1862 4112 1916 4156 tu
1946 4103 1999 4158 in

429 4182 535 4237 [ine
577 4185 757 4238 muli
807 4188 1057 4254 genuisti,
1118 4204 1281 4243 verus
1324 4196 1487 4257 atque
1540 4190 1814 4260 perfectus
1855 4202 2001 4249 esset

426 4270 598 4326 Filius
624 4273 740 4326 Dei.

936 4361 996 4415 L.
1040 4363 1214 4418 Lectio
1238 4367 1489 4420 secunda.

442 4426 447 4433 ’
495 4449 540 4506 0
584 4434 815 4519 gloriosa
862 4467 1146 4521 puerpera,
1196 4455 1247 4508 in
1294 4470 1399 4523 qua
1444 4456 1559 4510 sola
1606 4461 1879 4527 reperitur
1908 4461 1989 4516 fe-
2030 4494 2079 4553 υ

425 4539 598 4591 cunda
630 4539 928 4609 virginitas,
960 4556 1078 4609 quae
1117 4542 1196 4596 sic
1229 4559 1295 4598 ex
1327 4544 1665 4601 intemeratis
1695 4548 1996 4605 visceribus

424 4627 616 4682 Filium
640 4630 907 4698 protulisti
938 4640 997 4684 ut
1022 4631 1236 4688 illibata:
1267 4634 1537 4702 pudicitia:
1563 4636 1845 4707 integritas
1872 4653 1995 4693 cre-

422 4728 621 4785 sceret,
678 4735 781 4775 non
828 4721 993 4776 libido
1036 4722 1315 4792 virginalis
1360 4724 1615 4780 clausulae
1662 4727 1996 4797 signaculum

421 4810 671 4865 violaret.
720 4811 838 4866 Tibi
892 4810 1129 4882 Spiritus
1178 4824 1422 4880 sanctus,
1476 4816 1601 4869 dum
1652 4819 1993 4888 cnneiperes,

421 4897 783 4960 obumbravit.
821 4913 925 4953 non
967 4910 1024 4953 ut
1056 4901 1191 4970 ipse,
1232 4904 1375 4971 quod
1422 4903 1587 4969 absit,
1636 4906 1689 4958 in
1734 4907 1997 4962 sacratis-

418 4988 560 5042 simo
599 4997 753 5044 utero
801 4999 892 5043 tuo
938 4989 1091 5043 ﬁeret
1117 5006 1215 5059 pro
1251 4992 1460 5047 semine
1486 4993 1712 5059 sobolis,
1743 4996 1836 5050 sed
1865 5011 1995 5053 usus

418 5087 504 5131 est
533 5077 709 5146 potius
732 5078 927 5130 virtute
956 5092 1020 5131 ac
1060 5080 1300 5146 potentia
1336 5070 1643 5135 Creatoris.
1662 5083 1738 5137 De
1761 5091 1816 5138 te
1840 5099 1993 5138 sum-

420 5182 540 5220 mus
575 5166 814 5236 pontifex
847 5175 1030 5221 noster
1069 5169 1151 5223 sui
1192 5170 1436 5239 corporis
1472 5170 1706 5225 hostiam
1737 5175 1990 5243 sumpsit,

418 5272 582 5325 quam
616 5257 666 5310 in
693 5272 787 5310 ara
827 5258 1004 5312 crucis
1043 5273 1143 5327 pro
1173 5260 1335 5314 totius
1362 5262 1547 5315 mundi
1577 5263 1751 5317 salute
1778 5263 1989 5318 sacriﬁ-

418 5347 561 5400 cium
588 5348 905 5407 obtulit..'l‘u
935 5348 1020 5403 lux
1050 5351 1231 5405 oriens
1260 5349 1553 5416 Nazareth,
1584 5360 1638 5405 tu
1664 5352 1835 5422 gloria
1864 5353 1988 5409 Hie-

422 5437 673 5503 rusalcm,
703 5447 761 5492 tu
790 5439 972 5493 laetitia
1004 5439 1188 5506 Israel,
1226 5450 1288 5495 tu
1315 5439 1484 5496 decus
1508 5442 1718 5509 mundi,
1750 5450 1805 5497 tu
1834 5443 1993 5500 nobi-

420 5529 542 5583 litas
562 5531 741 5600 populi
768 5531 1082 5586 Christiani.
1146 5562 1151 5569 ν

942 5620 1029 5675 LI.
1070 5620 1245 5677 Lectio
1283 5622 1459 5676 tertia.

492 5708 539 5764 Ο
563 5707 768 5776 Regina
795 5711 1003 5778 mundi,
1034 5711 1179 5768 scala
1219 5712 1366 5780 coeli,
1396 5713 1633 5771 thronus
1669 5712 1804 5783 Dei,.
1821 5712 1987 5783 ianua

1241 319 1298 375 S.
1341 320 1543 376 PETRI
1582 320 1864 377 DAMIANI
1906 320 2058 377 OPP.
2096 321 2331 378 TOMUS
2370 322 2503 379 SEU
2559 325 2739 383 PARS
2797 328 2885 383 IV.

2033 437 2084 496 Α
2111 432 2367 502 paradisi,
2401 435 2523 488 audi
2550 451 2741 505 preces
2772 452 3092 508 pauperum,
3126 453 3193 495 ne
3228 442 3498 514 despicias
3525 465 3700 521 gemi-

2036 1782 2085 1841 Β
2141 1743 2149 1749 ,

2033 3123 2078 3183 C

3591 337 3699 398 936

2118 530 2206 577 tus
2242 523 2585 578 miserorum.
2625 524 2927 581 Inferantur
2964 544 2994 583 a
3038 538 3091 585 te
3133 541 3255 587 vota
3299 546 3483 592 nostra
3529 552 3698 612 atque

2113 611 2345 679 suspiria
2392 615 2703 682 conspectui
2756 615 3158 687 Redemptoris,
3212 630 3274 675 ut
3319 639 3440 693 qua:
3489 611 3697 686 nostris

2113 700 2474 757 excluduntur
2504 704 2736 771 meritis,
2768 721 2865 775 per
2905 715 2957 763 te
2998 708 3175 764 locum
3210 716 3359 781 apud
3407 732 3570 773 aures
3610 720 3699 776 di-

2112 791 2251 845 vinae
2279 791 2560 849 obtineant
2598 796 2838 864 pietatis.
2887 797 3014 855 Dele
3044 812 3281 870 peccata,
3328 805 3511 861 relaxa
3556 809 3697 867 faci-

2113 894 2266 943 nora,
2310 880 2457 951 erige
2501 883 2699 953 lapsos,
2748 886 2857 956 20
2900 887 3047 944 solve
3092 894 3451 962 compeditos.
3483 895 3588 954 Per
3639 910 3695 959 te

2114 968 2461 1025 succidantur
2482 978 2675 1041 vepres
2702 983 2755 1028 et
2778 976 3019 1045 germina
3042 978 3315 1044 vitiorum.
3342 986 3691 1052 prwbeantur

2111 1056 2272 1113 ﬂores
2298 1068 2355 1114 et
2391 1073 2710 1119 ornamenta
2737 1065 3021 1122 virtutum.
3064 1069 3224 1127 Placa
3264 1077 3514 1143 precibus
3537 1080 3693 1137 ludi-

2113 1160 2254 1214 cem,
2278 1163 2437 1217 quem
2467 1154 2696 1219 genuisti
2724 1154 2988 1226 singulari
3016 1163 3303 1231 puerperio
3326 1165 3691 1238 Salvatorem,

2116 1234 2177 1290 ut
2243 1239 2335 1308 qui
2405 1256 2503 1312 per
2554 1252 2607 1297 te
2658 1244 2834 1301 factus
2875 1258 2961 1302 est
3022 1252 3293 1321 particeps
3343 1234 3693 1321 humanitatis

2115 1336 2337 1391 nostrae,
2388 1345 2485 1400 per
2532 1340 2585 1387 te
2634 1348 2849 1404 quoque
2900 1352 2998 1392 nos
3042 1351 3321 1397 consortes
3367 1345 3564 1404 efﬁciat
3607 1351 3689 1407 di-

2114 1415 2356 1472 vinitatis
2402 1434 2532 1474 suae.
2597 1421 2698 1488 Qui
2754 1439 2876 1478 cum
2938 1427 3046 1482 Deo
3106 1429 3309 1498 Patre,
3370 1444 3427 1491 et
3486 1436 3689 1507 Spiritu

2112 1518 2300 1563 sancto
2331 1510 2461 1566 vivit
2484 1520 2540 1566 et
2566 1523 2756 1584 regnat
2791 1516 2843 1570 in
2880 1519 3076 1573 szecula
3108 1524 3457 1582 szeculorum.
3485 1527 3682 1588 Amen.

2505 1623 2612 1682 LII.
2661 1625 2902 1696 Hymnus
2947 1630 3016 1684 ad
3061 1634 3306 1703 primam.

2402 1713 2564 1768 Beata
2598 1715 2691 1771 Dei
2716 1720 2977 1787 genitrix,

2322 1799 2476 1856 Nitor
2501 1804 2723 1860 humani
2755 1810 2967 1878 generis
3000 1824 3015 1864 :

2323 1890 2429 1946 Per
2458 1908 2621 1961 quam
2660 1896 2726 1951 de
2752 1900 2924 1953 servis
2945 1899 3103 1957 liberi

2332 1980 2601 2053 Lucisque
2629 2000 2818 2041 sumus
2844 1988 2960 2045 ﬁlii.

2287 2122 2295 2132 ,
2396 2069 2506 2125 Fac
2532 2082 2682 2126 tuum
2713 2076 2868 2132 nobis
2894 2078 3092 2137 Filium

2325 2159 2415 2213 Pia
2443 2177 2603 2230 prece
2630 2167 2955 2234 prOpitium;

2322 2249 2492 2316 Quem
2517 2255 2754 2321 graviter
2782 2255 3124 2327 offendimus,

2326 2340 2405 2394 Tu
2439 2343 2620 2397 mitem
2649 2347 2833 2411 redde,
2866 2364 3195 2417 quaesumus.

2401 2434 2486 2489 Sit
2517 2438 2613 2491 tibi
2640 2438 2775 2504 laus,
2800 2440 3098 2509 Altissime,

2326 2523 2428 2589 Qui
2466 2535 2624 2582 natus
2644 2543 2702 2584 es
2730 2546 2793 2584 ex
2827 2532 3089 2604 Virgine:

2323 2611 2404 2667 Sit
2435 2614 2610 2669 honor
2630 2617 2888 2674 ineﬂ‘abili

2321 2700 2494 2769 Patri,
2525 2716 2822 2778 sanctoque
2868 2711 3123 2767 Flamini.
3166 2713 3364 2771 Amen.

2516 2812 2648 2868 LIII.
2678 2815 2920 2886 Hymnus
2947 2821 3017 2875 ad
3048 2823 3276 2882 tertiam.

2390 2900 2580 2968 Maria,
2609 2907 2771 2962 decus
2811 2911 3112 2980 hominum,

2323 2993 2491 3066 Regis
2511 2999 2698 3052 aeterni
2730 3000 2947 3067 solium,

2327 3087 2546 3158 Septem
2579 3091 2847 3147 columnis
2873 3096 3015 3150 edita

2325 3180 2526 3231 Domus
2554 3195 2582 3233 a
2621 3183 2906 3250 sapientia.

2395 3266 2473 3321 Tu
2500 3282 2599 3324 nos
2624 3281 2855 3329 venturo
2873 3274 3048 3331 Judici

2319 3356 2653 3415 Commenda
2686 3378 2846 3432 prece
2884 3367 3113 3437 supplici
3140 3386 3158 3426 :

2324 3446 2456 3503 Tuis
2483 3448 2726 3507 intentos
2754 3452 3000 3514 laudibus

2316 3535 2463 3593 Mitis
2498 3550 2685 3596 cernat
2708 3558 2773 3598 ac
2798 3545 3058 3613 placidus.

2393 3628 2478 3684 Sit
2505 3632 2601 3687 tibi
2633 3632 2771 3699 laus,
2794 3636 3091 3706 Altissime,

2320 3716 2420 3784 Qui
2450 3730 2607 3776 natus
2635 3738 2695 3777 es
2722 3740 2787 3778 ex
2817 3726 3034 3798 Virgine
3059 3747 3075 3783 :

2321 3808 2404 3862 Sit
2435 3810 2606 3865 honor
2629 3812 2883 3869 ineﬂ‘abili

2319 3896 2490 3965 Patri,
2520 3910 2815 3971 sanctoque
2851 3904 3103 3963 Flamini.
3130 3909 3327 3968 Amen.

2502 4003 2636 4067 LIV.
2680 4006 2923 4076 Hymnus
2966 4014 3032 4064 ad
3071 4024 3294 4070 sextam.

2386 4092 2556 4149 Maria
2584 4097 2841 4164 templum
2869 4099 3102 4170 Domini,
3204 4143 3208 4147 ,

2314 4180 2409 4236 Dei
2441 4192 2617 4238 mater
2641 4194 2695 4239 et
2720 4185 2974 4255 hominis,

2313 4272 2466 4330 Tunc
2494 4291 2622 4331 vere
2661 4278 3141 4354 Virgovirginum,

2315 4363 2449 4418 Cmn
2488 4367 2739 4434 peperisti
2771 4369 2988 4429 Filium.

2388 4456 2462 4508 Da
2494 4457 2650 4512 nobis
2681 4459 2826 4516 hunc
2853 4462 2905 4517 in
2946 4462 3155 4522 fervido

2317 4542 2512 4599 Mentis
2543 4556 2755 4616 gestare
2787 4555 3026 4620 gremio;

2314 4634 2391 4687 Ex
2419 4642 2508 4689 tua
2535 4653 2697 4692 carne
2721 4642 2957 4709 genitus,

2313 4722 2525 4780 Nostris
2555 4736 2740 4796 regnet
2771 4730 2823 4783 in
2845 4734 3115 4790 sensibus.

2384 4814 2467 4869 Sit
2494 4816 2587 4870 tibi
2612 4817 2749 4884 laus,
2774 4820 3074 4891 Altissime,

2315 4902 2416 4970 Qui
2449 4914 2606 4960 natus
2638 4922 2697 4961 es
2722 4922 2787 4962 ex
2815 4910 3035 4982 Virgine
3067 4932 3082 4968 :

2310 4992 2393 5046 Sit
2432 4994 2602 5048 honor
2631 4994 2889 5054 inell‘abili

2310 5080 2480 5148 Patri,
2505 5091 2798 5154 sanctoque
2822 5085 3071 5145 Flamini.
3102 5093 3299 5150 Amen.

2517 5168 2630 5225 LV.
2670 5173 2916 5244 Hymnus
2940 5182 3009 5233 ad
3036 5198 3249 5238 nonam.

2381 5264 2425 5319 0
2448 5264 2738 5333 singularis
2758 5268 2984 5335 femina,

2309 5352 2433 5407 Sola
2462 5352 2629 5422 Virgo
2658 5371 2944 5426 puerpera,

2305 5443 2574 5500 Praeclara
2602 5446 2727 5501 vita:
2750 5446 2940 5515 janua,

2305 5534 2420 5601 Qua
2453 5534 2577 5589 cteli
2618 5542 2806 5605 patent
2835 5541 2995 5594 atria.

2379 5619 2458 5677 Tu
2486 5637 2585 5677 nos
2612 5623 2889 5691 culparum
2918 5631 3171 5699 nexibus,

2308 5711 2495 5769 Sacris
2520 5709 2740 5768 absolve
2764 5716 3058 5783 precibus:
