4028 6168
241 347 341 404 931
1497 352 1805 411 CARMINA
1847 356 1935 413 ET
1974 356 2255 418 PRECES.

464 460 578 515 Tua
605 469 918 530 promentes
945 461 1141 517 merita
1861 471 1915 530 Α

466 544 547 608 ᾹιΙ
572 553 697 608 cmli
730 553 966 609 transfer
996 556 1238 623 praemia.

530 643 614 700 Sit
640 645 735 702 tibi
760 645 899 712 laus,
925 646 1221 713 Altissime,

458 736 558 802 Qui
585 748 749 791 natus
778 752 838 792 es
866 753 930 792 ex
967 737 1227 810 Virgine;

457 827 537 881 Sil
569 828 743 882 honor
772 827 1025 883 ineffabili

458 917 625 983 Patri,
658 930 954 991 sanctoque
983 921 1235 977 Flamini.
1266 925 1460 978 Amen.

461 1011 566 1080 21
610 1010 738 1065 LVI.
782 1010 1025 1080 Hymnus
1060 1012 1131 1065 ad
1168 1012 1585 1084 completorium.

524 1100 691 1155 Maria
715 1142 729 1165 ,
766 1101 932 1171 Virgo
964 1101 1136 1169 regia,

2153 471 2404 542 Suscepit
2435 474 2649 545 quidem
2681 486 2804 543 tua,

2153 562 2261 619 Sed
2294 580 2400 620 non
2430 568 2613 621 amisit
2638 582 2755 621 sua.

2215 656 2321 725 22
2360 656 2546 712 Oritur
2573 666 2727 713 ortus
2760 676 2978 728 rerum,

2144 744 2231 800 Fit
2258 748 2513 818 antiquus
2537 749 2744 805 dierum
2772 767 2785 816 ;

2138 835 2299 893 Orbis
2324 838 2476 909 origo
2505 840 2667 909 cmpit
2694 880 2709 906 ,

2136 925 2337 982 Factus
2365 944 2431 983 ex
2460 928 2546 983 his
2569 944 2689 998 qua:
2714 928 2863 985 fecit.

2206 1019 2510 1089 Conceptus
2549 1021 2891 1087 fecundavit,

2136 1109 2303 1166 Natus
2326 1126 2433 1166 non
2461 1113 2679 1167 violavit
2702 1153 2718 1178 ,

2135 1201 2359 1256 Intravit
2388 1212 2443 1256 et
2470 1204 2678 1263 exivit.

2134 1284 2239 1339 Sed
2279 1285 2517 1339 clausam
2551 1282 2857 1356 dereliquit.

2203 1375 2280 1427 Tu
2309 1376 2486 1430 Aaron
2517 1390 2577 1430 es
2603 1376 2770 1446 virga,

2136 1471 2407 1539 Fecunda,
2437 1471 2563 1527 licet
2590 1472 2734 1528 sicca
2755 1514 2770 1537 ,

2130 1563 2261 1629 Quae
2290 1579 2508 1633 germen
2538 1564 2833 1633 protulisti,

2131 1654 2236 1709 Sed
2266 1653 2426 1723 Virgo
2454 1656 2824 1724 permansisti.

2202 1742 2277 1797 Te
2308 1744 2475 1798 rubus
2502 1743 2853 1813 praelucebant,

2138 1828 2240 1897 Qui
2269 1831 2468 1886 ardens
2497 1848 2604 1887 non
2629 1834 2893 1888 ardebat:

2129 1918 2258 1986 Qua;
2286 1922 2403 1976 sine
2426 1931 2560 1977 testu
2590 1924 2790 1979 mentis

2126 2009 2382 2066 Fructum
2406 2013 2599 2068 dedisti
2618 2015 2851 2071 ventris.

2194 2104 2262 2155 Et
2284 2110 2410 2156 ante
2434 2110 2649 2172 partum
2684 2103 2868 2175 Virgo,

2122 2191 2229 2247 Sed
2255 2202 2377 2262 post
2403 2194 2673 2267 virginum
2700 2198 2901 2270 Virgo;

2126 2281 2311 2338 Crevit
2333 2284 2387 2338 in
2410 2294 2532 2339 ortu
2564 2288 2734 2354 prolis

2132 2370 2422 2442 lntegritas
2450 2375 2692 2445 pudoris.

2197 2464 2295 2519 Est
2328 2465 2647 2535 angelorum
2676 2467 2832 2523 cibus

2124 2550 2241 2609 Tuo
2264 2552 2403 2608 lacte
2432 2554 2708 2620 nutritus;

2120 2644 2223 2712 Qui
2249 2647 2387 2700 mari
2416 2648 2625 2717 prazbet
2644 2646 2819 2704 undas

2120 2736 2343 2808 Papillae
2371 2739 2517 2809 sugit
2539 2748 2742 2810 guttas.

2190 2828 2348 2884 Geris
2377 2829 2430 2883 in
2460 2829 2582 2885 sinu
2607 2830 2812 2899 prolem

2126 2922 2229 2989 Qui
2262 2930 2419 2979 terra:
2446 2921 2605 2978 librat
2630 2923 2856 2990 molem;

2126 3011 2300 3068 Foves
2329 3026 2358 3066 a
2392 3028 2498 3082 quo
2536 3009 2739 3068 foveris
2764 3054 2779 3079 ,

2124 3103 2324 3161 Servas
2353 3120 2382 3158 a
2408 3118 2517 3175 quo
2545 3106 2734 3160 tueris.

2191 3196 2483 3263 Blaudire,
2522 3194 2723 3263 Mater,
2758 3201 2968 3265 charo.

2128 3287 2229 3353 Qui
2262 3297 2312 3342 te
2344 3284 2550 3343 creavit
2570 3328 2586 3353 ,
2614 3289 2783 3356 Nato;

2116 3376 2310 3434 Oscula
2334 3387 2485 3448 grata
2515 3376 2619 3450 llge
2645 3418 2661 3444 ,

456 1187 623 1247 David
654 1192 821 1262 stirpe
847 1194 1128 1264 progenita
1153 1232 1168 1259 ,

448 1276 569 1333 Non
598 1289 706 1335 tam
733 1290 956 1350 paterna
984 1282 1182 1338 nobilis

447 1365 619 1435 Quam
650 1371 912 1442 dignitate
941 1373 1164 1428 sobolis.

526 1458 604 1512 Tu
629 1500 643 1524 ,
688 1476 787 1515 nos
815 1461 1029 1517 avulsus
1060 1463 1260 1528 veteri,

456 1548 777 1621 Complanta
806 1567 947 1608 novo
976 1554 1206 1623 genuini
1234 1571 1249 1620 ;

449 1637 551 1699 Per
581 1648 631 1694 te
659 1642 731 1695 sit
757 1657 928 1711 genus
954 1644 1231 1699 hominum

453 1729 651 1800 Regale
674 1737 1058 1793 sacerdotium.

521 1823 605 1878 su
636 1826 731 1881 tibi
764 1827 915 1893 laus,
942 1829 1254 1901 Altissime,
1847 1827 1896 1887 Β

449 1916 549 1983 Qui
572 1927 731 1973 natus
756 1935 816 1975 es
842 1935 907 1975 ex
933 1921 1190 1993 Virgine;

442 2005 525 2061 Sit
551 2007 724 2063 honor
748 2008 1005 2067 ineﬂ'abili

436 2096 615 2164 Patri,
648 2112 941 2171 sanctoque
970 2103 1224 2162 Flamini.
1259 2106 1455 2167 Amen.

333 2188 485 2243 LVII.
528 2189 655 2245 [sua
686 2194 949 2247 orationes
978 2195 1226 2250 dicantur
1258 2214 1351 2268 per
1378 2201 1537 2255 horas
1575 2202 1700 2257 diei.

298 2284 462 2349 Deus,
492 2286 582 2353 qui
615 2285 808 2339 Filium
835 2295 982 2341 tuum
1014 2289 1081 2343 ad
1122 2305 1222 2347 nos
1255 2305 1355 2361 per
1401 2293 1675 2363 Virginem
1722 2296 1806 2352 di-

227 2384 425 2444 gnatus
454 2389 515 2429 cs
551 2376 799 2442 mittere,
834 2377 900 2430 da
944 2379 1099 2433 nobis
1147 2382 1213 2435 ad
1258 2390 1339 2449 te,
1390 2382 1810 2456 suﬂ‘ragantibus

225 2466 463 2533 ejusdem
499 2465 560 2519 Β.
607 2464 791 2520 Μαι-ξω
820 2469 1093 2538 precibus,
1123 2469 1330 2543 iugiter
1370 2473 1651 2532 festinare.
1701 2475 1809 2534 Per

224 2555 473 2610 eumdem
497 2554 802 2610 Dominum.
1574 2584 1579 2591 ι

837 2650 1012 2706 LVIII.
1053 2652 1196 2710 Alia.

296 2738 458 2806 Deus,
492 2739 581 2810 qui
611 2740 861 2795 humanae
883 2743 1200 2800 substantias
1221 2745 1505 2802 veritatem
1534 2749 1600 2805 de
1634 2749 1802 2822 virgi-

224 2830 363 2885 nalis
393 2832 532 2885 uteri
555 2832 781 2887 materia
804 2835 1114 2904 suscepisti,
1142 2836 1212 2891 da
1249 2837 1404 2893 nobis
1432 2838 1608 2896 beatae
1637 2839 1802 2898 Geni-

186 2922 191 2929 ’
226 2922 380 2976 tricis
411 2930 511 2977 tua:
539 2923 790 2993 precibus
835 2925 906 2979 ita
956 2926 1277 2997 degenerem
1321 2944 1525 2986 exuere
1561 2940 1804 2989 vetusta-

226 3017 371 3075 tem,
396 3019 454 3065 ut
482 3021 533 3066 te
563 3028 715 3068 nova:
758 3014 1127 3085 generationis
1154 3017 1441 3076 induamus
1481 3018 1800 3079 Auctorem.

225 3101 328 3168 Qui
358 3116 480 3157 cum
511 3102 694 3160 Patre.

853 3196 990 3253 Lix.
1030 3199 1173 3256 Alia.
1831 3182 1877 3245 Ο

291 3282 540 3341 Concede
562 3302 679 3353 nos,
698 3280 1386 3363 quresumus,omnipotens
1413 3294 1574 3362 Deus,
1599 3295 1661 3351 Β.
1685 3296 1804 3353 Ma-

221 3374 317 3428 ria.-
344 3391 559 3448 semper
602 3380 833 3451 Virginis
863 3383 1116 3452 precibus
1152 3384 1452 3451 sublevari,
1506 3400 1606 3457 per
1650 3387 1802 3459 cujus

222 3466 547 3523 ineffabilem
576 3480 787 3540 partum
810 3474 1112 3543 procurasti
1135 3475 1324 3531 salutis
1354 3477 1605 3534 humanae
1628 3492 1802 3536 reme-
2118 3467 2328 3523 Fasciis
2354 3468 2597 3523 membra
2626 3469 2801 3539 Cinge-

220 3558 393 3614 dium.
438 3559 543 3615 Per
578 3562 885 3619 Dominum.
2184 3563 2526 3634 Ampleclere
2547 3562 2863 3632 cmlestem,

850 3655 968 3712 LX.
1006 3657 1147 3711 Alia.
1798 3706 1819 3722 ,
2114 3652 2283 3720 Quem
2309 3652 2544 3724 genuisti
2566 3648 2769 3724 Regem
2797 3693 2814 3720 ,

293 3743 458 3809 Deus,
495 3743 585 3813 qui
616 3745 817 3801 vitiatae
847 3747 1035 3818 stirpis
1082 3749 1348 3821 originem
1390 3765 1489 3822 per
1524 3752 1801 3825 virginalis
2113 3744 2212 3800 Clli
2246 3745 2416 3801 εεΐνίι
2451 3744 2532 3801 801
2555 3754 2613 3800 ει
2644 3745 2804 3812 “ma:

221 3836 357 3889 uteri
384 3851 604 3906 reparas
625 3838 963 3908 dignitatem,
999 3844 1235 3898 concede
1257 3844 1542 3915 propitius,
1576 3856 1635 3901 ut
1664 3864 1800 3918 quos
2113 3838 2185 3893 Εῑ
2210 3839 2389 3893 omnis
2411 3846 2683 3893 ονεθιυη·

218 3926 422 3995 prOprii
465 3938 645 3984 reatus
671 3928 841 3984 moles
871 3940 1096 4003 gravat,
1130 3933 1449 3991 intercessio
1483 3936 1660 3993 beatae
1702 3940 1798 3995 Dei
2187 3928 2352 3983 (Πιοτί
2378 3928 2641 3983 Vinum"!
2664 3936 2905 3983 "6mm

223 4015 511 4073 Genitricis
536 4020 765 4074 attollat.
789 4021 894 4075 Per
916 4022 1223 4078 Dominum.
2115 4019 2284 4086 Quem
2313 4018 2444 4073 viles
2464 4018 2627 4089 panni
2661 4028 2849 4090 tegunt
2877 4036 2893 4074 :

447 4108 583 4164 LXI.
624 4108 915 4180 Rhythmus
947 4112 1012 4165 de
1041 4112 1103 4169 S.
1138 4113 1316 4170 Maria
1354 4117 1569 4189 virgine.

1183 4113 1316 4170 lan'a
1354 4117 1569 4189 virgine,
2111 4110 2278 4166 Pavet
2306 4109 2505 4165 coalum
2539 4116 2596 4166 et
2630 4118 2774 4165 terra

503 4202 547 4257 Ο
568 4202 797 4272 genitrix
826 4203 1011 4259 aeterni
1036 4245 1052 4272 ,
2112 4203 2282 4271 Quem
2311 4201 2513 4272 baiulat
2535 4199 2731 4273 puella.

434 4292 600 4365 Virgo
637 4293 805 4349 Maria
828 4336 844 4362 ,
868 4294 1030 4352 Verbi
1060 4338 1075 4365 ,
2184 4295 2343 4365 Vagit
2373 4294 2427 4350 in
2453 4294 2574 4350 sinu
2602 4292 2820 4358 matris,

431 4386 561 4454 Quae
588 4402 711 4451 vox,
743 4403 863 4459 quae
897 4390 1079 4461 lingua
1108 4394 1292 4449 carnis
2113 4386 2326 4457 Reguat
2350 4386 2401 4441 in
2427 4385 2622 4441 throno
2647 4382 2826 4441 Patris
2855 4402 2873 4439 :

429 4476 533 4531 Par
564 4479 668 4532 erit
691 4487 795 4533 tua:
823 4479 1040 4536 laudis?
1826 4537 1866 4546 _
2120 4477 2316 4546 Legem
2348 4475 2541 4531 matris
2566 4476 2855 4543 observat,

502 4567 581 4622 Tu
609 4583 746 4624 nova
778 4571 943 4627 maris
974 4573 1161 4640 stella,
1822 4537 1874 4598 D
2119 4537 2299 4623 Mundi
2329 4567 2450 4636 jura
2489 4565 2772 4638 gubernat.

433 4657 587 4714 Celsa
619 4659 727 4729 poli
756 4660 992 4716 fenestra
1014 4703 1029 4728 ,
2181 4657 2259 4711 Tu
2291 4657 2456 4712 fontis
2482 4655 2604 4713 fons
2634 4656 2866 4711 viventis

433 4747 591 4804 Scala
629 4764 747 4818 quae
774 4750 967 4805 caelum
996 4752 1155 4808 terris
1177 4792 1192 4819 ,
2110 4749 2308 4806 Oriens
2333 4747 2592 4812 orientis;

433 4839 625 4909 Jungis
658 4840 766 4892 ima
792 4840 1059 4908 supernis.
2110 4841 2272 4896 Liber
2300 4841 2389 4895 ille
2416 4840 2661 4909 signatus

493 4933 818 4986 Immensum
849 4932 1174 5000 concepisti,
2111 4931 2317 4987 Victori
2352 4931 2466 4984 viro
2494 4930 2671 4984 datus.

429 5022 712 5078 Parentem
732 5019 989 5091 peperiin
1014 5061 1029 5086 ,
2188 5022 2271 5076 Tu
2299 5029 2453 5093 porta
2493 5019 2678 5091 templi
2705 5018 2924 5088 clausa,

427 5111 516 5166 Fit
550 5111 745 5167 Factor
769 5121 823 5167 et
842 5109 1049 5165 factura
1077 5152 1090 5176 ,
2113 5115 2345 5185 Superni
2375 5113 2539 5186 Regis
2573 5113 2711 5178 aula;

429 5201 633 5256 Creans
660 5210 718 5257 et
736 5211 1009 5257 creatura.
2110 5204 2388 5261 Erarium
2421 5203 2604 5259 talenti
2632 5244 2647 5269 ,

496 5291 666 5357 Quem
700 5292 933 5347 mundus
962 5290 1108 5347 ferre
1132 5293 1321 5363 nequit
2114 5294 2216 5350 Per
2248 5292 2388 5364 quod
2417 5308 2603 5349 sumus
2638 5292 2918 5363 redempti.

432 5382 626 5436 Totum
656 5383 811 5438 vulva
845 5385 1130 5454 concepit;
2183 5388 2384 5443 Hortus
2416 5386 2731 5443 deliciarum

427 5474 545 5541 Quo
568 5475 827 5530 circuitur
856 5476 1042 5544 aether,
2110 5482 2255 5537 Odor
2282 5482 2642 5545 suavitatum;

429 5565 623 5619 Puella:
658 5566 853 5620 clausit
880 5576 1087 5621 venter.
2114 5570 2194 5624 Tu
2222 5585 2351 5640 ager
2387 5570 2475 5624 ille
2505 5568 2692 5639 plenus
2712 5610 2728 5633 ,

504 5655 655 5709 Servi
684 5654 858 5710 forma
892 5658 1111 5711 indutus
1132 5699 1146 5723 ,
2108 5658 2209 5714 Cui
2245 5658 2519 5714 benedixit
2555 5659 2716 5714 Deus.

431 5745 617 5801 Divina
652 5746 755 5799 non
787 5757 980 5803 exutus
1003 5787 1018 5813 ,
2180 5751 2259 5805 Ex
2293 5761 2343 5806 te
2368 5752 2560 5808 botrus
2587 5766 2856 5823 egressus,

659 5839 931 5904 PATROL.
972 5832 1212 5901 CXLV.
1716 5902 1753 5915 4
1784 5912 1793 5916 η

1716 5902 1793 5916 4,
2964 5845 3039 5904 30

3402 373 3514 430 933
