4028 6168
560 406 673 460 ‘939

785 509 907 579 Qui,
938 504 1116 560 crucis
1143 494 1309 570 prazlo
1333 504 1582 561 pressus,

790 603 926 656 Vino
958 597 1098 665 rigat
1134 597 1357 645 arentes

794 689 977 748 Sancti
1001 683 1236 757 Spiritus
1268 682 1507 731 mentes.

862 780 931 833 Es
958 786 1008 831 ct
1039 784 1182 828 terra
1213 766 1461 824 caelestis

799 870 974 925 Ferax
1000 864 1153 918 lactis
1176 869 1231 916 et
1256 856 1437 913 mellis
1463 871 1475 906 :

800 962 877 1015 Ex
907 973 1013 1028 qua
1042 953 1258 1010 Veritas
1296 957 1415 1004 orta

799 1052 960 1108 Tollit
990 1057 1240 1104 errorum
1275 1043 1492 1108 dogma.

871 1147 1064 1199 Arcem
1096 1132 1398 1192 nobilitatis

808 1226 882 1278 De
910 1229 1076 1291 prolis
1106 1224 1277 1285 stirpe
1309 1216 1479 1267 trahis
1497 1255 1511 1268 .

814 1315 948 1370 Filia
972 1310 1191 1381 quidem
1227 1317 1410 1376 regum
1432 1340 1447 1365 ,

819 1405 927 1460 Sed
958 1401 1130 1455 Mater
1156 1395 1321 1466 Regis
1344 1404 1551 1461 regum.

882 1496 988 1567 23
1027 1494 1189 1547 Salve
1210 1532 1224 1555 ,
1248 1490 1358 1557 jam
1394 1484 1556 1552 Virgo
1589 1478 1691 1531 fcta
1720 1516 1737 1538 ,

814 1591 926 1644 Ave
950 1628 966 1653 ,
997 1584 1172 1656 gratia
1202 1580 1359 1650 plena
1388 1594 1400 1629 :

812 1679 1067 1735 Nostrum
1099 1687 1196 1727 ave
1224 1665 1461 1738 digneris
1481 1703 1494 1727 ,

821 1767 889 1822 Ut
930 1764 1058 1819 illud
1087 1757 1374 1817 Gabrielis.

885 1857 1010 1921 Ille,
1042 1855 1167 1910 dum
1197 1861 1248 1905 te
1278 1847 1510 1907 salutat,

819 1950 945 2004 Eva:
973 1959 1171 2002 nomen
1202 1942 1528 1997 commutat;

828 2039 1013 2096 Reduc
1042 2050 1162 2099 nos,
1189 2032 1353 2101 Virgo
1388 2032 1574 2082 sancta
1602 2063 1616 2087 ,

824 2130 978 2186 Unde
999 2133 1083 2181 est
1111 2133 1345 2191 nequam
1377 2116 1546 2185 lapsa.

894 2221 975 2276 Ttt
1003 2218 1151 2274 solve
1175 2210 1319 2285 quod
1342 2209 1603 2264 debemus

824 2318 1021 2371 Averte
1053 2305 1193 2379 quod
1229 2304 1477 2359 timemus
1496 2336 1513 2360 ,

824 2406 1058 2473 lmpctra
1091 2395 1233 2466 quod
1261 2400 1508 2461 optamus
1533 2426 1547 2449 ,

827 2493 1035 2552 Perﬁce
1062 2487 1205 2559 quod
1235 2495 1535 2553 speramus.

897 2583 982 2639 Sit
1004 2581 1121 2634 laus
1141 2571 1393 2630 Trinitati
1409 2611 1425 2635 ,

826 2674 911 2731 Sit
937 2673 1103 2727 decus
1133 2661 1338 2725 Unitati
1358 2700 1372 2726 ,

827 2764 924 2820 Cui
953 2762 1037 2815 lex
1066 2765 1119 2812 et
1145 2754 1277 2811 ordo
1302 2763 1484 2805 rerum

828 2854 933 2908 Per
962 2861 1121 2904 omne
1153 2850 1301 2913 patet
1326 2850 1519 2891 aevum.
1560 2836 1745 2885 Amen.

688 2943 844 3000 LXi‘I.
888 2938 1173 3010 Rhymmus
1203 2932 1266 2985 de
1301 2927 1482 2984 eadem
1511 2921 1840 2975 sanctissima
1884 2915 2118 2986 Virgine.

764 3033 896 3100 Quis
924 3038 1006 3086 est
1030 3026 1119 3081 hic
1149 3037 1241 3092 qut
1274 3018 1451 3090 pulsat
1480 3015 1547 3067 ad
1573 3022 1801 3071 ostium,

693 3122 875 3180 Noctis
907 3128 1161 3185 rumpens
1188 3105 1476 3166 somnum?

691 3216 774 3271 Me
805 3218 979 3274 vocat,
1012 3223 1045 3264 ο
1080 3202 1347 3274 virginum
1377 3194 1769 3269 pulcherrima,

692 3308 877 3368 Soror,
908 3297 1126 3368 conjux,
1158 3305 1366 3365 gemma
1398 3282 1862 3357 splendidissima!

692 3395 813 3451 Cito
843 3401 1069 3459 surgens
1099 3381 1270 3453 aperi,
1300 3374 1626 3433 dulcissima.

764 3485 879 3554 Ego
901 3494 1019 3537 sum
1045 3472 1243 3532 summi
1278 3470 1439 3540 Regis
1468 3467 1635 3521 Filius
1660 3505 1675 3526 ,

693 3576 931 3638 Primus,
970 3577 1026 3624 et
1058 3563 1412 3625 novissimus;

694 3666 795 3734 Qui
822 3665 888 3719 de
916 3659 1070 3717 caelis
1092 3657 1146 3711 in
1176 3656 1276 3709 has
1306 3651 1426 3706 veni
1456 3649 1705 3703 tenebras
1724 3689 1736 3711 ,

692 3759 951 3813 Liberare
980 3749 1312 3818 captivorum
1342 3741 1582 3804 animas;

699 3850 898 3904 Passus
925 3849 1154 3897 mortem
1180 3844 1235 3892 et
1261 3832 1457 3890 multas
1486 3830 1729 3900 injurias.

769 3936 889 3995 Mox
918 3947 1017 4006 ego
1045 3926 1307 3996 dereliqui
1331 3922 1581 3979 lectulum
1608 3960 1621 3986 ,

699 4027 925 4088 Cucurri
954 4023 1023 4078 ad
1049 4015 1323 4091 pessulum
1352 4030 1366 4068 :

704 4122 776 4180 Ut
803 4118 1002 4176 dilecto
1032 4120 1144 4169 tota
1174 4110 1365 4166 domus
1396 4111 1577 4174 pateat
1602 4144 1617 4170 ,

695 4215 770 4269 Et
796 4225 947 4267 mens
973 4217 1092 4261 mea
1121 4200 1433 4273 plenissime
1467 4196 1645 4251 videat
1671 4234 1685 4260 ,

701 4307 871 4374 Quem
893 4301 1075 4357 videre
1100 4297 1333 4351 maxime
1355 4290 1643 4346 desiderat.

771 4395 842 4448 At
869 4390 959 4446 ille
984 4386 1097 4457 jam
1132 4383 1254 4439 inde
1283 4378 1600 4435 transierat.

695 4483 916 4541 'OSlium
942 4477 1259 4545 reliquerat.

704 4571 841 4643 Quid
864 4582 1015 4638 ergo,
1040 4561 1368 4625 miserrima,
1396 4556 1523 4627 quid
1550 4555 1821 4611 facerem?

702 4659 1082 4737 Lacrymando
1112 4668 1231 4713 sum
1262 4663 1450 4711 secuta
1474 4648 1727 4717 juvenem
1747 4686 1760 4709 ,

706 4757 896 4813 Manus
927 4750 1080 4821 cujus
1108 4746 1511 4818 plasmaverunt
1547 4736 1836 4793 hominem.

777 4850 979 4923 Vigiles
1008 4846 1156 4902 urbis
1183 4844 1502 4899 invenerunt
1527 4851 1611 4890 mc
1634 4875 1646 4898 ,

708 4942 1157 5013 Exspoliaverunt
1183 4949 1269 4990 me
1288 4974 1303 4998 ,

710 5032 1060 5090 Abstulerunt
1094 5035 1150 5080 et
1178 5023 1440 5081 dederunt
1464 5016 1684 5087 pallium
1710 5054 1725 5076 ,

696 5125 1075 5181 'Cantaverunt
1098 5111 1228 5170 mihi
1258 5122 1453 5183 novum
1486 5104 1754 5160 canticum
1777 5142 1793 5166 ,

698 5217 829 5284 Quo
857 5211 912 5266 in
936 5205 1098 5278 Regis
1120 5203 1344 5258 inducar
1378 5196 1654 5269 palatium.
1697 5193 1890 5245 Amen.

778 5301 958 5360 LXIII.
994 5296 1278 5368 Rhymmus
1302 5303 1458 5359 super
1475 5285 1788 5340 salutatione
1814 5279 2065 5351 angelica.

710 5397 845 5459 Ave,
870 5387 1035 5445 David
1058 5385 1187 5447 ﬁlia,
1213 5387 1398 5436 sancta
1423 5375 1622 5431 mundo
1649 5380 1772 5425 nata
1790 5411 1806 5435 ,

651 5489 811 5556 Virgo
833 5482 1072 5553 prudens
1094 5514 1113 5544 ,
1149 5472 1328 5530 sobria
1349 5508 1364 5535 ,
1395 5465 1592 5535 Ioseph
1630 5463 1954 5529 desponsata
1979 5496 1997 5524 ,

645 5579 727 5632 Ad
753 5554 982 5630 salutem
1003 5567 1241 5624 omnium
1265 5563 1317 5616 in
1347 5556 1651 5625 exemplum
1678 5554 1828 5615 data,

644 5667 1014 5735 Supernorum
1045 5659 1241 5713 civium
1267 5664 1488 5708 consors
1512 5646 1621 5714 jam
1655 5644 1901 5712 probata.

722 5755 911 5818 Maria,
944 5750 1156 5804 miseria
1186 5762 1283 5816 per
1319 5755 1370 5798 te
1402 5740 1719 5795 terminatur

1352 379 1411 435 S.
1437 374 1648 436 PETRI
1686 364 1965 425 DAiIiAt‘iI
1997 364 2143 422 OPP.
2169 354 2404 414 TOMUS
2442 347 2573 406 SEU
2608 340 2789 401 PARS
2820 338 2905 396 IV.

2186 478 2228 530 Α
2261 468 2327 522 Et
2360 455 2733 518 misertcordia
2758 467 2852 523 per
2881 458 2932 504 te
2968 455 3297 510 revocatur;

2262 560 2364 610 I'cr
2397 564 2448 607 te
2480 545 2861 619 navigantibus
2886 539 3042 596 stella
3067 537 3237 591 maris
3261 537 3444 598 datur,

2264 646 2471 700 Lumen
2498 641 2599 694 via:
2624 635 2902 707 panditur,
2930 638 3123 701 portus
3163 628 3591 682 demonstratur.

2335 734 2521 791 Gratia
2546 741 2597 787 te
2626 726 2861 783 reddidit
2891 722 3102 778 cunctis
3124 719 3453 790 gratiosam,

2269 829 2347 882 'l‘e
2378 823 2598 879 vestivit
2631 820 2760 881 lilio,
2795 814 2997 885 sparsit
3024 812 3077 866 in
3112 819 3164 864 te
3190 823 3371 863 rosam
3395 847 3410 862 .

2272 917 2348 972 Te
2374 916 2634 969 virtutum
2661 908 2882 963 ﬁoribus
2914 902 3043 957 fecit
3067 898 3368 970 speciosam
3388 934 3403 950 .

2250 1010 2423 1085 _lntus
2449 1016 2503 1060 et
2531 1002 2769 1060 exterius
2800 1006 2969 1053 totam
3000 992 3346 1047 luminosam.

2348 1099 2510 1152 Plena
2542 1088 2916 1149 medicamine,
2943 1081 3186 1138 abundas
3214 1076 3502 1148 unguentis
3527 1117 3542 1141 ,

2279 1193 2453 1260 Terge
2482 1188 2668 1243 sordes
2698 1180 3007 1242 criminum,
3036 1176 3251 1245 plagam
3280 1185 3411 1226 sana
3436 1168 3629 1222 mentis

2285 1282 2454 1352 llujus
2486 1278 2560 1333 tui
2590 1272 2849 1345 supplicis
2878 1270 2930 1323 in
2964 1276 3014 1321 te
3040 1262 3401 1325 conﬁdentis,

2286 1372 2351 1424 Et
2367 1348 2483 1424 vhos
2513 1378 2702 1422 sacros
2736 1360 3021 1431 rhythmos
3050 1368 3234 1409 coram
3263 1360 3314 1405 te
3350 1348 3655 1420 psallentis.

2357 1461 2615 1515 Dominus
2645 1456 2758 1509 Rex
2786 1452 3027 1507 omnium
3065 1464 3128 1502 ex
3161 1456 3215 1500 te
3245 1445 3344 1500 sibi
3372 1444 3499 1497 fecit

2286 1552 2484 1607 Cellam
2512 1544 2921 1619 pigmentariam
2940 1581 2955 1606 ,
2983 1553 3143 1609 quam
3169 1536 3381 1592 cunctis
3406 1533 3644 1603 pnefecit
3677 1549 3691 1584 :

2288 1643 2343 1696 ln
2375 1656 2481 1711 qua
2520 1639 2686 1693 miras
2719 1634 2927 1705 species
2958 1630 3208 1686 Salvator
3238 1625 3468 1681 confecit
3494 1666 3509 1687 ,

2290 1731 2494 1799 Quibus
2523 1741 2712 1782 omnes
2739 1722 2967 1778 dulciter
2994 1720 3195 1775 electos
3229 1713 3437 1770 refecit.

2217 1823 2261 1880 Β
2360 1822 2561 1876 Tecum
2588 1826 2699 1872 tota
2730 1815 2968 1870 Trinitas
2994 1811 3125 1865 facit
3155 1808 3487 1863 mansionem
3507 1850 3521 1871 ,

2292 1912 2400 1984 24
2425 1910 2606 1975 Pater,
2643 1907 2897 1969 Verbum,
2925 1902 3158 1973 Spiritus
3190 1899 3307 1952 ﬁxit
3338 1899 3629 1952 sessionem
3654 1911 3671 1961 ;

2293 2003 2519 2072 Propter
2547 1998 2689 2069 quod
2711 2010 2854 2050 nunc
2876 1993 3081 2063 largius
3107 1989 3173 2044 ad
3204 1990 3543 2043 devotionem

2293 2092 2540 2161 Teipsam
2566 2087 2812 2144 ﬁdelibus
2837 2085 3044 2155 praebes
3074 2080 3382 2135 lectionem.

2365 2180 2675 2243 Benedicta,
2707 2175 2933 2233 benedic
2962 2182 3013 2226 te
3034 2171 3446 2230 benedicentes.

2293 2271 2402 2327 Fac
2425 2272 2479 2325 in
2507 2270 2611 2325 tuis
2639 2266 2886 2322 laudibus
2912 2264 3023 2319 sint
3048 2260 3424 2331 proﬁcientes;

2297 2363 2458 2432 lnﬁge
2488 2359 2826 2416 dulcedinem
2851 2357 2903 2411 in
2930 2364 3143 2410 tuorum
3168 2359 3375 2406 mentes
3395 2391 3407 2414 ,

2300 2451 2370 2507 Ut
2405 2452 2457 2505 in
2486 2450 2644 2506 bonis
2671 2447 2882 2502 actibus
2906 2458 3120 2514 semper
3142 2443 3251 2497 sint
3273 2439 3564 2495 ferventes.

2368 2545 2448 2600 Tu
2478 2545 2533 2599 in
2562 2541 2877 2598 mulieribus
2906 2538 3105 2609 optima
3135 2538 3304 2604 ﬁgura
3331 2572 3348 2599 ,

2300 2640 2428 2709 Quae
2454 2637 2617 2708 Regis
2641 2650 2700 2691 es
2724 2634 2906 2706 gloria:
2929 2631 3119 2695 Mater,
3145 2626 3309 2698 Virgo
3345 2640 3475 2695 pura
3498 2662 3515 2691 ,

2298 2736 2416 2800 Quo
2439 2729 2683 2800 probaris
2705 2724 2919 2795 dignior
2943 2721 3088 2777 omni
3115 2728 3363 2775 creatura
3379 2762 3392 2784 ,

2302 2823 2415 2879 lloc
2443 2830 2634 2893 agente
2656 2818 2882 2873 Domino
2911 2812 3171 2885 singulari
3194 2826 3344 2867 cura.

2370 2912 2439 2966 Et
2465 2911 2778 2967 benedictus
2806 2908 2968 2971 Deus,
2996 2904 3088 2973 qui
3119 2912 3315 2958 cuncta
3347 2898 3585 2961 creavit,

2301 3001 2402 3070 Qui
2432 3000 2619 3056 matris
2646 3000 2699 3053 in
2726 3007 2881 3052 utero
2910 3005 2963 3051 te
2994 2993 3354 3049 sanctiﬁcavit
3379 3009 3394 3057 ;
3482 3038 3487 3049 .

2303 3094 2630 3149 Benedictus
2654 3090 2815 3155 ﬁlius,
2844 3102 3005 3158 quem
3038 3095 3159 3140 tuus
3196 3083 3433 3154 portavit

2227 3173 2270 3233 C
2317 3181 2604 3253 Virginalis
2630 3186 2838 3241 uterus,
2866 3191 3025 3246 quem
3052 3176 3165 3244 ipse
3193 3173 3465 3227 formavit.

2372 3275 2604 3329 Fructus
2640 3281 2765 3327 tuus
2787 3311 2801 3335 ,
2832 3269 3080 3334 domina,
3115 3266 3321 3320 fructus
3343 3272 3426 3320 est
3451 3263 3712 3319 cmlorum
3740 3300 3751 3315 .

2303 3367 2421 3434 Quo
2446 3372 2738 3436 pascuntur
2767 3362 2966 3433 angeli,
2998 3368 3281 3428 coetusque
3308 3367 3645 3412 sanctorum:

2306 3459 2507 3514 Christi
2539 3455 2823 3512 meditatio
2852 3454 3004 3509 cibus
3024 3460 3109 3508 est
3132 3465 3319 3506 eorum

2308 3551 2409 3617 Oui
2444 3565 2539 3620 per
2571 3549 2712 3603 viam
2746 3546 3021 3602 ambulant
3049 3544 3164 3615 ejus
3200 3541 3592 3597 mandatorum.

2256 3716 2269 3723 -
2378 3639 2590 3694 Ventris
2621 3635 2981 3692 habitaculum
3010 3633 3125 3687 Rex
3154 3646 3337 3701 regum
3374 3628 3595 3683 intravit
3630 3668 3647 3699 ι

2303 3731 2470 3801 Cujus
2501 3727 2908 3785 tabernaculum
2930 3725 3030 3781 sibi
3062 3724 3330 3779 dedicavit
3356 3740 3369 3776 :

2304 3821 2551 3877 Condens
2581 3820 2653 3874 ibi
2676 3819 2933 3889 gladium,
2962 3830 3061 3885 per
3084 3829 3243 3884 quem
3273 3814 3481 3868 hostem
3508 3810 3698 3865 stravit

2305 3917 2372 3970 Et
2402 3928 2599 3968 manna
2635 3910 3033 3973 dulcissimum,
3054 3921 3160 3976 quo
3186 3904 3371 3959 ﬁdeles
3394 3903 3556 3973 pavit.

2364 3980 2477 4059 ’⁷Γυί
2500 4017 2661 4073 sapor
2690 4000 2947 4073 germinis
2970 4006 3213 4053 nostrum
3243 4004 3325 4049 est
3356 3994 3595 4049 solamen
3625 4007 3638 4043 :

2304 4099 2408 4152 Per
2434 4107 2485 4152 te
2512 4096 2636 4151 vitae
2660 4091 2987 4163 sumpsimus
3007 4097 3222 4144 aeterna:
3250 4087 3516 4149 libamen,

2304 4191 2474 4257 Quam
2505 4187 2593 4241 det
2615 4185 2772 4239 nobis
2794 4181 3052 4235 Dominus
3074 4193 3170 4247 per
3196 4187 3346 4230 tuum
3373 4176 3617 4244 juvamen
3643 4211 3660 4237 ,

2306 4278 2407 4345 Qui
2432 4276 2564 4330 vivit
2594 4276 2645 4328 in
2668 4270 2866 4327 saecula
2897 4267 3238 4323 saeculorum.
3278 4264 3470 4319 Amen.

2430 4364 2610 4423 LXIV.
2651 4362 2732 4417 Ad
2772 4360 3004 4414 eamdem
3043 4357 3426 4411 sanctissimam
3474 4353 3754 4423 Virginem.

2237 4513 2283 4572 υ
2596 4452 2785 4507 Versus
2823 4458 3001 4503 contra
3040 4458 3238 4517 tempus
3284 4444 3594 4499 nubilosam.

2381 4548 2424 4572 ιι
2451 4544 2756 4572 ...τμη-...επεν
2818 4557 2849 4572 Α
2875 4540 3198 4572 ιιηηηςηιιη-ἶτ
3256 4538 3484 4572 haunt-inn
3513 4536 3593 4572 ιιῖρ

2381 4548 2425 4604 0
2450 4544 2756 4601 miseratrix
2774 4584 2789 4610 ,
2817 4557 2850 4597 ο
2874 4540 3224 4605 dominatrix,
3256 4538 3484 4608 przecipe
3513 4536 3649 4590 dictu
3676 4575 3691 4598 ,

2312 4640 2388 4695 Ne
2414 4639 2773 4697 devastemur,
2813 4648 2882 4687 ne
2904 4631 3204 4701 lapidemur
3231 4628 3511 4699 grandinis
3548 4628 3671 4681 ictu.

2312 4732 2403 4785 Est
2429 4729 2526 4783 tibi
2555 4726 2696 4780 latus
2722 4722 3089 4794 pontiﬁcatus,
3124 4729 3298 4774 mater
3330 4720 3398 4773 ab
3427 4733 3575 4781 aevo;

2312 4821 2452 4889 Ergo
2473 4830 2778 4886 precamur,
2803 4825 2872 4867 ne
2900 4811 3197 4864 moriamur
3227 4806 3439 4861 turbine
3466 4819 3620 4859 saevo.

2313 4909 2546 4963 Turbida
2582 4905 2684 4960 leni
2706 4944 2721 4967 ,
2755 4904 2932 4970 daque
2969 4899 3148 4954 sereni
3180 4896 3436 4964 temporis
3467 4909 3617 4949 usum
3647 4909 3658 4943 :

2313 4998 2494 5053 Redde
2518 5008 2766 5051 serenum
2791 4991 2940 5047 sidus
2969 5000 3262 5052 ammnum,
3289 4987 3432 5041 nube
3458 4985 3737 5041 reclusum.

2314 5090 2498 5161 Virgo,
2526 5102 2799 5159 ragamus,
2826 5098 2891 5139 ne
2908 5096 3202 5152 pereamus
3228 5089 3403 5151 peste,
3434 5079 3518 5134 vel
3545 5078 3659 5141 ira;

2270 5262 2275 5267 ἢ
2312 5185 2473 5239 Tetra
2496 5183 2760 5243 diescant,
2791 5186 2954 5232 atoue
2984 5176 3267 5235 quiescant
3291 5170 3504 5243 fulgura
3531 5169 3663 5223 dira.

2347 5295 2507 5351 LXV.
2550 5290 2941 5346 Paractericum
2980 5302 3189 5341 carmen
3216 5285 3280 5339 de
3307 5286 3490 5339 eadem
3521 5282 3851 5336 sanctissima

2995 5356 3223 5426 Virgine.

2315 5454 2507 5518 Scala,
2540 5454 2876 5519 thronusque
2902 5446 3031 5511 Dei,
3064 5446 3207 5498 nitor
3246 5443 3412 5503 orbis,
3437 5442 3599 5511 janua
3631 5439 3751 5493 caeli
3775 5480 3787 5493 .

2385 5547 2574 5609 Mater,
2608 5559 2705 5598 ave
2727 5539 2948 5603 Christi,
2977 5536 3122 5592 scala
3156 5537 3491 5601 thronusque
3526 5533 3648 5595 Dei;

2317 5638 2395 5693 Tn
2427 5651 2562 5690 nova
2592 5633 2745 5687 stella
2776 5632 2961 5693 maris,
2996 5643 3100 5697 qua
3124 5627 3212 5679 lux
3243 5634 3325 5678 est
3353 5623 3557 5676 reddita
3589 5622 3764 5676 terris,

2388 5731 2549 5785 Ortus
2576 5737 2627 5781 et
2656 5741 2713 5779 es
2750 5724 2901 5785 solis,
2926 5731 2981 5774 tu
3012 5734 3145 5775 nova
3176 5716 3329 5772 stella
3355 5716 3539 5767 maris.

3752 324 3870 388 ςξιθ
