4028 6168
317 392 410 449 9-“
1551 402 1856 457 samum
1898 406 1983 459 nr
2027 406 2315 463 PRECES.
3407 371 3517 435 9‘9

315 515 445 564 tium
465 510 565 578 lptS
592 512 793 577 absque
828 510 964 573 viro,
996 516 1051 561 tu
1084 509 1197 564 sola
1227 524 1490 580 puerpera
1519 512 1710 579 Virgo,
1918 523 1964 578 Α

383 600 511 665 Qua:
541 597 773 652 Verbum
797 598 961 653 verbo
984 600 1222 669 concipis
1248 602 1453 671 absque
1482 602 1619 656 viro.

312 690 537 744 Tartara
561 688 704 759 quod
731 696 996 754 metuunt,
1039 689 1195 744 tellus
1230 700 1409 760 pavet,
1439 702 1582 746 astra
1608 706 1879 757 verentur,

381 780 623 834 Pectoris
656 788 810 832 antra
836 779 1037 845 ferunt,
1073 783 1263 834 tartari
1298 783 1440 850 quod
1477 791 1739 837 metuunt.

311 870 527 940 Virgine
553 870 660 923 vita
685 870 825 924 redit
852 870 1083 936 homini,
1116 885 1274 939 quem
1305 873 1455 941 virgo
1477 873 1733 942 peremit;

377 962 521 1016 Mors
550 976 681 1017 nece
710 962 847 1016 victa
872 961 1041 1031 perit,
1070 960 1292 1033 Virgine
1320 964 1430 1019 vita
1456 965 1614 1018 redit.

304 1054 382 1108 Tu
410 1069 572 1125 super
595 1062 742 1110 astra
768 1054 903 1119 leva,
934 1054 1185 1124 petimus,
1219 1056 1360 1124 quod
1400 1057 1615 1111 subruit
1644 1057 1753 1111 Eva
1779 1074 1794 1123 ;

375 1146 467 1198 llla
493 1154 680 1215 gravat
709 1145 863 1215 culpa
880 1185 893 1209 ,
929 1154 983 1199 tu
1009 1160 1171 1214 super
1194 1153 1342 1200 astra
1364 1145 1505 1201 leva.

302 1237 485 1293 Gloria
517 1252 727 1291 summa
757 1236 925 1301 Patri,
957 1237 1151 1307 genitae
1177 1236 1247 1291 sit
1274 1236 1442 1308 gloria
1472 1237 1620 1293 Proli
1645 1278 1661 1304 ,

371 1328 614 1381 Flamine
642 1342 761 1382 cum
785 1327 968 1395 parili,
1002 1327 1170 1395 gloria
1204 1342 1415 1381 summa
1438 1327 1607 1382 Patri.
1649 1330 1841 1385 Amen.
2260 1330 2445 1394 Paule,
2484 1330 2674 1385 doctor
2700 1332 2935 1402 egregie,

497 1416 678 1471 LXVI.
723 1416 889 1472 Missa
927 1418 989 1471 de
1029 1416 1086 1471 S.
1130 1416 1345 1471 Daniele
1382 1416 1653 1486 propheta.
2193 1419 2344 1474 Tuba
2382 1421 2638 1492 clangens
2666 1422 2938 1486 Ecclesiae,

991 1504 1197 1561 Oratio.
2191 1508 2371 1565 Nubes
2398 1511 2587 1566 volans
2615 1526 2678 1566 ac
2705 1512 2960 1565 tonitrum

366 1597 531 1661 Deus,
568 1597 658 1666 qui
692 1596 929 1665 antiquis
972 1597 1214 1666 patribus
1254 1612 1403 1652 novae
1446 1598 1633 1669 gratia:
1670 1605 1874 1668 myste-
2138 1623 2151 1641 ι
2190 1599 2295 1655 Per
2324 1600 2560 1670 amplum
2593 1602 2776 1655 mundi
2805 1602 3086 1657 circulum.

299 1688 435 1741 rium
462 1687 743 1753 revelasti,
776 1696 1003 1757 praesta,
1036 1703 1378 1757 quaesumus,
1411 1697 1468 1742 ut
1499 1688 1740 1743 Ecclesia
1782 1699 1870 1742 tua
2257 1686 2423 1742 Nobis
2446 1697 2695 1757 potenter
2720 1689 2906 1743 intona

296 1779 532 1833 Danielis
556 1778 801 1834 foveatur
829 1780 1041 1835 auxiliis
1060 1822 1074 1846 ,
1099 1781 1256 1851 cujus
1275 1782 1606 1853 propheticis
1636 1790 1720 1836 est
1744 1781 1873 1836 aedi-
2188 1776 2443 1846 Ruraque
2472 1778 2651 1831 cordis
2679 1778 2872 1848 irriga;

295 1868 457 1923 licata
488 1869 768 1923 doctrinis.
803 1868 908 1923 Per
936 1870 1245 1925 Dominum.
1898 1858 1944 1915 Β
2183 1865 2436 1922 Caelestis
2459 1866 2628 1921 imbre
2656 1869 2843 1937 gratiae

715 1957 820 2028 25
852 1958 1055 2013 LXVII.
1098 1960 1217 2014 Alia
1255 1962 1444 2015 oratio.
1986 1985 1990 1989 -
2190 1956 2395 2013 Mentes
2427 1958 2700 2027 virescant
2737 1956 2920 2013 arida}.

363 2048 506 2102 Deus
530 2088 545 2112 ,
570 2048 659 2118 qui
695 2063 791 2117 per
814 2049 1095 2119 utriusque
1124 2050 1457 2106 Testamenti
1497 2058 1685 2120 patres
1708 2048 1868 2105 unius
2251 2048 2296 2105 Ο
2323 2064 2580 2119 magnum
2607 2049 2754 2103 Pauli
2785 2050 3059 2115 meritum,

291 2140 550 2194 Ecclesia:
600 2148 703 2194 llliB
748 2138 1095 2194 fundamenta
1136 2141 1423 2195 constituis
1447 2179 1461 2204 ,
1518 2140 1586 2195 da
1616 2139 1770 2194 nobis
1800 2138 1862 2191 Β.
2180 2138 2390 2194 Ctelum
2416 2139 2729 2193 conscendit
2759 2140 2995 2203 tertium,

292 2230 527 2284 Danielis
554 2228 857 2299 patrocinio
884 2228 1113 2298 pretegi,
1142 2227 1295 2296 cujus
1318 2242 1500 2283 sumus
1521 2228 1763 2297 mysticis
1782 2242 1865 2282 reo
2183 2230 2350 2283 Audit
2381 2229 2543 2283 verba
2567 2230 2829 2297 mysterii,

290 2320 649 2374 relationibus
675 2317 963 2372 salubriter
996 2318 1245 2372 instituti.
1277 2319 1378 2372 Per
1416 2317 1722 2373 Dominum.
2181 2319 2310 2385 Qum
2339 2320 2499 2375 nullis
2524 2322 2685 2375 audet
2708 2321 2906 2390 eloqui.

820 2408 1043 2463 LXVIII.
1106 2407 1336 2463 Secreta.
2253 2410 2391 2465 Dum
2422 2411 2585 2465 Verbi
2614 2412 2818 2480 spargit
2844 2411 3071 2478 semina,

358 2499 627 2570 Dcus,qui
660 2499 962 2555 Susannam
987 2514 1084 2568 per
1112 2499 1174 2556 Β.
1194 2498 1430 2553 Danielis
1448 2496 1865 2567 iudiciumlibe-
2186 2500 2353 2572 Seges
2382 2502 2557 2571 surgit
2586 2501 2893 2565 uberrima;

287 2593 443 2656 rasti,
470 2592 583 2646 haec
611 2605 833 2644 munera
862 2590 1130 2660 propitius
1162 2589 1391 2659 respice,
1418 2598 1580 2658 atque
1602 2586 1719 2656 eius
1742 2601 1863 2657 pre-
2199 2590 2290 2644 Sic
2315 2590 2438 2645 caeli
2467 2591 2677 2659 replent
2706 2590 2958 2644 horreum

286 2684 437 2739 cibus
484 2682 806 2738 venerandis
838 2682 906 2737 ab
946 2682 1091 2737 omni
1133 2695 1230 2736 nos
1257 2681 1581 2757 adversitate
1612 2679 1858 2735 defende.

287 2773 389 2829 Per
413 2771 721 2828 Dominum.

732 2857 921 2915 LXIX.
966 2859 1404 2915 Postcommunio.

356 2958 514 3019 Deus,
529 2955 619 3026 qui
648 2970 743 3025 per
767 2954 1022 3008 Habacuc
1050 2954 1368 3024 prepbetam
1392 2950 1674 3005 B.Danicli
1701 2964 1861 3017 pran-

285 3049 431 3103 dium
463 3046 770 3110 destinasti,
803 3044 917 3113 ipso
948 3044 1335 3099 interveniente
1356 3082 1370 3106 ,
1402 3041 1634 3095 concede
1663 3047 1720 3094 ut
1744 3052 1861 3108 quae

285 3141 349 3195 de
376 3138 584 3194 cmlesti
616 3151 799 3191 mensa
828 3135 1164 3205 percepimus
1208 3133 1436 3187 sinceris
1466 3130 1735 3187 mentibus
1764 3128 1862 3182 illi-

284 3231 409 3285 bata
451 3242 748 3284 servemus.
781 3224 887 3281 Per
920 3224 1225 3280 Dominum.
1888 3213 1933 3271 C

611 3317 772 3373 LXX.
815 3318 892 3372 De
931 3317 991 3372 S.
1041 3316 1247 3369 Joanne
1281 3314 1540 3383 Baptista.

283 3411 489 3467 Prmvia
522 3419 771 3466 materno
802 3410 1037 3467 Verbum
1066 3423 1168 3464 vox
1197 3407 1365 3462 sentit
1388 3407 1441 3459 in
1466 3407 1606 3459 alvo.

603 3501 787 3556 LXXI.
828 3500 906 3555 De
942 3500 1003 3555 S.
1052 3498 1208 3552 Petro
1257 3499 1509 3567 apostolo.

281 3597 491 3665 Sperne
533 3596 700 3649 maris
740 3610 952 3660 navem,
980 3591 1124 3657 coeli,
1157 3590 1333 3655 Petre,
1362 3589 1573 3658 suscipe
1609 3587 1853 3651 clavem;

283 3687 564 3744 Fluctibus
586 3695 641 3741 et
662 3686 881 3755 spretis,
910 3692 1125 3755 portum
1150 3680 1282 3737 mibi
1308 3680 1469 3734 redde
1497 3678 1724 3747 quietis,

476 3778 686 3834 LXXII.
731 3777 805 3833 De
840 3777 900 3833 S.
946 3774 1106 3830 Petro
1151 3770 1386 3843 apostolo
1430 3771 1668 3839 hymnus.

565 3871 798 3925 Senatus
824 3867 1103 3937 apostolici

496 3961 756 4031 Princeps
778 3966 833 4013 et
854 3972 1030 4026 praeco
1070 3956 1303 4018 Domini,

500 4052 690 4107 Pastor
716 4051 889 4120 prime
912 4048 1170 4110 fidelium,

491 4141 713 4199 Custodi
742 4153 957 4211 gregem
981 4136 1267 4193 creditum.

2206 516 2373 571 Veste
2397 526 2609 588 sumpta
2638 534 2757 574 eum
2780 521 2968 589 caligis

2203 609 2493 665 Patescunt
2524 611 2666 666 fores
2695 617 2950 669 carceris.

2272 698 2354 752 Sit
2392 697 2536 753 Patri
2566 699 2681 755 laus
2709 702 2964 771 ingenito,

2206 788 2289 843 Sit
2318 789 2482 845 decus
2506 788 2815 859 Unigenito,

2198 876 2281 931 Sit
2316 878 2599 947 utriusque
2620 879 2775 948 parili

2194 964 2445 1034 Maiestas
2478 982 2685 1022 summa
2708 969 2961 1024 Flamini.
2996 972 3184 1028 Amen.

2299 1056 2533 1112 LXXIII.
2572 1057 2652 1112 De
2702 1057 2762 1113 S.
2808 1058 2981 1115 Paulo
3023 1064 3273 1131 apostolo.

1984 1142 2244 1200 Melliﬂuis
2270 1161 2487 1201 omnem
2514 1147 2713 1203 Paulus
2745 1151 2883 1216 rigat
2909 1152 3173 1204 imbribus
3206 1152 3419 1207 orbem.

2050 1235 2160 1306 26
2185 1234 2420 1290 LXXIV.
2481 1236 2558 1289 De
2605 1236 2667 1291 S.
2710 1234 2880 1291 Paulo
2925 1244 3180 1309 apostolo.
3220 1241 3480 1313 Hymnus.

2173 2675 2446 2734 Bonorum
2478 2678 2661 2748 fruges
2686 2692 2930 2748 operum.

2246 2770 2497 2825 Micantis
2526 2784 2676 2825 more
2704 2756 2987 2838 lampadis,

2177 2858 2459 2913 Perfundit
2486 2859 2670 2915 orbem
2699 2859 2884 2922 radiis,

2168 2949 2347 3021 Fugat
2378 2965 2624 3005 errorum
2656 2950 2926 3015 tenebras,

2178 3044 2250 3101 Ut
2278 3043 2389 3100 sola
2427 3051 2615 3114 regnet
2638 3043 2750 3098 veri
2761 3053 2861 3099 tas.

2247 3134 2330 3190 Sit
2356 3134 2503 3188 Patri
2541 3134 2659 3189 laus
2692 3135 2949 3203 ingenito,

2176 3225 2262 3280 Sit
2294 3225 2458 3279 decus
2487 3222 2795 3292 Unigenito,

2178 3317 2263 3371 Sit
2298 3316 2577 3383 utriusque
2612 3314 2767 3383 parili

2176 3407 2433 3477 Maiestas
2460 3418 2671 3459 summa
2700 3401 2947 3455 Flamini.
2984 3415 3176 3454 nmen.

2133 3495 2345 3550 LXXV.
2384 3494 2463 3549 De
2495 3490 2553 3548 S.
2584 3494 2793 3547 Andrea
2820 3491 3075 3560 apostolo.
3108 3488 3242 3559 Itym

2242 3589 2503 3657 Captator
2535 3586 2659 3641 olim
2692 3584 2942 3655 piscium,

2181 3678 2302 3733 .lam
2332 3693 2475 3734 nunc
2503 3679 2734 3748 piscator
2764 3675 3061 3736 hominum,

2174 3766 2781 3829 Tttis,Andrea.retibus

2182 3857 2367 3913 Mundi
2393 3873 2491 3912 nos
2516 3871 2644 3925 rape
2670 3856 2937 3911 ﬂuctibus.

2242 3949 2543 4004 Germanus
2568 3946 2714 4002 Petri
2744 3961 2990 4015 corpore,

2176 4038 2286 4093 Nec
2317 4037 2506 4091 mortis
2532 4036 2715 4105 dispar
2744 4034 2967 4089 ordine:

2178 4128 2322 4195 Quos
2347 4142 2453 4181 una
2476 4140 2604 4182 caro
2631 4125 2835 4195 genuit,

564 4232 668 4287 Per
696 4245 893 4302 pascua
912 4229 1159 4292 virentia,

495 4324 602 4381 Nos
628 4324 777 4379 verbi
816 4322 968 4393 fruge
998 4336 1179 4376 recrea
1214 4340 1226 4373 :

499 4416 746 4471 Refectas
774 4428 901 4470 oves
927 4415 1157 4484 praevius

495 4505 675 4560 Caulis
706 4504 845 4559 infer
877 4503 1205 4558 coelestibus.

568 4596 825 4666 Supernae
853 4596 1031 4652 claves
1053 4596 1230 4666 ianum

502 4688 649 4753 Tibi,
676 4687 855 4752 Petre,
889 4696 1027 4763 sunt~
1045 4686 1276 4748 trudiun,

497 4780 737 4849 Tuisque
760 4787 944 4849 patent
962 4777 1170 4846 legibus

497 4872 738 4928 Terrena
760 4884 881 4924 cum
908 4866 1240 4923 etelestibus.

566 4960 646 5017 Tu
676 4968 880 5029 petram
912 4970 1054 5011 verae
1090 4954 1234 5018 fidei,

505 5052 586 5109 Tu
606 5052 777 5108 basim
805 5046 1017 5101 ardifieii

506 5144 740 5205 Fundas,
766 5141 818 5195 in
848 5153 952 5207 qua
975 5135 1238 5193 catholica

500 5233 631 5288 Fixa
654 5232 827 5302 surgit
854 5229 1114 5285 Ecclesia.

572 5322 771 5381 Umbra
796 5331 910 5385 tua,
934 5320 1058 5375 dum
1087 5318 1349 5389 graderis,

501 5412 589 5467 Fit
611 5410 873 5466 medicina
906 5409 1201 5479 languidis;

501 5501 773 5559 Textrinis
802 5514 897 5553 usa
922 5500 1147 5553 vestium

501 5594 716 5665 Sprevit
746 5592 989 5646 Tabitbce
1014 5591 1290 5645 feretrum.

579 5684 777 5740 Catena
800 5681 1035 5735 vinctum
1065 5682 1274 5749 gemina

509 5776 693 5833 Virtus
721 5772 878 5830 solvit
898 5767 1155 5839 angelica,

2177 4219 2321 4273 Crux
2354 4217 2492 4274 caelo
2522 4216 2718 4271 fratres
2746 4215 2935 4270 edidit.

2244 4307 2288 4364 Ο
2324 4321 2544 4378 germen
2575 4320 2704 4361 vere
2732 4304 2937 4359 nobile!

2182 4393 2226 4450 Ο
2252 4410 2349 4465 par
2376 4408 2577 4450 corona
2604 4393 2816 4464 gloriae!

2177 4482 2431 4539 Ecclesia:
2460 4492 2640 4553 patres
2666 4482 2761 4553 pii,

2176 4574 2364 4630 Crucis
2393 4582 2517 4628 sunt
2541 4587 2693 4641 teque
2719 4572 2834 4626 filii.

2249 4664 2330 4717 Ad
2347 4662 2534 4729 Iesum
2562 4661 2719 4715 fratri
2746 4659 2996 4730 praevius,

2183 4754 2454 4821 lndexque
2478 4753 2600 4807 vitae
2624 4758 2902 4816 strenuus,

2178 4849 2247 4901 Et
2271 4845 2427 4901 nobis
2453 4842 2809 4912 estomiseris

2178 4936 2330 4992 Beati
2364 4934 2470 5007 du;
2499 4930 2727 4987 itineris.

2246 5030 2330 5084 Sit
2353 5027 2501 5082 Patri
2532 5026 2648 5079 laus
2676 5021 2933 5095 ingenito,

2185 5120 2267 5174 Sit
2296 5119 2460 5172 decus
2492 5114 2797 5185 Unigenito,

2187 5210 2271 5265 Sit
2298 5208 2579 5276 utriusque
2608 5204 2763 5274 parili

2174 5300 2428 5366 Maiestas
2454 5310 2663 5353 summa
2687 5292 2930 5349 Flamini.
2959 5292 3149 5348 Amen.

2508 5384 2739 5440 LXXVI.
2784 5382 2997 5435 Divisio.

2244 5482 2475 5539 Andrea:
2507 5479 2701 5534 festum
2729 5477 2937 5538 colitur,

2180 5576 2296 5629 Lux
2321 5573 2467 5628 clara
2493 5573 2594 5640 piis
2619 5570 2812 5631 oritur,

2179 5667 2282 5722 Per
2309 5679 2470 5735 quem
2502 5662 2751 5718 tenebras
2780 5661 3055 5721 deserunt.

2186 5758 2265 5812 Ad
2300 5772 2485 5812 verum
2515 5756 2693 5809 lumen
2724 5764 2966 5807 redeunt.
