4028 6168
559 439 664 500 9I‘5

842 546 1041 617 [Egens
1067 543 1119 597 in
1150 535 1452 611 apostolum

781 636 975 694 Minaci
1012 631 1225 686 frendet
1256 626 1447 696 spiritu
1477 640 1489 674 :

774 732 880 788 Per
906 741 1066 798 quem
1093 721 1311 778 Achaiae
1338 716 1589 787 populum

770 819 955 877 Cernit
979 816 1059 869 ire
1087 820 1209 883 post
1228 808 1537 875 Dominum.

842 909 1022 965 Nescit
1055 906 1232 961 minas
1257 911 1571 971 pavescere,

779 999 976 1070 Nequit
1007 992 1291 1057 tormentis
1316 1001 1529 1053 cedere,

754 1084 1127 1146 Flammantis
1154 1083 1315 1141 ardor
1339 1079 1461 1143 ﬁdei

773 1180 889 1232 Non
916 1176 1083 1230 sentit
1106 1175 1214 1231 vim
1244 1169 1511 1237 supplicii.

848 1263 1040 1320 Crucis
1064 1262 1280 1317 vinctus
1308 1256 1569 1329 patibulo,

773 1356 951 1413 Laetus
980 1352 1248 1425 pendebat
1277 1350 1436 1409 biduo
1462 1366 1474 1405 :

774 1451 831 1504 In
861 1450 972 1518 ipsa
1002 1455 1177 1501 morte
1202 1443 1361 1513 positi

784 1541 921 1596 Vitae
949 1548 1135 1595 manat
1164 1535 1456 1607 eloquium.

851 1631 957 1700 2'7
988 1629 1133 1687 Luce
1160 1626 1375 1695 delapsa
1403 1621 1616 1681 coalitus

776 1722 1017 1792 Repente
1046 1715 1518 1779 circumfunditur,

798 1811 899 1878 Qui
929 1810 1007 1866 sic
1036 1809 1188 1864 obire
1214 1804 1411 1861 meruit

785 1903 948 1960 Lucis
986 1904 1273 1956 Auctorem
1305 1895 1476 1966 petiit.
1510 1936 1513 1939 .

849 1993 933 2048 Sit
960 1990 1107 2047 Patri
1137 1989 1253 2043 laus
1284 1984 1546 2056 ingenito,

780 2082 864 2141 Sit
894 2084 1059 2139 decus
1086 2077 1398 2149 Unigenito,

790 2175 875 2231 Sit
909 2173 1190 2242 utriusque
1218 2168 1373 2240 parili

785 2264 1038 2333 Maiestas
1069 2260 1279 2325 summa
1310 2255 1559 2321 Flamini.
1591 2254 1785 2310 Amen.

567 2378 823 2436 LXXVII.
856 2377 933 2433 De
967 2375 1029 2432 S.
1054 2373 1260 2431 Joanne
1289 2379 1456 2441 apost.
1485 2377 1533 2422 et
1560 2382 1742 2436 euang.
1782 2363 2041 2435 llyutntis.
2074 2363 2155 2419 Ad

1229 2457 1486 2511 uespemr.

638 2537 877 2612 Virginis
909 2536 1060 2607 virgo
1088 2532 1390 2593 venerande
1418 2537 1625 2596 custos,

640 2630 864 2701 Magnus
893 2624 1081 2681 aeterni
1112 2623 1385 2693 logotheta
1418 2620 1604 2683 Verbi,

641 2721 769 2779 Dele
798 2732 1078 2776 servorum
1108 2714 1316 2769 facinus
1344 2723 1580 2779 tuorum,

883 2810 1081 2865 Sancte
1113 2806 1372 2867 Joannes.

640 2905 721 2960 Tu
754 2911 967 2974 patrem
999 2898 1179 2954 carnis
1200 2897 1379 2953 subito
1408 2892 1688 2962 relinquis,

642 2996 842 3063 Sicque
868 2991 1146 3047 caelestem
1178 2985 1423 3055 sequeris
1456 2984 1767 3048 Parentem,

642 3084 887 3141 Piscibus
912 3079 1111 3152 spretis
1138 3077 1417 3133 hominum
1447 3073 1655 3144 juberis

923 3166 1189 3224 Claudere
1213 3163 1448 3220 turbam.
1554 3226 1555 3229 η

640 3260 814 3318 Fonte
845 3270 1203 3329 prorumpens
1230 3252 1423 3311 ﬂuvius
1450 3251 1674 3323 perenni

640 3353 828 3411 Curris
862 3350 1065 3408 arentis
1094 3347 1321 3404 satiator
1344 3345 1515 3413 orbis,

642 3443 840 3502 Hausit
865 3458 934 3500 ex
962 3441 1123 3514 pleno
1152 3438 1313 3495 modo
1346 3439 1487 3508 quod
1515 3444 1766 3508 propinat

920 3530 1152 3586 Pectore
1179 3536 1394 3598 pectus.

641 3626 726 3682 'I‘u
756 3624 921 3681 decus
949 3620 1159 3686 mundi,
1184 3620 1345 3689 jubar
1371 3626 1536 3688 atque
1564 3617 1711 3684 cmli,

642 3719 876 3789 Impetrs
900 3713 1106 3770 nostris
1133 3712 1343 3766 veniam
1375 3709 1581 3764 ruinis:

644 3810 722 3865 Da
745 3814 1142 3867 sacramentum
1166 3812 1450 3875 penetrare
1474 3816 1767 3869 summum,

922 3897 1077 3965 Quod
1094 3892 1354 3951 docuisti.

642 3989 822 4047 Patris
853 4003 1112 4045 arcanum
1151 3985 1478 4058 speculando
1512 3985 1768 4051 Verbum,

642 4082 812 4139 Tollis
836 4095 1078 4139 errorem
1110 4079 1231 4136 μάθε
1262 4094 1359 4151 per
1384 4080 1594 4146 orbem,

642 4174 752 4232 Nos
780 4177 847 4230 ad
873 4182 1136 4230 aeternam
1164 4172 1397 4241 speciem
1428 4171 1734 4237 fruendam,

929 4264 1048 4317 Dux
1075 4264 1238 4325 bone,
1272 4260 1524 4316 transfer.

640 4353 786 4409 Laus
812 4353 986 4408 honor
1014 4350 1185 4416 Patri,
1216 4349 1483 4419 parilique
1511 4349 1674 4417 Proli,

642 4442 764 4499 Una
793 4438 1071 4508 majestas,
1101 4438 1288 4493 eadem
1320 4446 1582 4507 potestas,

645 4530 780 4588 Cum
809 4528 1009 4603 quibus
1036 4537 1256 4584 sanctus
1285 4526 1445 4583 simul
1475 4526 1660 4596 implet
1684 4541 1901 4582 onmem

929 4621 1166 4693 Spiritus
1192 4620 1402 4675 orbem.
1440 4619 1631 4675 Amen.

978 4711 1262 4771 LXXVIII.
1303 4712 1385 4766 Ad
1414 4721 1755 4767 nocturnum.

855 4804 1057 4862 Fidelis
1080 4804 1234 4876 plebs
1259 4819 1381 4860 cum
1410 4803 1616 4875 angelis

730 4922 733 4923 ν
794 4898 1024 4955 Festivis
1044 4898 1271 4969 plaudat
1296 4898 1523 4967 gaudiis,

793 4990 1074 5047 Nativitati
1105 4990 1319 5046 Domini

791 5081 1041 5137 Occurrit
1074 5080 1194 5135 laus
1230 5080 1478 5151 apostoli.

860 5172 1095 5229 Dilectus
1122 5171 1213 5227 hic
1236 5186 1347 5242 prae
1376 5173 1607 5238 caneris,

780 5265 942 5337 Apud
973 5264 1285 5338 Magistrum
1312 5265 1484 5320 tenuit

785 5360 867 5417 0b
894 5358 1156 5431 virginale
1190 5358 1440 5413 meritum

787 5452 1002 5508 Amoris
1029 5450 1392 5521 privilegium.

856 5543 1044 5599 Hausit
1080 5557 1144 5597 ex
1170 5541 1378 5596 Christi
1408 5549 1625 5611 pectore

786 5635 1011 5691 Fluenta
1043 5633 1321 5705 sapientia:
1338 5652 1357 5688 ε

783 5725 919 5781 Hinc
946 5740 1076 5779 arva
1106 5723 1285 5779 cordis
1315 5723 1523 5794 irrigat,

785 5815 849 5868 Et
873 5813 1108 5870 Verbum
1135 5813 1317 5869 Patris
1340 5815 1573 5869 insonat.

1404 420 1463 478 S.
1489 414 1693 476 PETRI
1725 411 2010 472 DAMIANI
2047 413 2199 471 OPP.
2241 408 2481 471 TOMUS
2516 407 2649 466 SEU
2675 406 2855 462 PARS
2893 404 2985 462 IV.
3709 427 3809 481 ςμ

2170 537 2217 597 Α
2531 520 2665 575 lluic
2693 520 2744 574 in
2776 531 2938 573 cruce
2963 515 3171 587 positus

2458 614 2684 669 Matrem
2715 611 3057 666 commendat
3088 605 3373 672 Dominus,

2461 706 2549 761 Fit
2580 714 2752 761 mater
2778 701 2945 773 Virgo
2968 698 3186 770 virgini,

2456 798 2626 865 Quem
2656 795 2801 851 fovet
2830 793 2947 847 vice
2976 791 3091 855 filii.

2533 887 2609 941 Te
2638 883 2843 956 pronis,
2876 881 3036 946 alme,
3066 879 3342 943 cordibus,

2460 980 2592 1036 C(cli
2620 985 2862 1041 senator,
2896 974 3192 1045 poscimus,

2462 1069 2536 1125 Da
2578 1067 2731 1123 Verbi
2762 1064 2968 1129 vultum
2996 1077 3244 1125 cernere,

2458 1159 2577 1227 Quo
2604 1159 2827 1213 verbum
2855 1157 3016 1212 doces
3043 1157 3286 1209 credere.

2531 1249 2613 1307 Sit
2641 1250 2791 1305 Patri
2820 1249 2939 1305 laus
2966 1246 3224 1318 ingenito,

2462 1340 2548 1397 Sit
2572 1340 2737 1395 decus
2766 1338 3057 1407 Unigenito
3072 1377 3087 1402 ,

2463 1431 2547 1489 Sit
2573 1432 2855 1501 utriusque
2880 1430 3037 1501 parili

2466 1524 2722 1580 Maiestas
2748 1540 2958 1579 summa
2986 1523 3236 1579 Flamini.
3264 1523 3458 1579 Amen.

2739 1613 2976 1669 LXXIX.
3018 1614 3100 1677 Ad
3137 1612 3342 1668 laudes.

2530 1710 2716 1779 Magna
2745 1706 2968 1763 Joannis
2997 1707 3189 1765 merita

2473 1801 2673 1858 Sancta
2702 1809 2915 1870 promat
2940 1799 3202 1865 Ecclesia,

2184 1876 2229 1939 Β
2475 1895 2587 1966 23
2614 1894 2785 1961 Quam
2818 1893 3054 1948 tenebris
3078 1901 3328 1960 evacuat,

2468 1987 2604 2040 Vitae
2630 1984 2811 2039 verbis
2846 1984 3091 2039 irradiat.

2538 2075 2709 2145 Hujus
2732 2090 2828 2131 cor
2857 2076 2908 2129 in
2938 2074 3260 2130 sublimibus

2477 2170 2693 2225 Sanctis
2720 2171 2998 2238 suspendit
3020 2166 3278 2238 Spiritus,

2477 2262 2546 2319 Ut
2570 2260 2835 2331 profunde
2862 2259 3085 2320 latentia

2469 2351 2668 2407 Cernat
2691 2348 2798 2404 alta
2827 2348 3109 2418 mysteria.

2548 2442 2615 2498 Et
2640 2441 2731 2496 illa
2759 2440 2885 2496 felix
2916 2439 3097 2510 aquila

2468 2538 2551 2592 Ad
2578 2549 2760 2591 escam
2791 2532 2936 2589 volat
2963 2533 3118 2587 avida
3145 2574 3158 2586 .

2473 2628 2603 2696 Quae
2627 2625 2749 2682 cmli
2780 2624 2928 2680 cives
2951 2632 3188 2694 vegetat,

2476 2719 2543 2773 Et
2572 2732 2671 2773 nos
2699 2717 2754 2772 in
2784 2716 2870 2770 via
2903 2722 3134 2771 recreat.

2547 2807 2645 2862 Hic
2671 2807 2722 2860 in
2751 2806 2919 2861 choro
2946 2814 3024 2861 tot
3049 2805 3273 2859 millium

2467 2896 2767 2952 Primatum
2794 2903 2939 2949 tenet
2965 2893 3235 2965 virginum
3258 2908 3276 2961 ;

2478 2988 2566 3043 Fit
2589 2987 2742 3059 Agno
2774 2986 2851 3042 sic
2878 2987 3255 3056 pedissequns,

2473 3078 2546 3134 Ut
2576 3077 2765 3132 matris
2796 3077 3119 3132 individuus.

2549 3166 2633 3223 Sit
2672 3167 2814 3222 Patri
2847 3168 2965 3223 laus
2992 3167 3256 3239 ingenito,

2183 3233 2229 3295 (ἶ
2472 3258 2556 3313 Sit
2585 3259 2748 3313 decus
2778 3233 3088 3330 Unigenito,

2476 3347 2561 3402 Sit
2587 3347 2869 3417 utriusque
2896 3347 3053 3416 parili

2472 3438 2727 3508 Majestas
2753 3454 2964 3495 summa
2995 3439 3249 3495 Flamini.
3275 3439 3468 3497 Amen.

2328 3552 2546 3610 LXXX.
2588 3554 2756 3609 Missa
2785 3554 2838 3608 in
2871 3554 3003 3679 festa)
3033 3552 3111 3678 Si.
3132 3553 3505 3609 Bartholoma'i
3531 3552 3768 3623 apostoli.

3010 3642 3066 3677 ra
3093 3640 3163 3679 ιο.

3010 3634 3163 3679 ratio.

2328 3714 2501 3780 Deus,
2543 3715 2634 3785 qui
2670 3714 2965 3771 Ecclesiam
3002 3725 3147 3770 tuam
3190 3716 3243 3770 in
3282 3714 3591 3786 apostolicis
3635 3712 3833 3771 voluisti

2259 3808 2554 3863 consistere
2578 3808 2964 3876 fundamentis,
2990 3808 3055 3864 da
3077 3809 3254 3872 nobis,
3279 3822 3609 3879 quaasumus,
3633 3807 3691 3862 Β.
3715 3808 3835 3862 Bar-

2263 3899 2530 3955 tbolomaei
2562 3901 2813 3970 precibus
2838 3911 2892 3956 et
2923 3902 2975 3956 in
3010 3912 3157 3957 recta
3187 3903 3291 3957 fide
3317 3902 3638 3973 persistere,
3663 3911 3716 3956 et
3744 3900 3835 3972 piis

2259 4006 2474 4063 Semper
2497 3992 2751 4062 operibus
2780 3994 3077 4050 abundare.
3112 3993 3215 4050 Per
3244 3994 3548 4050 Dominum.

2931 4085 3171 4143 LXXXI.

2329 4175 2593 4233 Precibus
2635 4175 2697 4230 Β.
2740 4176 3117 4234 Bartholomaei
3166 4176 3393 4248 apostoli
3437 4176 3544 4241 tui,
3586 4176 3836 4237 Domine,

2260 4280 2600 4335 quaesumus,
2650 4267 2754 4322 hoc
2796 4267 2890 4321 tibi
2940 4282 3136 4323 munus
3195 4267 3436 4323 oblatum
3485 4265 3645 4321 vitale
3691 4266 3839 4320 nobis

2259 4356 2461 4428 perfice
2489 4367 2908 4414 sacramentum.
2937 4357 3062 4413 Per.

2938 4445 3199 4502 LXXXII.

2185 4576 2237 4638 Β
2332 4537 2682 4606 Quaesumus,
2713 4538 3055 4609 omnipotens
3081 4536 3247 4602 Deus,
3274 4543 3334 4591 ut
3361 4538 3561 4592 donum
3595 4534 3837 4594 cmleste.

2264 4630 2408 4699 quod
2436 4629 2786 4700 sumpsimus,
2815 4629 3186 4685 intercedente
3207 4628 3270 4684 Β.
3298 4628 3693 4685 Bartholomzro
3715 4642 3839 4697 apo-

2264 4719 2404 4776 stolo
2440 4730 2570 4787 tuo,
2616 4736 2723 4775 non
2760 4721 2917 4776 nobis
2959 4721 3026 4776 ad
3065 4720 3327 4789 judicium
3355 4760 3371 4786 ,
3417 4722 3512 4776 sed
3554 4719 3618 4774 ad
3660 4719 3843 4775 salutis

2264 4819 2481 4868 acterna:
2518 4813 2800 4883 proveniat
2838 4812 3255 4869 incrementum.
3294 4812 3418 4868 Per.

2912 4901 3193 4958 LXXXIII.

2335 4998 2435 5065 Da,
2464 5012 2791 5069 quaesumus,
2824 4997 3078 5053 Ecclesiae
3103 5004 3225 5061 tuae,
3260 4995 3569 5052 misericors
3594 4994 3761 5059 Deus,
3791 5006 3842 5049 ut

2264 5105 2387 5161 qum
2423 5089 2487 5143 Β.
2517 5087 2898 5144 Bartltolomtei
2935 5086 3161 5158 apostoli
3206 5085 3283 5141 tui
3325 5095 3407 5141 est
3446 5084 3703 5141 aedificata
3733 5085 3842 5140 -ὐοο

2264 5180 2473 5245 ctrinis,
2504 5178 2621 5247 ejus
2644 5179 2807 5234 etiam
2837 5177 3110 5234 continuis
3146 5185 3459 5256 protegatur
3482 5173 3716 5231 auxiliis.
3744 5173 3843 5230 Per

2265 5268 2572 5326 Dominum.

2911 5356 3192 5415 LXXXIV.

2334 5450 2602 5515 Concede.
2626 5466 2960 5522 quaesumus,
2980 5451 3325 5521 omnipotens
3347 5455 3508 5515 Deus,
3529 5456 3588 5502 nt
3606 5450 3843 5504 Ecclesia

2262 5551 2364 5595 tua
2388 5541 2449 5593 Β.
2486 5540 2865 5599 Bartholomtei
2898 5541 3125 5611 apostoli
3159 5541 3394 5612 gaudeat
3419 5538 3633 5594 suffulta
3663 5540 3846 5608 pmi-

2261 5632 2387 5698 diis,
2404 5631 2555 5701 cujus
2576 5632 2738 5686 etiam
2763 5632 3061 5704 magnificis
3080 5630 3406 5686 informatur
3428 5627 3708 5698 exemplis.
3726 5627 3844 5683 Per.

2917 5723 3159 5779 LXXXV

2324 5814 2663 5883 Quaesumus,
2704 5817 3045 5886 omnipotens
3084 5816 3246 5882 Deus,
3280 5823 3339 5870 ut
3370 5813 3429 5869 Β.
3464 5812 3841 5868 Bartholommi
