  <div class='ocr_page' id='page_1' title='image "/cluster/home/n/w/nwhite01/storage/ocr_20150623/145/hvd.32044048207542/480.png"; bbox 0 0 4028 6168; ppageno 0'>
   <div class='ocr_carea' id='block_1_1' title="bbox 327 215 434 272">
    <p class='ocr_par' dir='ltr' id='par_1_1' title="bbox 327 215 434 272">
     <span class='ocr_line' id='line_1_1' title="bbox 327 215 434 272; baseline 0.009 -1"><span class='ocrx_word' id='word_1_1' title='bbox 327 215 434 272; x_wconf 73' lang='grc' dir='ltr'><strong>9ιὸ</strong></span> 
     </span>
    </p>
   </div>
   <div class='ocr_carea' id='block_1_2' title="bbox 1577 221 2338 288">
    <p class='ocr_par' dir='ltr' id='par_1_2' title="bbox 1577 221 2338 288">
     <span class='ocr_line' id='line_1_2' title="bbox 1577 221 2338 288; baseline 0.014 -10"><span class='ocrx_word' id='word_1_2' title='bbox 1577 221 1883 281; x_wconf 74' lang='lat' dir='ltr'><strong>CARMINA</strong></span> <span class='ocrx_word' id='word_1_3' title='bbox 1925 226 2014 283; x_wconf 82' lang='lat' dir='ltr'><strong>ET</strong></span> <span class='ocrx_word' id='word_1_4' title='bbox 2054 229 2140 285; x_wconf 80' lang='lat' dir='ltr'><strong>PR</strong></span> <span class='ocrx_word' id='word_1_5' title='bbox 2150 225 2338 288; x_wconf 79' lang='lat' dir='ltr'><strong>ECES.</strong></span> 
     </span>
    </p>
   </div>
   <div class='ocr_carea' id='block_1_3' title="bbox 3487 240 3595 296">
    <p class='ocr_par' dir='ltr' id='par_1_3' title="bbox 3487 240 3595 296">
     <span class='ocr_line' id='line_1_3' title="bbox 3487 240 3595 296; baseline 0 -1"><span class='ocrx_word' id='word_1_6' title='bbox 3487 240 3595 296; x_wconf 67' lang='grc'>966</span> 
     </span>
    </p>
   </div>
   <div class='ocr_carea' id='block_1_4' title="bbox 328 327 3503 415">
    <p class='ocr_par' dir='ltr' id='par_1_4' title="bbox 328 327 3503 415">
     <span class='ocr_line' id='line_1_4' title="bbox 328 327 3503 415; baseline 0.006 -33"><span class='ocrx_word' id='word_1_7' title='bbox 328 327 560 398; x_wconf 76' lang='lat' dir='ltr'><strong>apostoli</strong></span> <span class='ocrx_word' id='word_1_8' title='bbox 603 327 675 383; x_wconf 93' lang='lat' dir='ltr'><strong>tui</strong></span> <span class='ocrx_word' id='word_1_9' title='bbox 716 344 993 400; x_wconf 86' lang='lat' dir='ltr'><strong>nunquam</strong></span> <span class='ocrx_word' id='word_1_10' title='bbox 1039 329 1196 388; x_wconf 91' lang='lat' dir='ltr'><strong>nobis</strong></span> <span class='ocrx_word' id='word_1_11' title='bbox 1233 331 1375 388; x_wconf 87' lang='lat' dir='ltr'><strong>desit</strong></span> <span class='ocrx_word' id='word_1_12' title='bbox 1416 331 1675 390; x_wconf 77' lang='lat' dir='ltr'><strong>auxilium</strong></span> <span class='ocrx_word' id='word_1_13' title='bbox 1698 373 1714 399; x_wconf 92' lang='lat'><strong>,</strong></span> <span class='ocrx_word' id='word_1_14' title='bbox 1759 334 1915 405; x_wconf 87' lang='lat' dir='ltr'><strong>cujus</strong></span> <span class='ocrx_word' id='word_1_15' title='bbox 1942 341 1990 400; x_wconf 81' lang='grc' dir='ltr'>Α</span> <span class='ocrx_word' id='word_1_16' title='bbox 2018 339 2218 397; x_wconf 83' lang='lat' dir='ltr'><strong>Lector</strong></span> <span class='ocrx_word' id='word_1_17' title='bbox 2248 339 2578 413; x_wconf 83' lang='lat' dir='ltr'><strong>apostolicas</strong></span> <span class='ocrx_word' id='word_1_18' title='bbox 2604 342 2744 398; x_wconf 88' lang='lat' dir='ltr'><strong>bene</strong></span> <span class='ocrx_word' id='word_1_19' title='bbox 2767 344 3004 414; x_wconf 86' lang='lat' dir='ltr'><strong>prudens</strong></span> <span class='ocrx_word' id='word_1_20' title='bbox 3028 342 3248 415; x_wconf 78' lang='lat' dir='ltr'><strong>perlege</strong></span> <span class='ocrx_word' id='word_1_21' title='bbox 3269 345 3503 414; x_wconf 80' lang='lat' dir='ltr'><strong>palmas,</strong></span> 
     </span>
    </p>
   </div>
   <div class='ocr_carea' id='block_1_5' title="bbox 327 419 1914 489">
    <p class='ocr_par' dir='ltr' id='par_1_5' title="bbox 327 419 1914 489">
     <span class='ocr_line' id='line_1_5' title="bbox 327 419 1914 489; baseline 0.009 -18"><span class='ocrx_word' id='word_1_22' title='bbox 327 419 569 489; x_wconf 89' lang='lat' dir='ltr'><strong>quotidie</strong></span> <span class='ocrx_word' id='word_1_23' title='bbox 601 434 707 474; x_wconf 93' lang='lat' dir='ltr'><strong>non</strong></span> <span class='ocrx_word' id='word_1_24' title='bbox 735 435 1010 478; x_wconf 80' lang='lat' dir='ltr'><strong>cessamus</strong></span> <span class='ocrx_word' id='word_1_25' title='bbox 1035 423 1395 480; x_wconf 87' lang='lat' dir='ltr'><strong>venerabilem</strong></span> <span class='ocrx_word' id='word_1_26' title='bbox 1425 424 1696 483; x_wconf 86' lang='lat' dir='ltr'><strong>honorare</strong></span> <span class='ocrx_word' id='word_1_27' title='bbox 1727 427 1914 484; x_wconf 84' lang='lat' dir='ltr'><strong>trium-</strong></span> 
     </span>
    </p>
   </div>
   <div class='ocr_carea' id='block_1_6' title="bbox 329 509 670 578">
    <p class='ocr_par' dir='ltr' id='par_1_6' title="bbox 329 509 670 578">
     <span class='ocr_line' id='line_1_6' title="bbox 329 509 670 578; baseline 0.012 -17"><span class='ocrx_word' id='word_1_28' title='bbox 329 511 517 578; x_wconf 84' lang='lat' dir='ltr'><strong>phum.</strong></span> <span class='ocrx_word' id='word_1_29' title='bbox 547 509 670 565; x_wconf 84' lang='lat' dir='ltr'><strong>Per.</strong></span> 
     </span>
    </p>
   </div>
   <div class='ocr_carea' id='block_1_7' title="bbox 333 620 1912 751">
    <p class='ocr_par' dir='ltr' id='par_1_7' title="bbox 333 620 1912 751">
     <span class='ocr_line' id='line_1_7' title="bbox 333 620 1912 751; baseline 0.006 -77"><span class='ocrx_word' id='word_1_30' title='bbox 333 620 613 676; x_wconf 71' lang='lat' dir='ltr'><strong>LXXXVI.</strong></span> <span class='ocrx_word' id='word_1_31' title='bbox 653 622 819 679; x_wconf 75' lang='lat' dir='ltr'><strong>Missa</strong></span> <span class='ocrx_word' id='word_1_32' title='bbox 850 624 905 679; x_wconf 80' lang='lat' dir='ltr'><strong>in</strong></span> <span class='ocrx_word' id='word_1_33' title='bbox 929 625 1272 751; x_wconf 52' lang='grc' dir='ltr'><strong>ιτανὲιαέξοηε</strong></span> <span class='ocrx_word' id='word_1_34' title='bbox 1311 625 1368 682; x_wconf 86' lang='lat' dir='ltr'><strong>S.</strong></span> <span class='ocrx_word' id='word_1_35' title='bbox 1403 624 1644 684; x_wconf 68' lang='lat' dir='ltr'><strong>Hattﬁa&#39;i</strong></span> <span class='ocrx_word' id='word_1_36' title='bbox 1671 630 1912 702; x_wconf 80' lang='lat' dir='ltr'><strong>apostoli.</strong></span> 
     </span>
     <span class='ocr_line' id='line_1_8' title="bbox 1070 713 1225 750; baseline 0.006 -1"><span class='ocrx_word' id='word_1_37' title='bbox 1070 713 1128 750; x_wconf 85' lang='lat' dir='ltr'><strong>ra</strong></span> <span class='ocrx_word' id='word_1_38' title='bbox 1153 713 1225 750; x_wconf 77' lang='lat' dir='ltr'><strong>to.</strong></span> 
     </span>
    </p>
   </div>
   <div class='ocr_carea' id='block_1_8' title="bbox 1070 713 1225 750">
    <p class='ocr_par' dir='ltr' id='par_1_8' title="bbox 1070 713 1225 750">
     <span class='ocr_line' id='line_1_9' title="bbox 1070 713 1225 750; baseline 0.006 -1"><span class='ocrx_word' id='word_1_39' title='bbox 1070 713 1225 750; x_wconf 74' lang='lat' dir='ltr'><strong>ratio.</strong></span> 
     </span>
    </p>
   </div>
   <div class='ocr_carea' id='block_1_9' title="bbox 401 778 1916 860">
    <p class='ocr_par' dir='ltr' id='par_1_9' title="bbox 401 778 1916 860">
     <span class='ocr_line' id='line_1_10' title="bbox 401 778 1916 860; baseline 0.007 -26"><span class='ocrx_word' id='word_1_40' title='bbox 401 778 568 846; x_wconf 81' lang='lat' dir='ltr'><strong>Deus,</strong></span> <span class='ocrx_word' id='word_1_41' title='bbox 596 779 751 850; x_wconf 83' lang='lat' dir='ltr'><strong>cujus</strong></span> <span class='ocrx_word' id='word_1_42' title='bbox 779 790 912 839; x_wconf 90' lang='lat' dir='ltr'><strong>nutu</strong></span> <span class='ocrx_word' id='word_1_43' title='bbox 960 799 1060 854; x_wconf 88' lang='lat' dir='ltr'><strong>per</strong></span> <span class='ocrx_word' id='word_1_44' title='bbox 1095 785 1307 842; x_wconf 87' lang='lat' dir='ltr'><strong>diversa</strong></span> <span class='ocrx_word' id='word_1_45' title='bbox 1341 794 1611 843; x_wconf 84' lang='lat' dir='ltr'><strong>terrarum</strong></span> <span class='ocrx_word' id='word_1_46' title='bbox 1653 788 1768 844; x_wconf 70' lang='lat' dir='ltr'><strong>loca</strong></span> <span class='ocrx_word' id='word_1_47' title='bbox 1800 789 1916 860; x_wconf 90' lang='lat' dir='ltr'><strong>ipsa</strong></span> 
     </span>
    </p>
   </div>
   <div class='ocr_carea' id='block_1_10' title="bbox 331 879 1914 950">
    <p class='ocr_par' dir='ltr' id='par_1_10' title="bbox 331 879 1914 950">
     <span class='ocr_line' id='line_1_11' title="bbox 331 879 1914 950; baseline 0.008 -24"><span class='ocrx_word' id='word_1_48' title='bbox 331 887 548 942; x_wconf 87' lang='lat' dir='ltr'><strong>quoque</strong></span> <span class='ocrx_word' id='word_1_49' title='bbox 599 882 913 931; x_wconf 88' lang='lat' dir='ltr'><strong>sanctorum</strong></span> <span class='ocrx_word' id='word_1_50' title='bbox 964 891 1198 948; x_wconf 82' lang='lat' dir='ltr'><strong>corpora</strong></span> <span class='ocrx_word' id='word_1_51' title='bbox 1248 879 1638 950; x_wconf 85' lang='lat' dir='ltr'><strong>disponuntur,</strong></span> <span class='ocrx_word' id='word_1_52' title='bbox 1695 883 1914 950; x_wconf 84' lang='lat' dir='ltr'><strong>tribue,</strong></span> 
     </span>
    </p>
   </div>
   <div class='ocr_carea' id='block_1_11' title="bbox 328 966 1912 1040">
    <p class='ocr_par' dir='ltr' id='par_1_11' title="bbox 328 966 1912 1040">
     <span class='ocr_line' id='line_1_12' title="bbox 328 966 1912 1040; baseline 0.009 -26"><span class='ocrx_word' id='word_1_53' title='bbox 328 975 671 1030; x_wconf 61' lang='lat' dir='ltr'><strong>qumumus,</strong></span> <span class='ocrx_word' id='word_1_54' title='bbox 713 973 771 1020; x_wconf 92' lang='lat' dir='ltr'><strong>ut</strong></span> <span class='ocrx_word' id='word_1_55' title='bbox 800 966 892 1035; x_wconf 91' lang='lat' dir='ltr'><strong>qui</strong></span> <span class='ocrx_word' id='word_1_56' title='bbox 930 967 990 1021; x_wconf 88' lang='lat' dir='ltr'><strong>B.</strong></span> <span class='ocrx_word' id='word_1_57' title='bbox 1025 967 1260 1025; x_wconf 67' lang='lat' dir='ltr'><strong>Matthazi</strong></span> <span class='ocrx_word' id='word_1_58' title='bbox 1293 971 1524 1040; x_wconf 76' lang='lat' dir='ltr'><strong>apostoli</strong></span> <span class='ocrx_word' id='word_1_59' title='bbox 1564 973 1642 1028; x_wconf 81' lang='lat' dir='ltr'><strong>tui</strong></span> <span class='ocrx_word' id='word_1_60' title='bbox 1678 974 1912 1030; x_wconf 79' lang='lat' dir='ltr'><strong>transla-</strong></span> 
     </span>
    </p>
   </div>
   <div class='ocr_carea' id='block_1_12' title="bbox 333 1050 1916 1136">
    <p class='ocr_par' dir='ltr' id='par_1_12' title="bbox 333 1050 1916 1136">
     <span class='ocr_line' id='line_1_13' title="bbox 333 1050 1916 1136; baseline 0.013 -34"><span class='ocrx_word' id='word_1_61' title='bbox 333 1050 530 1106; x_wconf 89' lang='lat' dir='ltr'><strong>tionem</strong></span> <span class='ocrx_word' id='word_1_62' title='bbox 560 1053 808 1120; x_wconf 89' lang='lat' dir='ltr'><strong>colimus,</strong></span> <span class='ocrx_word' id='word_1_63' title='bbox 838 1057 943 1126; x_wconf 85' lang='lat' dir='ltr'><strong>ipsi</strong></span> <span class='ocrx_word' id='word_1_64' title='bbox 966 1058 1130 1122; x_wconf 84' lang='lat' dir='ltr'><strong>etiam</strong></span> <span class='ocrx_word' id='word_1_65' title='bbox 1156 1075 1186 1114; x_wconf 89' lang='lat' dir='ltr'><strong>a</strong></span> <span class='ocrx_word' id='word_1_66' title='bbox 1211 1061 1482 1130; x_wconf 80' lang='lat' dir='ltr'><strong>pravitate</strong></span> <span class='ocrx_word' id='word_1_67' title='bbox 1518 1072 1706 1121; x_wconf 80' lang='lat' dir='ltr'><strong>nostra</strong></span> <span class='ocrx_word' id='word_1_68' title='bbox 1731 1065 1799 1123; x_wconf 69' lang='lat' dir='ltr'><strong>ad</strong></span> <span class='ocrx_word' id='word_1_69' title='bbox 1830 1066 1916 1136; x_wconf 87' lang='lat' dir='ltr'><strong>pie</strong></span> 
     </span>
    </p>
   </div>
   <div class='ocr_carea' id='block_1_13' title="bbox 333 1147 1556 1215">
    <p class='ocr_par' dir='ltr' id='par_1_13' title="bbox 333 1147 1556 1215">
     <span class='ocr_line' id='line_1_14' title="bbox 333 1147 1556 1215; baseline 0.011 -15"><span class='ocrx_word' id='word_1_70' title='bbox 333 1147 540 1204; x_wconf 75' lang='lat' dir='ltr'><strong>vivendi</strong></span> <span class='ocrx_word' id='word_1_71' title='bbox 571 1150 952 1207; x_wconf 87' lang='lat' dir='ltr'><strong>rectitudinem</strong></span> <span class='ocrx_word' id='word_1_72' title='bbox 982 1154 1400 1214; x_wconf 80' lang='lat' dir='ltr'><strong>transferamur.</strong></span> <span class='ocrx_word' id='word_1_73' title='bbox 1431 1156 1556 1215; x_wconf 88' lang='lat' dir='ltr'><strong>Per.</strong></span> 
     </span>
    </p>
   </div>
   <div class='ocr_carea' id='block_1_14' title="bbox 895 1243 1348 1315">
    <p class='ocr_par' dir='ltr' id='par_1_14' title="bbox 895 1243 1348 1315">
     <span class='ocr_line' id='line_1_15' title="bbox 895 1243 1348 1315; baseline 0.009 -17"><span class='ocrx_word' id='word_1_74' title='bbox 895 1243 1007 1315; x_wconf 71' lang='lat'><strong>29</strong></span> <span class='ocrx_word' id='word_1_75' title='bbox 1043 1245 1348 1302; x_wconf 79' lang='lat' dir='ltr'><strong>Lxxxvn.</strong></span> 
     </span>
    </p>
   </div>
   <div class='ocr_carea' id='block_1_15' title="bbox 401 1329 1912 1405">
    <p class='ocr_par' dir='ltr' id='par_1_15' title="bbox 401 1329 1912 1405">
     <span class='ocr_line' id='line_1_16' title="bbox 401 1329 1912 1405; baseline 0.009 -20"><span class='ocrx_word' id='word_1_76' title='bbox 401 1329 528 1387; x_wconf 69' lang='lat' dir='ltr'><strong>Haec</strong></span> <span class='ocrx_word' id='word_1_77' title='bbox 574 1332 772 1400; x_wconf 86' lang='lat' dir='ltr'><strong>hostia,</strong></span> <span class='ocrx_word' id='word_1_78' title='bbox 822 1350 1156 1405; x_wconf 66' lang='lat' dir='ltr'><strong>quaasumus,</strong></span> <span class='ocrx_word' id='word_1_79' title='bbox 1203 1339 1447 1403; x_wconf 85' lang='lat' dir='ltr'><strong>Domine,</strong></span> <span class='ocrx_word' id='word_1_80' title='bbox 1491 1340 1704 1396; x_wconf 73' lang='lat' dir='ltr'><strong>vincula</strong></span> <span class='ocrx_word' id='word_1_81' title='bbox 1743 1343 1912 1398; x_wconf 83' lang='lat' dir='ltr'><strong>nostri</strong></span> 
     </span>
    </p>
   </div>
   <div class='ocr_carea' id='block_1_16' title="bbox 328 1427 1916 1505">
    <p class='ocr_par' dir='ltr' id='par_1_16' title="bbox 328 1427 1916 1505">
     <span class='ocr_line' id='line_1_17' title="bbox 328 1427 1916 1505; baseline 0.009 -28"><span class='ocrx_word' id='word_1_82' title='bbox 328 1434 512 1480; x_wconf 86' lang='lat' dir='ltr'><strong>reatus</strong></span> <span class='ocrx_word' id='word_1_83' title='bbox 539 1427 807 1494; x_wconf 83' lang='lat' dir='ltr'><strong>absolvat,</strong></span> <span class='ocrx_word' id='word_1_84' title='bbox 836 1438 892 1483; x_wconf 92' lang='lat' dir='ltr'><strong>et</strong></span> <span class='ocrx_word' id='word_1_85' title='bbox 921 1430 1286 1488; x_wconf 66' lang='lat' dir='ltr'><strong>intercedente</strong></span> <span class='ocrx_word' id='word_1_86' title='bbox 1309 1432 1372 1487; x_wconf 87' lang='grc' dir='ltr'><strong>Β.</strong></span> <span class='ocrx_word' id='word_1_87' title='bbox 1397 1432 1646 1490; x_wconf 66' lang='lat' dir='ltr'><strong>Mattliteo</strong></span> <span class='ocrx_word' id='word_1_88' title='bbox 1672 1436 1916 1505; x_wconf 85' lang='lat' dir='ltr'><strong>apostolo</strong></span> 
     </span>
    </p>
   </div>
   <div class='ocr_carea' id='block_1_17' title="bbox 327 1516 1781 1593">
    <p class='ocr_par' dir='ltr' id='par_1_17' title="bbox 327 1516 1781 1593">
     <span class='ocr_line' id='line_1_18' title="bbox 327 1516 1781 1593; baseline 0.007 -23"><span class='ocrx_word' id='word_1_89' title='bbox 327 1521 424 1571; x_wconf 88' lang='lat' dir='ltr'><strong>tuo</strong></span> <span class='ocrx_word' id='word_1_90' title='bbox 453 1516 651 1572; x_wconf 92' lang='lat' dir='ltr'><strong>donum</strong></span> <span class='ocrx_word' id='word_1_91' title='bbox 683 1518 837 1574; x_wconf 89' lang='lat' dir='ltr'><strong>nobis</strong></span> <span class='ocrx_word' id='word_1_92' title='bbox 869 1522 1057 1591; x_wconf 80' lang='lat' dir='ltr'><strong>gratiae</strong></span> <span class='ocrx_word' id='word_1_93' title='bbox 1090 1520 1324 1577; x_wconf 55' lang='lat' dir='ltr'><strong>calestis</strong></span> <span class='ocrx_word' id='word_1_94' title='bbox 1356 1523 1625 1593; x_wconf 83' lang='lat' dir='ltr'><strong>acquirat.</strong></span> <span class='ocrx_word' id='word_1_95' title='bbox 1655 1525 1781 1580; x_wconf 86' lang='lat' dir='ltr'><strong>Per.</strong></span> 
     </span>
    </p>
   </div>
   <div class='ocr_carea' id='block_1_18' title="bbox 939 1603 1660 1669">
    <p class='ocr_par' dir='ltr' id='par_1_18' title="bbox 939 1603 1660 1669">
     <span class='ocr_line' id='line_1_19' title="bbox 939 1603 1660 1669; baseline 0.004 -2"><span class='ocrx_word' id='word_1_96' title='bbox 939 1611 1266 1669; x_wconf 76' lang='lat' dir='ltr'><strong>LXXXVIII.</strong></span> <span class='ocrx_word' id='word_1_97' title='bbox 1655 1603 1660 1608; x_wconf 50' lang='grc'><em>’</em></span> 
     </span>
    </p>
   </div>
   <div class='ocr_carea' id='block_1_19' title="bbox 2086 432 3364 503">
    <p class='ocr_par' dir='ltr' id='par_1_19' title="bbox 2086 432 3364 503">
     <span class='ocr_line' id='line_1_20' title="bbox 2086 432 3364 503; baseline 0.002 -14"><span class='ocrx_word' id='word_1_98' title='bbox 2086 432 2322 489; x_wconf 80' lang='lat' dir='ltr'><strong>Credere</strong></span> <span class='ocrx_word' id='word_1_99' title='bbox 2358 447 2426 488; x_wconf 90' lang='lat' dir='ltr'><strong>ne</strong></span> <span class='ocrx_word' id='word_1_100' title='bbox 2450 432 2664 489; x_wconf 84' lang='lat' dir='ltr'><strong>dubites</strong></span> <span class='ocrx_word' id='word_1_101' title='bbox 2693 439 2830 503; x_wconf 86' lang='lat' dir='ltr'><strong>quas</strong></span> <span class='ocrx_word' id='word_1_102' title='bbox 2860 439 3010 490; x_wconf 85' lang='lat' dir='ltr'><strong>tenet</strong></span> <span class='ocrx_word' id='word_1_103' title='bbox 3038 434 3182 488; x_wconf 75' lang='lat' dir='ltr'><strong>alma</strong></span> <span class='ocrx_word' id='word_1_104' title='bbox 3209 434 3364 491; x_wconf 75' lang='lat' dir='ltr'><strong>ﬁdes.</strong></span> 
     </span>
    </p>
   </div>
   <div class='ocr_carea' id='block_1_20' title="bbox 2016 521 3178 596">
    <p class='ocr_par' dir='ltr' id='par_1_20' title="bbox 2016 521 3178 596">
     <span class='ocr_line' id='line_1_21' title="bbox 2016 521 3178 596; baseline 0.002 -18"><span class='ocrx_word' id='word_1_105' title='bbox 2016 521 2244 579; x_wconf 84' lang='lat' dir='ltr'><strong>Istorum</strong></span> <span class='ocrx_word' id='word_1_106' title='bbox 2269 523 2407 580; x_wconf 78' lang='lat' dir='ltr'><strong>lines</strong></span> <span class='ocrx_word' id='word_1_107' title='bbox 2430 525 2624 592; x_wconf 86' lang='lat' dir='ltr'><strong>nescit,</strong></span> <span class='ocrx_word' id='word_1_108' title='bbox 2651 523 2746 594; x_wconf 78' lang='lat' dir='ltr'><strong>qui</strong></span> <span class='ocrx_word' id='word_1_109' title='bbox 2772 523 2997 596; x_wconf 79' lang='lat' dir='ltr'><strong>negligit</strong></span> <span class='ocrx_word' id='word_1_110' title='bbox 3023 525 3178 589; x_wconf 81' lang='lat' dir='ltr'><strong>istos,</strong></span> 
     </span>
    </p>
   </div>
   <div class='ocr_carea' id='block_1_21' title="bbox 2087 615 3226 689">
    <p class='ocr_par' dir='ltr' id='par_1_21' title="bbox 2087 615 3226 689">
     <span class='ocr_line' id='line_1_22' title="bbox 2087 615 3226 689; baseline 0.001 -18"><span class='ocrx_word' id='word_1_111' title='bbox 2087 615 2333 684; x_wconf 79' lang='lat' dir='ltr'><strong>Qualiter</strong></span> <span class='ocrx_word' id='word_1_112' title='bbox 2357 618 2597 675; x_wconf 82' lang='lat' dir='ltr'><strong>astherea</strong></span> <span class='ocrx_word' id='word_1_113' title='bbox 2629 617 2794 689; x_wconf 74' lang='lat' dir='ltr'><strong>regna</strong></span> <span class='ocrx_word' id='word_1_114' title='bbox 2827 619 2986 673; x_wconf 79' lang='lat' dir='ltr'><strong>beata</strong></span> <span class='ocrx_word' id='word_1_115' title='bbox 3021 621 3226 675; x_wconf 76' lang='lat' dir='ltr'><strong>tenent.</strong></span> 
     </span>
    </p>
   </div>
   <div class='ocr_carea' id='block_1_22' title="bbox 2016 701 3421 781">
    <p class='ocr_par' dir='ltr' id='par_1_22' title="bbox 2016 701 3421 781">
     <span class='ocr_line' id='line_1_23' title="bbox 2016 701 3421 781; baseline 0.002 -17"><span class='ocrx_word' id='word_1_116' title='bbox 2016 707 2202 764; x_wconf 63' lang='lat' dir='ltr'><strong>Castus</strong></span> <span class='ocrx_word' id='word_1_117' title='bbox 2235 709 2564 780; x_wconf 79' lang='lat' dir='ltr'><strong>apostolicus</strong></span> <span class='ocrx_word' id='word_1_118' title='bbox 2588 701 2802 766; x_wconf 77' lang='lat' dir='ltr'><strong>Domini</strong></span> <span class='ocrx_word' id='word_1_119' title='bbox 2828 716 3095 780; x_wconf 61' lang='lat' dir='ltr'><strong>praecepta</strong></span> <span class='ocrx_word' id='word_1_120' title='bbox 3124 710 3421 781; x_wconf 79' lang='lat' dir='ltr'><strong>sequendo,</strong></span> 
     </span>
    </p>
   </div>
   <div class='ocr_carea' id='block_1_23' title="bbox 2087 793 3613 871">
    <p class='ocr_par' dir='ltr' id='par_1_23' title="bbox 2087 793 3613 871">
     <span class='ocr_line' id='line_1_24' title="bbox 2087 793 3613 871; baseline 0.003 -18"><span class='ocrx_word' id='word_1_121' title='bbox 2087 798 2193 854; x_wconf 85' lang='lat' dir='ltr'><strong>Per</strong></span> <span class='ocrx_word' id='word_1_122' title='bbox 2218 799 2341 856; x_wconf 77' lang='lat' dir='ltr'><strong>ﬁdei</strong></span> <span class='ocrx_word' id='word_1_123' title='bbox 2371 801 2565 871; x_wconf 69' lang='lat' dir='ltr'><strong>dogma</strong></span> <span class='ocrx_word' id='word_1_124' title='bbox 2595 800 2780 856; x_wconf 76' lang='lat' dir='ltr'><strong>diariis</strong></span> <span class='ocrx_word' id='word_1_125' title='bbox 2809 800 2864 856; x_wconf 71' lang='lat' dir='ltr'><strong>in</strong></span> <span class='ocrx_word' id='word_1_126' title='bbox 2895 808 3025 857; x_wconf 67' lang='lat' dir='ltr'><strong>sise</strong></span> <span class='ocrx_word' id='word_1_127' title='bbox 3052 793 3206 856; x_wconf 81' lang='lat' dir='ltr'><strong>nitet.</strong></span> <span class='ocrx_word' id='word_1_128' title='bbox 3611 845 3613 848; x_wconf 36' lang='grc'>‹</span> 
     </span>
    </p>
   </div>
   <div class='ocr_carea' id='block_1_24' title="bbox 2015 883 3568 963">
    <p class='ocr_par' dir='ltr' id='par_1_24' title="bbox 2015 883 3568 963">
     <span class='ocr_line' id='line_1_25' title="bbox 2015 883 3568 963; baseline 0.002 -17"><span class='ocrx_word' id='word_1_129' title='bbox 2015 889 2124 962; x_wconf 79' lang='lat'><strong>30</strong></span> <span class='ocrx_word' id='word_1_130' title='bbox 2160 890 2258 947; x_wconf 78' lang='lat' dir='ltr'><strong>llic</strong></span> <span class='ocrx_word' id='word_1_131' title='bbox 2287 883 2462 947; x_wconf 73' lang='lat' dir='ltr'><strong>codex</strong></span> <span class='ocrx_word' id='word_1_132' title='bbox 2489 893 2689 949; x_wconf 78' lang='lat' dir='ltr'><strong>reti-net</strong></span> <span class='ocrx_word' id='word_1_133' title='bbox 2715 884 2955 959; x_wconf 78' lang='lat' dir='ltr'><strong>Petrum,</strong></span> <span class='ocrx_word' id='word_1_134' title='bbox 2987 891 3327 963; x_wconf 80' lang='lat' dir='ltr'><strong>Paulumque</strong></span> <span class='ocrx_word' id='word_1_135' title='bbox 3353 893 3568 962; x_wconf 83' lang='lat' dir='ltr'><strong>beatos,</strong></span> 
     </span>
    </p>
   </div>
   <div class='ocr_carea' id='block_1_25' title="bbox 2087 981 3596 1054">
    <p class='ocr_par' dir='ltr' id='par_1_25' title="bbox 2087 981 3596 1054">
     <span class='ocr_line' id='line_1_26' title="bbox 2087 981 3596 1054; baseline 0.001 -17"><span class='ocrx_word' id='word_1_136' title='bbox 2087 981 2155 1037; x_wconf 89' lang='lat' dir='ltr'><strong>Et</strong></span> <span class='ocrx_word' id='word_1_137' title='bbox 2179 982 2423 1053; x_wconf 84' lang='lat' dir='ltr'><strong>geminos</strong></span> <span class='ocrx_word' id='word_1_138' title='bbox 2441 982 2695 1050; x_wconf 66' lang='lat' dir='ltr'><strong>Jaeottos,</strong></span> <span class='ocrx_word' id='word_1_139' title='bbox 2727 983 3596 1054; x_wconf 58' lang='lat' dir='ltr'><strong>Ba‘rtliOIOmeumque’Thomam,</strong></span> 
     </span>
    </p>
   </div>
   <div class='ocr_carea' id='block_1_26' title="bbox 2015 1071 3599 1145">
    <p class='ocr_par' dir='ltr' id='par_1_26' title="bbox 2015 1071 3599 1145">
     <span class='ocr_line' id='line_1_27' title="bbox 2015 1071 3599 1145; baseline 0.001 -20"><span class='ocrx_word' id='word_1_140' title='bbox 2015 1071 2290 1127; x_wconf 83' lang='lat' dir='ltr'><strong>Andream</strong></span> <span class='ocrx_word' id='word_1_141' title='bbox 2321 1073 2594 1144; x_wconf 76' lang='lat' dir='ltr'><strong>sanctum,</strong></span> <span class='ocrx_word' id='word_1_142' title='bbox 2628 1071 2926 1141; x_wconf 78' lang='lat' dir='ltr'><strong>Simonem,</strong></span> <span class='ocrx_word' id='word_1_143' title='bbox 2959 1071 3367 1144; x_wconf 74' lang='lat' dir='ltr'><strong>Thadaeumqu‘e</strong></span> <span class='ocrx_word' id='word_1_144' title='bbox 3395 1073 3599 1145; x_wconf 79' lang='lat' dir='ltr'><strong>Philip-</strong></span> 
     </span>
    </p>
   </div>
   <div class='ocr_carea' id='block_1_27' title="bbox 3332 1161 3501 1235">
    <p class='ocr_par' dir='ltr' id='par_1_27' title="bbox 3332 1161 3501 1235">
     <span class='ocr_line' id='line_1_28' title="bbox 3332 1161 3501 1235; baseline -0.012 -17"><span class='ocrx_word' id='word_1_145' title='bbox 3332 1161 3501 1235; x_wconf 74' lang='lat' dir='ltr'><strong>(pum,</strong></span> 
     </span>
    </p>
   </div>
   <div class='ocr_carea' id='block_1_28' title="bbox 2085 1248 3096 1324">
    <p class='ocr_par' dir='ltr' id='par_1_28' title="bbox 2085 1248 3096 1324">
     <span class='ocr_line' id='line_1_29' title="bbox 2085 1248 3096 1324; baseline 0.006 -21"><span class='ocrx_word' id='word_1_146' title='bbox 2085 1248 2464 1321; x_wconf 78' lang='lat' dir='ltr'><strong>Evangellstas</strong></span> <span class='ocrx_word' id='word_1_147' title='bbox 2480 1253 2714 1322; x_wconf 69' lang='lat' dir='ltr'><strong>quatuor</strong></span> <span class='ocrx_word' id='word_1_148' title='bbox 2739 1262 2800 1308; x_wconf 82' lang='lat' dir='ltr'><strong>et</strong></span> <span class='ocrx_word' id='word_1_149' title='bbox 2819 1262 3096 1324; x_wconf 78' lang='lat' dir='ltr'><strong>proceres,</strong></span> 
     </span>
    </p>
   </div>
   <div class='ocr_carea' id='block_1_29' title="bbox 2015 1336 3243 1413">
    <p class='ocr_par' dir='ltr' id='par_1_29' title="bbox 2015 1336 3243 1413">
     <span class='ocr_line' id='line_1_30' title="bbox 2015 1336 3243 1413; baseline 0.002 -21"><span class='ocrx_word' id='word_1_150' title='bbox 2015 1336 2319 1408; x_wconf 79' lang='lat' dir='ltr'><strong>Mattliiam,</strong></span> <span class='ocrx_word' id='word_1_151' title='bbox 2346 1341 2551 1412; x_wconf 87' lang='lat' dir='ltr'><strong>pariter</strong></span> <span class='ocrx_word' id='word_1_152' title='bbox 2575 1337 2884 1397; x_wconf 73' lang='lat' dir='ltr'><strong>Barnabam</strong></span> <span class='ocrx_word' id='word_1_153' title='bbox 2919 1337 3065 1413; x_wconf 83' lang='lat' dir='ltr'><strong>regia</strong></span> <span class='ocrx_word' id='word_1_154' title='bbox 3095 1352 3243 1397; x_wconf 86' lang='lat' dir='ltr'><strong>vasa.</strong></span> 
     </span>
    </p>
   </div>
   <div class='ocr_carea' id='block_1_30' title="bbox 2019 1469 3382 1596">
    <p class='ocr_par' dir='ltr' id='par_1_30' title="bbox 2019 1469 3382 1596">
     <span class='ocr_line' id='line_1_31' title="bbox 2019 1469 3382 1596; baseline 0.002 -19"><span class='ocrx_word' id='word_1_155' title='bbox 2019 1469 2314 1594; x_wconf 49' lang='lat' dir='ltr'><strong>“rugae;</strong></span> <span class='ocrx_word' id='word_1_156' title='bbox 2338 1471 2496 1582; x_wconf 66' lang='lat' dir='ltr'><strong>nitidi</strong></span> <span class='ocrx_word' id='word_1_157' title='bbox 2518 1471 2727 1596; x_wconf 43' lang='lat' dir='ltr'><strong>“iam</strong></span> <span class='ocrx_word' id='word_1_158' title='bbox 2757 1525 2811 1582; x_wconf 79' lang='lat' dir='ltr'><strong>iri</strong></span> <span class='ocrx_word' id='word_1_159' title='bbox 2841 1470 3131 1582; x_wconf 63' lang='lat' dir='ltr'><strong>stemmate</strong></span> <span class='ocrx_word' id='word_1_160' title='bbox 3153 1521 3382 1592; x_wconf 75' lang='lat' dir='ltr'><strong>csum,</strong></span> 
     </span>
    </p>
   </div>
   <div class='ocr_carea' id='block_1_31' title="bbox 2085 1607 3426 1687">
    <p class='ocr_par' dir='ltr' id='par_1_31' title="bbox 2085 1607 3426 1687">
     <span class='ocr_line' id='line_1_32' title="bbox 2085 1607 3426 1687; baseline -0.001 -16"><span class='ocrx_word' id='word_1_161' title='bbox 2085 1615 2318 1671; x_wconf 86' lang='lat' dir='ltr'><strong>Climata</strong></span> <span class='ocrx_word' id='word_1_162' title='bbox 2348 1631 2447 1686; x_wconf 90' lang='lat' dir='ltr'><strong>per</strong></span> <span class='ocrx_word' id='word_1_163' title='bbox 2471 1616 2660 1672; x_wconf 87' lang='lat' dir='ltr'><strong>mundi</strong></span> <span class='ocrx_word' id='word_1_164' title='bbox 2684 1621 2820 1687; x_wconf 80' lang='lat' dir='ltr'><strong>quos</strong></span> <span class='ocrx_word' id='word_1_165' title='bbox 2854 1614 3118 1672; x_wconf 73' lang='lat' dir='ltr'><strong>venerare</strong></span> <span class='ocrx_word' id='word_1_166' title='bbox 3149 1607 3298 1672; x_wconf 85' lang='lat' dir='ltr'><strong>lieet.</strong></span> <span class='ocrx_word' id='word_1_167' title='bbox 3423 1623 3426 1627; x_wconf 85' lang='lat'><strong><em>&#39;</em></strong></span> 
     </span>
    </p>
   </div>
   <div class='ocr_carea' id='block_1_32' title="bbox 395 1692 3466 1779">
    <p class='ocr_par' dir='ltr' id='par_1_32' title="bbox 395 1692 3466 1779">
     <span class='ocr_line' id='line_1_33' title="bbox 395 1692 3466 1779; baseline 0.004 -29"><span class='ocrx_word' id='word_1_168' title='bbox 395 1694 600 1752; x_wconf 83' lang='lat' dir='ltr'><strong>Praesta</strong></span> <span class='ocrx_word' id='word_1_169' title='bbox 619 1740 635 1767; x_wconf 88' lang='lat'><strong>,</strong></span> <span class='ocrx_word' id='word_1_170' title='bbox 669 1713 999 1769; x_wconf 63' lang='lat' dir='ltr'><strong>quaesumus,</strong></span> <span class='ocrx_word' id='word_1_171' title='bbox 1030 1704 1370 1774; x_wconf 85' lang='lat' dir='ltr'><strong>omnipotens</strong></span> <span class='ocrx_word' id='word_1_172' title='bbox 1399 1706 1562 1774; x_wconf 86' lang='lat' dir='ltr'><strong>Deus,</strong></span> <span class='ocrx_word' id='word_1_173' title='bbox 1593 1716 1654 1765; x_wconf 88' lang='lat' dir='ltr'><strong>ut</strong></span> <span class='ocrx_word' id='word_1_174' title='bbox 1678 1709 1768 1779; x_wconf 86' lang='lat' dir='ltr'><strong>qui</strong></span> <span class='ocrx_word' id='word_1_175' title='bbox 1798 1722 1913 1764; x_wconf 73' lang='lat' dir='ltr'><strong>cm-</strong></span> <span class='ocrx_word' id='word_1_176' title='bbox 1945 1692 1989 1752; x_wconf 76' lang='grc' dir='ltr'><strong><em>Β</em></strong></span> <span class='ocrx_word' id='word_1_177' title='bbox 2023 1705 2136 1762; x_wconf 87' lang='lat' dir='ltr'><strong>Una</strong></span> <span class='ocrx_word' id='word_1_178' title='bbox 2163 1707 2295 1762; x_wconf 82' lang='lat' dir='ltr'><strong>ﬁdes</strong></span> <span class='ocrx_word' id='word_1_179' title='bbox 2333 1708 2524 1773; x_wconf 78' lang='lat' dir='ltr'><strong>tenuit,</strong></span> <span class='ocrx_word' id='word_1_180' title='bbox 2557 1719 2692 1777; x_wconf 87' lang='lat' dir='ltr'><strong>quos</strong></span> <span class='ocrx_word' id='word_1_181' title='bbox 2722 1715 2866 1763; x_wconf 81' lang='lat' dir='ltr'><strong>nunc</strong></span> <span class='ocrx_word' id='word_1_182' title='bbox 2895 1712 3052 1763; x_wconf 72' lang='lat' dir='ltr'><strong>tenet</strong></span> <span class='ocrx_word' id='word_1_183' title='bbox 3073 1706 3213 1761; x_wconf 87' lang='lat' dir='ltr'><strong>alma</strong></span> <span class='ocrx_word' id='word_1_184' title='bbox 3241 1712 3466 1772; x_wconf 79' lang='lat' dir='ltr'><strong>corona,</strong></span> 
     </span>
    </p>
   </div>
   <div class='ocr_carea' id='block_1_33' title="bbox 327 1783 1916 1861">
    <p class='ocr_par' dir='ltr' id='par_1_33' title="bbox 327 1783 1916 1861">
     <span class='ocr_line' id='line_1_34' title="bbox 327 1783 1916 1861; baseline 0.011 -22"><span class='ocrx_word' id='word_1_185' title='bbox 327 1783 482 1840; x_wconf 90' lang='lat' dir='ltr'><strong>Iestia</strong></span> <span class='ocrx_word' id='word_1_186' title='bbox 537 1788 676 1844; x_wconf 89' lang='lat' dir='ltr'><strong>dona</strong></span> <span class='ocrx_word' id='word_1_187' title='bbox 715 1792 1096 1861; x_wconf 90' lang='lat' dir='ltr'><strong>percepimus,</strong></span> <span class='ocrx_word' id='word_1_188' title='bbox 1145 1796 1518 1854; x_wconf 80' lang='lat' dir='ltr'><strong>intercedente</strong></span> <span class='ocrx_word' id='word_1_189' title='bbox 1564 1798 1627 1854; x_wconf 83' lang='grc' dir='ltr'><strong>Β.</strong></span> <span class='ocrx_word' id='word_1_190' title='bbox 1661 1792 1916 1857; x_wconf 73' lang='lat' dir='ltr'><strong>Matthteo</strong></span> 
     </span>
    </p>
   </div>
   <div class='ocr_carea' id='block_1_34' title="bbox 325 1874 1913 1948">
    <p class='ocr_par' dir='ltr' id='par_1_34' title="bbox 325 1874 1913 1948">
     <span class='ocr_line' id='line_1_35' title="bbox 325 1874 1913 1948; baseline 0.014 -22"><span class='ocrx_word' id='word_1_191' title='bbox 325 1874 572 1943; x_wconf 76' lang='lat' dir='ltr'><strong>apostolo</strong></span> <span class='ocrx_word' id='word_1_192' title='bbox 599 1885 711 1943; x_wconf 91' lang='lat' dir='ltr'><strong>tuo,</strong></span> <span class='ocrx_word' id='word_1_193' title='bbox 739 1894 836 1948; x_wconf 88' lang='lat' dir='ltr'><strong>per</strong></span> <span class='ocrx_word' id='word_1_194' title='bbox 863 1881 978 1938; x_wconf 67' lang='lat' dir='ltr'><strong>haec</strong></span> <span class='ocrx_word' id='word_1_195' title='bbox 1004 1883 1073 1938; x_wconf 86' lang='lat' dir='ltr'><strong>ad</strong></span> <span class='ocrx_word' id='word_1_196' title='bbox 1096 1887 1316 1940; x_wconf 54' lang='lat' dir='ltr'><strong>aeternas</strong></span> <span class='ocrx_word' id='word_1_197' title='bbox 1343 1886 1655 1946; x_wconf 77' lang='lat' dir='ltr'><strong>refectionis</strong></span> <span class='ocrx_word' id='word_1_198' title='bbox 1680 1890 1913 1948; x_wconf 72' lang='lat' dir='ltr'><strong>ceuriem</strong></span> 
     </span>
    </p>
   </div>
   <div class='ocr_carea' id='block_1_35' title="bbox 329 1968 855 2032">
    <p class='ocr_par' dir='ltr' id='par_1_35' title="bbox 329 1968 855 2032">
     <span class='ocr_line' id='line_1_36' title="bbox 329 1968 855 2032; baseline 0.013 -14"><span class='ocrx_word' id='word_1_199' title='bbox 329 1977 706 2032; x_wconf 89' lang='lat' dir='ltr'><strong>provocemur.</strong></span> <span class='ocrx_word' id='word_1_200' title='bbox 731 1968 855 2024; x_wconf 89' lang='lat' dir='ltr'><strong>Per.</strong></span> 
     </span>
    </p>
   </div>
   <div class='ocr_carea' id='block_1_36' title="bbox 487 2054 1757 2141">
    <p class='ocr_par' dir='ltr' id='par_1_36' title="bbox 487 2054 1757 2141">
     <span class='ocr_line' id='line_1_37' title="bbox 487 2054 1757 2141; baseline 0.014 -33"><span class='ocrx_word' id='word_1_201' title='bbox 487 2054 771 2112; x_wconf 80' lang='lat' dir='ltr'><strong>LXXXIX.</strong></span> <span class='ocrx_word' id='word_1_202' title='bbox 814 2057 981 2116; x_wconf 78' lang='lat' dir='ltr'><strong>Missa</strong></span> <span class='ocrx_word' id='word_1_203' title='bbox 1019 2062 1088 2118; x_wconf 77' lang='lat' dir='ltr'><strong>de</strong></span> <span class='ocrx_word' id='word_1_204' title='bbox 1123 2063 1186 2122; x_wconf 85' lang='lat' dir='ltr'><strong>S.</strong></span> <span class='ocrx_word' id='word_1_205' title='bbox 1212 2063 1464 2124; x_wconf 74' lang='lat' dir='ltr'><strong>Barnab‘a’</strong></span> <span class='ocrx_word' id='word_1_206' title='bbox 1502 2069 1757 2141; x_wconf 73' lang='lat' dir='ltr'><strong>apostolo.</strong></span> 
     </span>
    </p>
   </div>
   <div class='ocr_carea' id='block_1_37' title="bbox 1017 2155 1225 2212">
    <p class='ocr_par' dir='ltr' id='par_1_37' title="bbox 1017 2155 1225 2212">
     <span class='ocr_line' id='line_1_38' title="bbox 1017 2155 1225 2212; baseline 0.014 -3"><span class='ocrx_word' id='word_1_207' title='bbox 1017 2155 1225 2212; x_wconf 81' lang='lat' dir='ltr'><strong>Oratio.</strong></span> 
     </span>
    </p>
   </div>
   <div class='ocr_carea' id='block_1_38' title="bbox 398 2235 1912 2322">
    <p class='ocr_par' dir='ltr' id='par_1_38' title="bbox 398 2235 1912 2322">
     <span class='ocr_line' id='line_1_39' title="bbox 398 2235 1912 2322; baseline 0.011 -31"><span class='ocrx_word' id='word_1_208' title='bbox 398 2235 564 2303; x_wconf 86' lang='lat' dir='ltr'><strong>Deus,</strong></span> <span class='ocrx_word' id='word_1_209' title='bbox 596 2240 688 2309; x_wconf 89' lang='lat' dir='ltr'><strong>qui</strong></span> <span class='ocrx_word' id='word_1_210' title='bbox 733 2240 1124 2300; x_wconf 84' lang='lat' dir='ltr'><strong>B.Barnabam</strong></span> <span class='ocrx_word' id='word_1_211' title='bbox 1168 2248 1432 2316; x_wconf 81' lang='lat' dir='ltr'><strong>apostolis</strong></span> <span class='ocrx_word' id='word_1_212' title='bbox 1463 2251 1573 2305; x_wconf 83' lang='lat' dir='ltr'><strong>tuis</strong></span> <span class='ocrx_word' id='word_1_213' title='bbox 1620 2250 1673 2306; x_wconf 88' lang='lat' dir='ltr'><strong>in</strong></span> <span class='ocrx_word' id='word_1_214' title='bbox 1720 2252 1912 2322; x_wconf 67' lang='lat' dir='ltr'><strong>praedi-</strong></span> 
     </span>
    </p>
   </div>
   <div class='ocr_carea' id='block_1_39' title="bbox 326 2331 1914 2415">
    <p class='ocr_par' dir='ltr' id='par_1_39' title="bbox 326 2331 1914 2415">
     <span class='ocr_line' id='line_1_40' title="bbox 326 2331 1914 2415; baseline 0.012 -27"><span class='ocrx_word' id='word_1_215' title='bbox 326 2331 544 2388; x_wconf 75' lang='lat' dir='ltr'><strong>Catione</strong></span> <span class='ocrx_word' id='word_1_216' title='bbox 592 2336 844 2402; x_wconf 80' lang='lat' dir='ltr'><strong>sociasti,</strong></span> <span class='ocrx_word' id='word_1_217' title='bbox 902 2340 968 2393; x_wconf 88' lang='lat' dir='ltr'><strong>ad</strong></span> <span class='ocrx_word' id='word_1_218' title='bbox 1022 2340 1139 2410; x_wconf 85' lang='lat' dir='ltr'><strong>ejus</strong></span> <span class='ocrx_word' id='word_1_219' title='bbox 1193 2351 1324 2408; x_wconf 83' lang='lat' dir='ltr'><strong>nos,</strong></span> <span class='ocrx_word' id='word_1_220' title='bbox 1365 2355 1702 2415; x_wconf 80' lang='lat' dir='ltr'><strong>quaesumus,</strong></span> <span class='ocrx_word' id='word_1_221' title='bbox 1737 2350 1914 2407; x_wconf 87' lang='lat' dir='ltr'><strong>tribue</strong></span> 
     </span>
    </p>
   </div>
   <div class='ocr_carea' id='block_1_40' title="bbox 326 2423 1914 2508">
    <p class='ocr_par' dir='ltr' id='par_1_40' title="bbox 326 2423 1914 2508">
     <span class='ocr_line' id='line_1_41' title="bbox 326 2423 1914 2508; baseline 0.014 -35"><span class='ocrx_word' id='word_1_222' title='bbox 326 2423 614 2492; x_wconf 85' lang='lat' dir='ltr'><strong>pervenire</strong></span> <span class='ocrx_word' id='word_1_223' title='bbox 659 2429 1018 2494; x_wconf 85' lang='lat' dir='ltr'><strong>consortium,</strong></span> <span class='ocrx_word' id='word_1_224' title='bbox 1067 2431 1222 2502; x_wconf 85' lang='lat' dir='ltr'><strong>cujus</strong></span> <span class='ocrx_word' id='word_1_225' title='bbox 1273 2432 1569 2504; x_wconf 87' lang='lat' dir='ltr'><strong>gloriosum</strong></span> <span class='ocrx_word' id='word_1_226' title='bbox 1618 2440 1914 2508; x_wconf 73' lang='lat' dir='ltr'><strong>gaudemus</strong></span> 
     </span>
    </p>
   </div>
   <div class='ocr_carea' id='block_1_41' title="bbox 331 2510 1146 2587">
    <p class='ocr_par' dir='ltr' id='par_1_41' title="bbox 331 2510 1146 2587">
     <span class='ocr_line' id='line_1_42' title="bbox 331 2510 1146 2587; baseline 0.011 -22"><span class='ocrx_word' id='word_1_227' title='bbox 331 2510 612 2569; x_wconf 88' lang='lat' dir='ltr'><strong>celebrare</strong></span> <span class='ocrx_word' id='word_1_228' title='bbox 642 2515 993 2587; x_wconf 86' lang='lat' dir='ltr'><strong>triumphum.</strong></span> <span class='ocrx_word' id='word_1_229' title='bbox 1021 2518 1146 2574; x_wconf 86' lang='lat' dir='ltr'><strong>Per.</strong></span> 
     </span>
    </p>
   </div>
   <div class='ocr_carea' id='block_1_42' title="bbox 398 2692 1910 2773">
    <p class='ocr_par' dir='ltr' id='par_1_42' title="bbox 398 2692 1910 2773">
     <span class='ocr_line' id='line_1_43' title="bbox 398 2692 1910 2773; baseline 0.011 -23"><span class='ocrx_word' id='word_1_230' title='bbox 398 2692 590 2751; x_wconf 82' lang='lat' dir='ltr'><strong>Oblata</strong></span> <span class='ocrx_word' id='word_1_231' title='bbox 632 2702 879 2764; x_wconf 88' lang='lat' dir='ltr'><strong>munera,</strong></span> <span class='ocrx_word' id='word_1_232' title='bbox 923 2703 1253 2770; x_wconf 55' lang='lat' dir='ltr'><strong>quassamus,</strong></span> <span class='ocrx_word' id='word_1_233' title='bbox 1286 2703 1536 2773; x_wconf 83' lang='lat' dir='ltr'><strong>Domine,</strong></span> <span class='ocrx_word' id='word_1_234' title='bbox 1567 2714 1654 2762; x_wconf 86' lang='lat' dir='ltr'><strong>tua</strong></span> <span class='ocrx_word' id='word_1_235' title='bbox 1687 2708 1910 2766; x_wconf 84' lang='lat' dir='ltr'><strong>benedi-</strong></span> 
     </span>
    </p>
   </div>
   <div class='ocr_carea' id='block_1_43' title="bbox 327 2788 1911 2864">
    <p class='ocr_par' dir='ltr' id='par_1_43' title="bbox 327 2788 1911 2864">
     <span class='ocr_line' id='line_1_44' title="bbox 327 2788 1911 2864; baseline 0.009 -20"><span class='ocrx_word' id='word_1_236' title='bbox 327 2788 511 2844; x_wconf 87' lang='lat' dir='ltr'><strong>ctione</strong></span> <span class='ocrx_word' id='word_1_237' title='bbox 555 2790 852 2858; x_wconf 85' lang='lat' dir='ltr'><strong>sanctiiica,</strong></span> <span class='ocrx_word' id='word_1_238' title='bbox 900 2807 1021 2863; x_wconf 64' lang='lat' dir='ltr'><strong>qua:</strong></span> <span class='ocrx_word' id='word_1_239' title='bbox 1050 2804 1121 2861; x_wconf 90' lang='lat' dir='ltr'><strong>te,</strong></span> <span class='ocrx_word' id='word_1_240' title='bbox 1151 2795 1421 2864; x_wconf 77' lang='lat' dir='ltr'><strong>donante,</strong></span> <span class='ocrx_word' id='word_1_241' title='bbox 1452 2795 1542 2854; x_wconf 90' lang='lat' dir='ltr'><strong>illa</strong></span> <span class='ocrx_word' id='word_1_242' title='bbox 1574 2814 1672 2854; x_wconf 90' lang='lat' dir='ltr'><strong>nos</strong></span> <span class='ocrx_word' id='word_1_243' title='bbox 1696 2799 1911 2859; x_wconf 80' lang='lat' dir='ltr'><strong>flamma</strong></span> 
     </span>
    </p>
   </div>
   <div class='ocr_carea' id='block_1_44' title="bbox 330 2881 1910 2960">
    <p class='ocr_par' dir='ltr' id='par_1_44' title="bbox 330 2881 1910 2960">
     <span class='ocr_line' id='line_1_45' title="bbox 330 2881 1910 2960; baseline 0.01 -25"><span class='ocrx_word' id='word_1_244' title='bbox 330 2887 437 2935; x_wconf 66' lang='lat' dir='ltr'><strong>tua:</strong></span> <span class='ocrx_word' id='word_1_245' title='bbox 479 2881 781 2938; x_wconf 82' lang='lat' dir='ltr'><strong>dilectionis</strong></span> <span class='ocrx_word' id='word_1_246' title='bbox 828 2890 1120 2953; x_wconf 88' lang='lat' dir='ltr'><strong>accendat,</strong></span> <span class='ocrx_word' id='word_1_247' title='bbox 1173 2901 1271 2957; x_wconf 88' lang='lat' dir='ltr'><strong>per</strong></span> <span class='ocrx_word' id='word_1_248' title='bbox 1314 2905 1477 2960; x_wconf 88' lang='lat' dir='ltr'><strong>quam</strong></span> <span class='ocrx_word' id='word_1_249' title='bbox 1529 2890 1590 2947; x_wconf 91' lang='grc' dir='ltr'><strong>Β.</strong></span> <span class='ocrx_word' id='word_1_250' title='bbox 1635 2891 1910 2951; x_wconf 86' lang='lat' dir='ltr'><strong>Barnabas</strong></span> 
     </span>
    </p>
   </div>
   <div class='ocr_carea' id='block_1_45' title="bbox 331 2971 1593 3043">
    <p class='ocr_par' dir='ltr' id='par_1_45' title="bbox 331 2971 1593 3043">
     <span class='ocr_line' id='line_1_46' title="bbox 331 2971 1593 3043; baseline 0.01 -19"><span class='ocrx_word' id='word_1_251' title='bbox 331 2971 516 3025; x_wconf 86' lang='lat' dir='ltr'><strong>omnia</strong></span> <span class='ocrx_word' id='word_1_252' title='bbox 540 2973 623 3027; x_wconf 90' lang='lat' dir='ltr'><strong>sui</strong></span> <span class='ocrx_word' id='word_1_253' title='bbox 649 2977 896 3043; x_wconf 88' lang='lat' dir='ltr'><strong>corporis</strong></span> <span class='ocrx_word' id='word_1_254' title='bbox 931 2985 1197 3032; x_wconf 87' lang='lat' dir='ltr'><strong>tormenta</strong></span> <span class='ocrx_word' id='word_1_255' title='bbox 1225 2979 1442 3035; x_wconf 84' lang='lat' dir='ltr'><strong>devicit.</strong></span> <span class='ocrx_word' id='word_1_256' title='bbox 1473 2980 1593 3037; x_wconf 86' lang='lat' dir='ltr'><strong>Per.</strong></span> 
     </span>
    </p>
   </div>
   <div class='ocr_carea' id='block_1_46' title="bbox 818 3063 1444 3126">
    <p class='ocr_par' dir='ltr' id='par_1_46' title="bbox 818 3063 1444 3126">
     <span class='ocr_line' id='line_1_47' title="bbox 818 3063 1444 3126; baseline 0.008 -6"><span class='ocrx_word' id='word_1_257' title='bbox 818 3065 952 3120; x_wconf 80' lang='lat' dir='ltr'><strong>XCI.</strong></span> <span class='ocrx_word' id='word_1_258' title='bbox 996 3063 1444 3126; x_wconf 78' lang='lat' dir='ltr'><strong>Postcommunio.</strong></span> 
     </span>
    </p>
   </div>
   <div class='ocr_carea' id='block_1_47' title="bbox 401 3149 1912 3239">
    <p class='ocr_par' dir='ltr' id='par_1_47' title="bbox 401 3149 1912 3239">
     <span class='ocr_line' id='line_1_48' title="bbox 401 3149 1912 3239; baseline 0.012 -33"><span class='ocrx_word' id='word_1_259' title='bbox 401 3149 653 3206; x_wconf 81' lang='lat' dir='ltr'><strong>Caelestis</strong></span> <span class='ocrx_word' id='word_1_260' title='bbox 707 3168 908 3210; x_wconf 72' lang='lat' dir='ltr'><strong>mensae</strong></span> <span class='ocrx_word' id='word_1_261' title='bbox 963 3157 1190 3228; x_wconf 87' lang='lat' dir='ltr'><strong>dapibus</strong></span> <span class='ocrx_word' id='word_1_262' title='bbox 1254 3162 1524 3227; x_wconf 83' lang='lat' dir='ltr'><strong>recreati,</strong></span> <span class='ocrx_word' id='word_1_263' title='bbox 1579 3177 1912 3239; x_wconf 81' lang='lat' dir='ltr'><strong>quaesumus,</strong></span> 
     </span>
    </p>
   </div>
   <div class='ocr_carea' id='block_1_48' title="bbox 329 3249 1914 3329">
    <p class='ocr_par' dir='ltr' id='par_1_48' title="bbox 329 3249 1914 3329">
     <span class='ocr_line' id='line_1_49' title="bbox 329 3249 1914 3329; baseline 0.008 -24"><span class='ocrx_word' id='word_1_264' title='bbox 329 3249 672 3322; x_wconf 82' lang='lat' dir='ltr'><strong>OmnipOIens</strong></span> <span class='ocrx_word' id='word_1_265' title='bbox 699 3253 858 3320; x_wconf 90' lang='lat' dir='ltr'><strong>Deus,</strong></span> <span class='ocrx_word' id='word_1_266' title='bbox 892 3263 969 3321; x_wconf 90' lang='lat' dir='ltr'><strong>ut,</strong></span> <span class='ocrx_word' id='word_1_267' title='bbox 1005 3257 1376 3316; x_wconf 83' lang='lat' dir='ltr'><strong>intercedente</strong></span> <span class='ocrx_word' id='word_1_268' title='bbox 1415 3250 1477 3316; x_wconf 83' lang='grc' dir='ltr'><strong>Β.</strong></span> <span class='ocrx_word' id='word_1_269' title='bbox 1502 3263 1751 3318; x_wconf 86' lang='lat' dir='ltr'><strong>Barnaba</strong></span> <span class='ocrx_word' id='word_1_270' title='bbox 1782 3277 1914 3329; x_wconf 86' lang='lat' dir='ltr'><strong>apo-</strong></span> 
     </span>
    </p>
   </div>
   <div class='ocr_carea' id='block_1_49' title="bbox 332 3338 1914 3420">
    <p class='ocr_par' dir='ltr' id='par_1_49' title="bbox 332 3338 1914 3420">
     <span class='ocr_line' id='line_1_50' title="bbox 332 3338 1914 3420; baseline 0.009 -25"><span class='ocrx_word' id='word_1_271' title='bbox 332 3338 473 3395; x_wconf 84' lang='lat' dir='ltr'><strong>stolo</strong></span> <span class='ocrx_word' id='word_1_272' title='bbox 509 3349 620 3407; x_wconf 91' lang='lat' dir='ltr'><strong>tuo,</strong></span> <span class='ocrx_word' id='word_1_273' title='bbox 653 3345 794 3412; x_wconf 91' lang='lat' dir='ltr'><strong>quod</strong></span> <span class='ocrx_word' id='word_1_274' title='bbox 825 3361 920 3401; x_wconf 89' lang='lat' dir='ltr'><strong>ore</strong></span> <span class='ocrx_word' id='word_1_275' title='bbox 951 3350 1288 3420; x_wconf 89' lang='lat' dir='ltr'><strong>percepimus</strong></span> <span class='ocrx_word' id='word_1_276' title='bbox 1324 3353 1540 3409; x_wconf 89' lang='lat' dir='ltr'><strong>sincera</strong></span> <span class='ocrx_word' id='word_1_277' title='bbox 1573 3362 1754 3411; x_wconf 85' lang='lat' dir='ltr'><strong>mente</strong></span> <span class='ocrx_word' id='word_1_278' title='bbox 1801 3370 1914 3410; x_wconf 86' lang='lat' dir='ltr'><strong>ser-</strong></span> 
     </span>
    </p>
   </div>
   <div class='ocr_carea' id='block_1_50' title="bbox 335 3431 694 3488">
    <p class='ocr_par' dir='ltr' id='par_1_50' title="bbox 335 3431 694 3488">
     <span class='ocr_line' id='line_1_51' title="bbox 335 3431 694 3488; baseline 0.014 -6"><span class='ocrx_word' id='word_1_279' title='bbox 335 3441 540 3486; x_wconf 86' lang='lat' dir='ltr'><strong>vemus.</strong></span> <span class='ocrx_word' id='word_1_280' title='bbox 570 3431 694 3488; x_wconf 89' lang='lat' dir='ltr'><strong>Per.</strong></span> 
     </span>
    </p>
   </div>
   <div class='ocr_carea' id='block_1_51' title="bbox 736 3522 1518 3601">
    <p class='ocr_par' dir='ltr' id='par_1_51' title="bbox 736 3522 1518 3601">
     <span class='ocr_line' id='line_1_52' title="bbox 736 3522 1518 3601; baseline 0.013 -24"><span class='ocrx_word' id='word_1_281' title='bbox 736 3522 890 3580; x_wconf 82' lang='lat' dir='ltr'><strong>XCII.</strong></span> <span class='ocrx_word' id='word_1_282' title='bbox 933 3524 1120 3584; x_wconf 81' lang='lat' dir='ltr'><strong>Oratio</strong></span> <span class='ocrx_word' id='word_1_283' title='bbox 1154 3529 1225 3583; x_wconf 79' lang='lat' dir='ltr'><strong>ad</strong></span> <span class='ocrx_word' id='word_1_284' title='bbox 1257 3547 1518 3601; x_wconf 78' lang='lat' dir='ltr'><strong>vesperas.</strong></span> 
     </span>
    </p>
   </div>
   <div class='ocr_carea' id='block_1_52' title="bbox 406 3609 1918 3695">
    <p class='ocr_par' dir='ltr' id='par_1_52' title="bbox 406 3609 1918 3695">
     <span class='ocr_line' id='line_1_53' title="bbox 406 3609 1918 3695; baseline 0.011 -29"><span class='ocrx_word' id='word_1_285' title='bbox 406 3609 571 3677; x_wconf 89' lang='lat' dir='ltr'><strong>Deus,</strong></span> <span class='ocrx_word' id='word_1_286' title='bbox 599 3613 689 3681; x_wconf 91' lang='lat' dir='ltr'><strong>qui</strong></span> <span class='ocrx_word' id='word_1_287' title='bbox 733 3614 794 3667; x_wconf 89' lang='grc' dir='ltr'><strong>Β.</strong></span> <span class='ocrx_word' id='word_1_288' title='bbox 822 3615 1084 3674; x_wconf 79' lang='lat' dir='ltr'><strong>Barnabas</strong></span> <span class='ocrx_word' id='word_1_289' title='bbox 1125 3622 1375 3690; x_wconf 85' lang='lat' dir='ltr'><strong>apostolo</strong></span> <span class='ocrx_word' id='word_1_290' title='bbox 1422 3633 1515 3680; x_wconf 87' lang='lat' dir='ltr'><strong>tuo</strong></span> <span class='ocrx_word' id='word_1_291' title='bbox 1555 3625 1675 3695; x_wconf 57' lang='lat' dir='ltr'><strong>p‘o&#39;st</strong></span> <span class='ocrx_word' id='word_1_292' title='bbox 1715 3625 1918 3683; x_wconf 65' lang='lat' dir='ltr'><strong>adusta!</strong></span> 
     </span>
    </p>
   </div>
   <div class='ocr_carea' id='block_1_53' title="bbox 335 3703 1916 3786">
    <p class='ocr_par' dir='ltr' id='par_1_53' title="bbox 335 3703 1916 3786">
     <span class='ocr_line' id='line_1_54' title="bbox 335 3703 1916 3786; baseline 0.013 -32"><span class='ocrx_word' id='word_1_293' title='bbox 335 3703 517 3758; x_wconf 87' lang='lat' dir='ltr'><strong>carnis</strong></span> <span class='ocrx_word' id='word_1_294' title='bbox 546 3704 790 3760; x_wconf 89' lang='lat' dir='ltr'><strong>incendia</strong></span> <span class='ocrx_word' id='word_1_295' title='bbox 819 3709 1056 3765; x_wconf 56' lang='lat' dir='ltr'><strong>caelestis</strong></span> <span class='ocrx_word' id='word_1_296' title='bbox 1075 3711 1259 3782; x_wconf 84' lang='lat' dir='ltr'><strong>gloriae</strong></span> <span class='ocrx_word' id='word_1_297' title='bbox 1286 3715 1629 3786; x_wconf 79' lang='lat' dir='ltr'><strong>refrigerium</strong></span> <span class='ocrx_word' id='word_1_298' title='bbox 1655 3717 1916 3784; x_wconf 72' lang='lat' dir='ltr'><strong>tribuisti,</strong></span> 
     </span>
    </p>
   </div>
   <div class='ocr_carea' id='block_1_54' title="bbox 335 3793 1915 3875">
    <p class='ocr_par' dir='ltr' id='par_1_54' title="bbox 335 3793 1915 3875">
     <span class='ocr_line' id='line_1_55' title="bbox 335 3793 1915 3875; baseline 0.013 -32"><span class='ocrx_word' id='word_1_299' title='bbox 335 3798 503 3846; x_wconf 72' lang='lat' dir='ltr'><strong>aestus</strong></span> <span class='ocrx_word' id='word_1_300' title='bbox 557 3793 611 3846; x_wconf 85' lang='lat' dir='ltr'><strong>in</strong></span> <span class='ocrx_word' id='word_1_301' title='bbox 659 3795 837 3861; x_wconf 89' lang='lat' dir='ltr'><strong>nobis,</strong></span> <span class='ocrx_word' id='word_1_302' title='bbox 884 3808 1217 3867; x_wconf 74' lang='lat' dir='ltr'><strong>qnznsumus,</strong></span> <span class='ocrx_word' id='word_1_303' title='bbox 1265 3806 1576 3875; x_wconf 85' lang='lat' dir='ltr'><strong>passionum</strong></span> <span class='ocrx_word' id='word_1_304' title='bbox 1621 3807 1915 3863; x_wconf 74' lang='lat' dir='ltr'><strong>carnalium</strong></span> 
     </span>
    </p>
   </div>
   <div class='ocr_carea' id='block_1_55' title="bbox 336 3883 1914 3968">
    <p class='ocr_par' dir='ltr' id='par_1_55' title="bbox 336 3883 1914 3968">
     <span class='ocr_line' id='line_1_56' title="bbox 336 3883 1914 3968; baseline 0.011 -32"><span class='ocrx_word' id='word_1_305' title='bbox 336 3883 591 3954; x_wconf 89' lang='lat' dir='ltr'><strong>reprime,</strong></span> <span class='ocrx_word' id='word_1_306' title='bbox 603 3894 658 3940; x_wconf 92' lang='lat' dir='ltr'><strong>et</strong></span> <span class='ocrx_word' id='word_1_307' title='bbox 668 3888 830 3942; x_wconf 89' lang='lat' dir='ltr'><strong>corda</strong></span> <span class='ocrx_word' id='word_1_308' title='bbox 845 3900 1028 3945; x_wconf 89' lang='lat' dir='ltr'><strong>nostra</strong></span> <span class='ocrx_word' id='word_1_309' title='bbox 1047 3894 1235 3963; x_wconf 78' lang='lat' dir='ltr'><strong>gratiae</strong></span> <span class='ocrx_word' id='word_1_310' title='bbox 1249 3904 1352 3952; x_wconf 81' lang='lat' dir='ltr'><strong>tuae</strong></span> <span class='ocrx_word' id='word_1_311' title='bbox 1366 3913 1487 3953; x_wconf 90' lang='lat' dir='ltr'><strong>rore</strong></span> <span class='ocrx_word' id='word_1_312' title='bbox 1499 3896 1776 3968; x_wconf 83' lang='lat' dir='ltr'><strong>perfunde.</strong></span> <span class='ocrx_word' id='word_1_313' title='bbox 1792 3899 1914 3954; x_wconf 88' lang='lat' dir='ltr'><strong>Per.</strong></span> 
     </span>
    </p>
   </div>
   <div class='ocr_carea' id='block_1_56' title="bbox 571 3974 1676 4054">
    <p class='ocr_par' dir='ltr' id='par_1_56' title="bbox 571 3974 1676 4054">
     <span class='ocr_line' id='line_1_57' title="bbox 571 3974 1676 4054; baseline 0.011 -24"><span class='ocrx_word' id='word_1_314' title='bbox 571 3974 752 4030; x_wconf 82' lang='lat' dir='ltr'><strong>XCIII.</strong></span> <span class='ocrx_word' id='word_1_315' title='bbox 803 3977 998 4033; x_wconf 77' lang='lat' dir='ltr'><strong>Versus</strong></span> <span class='ocrx_word' id='word_1_316' title='bbox 1024 3982 1089 4035; x_wconf 87' lang='lat' dir='ltr'><strong>de</strong></span> <span class='ocrx_word' id='word_1_317' title='bbox 1119 3988 1272 4052; x_wconf 74' lang='lat' dir='ltr'><strong>gestis</strong></span> <span class='ocrx_word' id='word_1_318' title='bbox 1301 3987 1676 4054; x_wconf 82' lang='lat' dir='ltr'><strong>apostolorum.</strong></span> 
     </span>
    </p>
   </div>
   <div class='ocr_carea' id='block_1_57' title="bbox 335 4060 1848 4148">
    <p class='ocr_par' dir='ltr' id='par_1_57' title="bbox 335 4060 1848 4148">
     <span class='ocr_line' id='line_1_58' title="bbox 335 4060 1848 4148; baseline 0.012 -31"><span class='ocrx_word' id='word_1_319' title='bbox 335 4060 588 4120; x_wconf 90' lang='lat' dir='ltr'><strong>Continet</strong></span> <span class='ocrx_word' id='word_1_320' title='bbox 615 4065 716 4121; x_wconf 90' lang='lat' dir='ltr'><strong>hoc</strong></span> <span class='ocrx_word' id='word_1_321' title='bbox 745 4082 943 4138; x_wconf 91' lang='lat' dir='ltr'><strong>corpus</strong></span> <span class='ocrx_word' id='word_1_322' title='bbox 967 4069 1233 4138; x_wconf 85' lang='lat' dir='ltr'><strong>Christus,</strong></span> <span class='ocrx_word' id='word_1_323' title='bbox 1267 4089 1401 4143; x_wconf 90' lang='lat' dir='ltr'><strong>quos</strong></span> <span class='ocrx_word' id='word_1_324' title='bbox 1428 4075 1628 4131; x_wconf 84' lang='lat' dir='ltr'><strong>lumina</strong></span> <span class='ocrx_word' id='word_1_325' title='bbox 1657 4078 1848 4148; x_wconf 85' lang='lat' dir='ltr'><strong>pandit</strong></span> 
     </span>
    </p>
   </div>
   <div class='ocr_carea' id='block_1_58' title="bbox 408 4153 1581 4228">
    <p class='ocr_par' dir='ltr' id='par_1_58' title="bbox 408 4153 1581 4228">
     <span class='ocr_line' id='line_1_59' title="bbox 408 4153 1581 4228; baseline 0.013 -21"><span class='ocrx_word' id='word_1_326' title='bbox 408 4153 500 4208; x_wconf 89' lang='lat' dir='ltr'><strong>Sal</strong></span> <span class='ocrx_word' id='word_1_327' title='bbox 535 4157 716 4211; x_wconf 88' lang='lat' dir='ltr'><strong>mundi</strong></span> <span class='ocrx_word' id='word_1_328' title='bbox 747 4160 952 4228; x_wconf 86' lang='lat' dir='ltr'><strong>pariter</strong></span> <span class='ocrx_word' id='word_1_329' title='bbox 979 4174 1099 4217; x_wconf 90' lang='lat' dir='ltr'><strong>esse</strong></span> <span class='ocrx_word' id='word_1_330' title='bbox 1126 4175 1337 4219; x_wconf 86' lang='lat' dir='ltr'><strong>sacrata</strong></span> <span class='ocrx_word' id='word_1_331' title='bbox 1371 4167 1487 4221; x_wconf 89' lang='lat' dir='ltr'><strong>Dei.</strong></span> <span class='ocrx_word' id='word_1_332' title='bbox 1577 4163 1581 4166; x_wconf 23' lang='grc' dir='ltr'>λ</span> 
     </span>
    </p>
   </div>
   <div class='ocr_carea' id='block_1_59' title="bbox 337 4243 1698 4327">
    <p class='ocr_par' dir='ltr' id='par_1_59' title="bbox 337 4243 1698 4327">
     <span class='ocr_line' id='line_1_60' title="bbox 337 4243 1698 4327; baseline 0.012 -28"><span class='ocrx_word' id='word_1_333' title='bbox 337 4243 528 4299; x_wconf 83' lang='lat' dir='ltr'><strong>Omnia</strong></span> <span class='ocrx_word' id='word_1_334' title='bbox 559 4245 840 4319; x_wconf 79' lang='lat' dir='ltr'><strong>falsorum,</strong></span> <span class='ocrx_word' id='word_1_335' title='bbox 866 4268 963 4322; x_wconf 87' lang='lat' dir='ltr'><strong>per</strong></span> <span class='ocrx_word' id='word_1_336' title='bbox 989 4269 1146 4324; x_wconf 91' lang='lat' dir='ltr'><strong>quos,</strong></span> <span class='ocrx_word' id='word_1_337' title='bbox 1172 4255 1424 4327; x_wconf 78' lang='lat' dir='ltr'><strong>figmenta</strong></span> <span class='ocrx_word' id='word_1_338' title='bbox 1456 4259 1698 4324; x_wconf 86' lang='lat' dir='ltr'><strong>deorum,</strong></span> 
     </span>
    </p>
   </div>
   <div class='ocr_carea' id='block_1_60' title="bbox 399 4337 1481 4420">
    <p class='ocr_par' dir='ltr' id='par_1_60' title="bbox 399 4337 1481 4420">
     <span class='ocr_line' id='line_1_61' title="bbox 399 4337 1481 4420; baseline 0.014 -30"><span class='ocrx_word' id='word_1_339' title='bbox 399 4337 641 4394; x_wconf 83' lang='lat' dir='ltr'><strong>Ecclesia</strong></span> <span class='ocrx_word' id='word_1_340' title='bbox 679 4341 867 4411; x_wconf 80' lang='lat' dir='ltr'><strong>fulget,</strong></span> <span class='ocrx_word' id='word_1_341' title='bbox 897 4345 1074 4400; x_wconf 87' lang='lat' dir='ltr'><strong>diruta</strong></span> <span class='ocrx_word' id='word_1_342' title='bbox 1101 4347 1256 4403; x_wconf 88' lang='lat' dir='ltr'><strong>valde</strong></span> <span class='ocrx_word' id='word_1_343' title='bbox 1279 4349 1481 4420; x_wconf 90' lang='lat' dir='ltr'><strong>jacent.</strong></span> 
     </span>
    </p>
   </div>
   <div class='ocr_carea' id='block_1_61' title="bbox 337 4424 1636 4507">
    <p class='ocr_par' dir='ltr' id='par_1_61' title="bbox 337 4424 1636 4507">
     <span class='ocr_line' id='line_1_62' title="bbox 337 4424 1636 4507; baseline 0.014 -30"><span class='ocrx_word' id='word_1_344' title='bbox 337 4424 512 4496; x_wconf 81' lang='lat' dir='ltr'><strong>Elegit</strong></span> <span class='ocrx_word' id='word_1_345' title='bbox 541 4432 741 4486; x_wconf 92' lang='lat' dir='ltr'><strong>mundo</strong></span> <span class='ocrx_word' id='word_1_346' title='bbox 771 4432 1049 4502; x_wconf 89' lang='lat' dir='ltr'><strong>Dominus,</strong></span> <span class='ocrx_word' id='word_1_347' title='bbox 1089 4451 1224 4507; x_wconf 89' lang='lat' dir='ltr'><strong>quos</strong></span> <span class='ocrx_word' id='word_1_348' title='bbox 1259 4447 1382 4494; x_wconf 85' lang='lat' dir='ltr'><strong>ante</strong></span> <span class='ocrx_word' id='word_1_349' title='bbox 1409 4439 1636 4497; x_wconf 87' lang='lat' dir='ltr'><strong>Crcator</strong></span> 
     </span>
    </p>
   </div>
   <div class='ocr_carea' id='block_1_62' title="bbox 409 4516 1534 4590">
    <p class='ocr_par' dir='ltr' id='par_1_62' title="bbox 409 4516 1534 4590">
     <span class='ocr_line' id='line_1_63' title="bbox 409 4516 1534 4590; baseline 0.016 -20"><span class='ocrx_word' id='word_1_350' title='bbox 409 4516 616 4573; x_wconf 61' lang='lat' dir='ltr'><strong>chula</strong></span> <span class='ocrx_word' id='word_1_351' title='bbox 645 4535 988 4590; x_wconf 82' lang='lat' dir='ltr'><strong>praenoscens</strong></span> <span class='ocrx_word' id='word_1_352' title='bbox 1019 4541 1142 4582; x_wconf 85' lang='lat' dir='ltr'><strong>esse</strong></span> <span class='ocrx_word' id='word_1_353' title='bbox 1170 4529 1263 4583; x_wconf 88' lang='lat' dir='ltr'><strong>Dei</strong></span> <span class='ocrx_word' id='word_1_354' title='bbox 1292 4529 1534 4588; x_wconf 91' lang='lat' dir='ltr'><strong>Soboles.</strong></span> 
     </span>
    </p>
   </div>
   <div class='ocr_carea' id='block_1_63' title="bbox 339 4607 1669 4690">
    <p class='ocr_par' dir='ltr' id='par_1_63' title="bbox 339 4607 1669 4690">
     <span class='ocr_line' id='line_1_64' title="bbox 339 4607 1669 4690; baseline 0.015 -27"><span class='ocrx_word' id='word_1_355' title='bbox 339 4607 567 4665; x_wconf 84' lang='lat' dir='ltr'><strong>Pectora</strong></span> <span class='ocrx_word' id='word_1_356' title='bbox 598 4614 826 4683; x_wconf 90' lang='lat' dir='ltr'><strong>replevit</strong></span> <span class='ocrx_word' id='word_1_357' title='bbox 850 4631 1079 4685; x_wconf 91' lang='lat' dir='ltr'><strong>quorum</strong></span> <span class='ocrx_word' id='word_1_358' title='bbox 1109 4619 1194 4688; x_wconf 89' lang='lat' dir='ltr'><strong>pia</strong></span> <span class='ocrx_word' id='word_1_359' title='bbox 1225 4621 1459 4690; x_wconf 87' lang='lat' dir='ltr'><strong>Spiritus</strong></span> <span class='ocrx_word' id='word_1_360' title='bbox 1496 4625 1669 4683; x_wconf 85' lang='lat' dir='ltr'><strong>almus</strong></span> 
     </span>
    </p>
   </div>
   <div class='ocr_carea' id='block_1_64' title="bbox 411 4701 1463 4775">
    <p class='ocr_par' dir='ltr' id='par_1_64' title="bbox 411 4701 1463 4775">
     <span class='ocr_line' id='line_1_65' title="bbox 411 4701 1463 4775; baseline 0.01 -21"><span class='ocrx_word' id='word_1_361' title='bbox 411 4701 554 4756; x_wconf 86' lang='lat' dir='ltr'><strong>Dans</strong></span> <span class='ocrx_word' id='word_1_362' title='bbox 581 4704 747 4758; x_wconf 86' lang='lat' dir='ltr'><strong>variis</strong></span> <span class='ocrx_word' id='word_1_363' title='bbox 773 4704 968 4775; x_wconf 88' lang='lat' dir='ltr'><strong>linguis</strong></span> <span class='ocrx_word' id='word_1_364' title='bbox 1001 4705 1108 4760; x_wconf 86' lang='lat' dir='ltr'><strong>alta</strong></span> <span class='ocrx_word' id='word_1_365' title='bbox 1137 4715 1325 4764; x_wconf 85' lang='lat' dir='ltr'><strong>tonare</strong></span> <span class='ocrx_word' id='word_1_366' title='bbox 1349 4711 1463 4764; x_wconf 86' lang='lat' dir='ltr'><strong>Dei.</strong></span> 
     </span>
    </p>
   </div>
   <div class='ocr_carea' id='block_1_65' title="bbox 340 4791 1549 4873">
    <p class='ocr_par' dir='ltr' id='par_1_65' title="bbox 340 4791 1549 4873">
     <span class='ocr_line' id='line_1_66' title="bbox 340 4791 1549 4873; baseline 0.012 -29"><span class='ocrx_word' id='word_1_367' title='bbox 340 4791 646 4848; x_wconf 71' lang='lat' dir='ltr'><strong>Transferri</strong></span> <span class='ocrx_word' id='word_1_368' title='bbox 675 4806 904 4860; x_wconf 90' lang='lat' dir='ltr'><strong>montes,</strong></span> <span class='ocrx_word' id='word_1_369' title='bbox 932 4796 1172 4852; x_wconf 74' lang='lat' dir='ltr'><strong>solvendi</strong></span> <span class='ocrx_word' id='word_1_370' title='bbox 1199 4800 1320 4868; x_wconf 91' lang='lat' dir='ltr'><strong>jure</strong></span> <span class='ocrx_word' id='word_1_371' title='bbox 1352 4801 1549 4873; x_wconf 85' lang='lat' dir='ltr'><strong>ligandi</strong></span> 
     </span>
    </p>
   </div>
   <div class='ocr_carea' id='block_1_66' title="bbox 410 4882 1453 4959">
    <p class='ocr_par' dir='ltr' id='par_1_66' title="bbox 410 4882 1453 4959">
     <span class='ocr_line' id='line_1_67' title="bbox 410 4882 1453 4959; baseline 0.01 -24"><span class='ocrx_word' id='word_1_372' title='bbox 410 4882 616 4947; x_wconf 88' lang='lat' dir='ltr'><strong>Terris,</strong></span> <span class='ocrx_word' id='word_1_373' title='bbox 647 4898 710 4938; x_wconf 90' lang='lat' dir='ltr'><strong>ac</strong></span> <span class='ocrx_word' id='word_1_374' title='bbox 739 4884 923 4939; x_wconf 88' lang='lat' dir='ltr'><strong>tribuit</strong></span> <span class='ocrx_word' id='word_1_375' title='bbox 959 4885 1045 4941; x_wconf 88' lang='lat' dir='ltr'><strong>his</strong></span> <span class='ocrx_word' id='word_1_376' title='bbox 1071 4887 1269 4954; x_wconf 83' lang='lat' dir='ltr'><strong>pietate</strong></span> <span class='ocrx_word' id='word_1_377' title='bbox 1299 4890 1453 4959; x_wconf 88' lang='lat' dir='ltr'><strong>polis.</strong></span> 
     </span>
    </p>
   </div>
   <div class='ocr_carea' id='block_1_67' title="bbox 341 4975 1593 5052">
    <p class='ocr_par' dir='ltr' id='par_1_67' title="bbox 341 4975 1593 5052">
     <span class='ocr_line' id='line_1_68' title="bbox 341 4975 1593 5052; baseline 0.01 -25"><span class='ocrx_word' id='word_1_378' title='bbox 341 4975 570 5028; x_wconf 62' lang='lat' dir='ltr'><strong>Istorum</strong></span> <span class='ocrx_word' id='word_1_379' title='bbox 614 4976 844 5046; x_wconf 89' lang='lat' dir='ltr'><strong>imperio</strong></span> <span class='ocrx_word' id='word_1_380' title='bbox 884 4978 1094 5050; x_wconf 82' lang='lat' dir='ltr'><strong>fugiunt</strong></span> <span class='ocrx_word' id='word_1_381' title='bbox 1126 4980 1391 5038; x_wconf 70' lang='lat' dir='ltr'><strong>daemonia</strong></span> <span class='ocrx_word' id='word_1_382' title='bbox 1430 5000 1593 5052; x_wconf 65' lang='lat' dir='ltr'><strong>saeva,</strong></span> 
     </span>
    </p>
   </div>
   <div class='ocr_carea' id='block_1_68' title="bbox 410 5064 1595 5146">
    <p class='ocr_par' dir='ltr' id='par_1_68' title="bbox 410 5064 1595 5146">
     <span class='ocr_line' id='line_1_69' title="bbox 410 5064 1595 5146; baseline 0.012 -29"><span class='ocrx_word' id='word_1_383' title='bbox 410 5064 650 5135; x_wconf 82' lang='lat' dir='ltr'><strong>Corpora</strong></span> <span class='ocrx_word' id='word_1_384' title='bbox 680 5067 989 5124; x_wconf 76' lang='lat' dir='ltr'><strong>functorum</strong></span> <span class='ocrx_word' id='word_1_385' title='bbox 1020 5070 1103 5126; x_wconf 74' lang='lat' dir='ltr'><strong>vel</strong></span> <span class='ocrx_word' id='word_1_386' title='bbox 1134 5073 1368 5127; x_wconf 87' lang='lat' dir='ltr'><strong>rediviva</strong></span> <span class='ocrx_word' id='word_1_387' title='bbox 1396 5077 1595 5146; x_wconf 84' lang='lat' dir='ltr'><strong>vigent.</strong></span> 
     </span>
    </p>
   </div>
   <div class='ocr_carea' id='block_1_69' title="bbox 341 5155 1774 5228">
    <p class='ocr_par' dir='ltr' id='par_1_69' title="bbox 341 5155 1774 5228">
     <span class='ocr_line' id='line_1_70' title="bbox 341 5155 1774 5228; baseline 0.014 -20"><span class='ocrx_word' id='word_1_388' title='bbox 341 5155 609 5212; x_wconf 77' lang='lat' dir='ltr'><strong>Mentibus</strong></span> <span class='ocrx_word' id='word_1_389' title='bbox 638 5159 722 5213; x_wconf 86' lang='lat' dir='ltr'><strong>his</strong></span> <span class='ocrx_word' id='word_1_390' title='bbox 751 5160 925 5216; x_wconf 88' lang='lat' dir='ltr'><strong>sacris</strong></span> <span class='ocrx_word' id='word_1_391' title='bbox 954 5162 1091 5217; x_wconf 88' lang='lat' dir='ltr'><strong>dans</strong></span> <span class='ocrx_word' id='word_1_392' title='bbox 1128 5163 1312 5219; x_wconf 87' lang='lat' dir='ltr'><strong>intima</strong></span> <span class='ocrx_word' id='word_1_393' title='bbox 1344 5181 1568 5224; x_wconf 88' lang='lat' dir='ltr'><strong>cernere</strong></span> <span class='ocrx_word' id='word_1_394' title='bbox 1597 5169 1774 5228; x_wconf 89' lang='lat' dir='ltr'><strong>cordis</strong></span> 
     </span>
    </p>
   </div>
   <div class='ocr_carea' id='block_1_70' title="bbox 409 5250 1467 5327">
    <p class='ocr_par' dir='ltr' id='par_1_70' title="bbox 409 5250 1467 5327">
     <span class='ocr_line' id='line_1_71' title="bbox 409 5250 1467 5327; baseline 0.009 -22"><span class='ocrx_word' id='word_1_395' title='bbox 409 5250 637 5306; x_wconf 74' lang='lat' dir='ltr'><strong>Caelitus</strong></span> <span class='ocrx_word' id='word_1_396' title='bbox 670 5263 724 5306; x_wconf 92' lang='lat' dir='ltr'><strong>et</strong></span> <span class='ocrx_word' id='word_1_397' title='bbox 751 5254 864 5309; x_wconf 81' lang='lat' dir='ltr'><strong>ﬁeri</strong></span> <span class='ocrx_word' id='word_1_398' title='bbox 896 5255 1028 5310; x_wconf 87' lang='lat' dir='ltr'><strong>mira</strong></span> <span class='ocrx_word' id='word_1_399' title='bbox 1059 5265 1307 5327; x_wconf 85' lang='lat' dir='ltr'><strong>patrante</strong></span> <span class='ocrx_word' id='word_1_400' title='bbox 1338 5261 1467 5315; x_wconf 89' lang='lat' dir='ltr'><strong>Deo.</strong></span> 
     </span>
    </p>
   </div>
   <div class='ocr_carea' id='block_1_71' title="bbox 340 5338 1736 5419">
    <p class='ocr_par' dir='ltr' id='par_1_71' title="bbox 340 5338 1736 5419">
     <span class='ocr_line' id='line_1_72' title="bbox 340 5338 1736 5419; baseline 0.006 -22"><span class='ocrx_word' id='word_1_401' title='bbox 340 5338 452 5397; x_wconf 85' lang='lat' dir='ltr'><strong>Hos</strong></span> <span class='ocrx_word' id='word_1_402' title='bbox 479 5343 721 5398; x_wconf 80' lang='lat' dir='ltr'><strong>vocitant</strong></span> <span class='ocrx_word' id='word_1_403' title='bbox 752 5345 939 5410; x_wconf 79' lang='lat' dir='ltr'><strong>caelos,</strong></span> <span class='ocrx_word' id='word_1_404' title='bbox 970 5355 1141 5413; x_wconf 89' lang='lat' dir='ltr'><strong>vates,</strong></span> <span class='ocrx_word' id='word_1_405' title='bbox 1171 5348 1447 5418; x_wconf 89' lang='lat' dir='ltr'><strong>nubesque</strong></span> <span class='ocrx_word' id='word_1_406' title='bbox 1477 5350 1736 5419; x_wconf 82' lang='lat' dir='ltr'><strong>volantes,</strong></span> 
     </span>
    </p>
   </div>
   <div class='ocr_carea' id='block_1_72' title="bbox 409 5433 1624 5512">
    <p class='ocr_par' dir='ltr' id='par_1_72' title="bbox 409 5433 1624 5512">
     <span class='ocr_line' id='line_1_73' title="bbox 409 5433 1624 5512; baseline 0.007 -23"><span class='ocrx_word' id='word_1_407' title='bbox 409 5433 578 5489; x_wconf 79' lang='lat' dir='ltr'><strong>Arida</strong></span> <span class='ocrx_word' id='word_1_408' title='bbox 609 5435 699 5504; x_wconf 90' lang='lat' dir='ltr'><strong>qui</strong></span> <span class='ocrx_word' id='word_1_409' title='bbox 730 5447 918 5491; x_wconf 89' lang='lat' dir='ltr'><strong>sancto</strong></span> <span class='ocrx_word' id='word_1_410' title='bbox 944 5438 1194 5509; x_wconf 82' lang='lat' dir='ltr'><strong>dogmate</strong></span> <span class='ocrx_word' id='word_1_411' title='bbox 1223 5441 1382 5495; x_wconf 88' lang='lat' dir='ltr'><strong>corda</strong></span> <span class='ocrx_word' id='word_1_412' title='bbox 1425 5443 1624 5512; x_wconf 83' lang='lat' dir='ltr'><strong>rigant.</strong></span> 
     </span>
    </p>
   </div>
   <div class='ocr_carea' id='block_1_73' title="bbox 343 5522 1537 5599">
    <p class='ocr_par' dir='ltr' id='par_1_73' title="bbox 343 5522 1537 5599">
     <span class='ocr_line' id='line_1_74' title="bbox 343 5522 1537 5599; baseline 0.008 -19"><span class='ocrx_word' id='word_1_413' title='bbox 343 5522 656 5596; x_wconf 84' lang='lat' dir='ltr'><strong>Languores</strong></span> <span class='ocrx_word' id='word_1_414' title='bbox 682 5530 858 5584; x_wconf 89' lang='lat' dir='ltr'><strong>varios</strong></span> <span class='ocrx_word' id='word_1_415' title='bbox 889 5530 1160 5599; x_wconf 88' lang='lat' dir='ltr'><strong>depellunt</strong></span> <span class='ocrx_word' id='word_1_416' title='bbox 1195 5532 1395 5588; x_wconf 79' lang='lat' dir='ltr'><strong>famine</strong></span> <span class='ocrx_word' id='word_1_417' title='bbox 1421 5535 1537 5589; x_wconf 92' lang='lat' dir='ltr'><strong>solo</strong></span> 
     </span>
    </p>
   </div>
   <div class='ocr_carea' id='block_1_74' title="bbox 415 5615 1616 5696">
    <p class='ocr_par' dir='ltr' id='par_1_74' title="bbox 415 5615 1616 5696">
     <span class='ocr_line' id='line_1_75' title="bbox 415 5615 1616 5696; baseline 0.01 -27"><span class='ocrx_word' id='word_1_418' title='bbox 415 5615 702 5685; x_wconf 77' lang='lat' dir='ltr'><strong>Corporis;</strong></span> <span class='ocrx_word' id='word_1_419' title='bbox 738 5630 820 5672; x_wconf 90' lang='lat' dir='ltr'><strong>ast</strong></span> <span class='ocrx_word' id='word_1_420' title='bbox 850 5620 1041 5675; x_wconf 70' lang='lat' dir='ltr'><strong>anima:</strong></span> <span class='ocrx_word' id='word_1_421' title='bbox 1068 5635 1167 5692; x_wconf 87' lang='lat' dir='ltr'><strong>per</strong></span> <span class='ocrx_word' id='word_1_422' title='bbox 1189 5623 1407 5693; x_wconf 86' lang='lat' dir='ltr'><strong>pietatis</strong></span> <span class='ocrx_word' id='word_1_423' title='bbox 1438 5641 1616 5696; x_wconf 86' lang='lat' dir='ltr'><strong>opem.</strong></span> 
     </span>
    </p>
   </div>
   <div class='ocr_carea' id='block_1_75' title="bbox 2089 1797 3370 1870">
    <p class='ocr_par' dir='ltr' id='par_1_75' title="bbox 2089 1797 3370 1870">
     <span class='ocr_line' id='line_1_76' title="bbox 2089 1797 3370 1870; baseline -0.003 -16"><span class='ocrx_word' id='word_1_424' title='bbox 2089 1797 2204 1854; x_wconf 88' lang='lat' dir='ltr'><strong>Una</strong></span> <span class='ocrx_word' id='word_1_425' title='bbox 2235 1799 2452 1869; x_wconf 84' lang='lat' dir='ltr'><strong>quidem</strong></span> <span class='ocrx_word' id='word_1_426' title='bbox 2479 1797 2700 1855; x_wconf 83' lang='lat' dir='ltr'><strong>Christo</strong></span> <span class='ocrx_word' id='word_1_427' title='bbox 2737 1798 2906 1870; x_wconf 80' lang='lat' dir='ltr'><strong>gloria</strong></span> <span class='ocrx_word' id='word_1_428' title='bbox 2944 1799 3162 1869; x_wconf 79' lang='lat' dir='ltr'><strong>semper</strong></span> <span class='ocrx_word' id='word_1_429' title='bbox 3187 1797 3370 1854; x_wconf 74' lang='lat' dir='ltr'><strong>liabet.</strong></span> 
     </span>
    </p>
   </div>
   <div class='ocr_carea' id='block_1_76' title="bbox 2016 1881 3318 1963">
    <p class='ocr_par' dir='ltr' id='par_1_76' title="bbox 2016 1881 3318 1963">
     <span class='ocr_line' id='line_1_77' title="bbox 2016 1881 3318 1963; baseline -0.001 -20"><span class='ocrx_word' id='word_1_430' title='bbox 2016 1887 2329 1963; x_wconf 83' lang='lat' dir='ltr'><strong>Martyriale</strong></span> <span class='ocrx_word' id='word_1_431' title='bbox 2355 1889 2542 1957; x_wconf 88' lang='lat' dir='ltr'><strong>decus,</strong></span> <span class='ocrx_word' id='word_1_432' title='bbox 2582 1889 3066 1960; x_wconf 76' lang='lat' dir='ltr'><strong>confessoru&#39;mqu‘e</strong></span> <span class='ocrx_word' id='word_1_433' title='bbox 3099 1881 3318 1946; x_wconf 65' lang='lat' dir='ltr'><strong>beatum</strong></span> 
     </span>
    </p>
   </div>
   <div class='ocr_carea' id='block_1_77' title="bbox 2087 1977 3205 2054">
    <p class='ocr_par' dir='ltr' id='par_1_77' title="bbox 2087 1977 3205 2054">
     <span class='ocr_line' id='line_1_78' title="bbox 2087 1977 3205 2054; baseline -0.002 -18"><span class='ocrx_word' id='word_1_434' title='bbox 2087 1981 2165 2036; x_wconf 81' lang='lat' dir='ltr'><strong>Ex</strong></span> <span class='ocrx_word' id='word_1_435' title='bbox 2195 1981 2282 2039; x_wconf 89' lang='lat' dir='ltr'><strong>his</strong></span> <span class='ocrx_word' id='word_1_436' title='bbox 2308 1981 2573 2053; x_wconf 86' lang='lat' dir='ltr'><strong>incipiunt</strong></span> <span class='ocrx_word' id='word_1_437' title='bbox 2602 1981 2990 2054; x_wconf 79' lang='lat' dir='ltr'><strong>virgineusque</strong></span> <span class='ocrx_word' id='word_1_438' title='bbox 3014 1977 3205 2051; x_wconf 71' lang='lat' dir='ltr'><strong>pudor;</strong></span> 
     </span>
    </p>
   </div>
   <div class='ocr_carea' id='block_1_78' title="bbox 2014 2069 3570 2142">
    <p class='ocr_par' dir='ltr' id='par_1_78' title="bbox 2014 2069 3570 2142">
     <span class='ocr_line' id='line_1_79' title="bbox 2014 2069 3570 2142; baseline -0.003 -14"><span class='ocrx_word' id='word_1_439' title='bbox 2014 2072 2353 2128; x_wconf 66' lang='lat' dir='ltr'><strong>Christicolae</strong></span> <span class='ocrx_word' id='word_1_440' title='bbox 2378 2073 2690 2136; x_wconf 82' lang='lat' dir='ltr'><strong>cuncti,hos‘</strong></span> <span class='ocrx_word' id='word_1_441' title='bbox 2717 2075 2932 2142; x_wconf 81' lang='lat' dir='ltr'><strong>semper</strong></span> <span class='ocrx_word' id='word_1_442' title='bbox 2960 2069 3232 2128; x_wconf 72' lang='lat' dir='ltr'><strong>celebrate</strong></span> <span class='ocrx_word' id='word_1_443' title='bbox 3261 2076 3520 2141; x_wconf 76' lang='lat' dir='ltr'><strong>patronos</strong></span> <span class='ocrx_word' id='word_1_444' title='bbox 3563 2069 3570 2084; x_wconf 87' lang='lat'><strong>&#39;</strong></span> 
     </span>
    </p>
   </div>
   <div class='ocr_carea' id='block_1_79' title="bbox 2086 2161 3208 2234">
    <p class='ocr_par' dir='ltr' id='par_1_79' title="bbox 2086 2161 3208 2234">
     <span class='ocr_line' id='line_1_80' title="bbox 2086 2161 3208 2234; baseline -0.002 -16"><span class='ocrx_word' id='word_1_445' title='bbox 2086 2161 2350 2234; x_wconf 83' lang='lat' dir='ltr'><strong>Tempore</strong></span> <span class='ocrx_word' id='word_1_446' title='bbox 2377 2164 2627 2232; x_wconf 88' lang='lat' dir='ltr'><strong>solemni,-</strong></span> <span class='ocrx_word' id='word_1_447' title='bbox 2655 2172 2790 2220; x_wconf 87' lang='lat' dir='ltr'><strong>voce</strong></span> <span class='ocrx_word' id='word_1_448' title='bbox 2816 2171 3046 2220; x_wconf 82' lang='lat' dir='ltr'><strong>canente</strong></span> <span class='ocrx_word' id='word_1_449' title='bbox 3077 2163 3208 2218; x_wconf 86' lang='lat' dir='ltr'><strong>Deo.</strong></span> 
     </span>
    </p>
   </div>
   <div class='ocr_carea' id='block_1_80' title="bbox 2014 2253 3372 2324">
    <p class='ocr_par' dir='ltr' id='par_1_80' title="bbox 2014 2253 3372 2324">
     <span class='ocr_line' id='line_1_81' title="bbox 2014 2253 3372 2324; baseline 0.003 -16"><span class='ocrx_word' id='word_1_450' title='bbox 2014 2253 2150 2308; x_wconf 88' lang='lat' dir='ltr'><strong>Cum</strong></span> <span class='ocrx_word' id='word_1_451' title='bbox 2177 2254 2372 2324; x_wconf 88' lang='lat' dir='ltr'><strong>quibus</strong></span> <span class='ocrx_word' id='word_1_452' title='bbox 2400 2256 2693 2312; x_wconf 84' lang='lat' dir='ltr'><strong>adveniens</strong></span> <span class='ocrx_word' id='word_1_453' title='bbox 2719 2255 2892 2312; x_wconf 73' lang='lat' dir='ltr'><strong>Jude‘x</strong></span> <span class='ocrx_word' id='word_1_454' title='bbox 2926 2256 2990 2311; x_wconf 76' lang='lat' dir='ltr'><strong>in&quot;</strong></span> <span class='ocrx_word' id='word_1_455' title='bbox 3008 2254 3196 2311; x_wconf 81' lang='lat' dir='ltr'><strong>limine</strong></span> <span class='ocrx_word' id='word_1_456' title='bbox 3224 2253 3372 2312; x_wconf 67' lang='lat' dir='ltr'><strong>saecli</strong></span> 
     </span>
    </p>
   </div>
   <div class='ocr_carea' id='block_1_81' title="bbox 2085 2343 3224 2413">
    <p class='ocr_par' dir='ltr' id='par_1_81' title="bbox 2085 2343 3224 2413">
     <span class='ocr_line' id='line_1_82' title="bbox 2085 2343 3224 2413; baseline 0.003 -14"><span class='ocrx_word' id='word_1_457' title='bbox 2085 2343 2332 2401; x_wconf 81' lang='lat' dir='ltr'><strong>Reddere</strong></span> <span class='ocrx_word' id='word_1_458' title='bbox 2356 2343 2478 2399; x_wconf 76' lang='lat' dir='ltr'><strong>laeta</strong></span> <span class='ocrx_word' id='word_1_459' title='bbox 2509 2346 2682 2409; x_wconf 88' lang='lat' dir='ltr'><strong>bonis,</strong></span> <span class='ocrx_word' id='word_1_460' title='bbox 2712 2347 2889 2405; x_wconf 80' lang='lat' dir='ltr'><strong>tristia</strong></span> <span class='ocrx_word' id='word_1_461' title='bbox 2918 2347 3021 2401; x_wconf 81' lang='lat' dir='ltr'><strong>rite</strong></span> <span class='ocrx_word' id='word_1_462' title='bbox 3043 2347 3224 2413; x_wconf 81' lang='lat' dir='ltr'><strong>malis,</strong></span> 
     </span>
    </p>
   </div>
   <div class='ocr_carea' id='block_1_82' title="bbox 2016 2432 3361 2504">
    <p class='ocr_par' dir='ltr' id='par_1_82' title="bbox 2016 2432 3361 2504">
     <span class='ocr_line' id='line_1_83' title="bbox 2016 2432 3361 2504; baseline 0.001 -13"><span class='ocrx_word' id='word_1_463' title='bbox 2016 2432 2371 2504; x_wconf 89' lang='lat' dir='ltr'><strong>Omnipotens</strong></span> <span class='ocrx_word' id='word_1_464' title='bbox 2396 2433 2658 2490; x_wconf 82' lang='lat' dir='ltr'><strong>Dominus</strong></span> <span class='ocrx_word' id='word_1_465' title='bbox 2689 2435 2854 2491; x_wconf 81' lang='lat' dir='ltr'><strong>donet</strong></span> <span class='ocrx_word' id='word_1_466' title='bbox 2887 2437 3166 2492; x_wconf 66' lang='lat' dir='ltr'><strong>Consortia</strong></span> <span class='ocrx_word' id='word_1_467' title='bbox 3202 2436 3361 2492; x_wconf 88' lang='lat' dir='ltr'><strong>nobis</strong></span> 
     </span>
    </p>
   </div>
   <div class='ocr_carea' id='block_1_83' title="bbox 2085 2521 3234 2596">
    <p class='ocr_par' dir='ltr' id='par_1_83' title="bbox 2085 2521 3234 2596">
     <span class='ocr_line' id='line_1_84' title="bbox 2085 2521 3234 2596; baseline 0 -16"><span class='ocrx_word' id='word_1_468' title='bbox 2085 2521 2352 2580; x_wconf 83' lang='lat' dir='ltr'><strong>Omnibus</strong></span> <span class='ocrx_word' id='word_1_469' title='bbox 2378 2524 2430 2579; x_wconf 86' lang='lat' dir='ltr'><strong>in</strong></span> <span class='ocrx_word' id='word_1_470' title='bbox 2458 2524 2662 2581; x_wconf 69' lang='lat' dir='ltr'><strong>sanctis</strong></span> <span class='ocrx_word' id='word_1_471' title='bbox 2691 2524 2812 2581; x_wconf 82' lang='lat' dir='ltr'><strong>luce</strong></span> <span class='ocrx_word' id='word_1_472' title='bbox 2838 2536 3080 2596; x_wconf 86' lang='lat' dir='ltr'><strong>perenne</strong></span> <span class='ocrx_word' id='word_1_473' title='bbox 3107 2525 3234 2580; x_wconf 82' lang='lat' dir='ltr'><strong>frui.</strong></span> 
     </span>
    </p>
   </div>
   <div class='ocr_carea' id='block_1_84' title="bbox 2498 2645 3100 2755">
    <p class='ocr_par' dir='ltr' id='par_1_84' title="bbox 2498 2645 3100 2755">
     <span class='ocr_line' id='line_1_85' title="bbox 2498 2645 3100 2755; baseline 0 -15"><span class='ocrx_word' id='word_1_474' title='bbox 2498 2683 2685 2740; x_wconf 79' lang='lat' dir='ltr'><strong>XCIV.</strong></span> <span class='ocrx_word' id='word_1_475' title='bbox 2726 2645 2881 2740; x_wconf 82' lang='lat' dir='ltr'><strong>nde</strong></span> <span class='ocrx_word' id='word_1_476' title='bbox 2916 2701 3100 2755; x_wconf 71' lang='lat' dir='ltr'><strong>supra.</strong></span> 
     </span>
    </p>
   </div>
   <div class='ocr_carea' id='block_1_85' title="bbox 2017 2813 3395 2889">
    <p class='ocr_par' dir='ltr' id='par_1_85' title="bbox 2017 2813 3395 2889">
     <span class='ocr_line' id='line_1_86' title="bbox 2017 2813 3395 2889; baseline 0.002 -18"><span class='ocrx_word' id='word_1_477' title='bbox 2017 2814 2252 2886; x_wconf 85' lang='lat' dir='ltr'><strong>Spiritus</strong></span> <span class='ocrx_word' id='word_1_478' title='bbox 2281 2814 2442 2880; x_wconf 87' lang='lat' dir='ltr'><strong>alme.</strong></span> <span class='ocrx_word' id='word_1_479' title='bbox 2471 2817 2616 2885; x_wconf 90' lang='lat' dir='ltr'><strong>veni,</strong></span> <span class='ocrx_word' id='word_1_480' title='bbox 2650 2813 2877 2889; x_wconf 81' lang='lat' dir='ltr'><strong>perﬂatu</strong></span> <span class='ocrx_word' id='word_1_481' title='bbox 2905 2817 3158 2888; x_wconf 81' lang='lat' dir='ltr'><strong>dindyma</strong></span> <span class='ocrx_word' id='word_1_482' title='bbox 3190 2823 3395 2884; x_wconf 83' lang='lat' dir='ltr'><strong>nostro,</strong></span> 
     </span>
    </p>
   </div>
   <div class='ocr_carea' id='block_1_86' title="bbox 2087 2905 3293 2979">
    <p class='ocr_par' dir='ltr' id='par_1_86' title="bbox 2087 2905 3293 2979">
     <span class='ocr_line' id='line_1_87' title="bbox 2087 2905 3293 2979; baseline -0.002 -15"><span class='ocrx_word' id='word_1_483' title='bbox 2087 2909 2168 2964; x_wconf 86' lang='lat' dir='ltr'><strong>Ad</strong></span> <span class='ocrx_word' id='word_1_484' title='bbox 2194 2919 2440 2965; x_wconf 83' lang='lat' dir='ltr'><strong>nostrum</strong></span> <span class='ocrx_word' id='word_1_485' title='bbox 2465 2918 2669 2974; x_wconf 89' lang='lat' dir='ltr'><strong>votum,</strong></span> <span class='ocrx_word' id='word_1_486' title='bbox 2701 2905 2934 2979; x_wconf 88' lang='lat' dir='ltr'><strong>Spiritus</strong></span> <span class='ocrx_word' id='word_1_487' title='bbox 2960 2908 3122 2970; x_wconf 88' lang='lat' dir='ltr'><strong>alme,</strong></span> <span class='ocrx_word' id='word_1_488' title='bbox 3149 2907 3293 2962; x_wconf 86' lang='lat' dir='ltr'><strong>veni.</strong></span> 
     </span>
    </p>
   </div>
   <div class='ocr_carea' id='block_1_87' title="bbox 2018 2997 3441 3070">
    <p class='ocr_par' dir='ltr' id='par_1_87' title="bbox 2018 2997 3441 3070">
     <span class='ocr_line' id='line_1_88' title="bbox 2018 2997 3441 3070; baseline -0.002 -17"><span class='ocrx_word' id='word_1_489' title='bbox 2018 2997 2240 3070; x_wconf 89' lang='lat' dir='ltr'><strong>Templa</strong></span> <span class='ocrx_word' id='word_1_490' title='bbox 2268 3000 2445 3054; x_wconf 89' lang='lat' dir='ltr'><strong>dicata</strong></span> <span class='ocrx_word' id='word_1_491' title='bbox 2478 2998 2573 3056; x_wconf 67' lang='lat' dir='ltr'><strong>tibi</strong></span> <span class='ocrx_word' id='word_1_492' title='bbox 2604 2997 2812 3055; x_wconf 81' lang='lat' dir='ltr'><strong>valeam</strong></span> <span class='ocrx_word' id='word_1_493' title='bbox 2841 3005 2950 3070; x_wconf 83' lang='lat' dir='ltr'><strong>quo</strong></span> <span class='ocrx_word' id='word_1_494' title='bbox 2977 2997 3236 3054; x_wconf 85' lang='lat' dir='ltr'><strong>extollere</strong></span> <span class='ocrx_word' id='word_1_495' title='bbox 3259 2997 3441 3069; x_wconf 85' lang='lat' dir='ltr'><strong>digne,</strong></span> 
     </span>
    </p>
   </div>
   <div class='ocr_carea' id='block_1_88' title="bbox 1940 3046 3224 3159">
    <p class='ocr_par' dir='ltr' id='par_1_88' title="bbox 1940 3046 3224 3159">
     <span class='ocr_line' id='line_1_89' title="bbox 1940 3046 3224 3159; baseline 0 -18"><span class='ocrx_word' id='word_1_496' title='bbox 1940 3046 1988 3110; x_wconf 72' lang='grc' dir='ltr'>ο</span> <span class='ocrx_word' id='word_1_497' title='bbox 2088 3046 2365 3143; x_wconf 66' lang='grc' dir='ltr'><strong>ιεήἀίιιιιε</strong></span> <span class='ocrx_word' id='word_1_498' title='bbox 2395 3087 2630 3144; x_wconf 79' lang='lat' dir='ltr'><strong>exalt’cm</strong></span> <span class='ocrx_word' id='word_1_499' title='bbox 2666 3046 2877 3159; x_wconf 64' lang='lat' dir='ltr'><strong>templ;</strong></span> <span class='ocrx_word' id='word_1_500' title='bbox 2896 3085 3074 3143; x_wconf 84' lang='lat' dir='ltr'><strong>dicata‘</strong></span> <span class='ocrx_word' id='word_1_501' title='bbox 3107 3080 3224 3141; x_wconf 85' lang='lat' dir='ltr'><strong>tibi.</strong></span> 
     </span>
    </p>
   </div>
   <div class='ocr_carea' id='block_1_89' title="bbox 2013 3176 3350 3248">
    <p class='ocr_par' dir='ltr' id='par_1_89' title="bbox 2013 3176 3350 3248">
     <span class='ocr_line' id='line_1_90' title="bbox 2013 3176 3350 3248; baseline 0.001 -18"><span class='ocrx_word' id='word_1_502' title='bbox 2013 3177 2145 3244; x_wconf 65' lang='lat' dir='ltr'><strong>Quae</strong></span> <span class='ocrx_word' id='word_1_503' title='bbox 2173 3177 2290 3234; x_wconf 89' lang='lat' dir='ltr'><strong>sine</strong></span> <span class='ocrx_word' id='word_1_504' title='bbox 2315 3178 2421 3233; x_wconf 81' lang='lat' dir='ltr'><strong>[ine</strong></span> <span class='ocrx_word' id='word_1_505' title='bbox 2453 3185 2637 3234; x_wconf 87' lang='lat' dir='ltr'><strong>tenent</strong></span> <span class='ocrx_word' id='word_1_506' title='bbox 2667 3180 2929 3234; x_wconf 79' lang='lat' dir='ltr'><strong>caeterum</strong></span> <span class='ocrx_word' id='word_1_507' title='bbox 2958 3178 3151 3248; x_wconf 82' lang='lat' dir='ltr'><strong>gaudia</strong></span> <span class='ocrx_word' id='word_1_508' title='bbox 3182 3176 3350 3238; x_wconf 86' lang='lat' dir='ltr'><strong>celsa,</strong></span> 
     </span>
    </p>
   </div>
   <div class='ocr_carea' id='block_1_90' title="bbox 2084 3268 3318 3339">
    <p class='ocr_par' dir='ltr' id='par_1_90' title="bbox 2084 3268 3318 3339">
     <span class='ocr_line' id='line_1_91' title="bbox 2084 3268 3318 3339; baseline -0.002 -15"><span class='ocrx_word' id='word_1_509' title='bbox 2084 3269 2265 3324; x_wconf 85' lang='lat' dir='ltr'><strong>Gloria</strong></span> <span class='ocrx_word' id='word_1_510' title='bbox 2304 3277 2428 3326; x_wconf 89' lang='lat' dir='ltr'><strong>cum</strong></span> <span class='ocrx_word' id='word_1_511' title='bbox 2457 3269 2665 3324; x_wconf 88' lang='lat' dir='ltr'><strong>meritis</strong></span> <span class='ocrx_word' id='word_1_512' title='bbox 2691 3283 2810 3339; x_wconf 77' lang='lat' dir='ltr'><strong>qua:</strong></span> <span class='ocrx_word' id='word_1_513' title='bbox 2837 3269 2952 3325; x_wconf 84' lang='lat' dir='ltr'><strong>sine</strong></span> <span class='ocrx_word' id='word_1_514' title='bbox 2981 3268 3086 3323; x_wconf 84' lang='lat' dir='ltr'><strong>fine</strong></span> <span class='ocrx_word' id='word_1_515' title='bbox 3115 3273 3318 3324; x_wconf 88' lang='lat' dir='ltr'><strong>tenent.</strong></span> 
     </span>
    </p>
   </div>
   <div class='ocr_carea' id='block_1_91' title="bbox 2014 3359 3400 3432">
    <p class='ocr_par' dir='ltr' id='par_1_91' title="bbox 2014 3359 3400 3432">
     <span class='ocr_line' id='line_1_92' title="bbox 2014 3359 3400 3432; baseline -0.003 -14"><span class='ocrx_word' id='word_1_516' title='bbox 2014 3360 2121 3418; x_wconf 86' lang='lat' dir='ltr'><strong>Ore</strong></span> <span class='ocrx_word' id='word_1_517' title='bbox 2149 3361 2242 3416; x_wconf 90' lang='lat' dir='ltr'><strong>Dci</strong></span> <span class='ocrx_word' id='word_1_518' title='bbox 2275 3361 2514 3417; x_wconf 89' lang='lat' dir='ltr'><strong>sobolem</strong></span> <span class='ocrx_word' id='word_1_519' title='bbox 2544 3360 2931 3432; x_wconf 88' lang='lat' dir='ltr'><strong>prophetarum</strong></span> <span class='ocrx_word' id='word_1_520' title='bbox 2966 3361 3069 3414; x_wconf 88' lang='lat' dir='ltr'><strong>rite</strong></span> <span class='ocrx_word' id='word_1_521' title='bbox 3098 3359 3400 3430; x_wconf 57' lang='lat' dir='ltr'><strong>prophetat,</strong></span> 
     </span>
    </p>
   </div>
   <div class='ocr_carea' id='block_1_92' title="bbox 2085 3450 3165 3521">
    <p class='ocr_par' dir='ltr' id='par_1_92' title="bbox 2085 3450 3165 3521">
     <span class='ocr_line' id='line_1_93' title="bbox 2085 3450 3165 3521; baseline -0.002 -15"><span class='ocrx_word' id='word_1_522' title='bbox 2085 3451 2292 3507; x_wconf 83' lang='lat' dir='ltr'><strong>Premit</strong></span> <span class='ocrx_word' id='word_1_523' title='bbox 2315 3451 2640 3521; x_wconf 86' lang='lat' dir='ltr'><strong>apostolicus</strong></span> <span class='ocrx_word' id='word_1_524' title='bbox 2667 3465 2760 3507; x_wconf 87' lang='lat' dir='ltr'><strong>ore</strong></span> <span class='ocrx_word' id='word_1_525' title='bbox 2787 3451 2880 3505; x_wconf 90' lang='lat' dir='ltr'><strong>Dei</strong></span> <span class='ocrx_word' id='word_1_526' title='bbox 2905 3450 3165 3507; x_wconf 89' lang='lat' dir='ltr'><strong>sobolem.</strong></span> 
     </span>
    </p>
   </div>
   <div class='ocr_carea' id='block_1_93' title="bbox 2018 3540 3420 3612">
    <p class='ocr_par' dir='ltr' id='par_1_93' title="bbox 2018 3540 3420 3612">
     <span class='ocr_line' id='line_1_94' title="bbox 2018 3540 3420 3612; baseline 0.001 -16"><span class='ocrx_word' id='word_1_527' title='bbox 2018 3541 2253 3611; x_wconf 80' lang='lat' dir='ltr'><strong>Virginis</strong></span> <span class='ocrx_word' id='word_1_528' title='bbox 2292 3542 2379 3597; x_wconf 88' lang='lat' dir='ltr'><strong>hic</strong></span> <span class='ocrx_word' id='word_1_529' title='bbox 2413 3541 2626 3612; x_wconf 89' lang='lat' dir='ltr'><strong>genitus</strong></span> <span class='ocrx_word' id='word_1_530' title='bbox 2655 3540 2911 3611; x_wconf 81' lang='lat' dir='ltr'><strong>purgavit</strong></span> <span class='ocrx_word' id='word_1_531' title='bbox 2942 3540 3172 3597; x_wconf 84' lang='lat' dir='ltr'><strong>crimina</strong></span> <span class='ocrx_word' id='word_1_532' title='bbox 3209 3541 3420 3604; x_wconf 86' lang='lat' dir='ltr'><strong>mundi.</strong></span> 
     </span>
    </p>
   </div>
   <div class='ocr_carea' id='block_1_94' title="bbox 2087 3631 3240 3702">
    <p class='ocr_par' dir='ltr' id='par_1_94' title="bbox 2087 3631 3240 3702">
     <span class='ocr_line' id='line_1_95' title="bbox 2087 3631 3240 3702; baseline 0.001 -16"><span class='ocrx_word' id='word_1_533' title='bbox 2087 3631 2312 3687; x_wconf 84' lang='lat' dir='ltr'><strong>Tartara</strong></span> <span class='ocrx_word' id='word_1_534' title='bbox 2343 3632 2597 3687; x_wconf 89' lang='lat' dir='ltr'><strong>contrivit</strong></span> <span class='ocrx_word' id='word_1_535' title='bbox 2629 3631 2862 3702; x_wconf 85' lang='lat' dir='ltr'><strong>Virginis</strong></span> <span class='ocrx_word' id='word_1_536' title='bbox 2893 3631 2983 3688; x_wconf 90' lang='lat' dir='ltr'><strong>blc</strong></span> <span class='ocrx_word' id='word_1_537' title='bbox 3008 3631 3240 3702; x_wconf 86' lang='lat' dir='ltr'><strong>genitus.</strong></span> 
     </span>
    </p>
   </div>
   <div class='ocr_carea' id='block_1_95' title="bbox 2016 3722 3434 3794">
    <p class='ocr_par' dir='ltr' id='par_1_95' title="bbox 2016 3722 3434 3794">
     <span class='ocr_line' id='line_1_96' title="bbox 2016 3722 3434 3794; baseline 0 -18"><span class='ocrx_word' id='word_1_538' title='bbox 2016 3722 2221 3777; x_wconf 87' lang='lat' dir='ltr'><strong>Damna</strong></span> <span class='ocrx_word' id='word_1_539' title='bbox 2249 3722 2354 3792; x_wconf 89' lang='lat' dir='ltr'><strong>poli</strong></span> <span class='ocrx_word' id='word_1_540' title='bbox 2381 3723 2641 3778; x_wconf 91' lang='lat' dir='ltr'><strong>Dominus</strong></span> <span class='ocrx_word' id='word_1_541' title='bbox 2673 3728 2943 3779; x_wconf 88' lang='lat' dir='ltr'><strong>restaurat</strong></span> <span class='ocrx_word' id='word_1_542' title='bbox 2974 3722 3109 3778; x_wconf 90' lang='lat' dir='ltr'><strong>mire</strong></span> <span class='ocrx_word' id='word_1_543' title='bbox 3134 3728 3434 3794; x_wconf 83' lang='lat' dir='ltr'><strong>perempta,</strong></span> 
     </span>
    </p>
   </div>
   <div class='ocr_carea' id='block_1_96' title="bbox 2094 3813 3305 3885">
    <p class='ocr_par' dir='ltr' id='par_1_96' title="bbox 2094 3813 3305 3885">
     <span class='ocr_line' id='line_1_97' title="bbox 2094 3813 3305 3885; baseline 0.001 -17"><span class='ocrx_word' id='word_1_544' title='bbox 2094 3813 2369 3884; x_wconf 82' lang='lat' dir='ltr'><strong>Sanguine</strong></span> <span class='ocrx_word' id='word_1_545' title='bbox 2400 3814 2637 3870; x_wconf 91' lang='lat' dir='ltr'><strong>restituit</strong></span> <span class='ocrx_word' id='word_1_546' title='bbox 2663 3815 2863 3869; x_wconf 89' lang='lat' dir='ltr'><strong>damna</strong></span> <span class='ocrx_word' id='word_1_547' title='bbox 2893 3814 2999 3885; x_wconf 87' lang='lat' dir='ltr'><strong>poli</strong></span> <span class='ocrx_word' id='word_1_548' title='bbox 3025 3813 3305 3870; x_wconf 89' lang='lat' dir='ltr'><strong>Dominus.</strong></span> 
     </span>
    </p>
   </div>
   <div class='ocr_carea' id='block_1_97' title="bbox 2017 3902 3422 3976">
    <p class='ocr_par' dir='ltr' id='par_1_97' title="bbox 2017 3902 3422 3976">
     <span class='ocr_line' id='line_1_98' title="bbox 2017 3902 3422 3976; baseline 0.001 -18"><span class='ocrx_word' id='word_1_549' title='bbox 2017 3902 2129 3958; x_wconf 79' lang='lat' dir='ltr'><strong>Rex</strong></span> <span class='ocrx_word' id='word_1_550' title='bbox 2161 3903 2281 3973; x_wconf 89' lang='lat' dir='ltr'><strong>pius</strong></span> <span class='ocrx_word' id='word_1_551' title='bbox 2312 3903 2427 3972; x_wconf 90' lang='lat' dir='ltr'><strong>ipse</strong></span> <span class='ocrx_word' id='word_1_552' title='bbox 2451 3903 2568 3973; x_wconf 90' lang='lat' dir='ltr'><strong>pios</strong></span> <span class='ocrx_word' id='word_1_553' title='bbox 2597 3903 2863 3973; x_wconf 73' lang='lat' dir='ltr'><strong>praecepit</strong></span> <span class='ocrx_word' id='word_1_554' title='bbox 2881 3910 3127 3975; x_wconf 85' lang='lat' dir='ltr'><strong>mergere</strong></span> <span class='ocrx_word' id='word_1_555' title='bbox 3154 3904 3422 3976; x_wconf 83' lang='lat' dir='ltr'><strong>lymphis;</strong></span> 
     </span>
    </p>
   </div>
   <div class='ocr_carea' id='block_1_98' title="bbox 2089 3993 3226 4066">
    <p class='ocr_par' dir='ltr' id='par_1_98' title="bbox 2089 3993 3226 4066">
     <span class='ocr_line' id='line_1_99' title="bbox 2089 3993 3226 4066; baseline 0.001 -18"><span class='ocrx_word' id='word_1_556' title='bbox 2089 3993 2248 4050; x_wconf 81' lang='lat' dir='ltr'><strong>Vexit</strong></span> <span class='ocrx_word' id='word_1_557' title='bbox 2283 3995 2350 4049; x_wconf 90' lang='lat' dir='ltr'><strong>ad</strong></span> <span class='ocrx_word' id='word_1_558' title='bbox 2377 3995 2484 4050; x_wconf 87' lang='lat' dir='ltr'><strong>alta</strong></span> <span class='ocrx_word' id='word_1_559' title='bbox 2513 3994 2619 4064; x_wconf 87' lang='lat' dir='ltr'><strong>poli</strong></span> <span class='ocrx_word' id='word_1_560' title='bbox 2648 3994 2763 4050; x_wconf 81' lang='lat' dir='ltr'><strong>Rex</strong></span> <span class='ocrx_word' id='word_1_561' title='bbox 2795 3995 2915 4064; x_wconf 89' lang='lat' dir='ltr'><strong>pius</strong></span> <span class='ocrx_word' id='word_1_562' title='bbox 2943 3996 3057 4066; x_wconf 91' lang='lat' dir='ltr'><strong>ipse</strong></span> <span class='ocrx_word' id='word_1_563' title='bbox 3086 3995 3226 4065; x_wconf 81' lang='lat' dir='ltr'><strong>pius.</strong></span> 
     </span>
    </p>
   </div>
   <div class='ocr_carea' id='block_1_99' title="bbox 2018 4078 3493 4158">
    <p class='ocr_par' dir='ltr' id='par_1_99' title="bbox 2018 4078 3493 4158">
     <span class='ocr_line' id='line_1_100' title="bbox 2018 4078 3493 4158; baseline -0.001 -16"><span class='ocrx_word' id='word_1_564' title='bbox 2018 4078 2237 4142; x_wconf 73' lang='lat' dir='ltr'><strong>semina</strong></span> <span class='ocrx_word' id='word_1_565' title='bbox 2266 4102 2433 4158; x_wconf 89' lang='lat' dir='ltr'><strong>parva</strong></span> <span class='ocrx_word' id='word_1_566' title='bbox 2463 4085 2628 4142; x_wconf 88' lang='lat' dir='ltr'><strong>Sator</strong></span> <span class='ocrx_word' id='word_1_567' title='bbox 2654 4086 2951 4142; x_wconf 88' lang='lat' dir='ltr'><strong>cumulavit</strong></span> <span class='ocrx_word' id='word_1_568' title='bbox 2979 4086 3246 4142; x_wconf 82' lang='lat' dir='ltr'><strong>fructibus</strong></span> <span class='ocrx_word' id='word_1_569' title='bbox 3276 4084 3493 4156; x_wconf 86' lang='lat' dir='ltr'><strong>amplis,</strong></span> 
     </span>
    </p>
   </div>
   <div class='ocr_carea' id='block_1_100' title="bbox 2088 4176 3295 4249">
    <p class='ocr_par' dir='ltr' id='par_1_100' title="bbox 2088 4176 3295 4249">
     <span class='ocr_line' id='line_1_101' title="bbox 2088 4176 3295 4249; baseline 0.001 -18"><span class='ocrx_word' id='word_1_570' title='bbox 2088 4176 2466 4247; x_wconf 86' lang='lat' dir='ltr'><strong>Centuplicare</strong></span> <span class='ocrx_word' id='word_1_571' title='bbox 2494 4177 2640 4232; x_wconf 90' lang='lat' dir='ltr'><strong>dedit</strong></span> <span class='ocrx_word' id='word_1_572' title='bbox 2674 4177 2881 4234; x_wconf 86' lang='lat' dir='ltr'><strong>semina</strong></span> <span class='ocrx_word' id='word_1_573' title='bbox 2912 4191 3080 4249; x_wconf 82' lang='lat' dir='ltr'><strong>parva</strong></span> <span class='ocrx_word' id='word_1_574' title='bbox 3111 4178 3295 4234; x_wconf 86' lang='lat' dir='ltr'><strong>Sator.</strong></span> 
     </span>
    </p>
   </div>
   <div class='ocr_carea' id='block_1_101' title="bbox 2019 4267 3510 4332">
    <p class='ocr_par' dir='ltr' id='par_1_101' title="bbox 2019 4267 3510 4332">
     <span class='ocr_line' id='line_1_102' title="bbox 2019 4267 3510 4332; baseline 0 -10"><span class='ocrx_word' id='word_1_575' title='bbox 2019 4267 2193 4323; x_wconf 74' lang='lat' dir='ltr'><strong>Ellera</strong></span> <span class='ocrx_word' id='word_1_576' title='bbox 2229 4269 2394 4324; x_wconf 89' lang='lat' dir='ltr'><strong>corda</strong></span> <span class='ocrx_word' id='word_1_577' title='bbox 2424 4269 2600 4324; x_wconf 90' lang='lat' dir='ltr'><strong>nitent</strong></span> <span class='ocrx_word' id='word_1_578' title='bbox 2628 4268 2854 4324; x_wconf 89' lang='lat' dir='ltr'><strong>istorum</strong></span> <span class='ocrx_word' id='word_1_579' title='bbox 2888 4269 3091 4324; x_wconf 82' lang='lat' dir='ltr'><strong>famine</strong></span> <span class='ocrx_word' id='word_1_580' title='bbox 3116 4271 3147 4306; x_wconf 78' lang='grc'><strong>³⁸⁸</strong></span> <span class='ocrx_word' id='word_1_581' title='bbox 3175 4277 3510 4332; x_wconf 84' lang='lat' dir='ltr'><strong>sanctorum,</strong></span> 
     </span>
    </p>
   </div>
   <div class='ocr_carea' id='block_1_102' title="bbox 1945 4359 3216 4450">
    <p class='ocr_par' dir='ltr' id='par_1_102' title="bbox 1945 4359 3216 4450">
     <span class='ocr_line' id='line_1_103' title="bbox 1945 4359 3216 4450; baseline 0.001 -35"><span class='ocrx_word' id='word_1_582' title='bbox 1945 4388 1998 4450; x_wconf 68' lang='grc' dir='ltr'>Β</span> <span class='ocrx_word' id='word_1_583' title='bbox 2091 4360 2196 4415; x_wconf 83' lang='lat' dir='ltr'><strong>Per</strong></span> <span class='ocrx_word' id='word_1_584' title='bbox 2221 4361 2401 4416; x_wconf 89' lang='lat' dir='ltr'><strong>varios</strong></span> <span class='ocrx_word' id='word_1_585' title='bbox 2429 4359 2592 4417; x_wconf 84' lang='lat' dir='ltr'><strong>liores</strong></span> <span class='ocrx_word' id='word_1_586' title='bbox 2629 4359 2793 4417; x_wconf 78' lang='lat' dir='ltr'><strong>ell‘era</strong></span> <span class='ocrx_word' id='word_1_587' title='bbox 2824 4363 2988 4418; x_wconf 90' lang='lat' dir='ltr'><strong>corda</strong></span> <span class='ocrx_word' id='word_1_588' title='bbox 3026 4362 3216 4450; x_wconf 89' lang='lat' dir='ltr'><strong>nitent.</strong></span> 
     </span>
    </p>
   </div>
   <div class='ocr_carea' id='block_1_103' title="bbox 2026 4449 3283 4522">
    <p class='ocr_par' dir='ltr' id='par_1_103' title="bbox 2026 4449 3283 4522">
     <span class='ocr_line' id='line_1_104' title="bbox 2026 4449 3283 4522; baseline 0.001 -18"><span class='ocrx_word' id='word_1_589' title='bbox 2026 4449 2158 4504; x_wconf 85' lang='lat' dir='ltr'><strong>Lilia</strong></span> <span class='ocrx_word' id='word_1_590' title='bbox 2191 4450 2347 4504; x_wconf 81' lang='lat' dir='ltr'><strong>mista</strong></span> <span class='ocrx_word' id='word_1_591' title='bbox 2384 4451 2523 4505; x_wconf 90' lang='lat' dir='ltr'><strong>rosis</strong></span> <span class='ocrx_word' id='word_1_592' title='bbox 2551 4450 2812 4521; x_wconf 80' lang='lat' dir='ltr'><strong>violaeque</strong></span> <span class='ocrx_word' id='word_1_593' title='bbox 2841 4467 3004 4520; x_wconf 91' lang='lat' dir='ltr'><strong>per...</strong></span> <span class='ocrx_word' id='word_1_594' title='bbox 3035 4449 3283 4522; x_wconf 83' lang='lat' dir='ltr'><strong>ﬂagrant,</strong></span> 
     </span>
    </p>
   </div>
   <div class='ocr_carea' id='block_1_104' title="bbox 2095 4539 3070 4596">
    <p class='ocr_par' dir='ltr' id='par_1_104' title="bbox 2095 4539 3070 4596">
     <span class='ocr_line' id='line_1_105' title="bbox 2095 4539 3070 4596; baseline 0.001 -3"><span class='ocrx_word' id='word_1_595' title='bbox 2095 4539 2293 4594; x_wconf 87' lang='lat' dir='ltr'><strong>Sancta</strong></span> <span class='ocrx_word' id='word_1_596' title='bbox 2325 4540 2561 4595; x_wconf 90' lang='lat' dir='ltr'><strong>renitent</strong></span> <span class='ocrx_word' id='word_1_597' title='bbox 2586 4539 2698 4594; x_wconf 87' lang='lat' dir='ltr'><strong>lilia</strong></span> <span class='ocrx_word' id='word_1_598' title='bbox 2728 4541 2886 4595; x_wconf 88' lang='lat' dir='ltr'><strong>mista</strong></span> <span class='ocrx_word' id='word_1_599' title='bbox 2913 4541 3070 4596; x_wconf 91' lang='lat' dir='ltr'><strong>rosis.</strong></span> 
     </span>
    </p>
   </div>
   <div class='ocr_carea' id='block_1_105' title="bbox 2025 4629 3372 4700">
    <p class='ocr_par' dir='ltr' id='par_1_105' title="bbox 2025 4629 3372 4700">
     <span class='ocr_line' id='line_1_106' title="bbox 2025 4629 3372 4700; baseline -0.001 -16"><span class='ocrx_word' id='word_1_600' title='bbox 2025 4630 2201 4684; x_wconf 79' lang='lat' dir='ltr'><strong>Aurea</strong></span> <span class='ocrx_word' id='word_1_601' title='bbox 2233 4645 2396 4699; x_wconf 88' lang='lat' dir='ltr'><strong>regna</strong></span> <span class='ocrx_word' id='word_1_602' title='bbox 2425 4630 2534 4700; x_wconf 86' lang='lat' dir='ltr'><strong>poli</strong></span> <span class='ocrx_word' id='word_1_603' title='bbox 2565 4631 2845 4700; x_wconf 76' lang='lat' dir='ltr'><strong>dispenSat</strong></span> <span class='ocrx_word' id='word_1_604' title='bbox 2869 4631 3121 4686; x_wconf 86' lang='lat' dir='ltr'><strong>Christus</strong></span> <span class='ocrx_word' id='word_1_605' title='bbox 3149 4629 3372 4698; x_wconf 88' lang='lat' dir='ltr'><strong>ubique,</strong></span> 
     </span>
    </p>
   </div>
   <div class='ocr_carea' id='block_1_106' title="bbox 2096 4720 3149 4791">
    <p class='ocr_par' dir='ltr' id='par_1_106' title="bbox 2096 4720 3149 4791">
     <span class='ocr_line' id='line_1_107' title="bbox 2096 4720 3149 4791; baseline 0.002 -17"><span class='ocrx_word' id='word_1_606' title='bbox 2096 4720 2386 4791; x_wconf 90' lang='lat' dir='ltr'><strong>Discipulis</strong></span> <span class='ocrx_word' id='word_1_607' title='bbox 2418 4722 2603 4777; x_wconf 90' lang='lat' dir='ltr'><strong>tribuit</strong></span> <span class='ocrx_word' id='word_1_608' title='bbox 2631 4734 2796 4776; x_wconf 84' lang='lat' dir='ltr'><strong>aurea</strong></span> <span class='ocrx_word' id='word_1_609' title='bbox 2830 4735 2993 4790; x_wconf 84' lang='lat' dir='ltr'><strong>regna</strong></span> <span class='ocrx_word' id='word_1_610' title='bbox 3021 4721 3149 4791; x_wconf 88' lang='lat' dir='ltr'><strong>poli.</strong></span> 
     </span>
    </p>
   </div>
   <div class='ocr_carea' id='block_1_107' title="bbox 2025 4811 3436 4880">
    <p class='ocr_par' dir='ltr' id='par_1_107' title="bbox 2025 4811 3436 4880">
     <span class='ocr_line' id='line_1_108' title="bbox 2025 4811 3436 4880; baseline -0.002 -13"><span class='ocrx_word' id='word_1_611' title='bbox 2025 4811 2285 4868; x_wconf 81' lang='lat' dir='ltr'><strong>Primitus</strong></span> <span class='ocrx_word' id='word_1_612' title='bbox 2315 4811 2456 4865; x_wconf 88' lang='lat' dir='ltr'><strong>alma</strong></span> <span class='ocrx_word' id='word_1_613' title='bbox 2481 4811 2614 4868; x_wconf 81' lang='lat' dir='ltr'><strong>ﬁdes</strong></span> <span class='ocrx_word' id='word_1_614' title='bbox 2642 4823 2738 4880; x_wconf 91' lang='lat' dir='ltr'><strong>per</strong></span> <span class='ocrx_word' id='word_1_615' title='bbox 2759 4811 2979 4866; x_wconf 86' lang='lat' dir='ltr'><strong>Petrum</strong></span> <span class='ocrx_word' id='word_1_616' title='bbox 3015 4814 3214 4867; x_wconf 82' lang='lat' dir='ltr'><strong>clarior</strong></span> <span class='ocrx_word' id='word_1_617' title='bbox 3237 4818 3436 4880; x_wconf 84' lang='lat' dir='ltr'><strong>exstat,</strong></span> 
     </span>
    </p>
   </div>
   <div class='ocr_carea' id='block_1_108' title="bbox 2097 4900 3210 4972">
    <p class='ocr_par' dir='ltr' id='par_1_108' title="bbox 2097 4900 3210 4972">
     <span class='ocr_line' id='line_1_109' title="bbox 2097 4900 3210 4972; baseline 0.002 -18"><span class='ocrx_word' id='word_1_618' title='bbox 2097 4900 2225 4970; x_wconf 90' lang='lat' dir='ltr'><strong>Ejus</strong></span> <span class='ocrx_word' id='word_1_619' title='bbox 2253 4902 2419 4956; x_wconf 90' lang='lat' dir='ltr'><strong>odore</strong></span> <span class='ocrx_word' id='word_1_620' title='bbox 2449 4901 2583 4956; x_wconf 89' lang='lat' dir='ltr'><strong>nitet</strong></span> <span class='ocrx_word' id='word_1_621' title='bbox 2609 4901 2858 4972; x_wconf 89' lang='lat' dir='ltr'><strong>primitus</strong></span> <span class='ocrx_word' id='word_1_622' title='bbox 2887 4901 3026 4957; x_wconf 87' lang='lat' dir='ltr'><strong>alma</strong></span> <span class='ocrx_word' id='word_1_623' title='bbox 3058 4902 3210 4958; x_wconf 81' lang='lat' dir='ltr'><strong>ﬁdes.</strong></span> 
     </span>
    </p>
   </div>
   <div class='ocr_carea' id='block_1_109' title="bbox 2029 4992 3352 5065">
    <p class='ocr_par' dir='ltr' id='par_1_109' title="bbox 2029 4992 3352 5065">
     <span class='ocr_line' id='line_1_110' title="bbox 2029 4992 3352 5065; baseline 0.002 -19"><span class='ocrx_word' id='word_1_624' title='bbox 2029 4992 2196 5048; x_wconf 77' lang='lat' dir='ltr'><strong>Roma</strong></span> <span class='ocrx_word' id='word_1_625' title='bbox 2226 4996 2405 5058; x_wconf 79' lang='lat' dir='ltr'><strong>beata,</strong></span> <span class='ocrx_word' id='word_1_626' title='bbox 2435 4993 2598 5057; x_wconf 88' lang='lat' dir='ltr'><strong>nites,</strong></span> <span class='ocrx_word' id='word_1_627' title='bbox 2630 4993 2772 5049; x_wconf 87' lang='lat' dir='ltr'><strong>Petri</strong></span> <span class='ocrx_word' id='word_1_628' title='bbox 2808 4995 2878 5050; x_wconf 90' lang='lat' dir='ltr'><strong>de</strong></span> <span class='ocrx_word' id='word_1_629' title='bbox 2906 4993 3132 5065; x_wconf 74' lang='lat' dir='ltr'><strong>corpore</strong></span> <span class='ocrx_word' id='word_1_630' title='bbox 3155 4995 3352 5062; x_wconf 86' lang='lat' dir='ltr'><strong>sancti,</strong></span> 
     </span>
    </p>
   </div>
   <div class='ocr_carea' id='block_1_110' title="bbox 2099 5083 3342 5153">
    <p class='ocr_par' dir='ltr' id='par_1_110' title="bbox 2099 5083 3342 5153">
     <span class='ocr_line' id='line_1_111' title="bbox 2099 5083 3342 5153; baseline 0.002 -17"><span class='ocrx_word' id='word_1_631' title='bbox 2099 5083 2356 5152; x_wconf 73' lang='lat' dir='ltr'><strong>Dogmata</strong></span> <span class='ocrx_word' id='word_1_632' title='bbox 2383 5097 2596 5153; x_wconf 90' lang='lat' dir='ltr'><strong>quoque</strong></span> <span class='ocrx_word' id='word_1_633' title='bbox 2621 5099 2740 5152; x_wconf 93' lang='lat' dir='ltr'><strong>suo,</strong></span> <span class='ocrx_word' id='word_1_634' title='bbox 2768 5083 2939 5140; x_wconf 77' lang='lat' dir='ltr'><strong>Roma</strong></span> <span class='ocrx_word' id='word_1_635' title='bbox 2969 5085 3148 5151; x_wconf 87' lang='lat' dir='ltr'><strong>beata,</strong></span> <span class='ocrx_word' id='word_1_636' title='bbox 3180 5085 3342 5140; x_wconf 89' lang='lat' dir='ltr'><strong>nites.</strong></span> 
     </span>
    </p>
   </div>
   <div class='ocr_carea' id='block_1_111' title="bbox 2029 5176 3420 5249">
    <p class='ocr_par' dir='ltr' id='par_1_111' title="bbox 2029 5176 3420 5249">
     <span class='ocr_line' id='line_1_112' title="bbox 2029 5176 3420 5249; baseline 0.002 -19"><span class='ocrx_word' id='word_1_637' title='bbox 2029 5176 2217 5246; x_wconf 83' lang='lat' dir='ltr'><strong>Ampla</strong></span> <span class='ocrx_word' id='word_1_638' title='bbox 2247 5184 2445 5246; x_wconf 82' lang='lat' dir='ltr'><strong>tropaea</strong></span> <span class='ocrx_word' id='word_1_639' title='bbox 2473 5177 2652 5233; x_wconf 91' lang='lat' dir='ltr'><strong>crucis</strong></span> <span class='ocrx_word' id='word_1_640' title='bbox 2678 5193 2776 5248; x_wconf 88' lang='lat' dir='ltr'><strong>pro</strong></span> <span class='ocrx_word' id='word_1_641' title='bbox 2803 5178 3023 5234; x_wconf 88' lang='lat' dir='ltr'><strong>Christo</strong></span> <span class='ocrx_word' id='word_1_642' title='bbox 3050 5177 3270 5249; x_wconf 89' lang='lat' dir='ltr'><strong>pertulit</strong></span> <span class='ocrx_word' id='word_1_643' title='bbox 3305 5177 3420 5242; x_wconf 90' lang='lat' dir='ltr'><strong>ille,</strong></span> 
     </span>
    </p>
   </div>
   <div class='ocr_carea' id='block_1_112' title="bbox 2098 5265 3333 5339">
    <p class='ocr_par' dir='ltr' id='par_1_112' title="bbox 2098 5265 3333 5339">
     <span class='ocr_line' id='line_1_113' title="bbox 2098 5265 3333 5339; baseline 0.005 -21"><span class='ocrx_word' id='word_1_644' title='bbox 2098 5265 2312 5322; x_wconf 86' lang='lat' dir='ltr'><strong>Vertice</strong></span> <span class='ocrx_word' id='word_1_645' title='bbox 2339 5283 2528 5323; x_wconf 89' lang='lat' dir='ltr'><strong>versus</strong></span> <span class='ocrx_word' id='word_1_646' title='bbox 2556 5269 2668 5324; x_wconf 87' lang='lat' dir='ltr'><strong>abit</strong></span> <span class='ocrx_word' id='word_1_647' title='bbox 2693 5269 2868 5338; x_wconf 90' lang='lat' dir='ltr'><strong>ampla</strong></span> <span class='ocrx_word' id='word_1_648' title='bbox 2901 5278 3100 5339; x_wconf 64' lang='lat' dir='ltr'><strong>tropaea</strong></span> <span class='ocrx_word' id='word_1_649' title='bbox 3135 5270 3333 5324; x_wconf 89' lang='lat' dir='ltr'><strong>crucis.</strong></span> 
     </span>
    </p>
   </div>
   <div class='ocr_carea' id='block_1_113' title="bbox 2028 5354 3475 5427">
    <p class='ocr_par' dir='ltr' id='par_1_113' title="bbox 2028 5354 3475 5427">
     <span class='ocr_line' id='line_1_114' title="bbox 2028 5354 3475 5427; baseline 0.001 -18"><span class='ocrx_word' id='word_1_650' title='bbox 2028 5354 2285 5424; x_wconf 87' lang='lat' dir='ltr'><strong>Splendet</strong></span> <span class='ocrx_word' id='word_1_651' title='bbox 2322 5356 2520 5427; x_wconf 88' lang='lat' dir='ltr'><strong>ubique</strong></span> <span class='ocrx_word' id='word_1_652' title='bbox 2548 5366 2739 5426; x_wconf 86' lang='lat' dir='ltr'><strong>potens</strong></span> <span class='ocrx_word' id='word_1_653' title='bbox 2767 5356 2984 5419; x_wconf 87' lang='lat' dir='ltr'><strong>Paulus,</strong></span> <span class='ocrx_word' id='word_1_654' title='bbox 3016 5357 3276 5414; x_wconf 90' lang='lat' dir='ltr'><strong>mirabilis</strong></span> <span class='ocrx_word' id='word_1_655' title='bbox 3301 5366 3475 5427; x_wconf 85' lang='lat' dir='ltr'><strong>actor,</strong></span> 
     </span>
    </p>
   </div>
   <div class='ocr_carea' id='block_1_114' title="bbox 2100 5446 3352 5519">
    <p class='ocr_par' dir='ltr' id='par_1_114' title="bbox 2100 5446 3352 5519">
     <span class='ocr_line' id='line_1_115' title="bbox 2100 5446 3352 5519; baseline 0.004 -19"><span class='ocrx_word' id='word_1_656' title='bbox 2100 5446 2381 5501; x_wconf 83' lang='lat' dir='ltr'><strong>Abscissus</strong></span> <span class='ocrx_word' id='word_1_657' title='bbox 2409 5447 2585 5517; x_wconf 89' lang='lat' dir='ltr'><strong>capite</strong></span> <span class='ocrx_word' id='word_1_658' title='bbox 2616 5447 2880 5517; x_wconf 87' lang='lat' dir='ltr'><strong>splendet,</strong></span> <span class='ocrx_word' id='word_1_659' title='bbox 2913 5447 3111 5518; x_wconf 90' lang='lat' dir='ltr'><strong>ubique</strong></span> <span class='ocrx_word' id='word_1_660' title='bbox 3141 5455 3352 5519; x_wconf 85' lang='lat' dir='ltr'><strong>potens.</strong></span> 
     </span>
    </p>
   </div>
   <div class='ocr_carea' id='block_1_115' title="bbox 2029 5535 3316 5608">
    <p class='ocr_par' dir='ltr' id='par_1_115' title="bbox 2029 5535 3316 5608">
     <span class='ocr_line' id='line_1_116' title="bbox 2029 5535 3316 5608; baseline 0.003 -17"><span class='ocrx_word' id='word_1_661' title='bbox 2029 5535 2073 5591; x_wconf 91' lang='grc' dir='ltr'><strong>Ο</strong></span> <span class='ocrx_word' id='word_1_662' title='bbox 2104 5538 2408 5591; x_wconf 85' lang='lat' dir='ltr'><strong>veneranda</strong></span> <span class='ocrx_word' id='word_1_663' title='bbox 2449 5537 2610 5593; x_wconf 82' lang='lat' dir='ltr'><strong>nimis</strong></span> <span class='ocrx_word' id='word_1_664' title='bbox 2641 5537 2784 5593; x_wconf 85' lang='lat' dir='ltr'><strong>Petri</strong></span> <span class='ocrx_word' id='word_1_665' title='bbox 2813 5535 3075 5607; x_wconf 85' lang='lat' dir='ltr'><strong>Paulique</strong></span> <span class='ocrx_word' id='word_1_666' title='bbox 3103 5539 3316 5608; x_wconf 89' lang='lat' dir='ltr'><strong>decore,</strong></span> 
     </span>
    </p>
   </div>
   <div class='ocr_carea' id='block_1_116' title="bbox 2104 5627 3347 5698">
    <p class='ocr_par' dir='ltr' id='par_1_116' title="bbox 2104 5627 3347 5698">
     <span class='ocr_line' id='line_1_117' title="bbox 2104 5627 3347 5698; baseline 0.008 -18"><span class='ocrx_word' id='word_1_667' title='bbox 2104 5627 2349 5694; x_wconf 83' lang='lat' dir='ltr'><strong>Romula,</strong></span> <span class='ocrx_word' id='word_1_668' title='bbox 2377 5642 2514 5698; x_wconf 89' lang='lat' dir='ltr'><strong>quos</strong></span> <span class='ocrx_word' id='word_1_669' title='bbox 2547 5629 2764 5695; x_wconf 88' lang='lat' dir='ltr'><strong>retines,</strong></span> <span class='ocrx_word' id='word_1_670' title='bbox 2790 5645 2822 5684; x_wconf 92' lang='grc' dir='ltr'>ο</span> <span class='ocrx_word' id='word_1_671' title='bbox 2854 5630 3157 5689; x_wconf 79' lang='lat' dir='ltr'><strong>veneranda</strong></span> <span class='ocrx_word' id='word_1_672' title='bbox 3192 5631 3347 5690; x_wconf 79' lang='lat' dir='ltr'><strong>nimis</strong></span> 
     </span>
    </p>
   </div>
  </div>
