4018 6182
548 264 645 319 ΘΜ
1375 265 1431 320 5.
1473 264 1675 320 PETRI
1712 264 1992 320 DAMIANI
2033 263 2183 320 OI’P.
2228 263 2461 321 TOMUS
2499 264 2628 321 SEU
2673 264 2852 321 PARS
2890 265 2976 320 IV.
3717 272 3829 331 9"

548 379 713 434 Facta
744 378 933 434 salutis
962 392 1129 449 agens
1154 377 1384 436 Jacobus
1410 395 1504 450 per
1536 388 1730 436 cuncta
1763 388 2007 443 necatur,
2145 385 2193 442 Α
2358 377 2564 434 Ρτωιθι·
2589 379 2777 445 Deum,
2806 380 2890 434 vel
2919 381 3110 435 esurit.

618 470 858 527 Galliciae
884 469 1170 538 recubans,
1205 470 1341 525 facta
1368 470 1556 527 salutis
1586 486 1767 541 agens.
2434 468 2617 533 Saevit,
2652 469 2850 534 fremit,
2884 469 3144 525 efferatur

546 560 692 615 ldola
728 575 868 615 caeca
896 559 1166 619 coleus....
1194 559 1450 617 Armenia
1481 576 1583 617 nec
1614 577 1721 617 non
2364 558 2486 614 Mox
2514 568 2738 614 cruenta
2764 561 2969 628 bestia;

618 651 862 705 Vertitur
887 650 954 705 ad
982 649 1258 705 Christum
1286 651 1430 707 idola
1464 668 1604 708 caeca
1634 652 1836 709 colens.
2360 652 2576 718 Fervet,
2604 648 2834 719 frendet,
2865 661 3045 709 movet
3069 663 3265 709 cuncta

548 740 850 807 Excoriale,
873 739 1015 797 nites
1043 741 1097 795 in
1122 741 1345 807 mundo,
1374 741 1782 809 Bartholomaee,
2366 742 2782 799 Tormentorum
2812 760 3010 816 genera
3045 762 3059 799 :

616 828 830 885 Vertice
854 831 1132 899 praecisus,
1162 832 1459 898 excoriate,
1486 833 1652 888 nites.
2360 831 2610 900 Ferrum,
2644 832 2817 904 ignes,
2845 835 3091 899 testulas,
3123 836 3408 907 equuleum
3428 878 3443 904 ,

545 918 757 987 Optima
782 929 934 990 gesta
962 935 1161 976 canens
1192 922 1527 987 Macedonia,
1556 924 1658 979 rite
1681 922 1985 989 Matthaeus,
2362 924 2620 995 Torquet,
2650 932 2840 994 torret,
2874 932 2930 980 et
2958 939 3247 997 compages

612 1010 673 1065 ln
696 1009 875 1067 Persis
907 1027 1119 1081 passus,
1150 1014 1353 1083 optima
1383 1022 1536 1085 gesta
1570 1029 1789 1069 canens.
2363 1013 2561 1073 Dividit
2591 1016 2967 1083 articulorum,

543 1100 602 1157 In
629 1117 807 1168 cruce,
830 1101 1011 1169 Petre,
1044 1112 1168 1158 tuus
1191 1104 1494 1159 Germanus
1518 1105 1777 1173 praedicat
1800 1104 2010 1170 orbem,
2362 1106 2628 1177 lmprimit
2654 1107 2946 1177 ignitarum
2977 1107 3305 1163 laminarum

617 1193 878 1247 Achaiam
906 1192 1122 1248 salvans
1158 1194 1209 1247 in
1238 1208 1417 1259 cruce,
1449 1194 1626 1261 Petre,
1658 1202 1798 1248 tuus.
2362 1196 2540 1253 Sectis
2566 1198 2832 1253 membris
2858 1213 3034 1256 eazcus
3061 1199 3214 1254 furor
3242 1199 3563 1255 eauterium.

550 1286 721 1355 Eripit
748 1286 836 1340 ille
866 1285 1053 1341 Simon
1079 1286 1371 1341 cruciﬁxus
1401 1286 1599 1341 famine
1628 1285 1841 1353 Salens,
2435 1289 2639 1344 Christi
2667 1290 2825 1346 miles
2855 1292 3054 1361 premit
3081 1291 3225 1347 vires

619 1372 911 1445 Egyptum
939 1375 1097 1429 simul
1121 1375 1285 1445 eripit
1309 1376 1397 1431 ille
1424 1374 1629 1430 Simon.
2364 1377 2585 1434 Viribus
2610 1380 2812 1445 cordis,
2844 1390 2900 1436 et
2931 1381 3056 1452 igne

549 1464 711 1518 Millia
744 1465 911 1519 multa
942 1465 1117 1520 virum
1145 1465 1446 1522 Thaddaeus
1484 1465 1711 1522 contulit
1741 1464 1960 1531 ardens,
2364 1467 2556 1523 Carnis
2584 1469 2735 1540 igues
2766 1471 3168 1541 exstinguebat,

623 1554 829 1609 Pontus
857 1561 912 1609 et
937 1554 1191 1610 Armenia
1222 1554 1388 1611 millia
1420 1555 1587 1609 multa
1616 1555 1813 1609 virum.
2367 1557 2568 1615 Sancto
2593 1560 2785 1629 plenus
2816 1559 3044 1637 Spiritu.

549 1646 810 1715 Dogmata
840 1645 1007 1699 multa
1034 1644 1154 1701 tulit
1180 1646 1417 1701 Thomas
1452 1646 1783 1702 transfossus
1814 1646 1866 1699 in
1897 1645 2045 1706 orbe,
2436 1648 2618 1705 Caesus
2646 1649 2853 1719 ﬂagris,
2880 1652 3060 1708 fossus
3090 1653 3257 1724 plagis

618 1735 801 1789 Persis
829 1742 884 1788 et
908 1734 1076 1789 Medis
1103 1734 1352 1807 dogmata
1389 1736 1556 1790 multa
1587 1736 1709 1790 tulit
2367 1739 2589 1807 anilat,
2621 1741 2834 1798 desides
2861 1743 3046 1799 horret

548 1825 651 1895 31
679 1823 750 1880 Se
769 1840 928 1896 super
949 1833 1093 1881 astra
1118 1826 1296 1882 ferens
1316 1827 1563 1897 purgavit
1587 1828 1844 1891 sehisma,
1865 1826 2123 1887 Joannes,
2364 1832 2653 1899 Tortores,
2685 1834 2854 1891 solam
2887 1837 3042 1893 timet

618 1914 787 1982 Quem
817 1923 962 1970 tenet
988 1916 1254 1986 Ephesius
1279 1932 1337 1973 se
1365 1933 1528 1986 super
1550 1928 1697 1973 astra
1726 1917 1925 1973 ferens.
2369 1922 2676 1979 Levitatem
2707 1926 3044 1983 carniﬁcum.

550 2006 971 2064 Tactus'amore
995 2009 1091 2065 Dei
1120 2009 1391 2079 lapidatur
1414 2025 1604 2080 nempe
1633 2010 1930 2081 Philippus,
2438 2013 2588 2067 Bella
2614 2012 2870 2079 fremunt,
2903 2018 3087 2071 hostes
3115 2017 3347 2080 exedunt,

616 2098 752 2154 Cum
782 2101 954 2155 vertit
975 2099 1174 2165 Gallos,
1208 2110 1385 2159 tactus
1412 2117 1598 2159 amore
1630 2103 1741 2157 Dei.
2369 2098 2501 2157 Haec
2529 2111 2613 2158 est
2644 2104 2729 2158 lex
2758 2104 3035 2172 victoriae;

548 2192 761 2260 Iacche,
790 2206 919 2248 ecce
944 2192 1102 2259 nites,
1128 2194 1341 2249 Domini
1380 2195 1725 2250 sanctissime
1756 2193 1941 2258 frater,
2371 2192 2555 2263 Pugna
2586 2194 2774 2265 surgit,
2802 2195 2981 2266 palma
3009 2198 3228 2265 crescit,

617 2283 992 2354 Praecipitatus
1027 2283 1167 2349 abis,
1190 2282 1413 2349 Jacobe,
1446 2298 1574 2339 ecce
1600 2285 1762 2346 nites,
2040 2304 2053 2315 ·
2374 2282 2440 2336 Et
2467 2299 2681 2339 corona:
2711 2285 2905 2355 gloria.
3216 2344 3221 2353 ,

510 2377 690 2432 .lnter
719 2376 1043 2446 apostolicos
1068 2377 1373 2431 numeraris
1410 2383 1579 2441 sorte,
1612 2375 1853 2437 Matthia,
2440 2374 2631 2430 Clarus
2658 2375 2860 2431 Christi
2891 2379 3270 2449 triumphator,

616 2465 856 2521 Judzeam
888 2465 1105 2522 salvans
1134 2466 1277 2521 inter
1302 2464 1646 2536 apostolicos.
2376 2466 2483 2537 32
2523 2468 2739 2522 Curiam
2770 2471 2964 2529 summi
3002 2472 3125 2527 coeli
3154 2483 3487 2544 purpuratus

552 2557 738 2613 Uritur
772 2558 895 2628 igne
919 2558 1015 2612 Dei
1037 2556 1338 2623 Barnabas,
1366 2558 1621 2629 dogmata
1650 2556 1888 2620 damnat,
2374 2560 2640 2626 Introivit,
2672 2564 2961 2619 comitatus
2993 2565 3150 2620 niveo

622 2649 865 2717 Dumque
900 2657 1173 2703 crematus
1200 2647 1334 2715 obit,
1371 2650 1548 2704 uritur
1580 2649 1700 2720 igne
1727 2650 1842 2703 Dei.
2377 2646 2793 2719 Splendidorum
2824 2653 3141 2723 angelorum

549 2741 720 2806 Quam
759 2740 1000 2809 speciose
1037 2741 1241 2806 micas,
1268 2740 1624 2806 Alexandria,
1656 2742 1917 2813 sanguine
1939 2741 2128 2808 Marci,
2454 2740 2620 2796 Dulce
2651 2757 2869 2797 carmen
2903 2744 3215 2799 modulante
3244 2744 3487 2817 collegio.

618 2831 972 2887 Constantina
1010 2830 1191 2897 simul,
1222 2846 1382 2900 quam
1418 2832 1659 2901 speciose
1684 2833 1851 2888 micas
1877 2832 1889 2886 ἱ
2368 2828 2491 2883 Mox
2524 2830 2575 2883 in
2605 2829 2741 2886 latos
2771 2847 2968 2901 corpus
2999 2848 3157 2903 agros

552 2921 632 2977 'I‘e
661 2918 939 2973 renitendo
963 2920 1099 2974 nitet
1118 2917 1327 2991 fulgens
1349 2919 1612 2991 Bithinia,
1636 2921 1805 2987 Luca,
2368 2921 2580 2977 Jacitur
2607 2924 2957 2995 insepultum,

622 3011 762 3067 Urbs
789 3025 1002 3080 quoque
1025 3010 1221 3081 regalis
1249 3019 1301 3066 te
1325 3012 1606 3068 renitendo
1633 3014 1789 3068 nitet.
2168 3076 2200 3082 _
2375 3013 2587 3069 Pavent
2612 3030 2796 3082 canes,
2841 3024 3079 3072 tremunt
3110 3032 3235 3073 aves

550 3076 999 3172 Carmina-parva
1035 3076 1185 3156 dedit
1216 3101 1449 3158 famulus
1478 3119 1576 3173 pro
1614 3119 1839 3160 munere
1875 3104 2125 3176 supplex,
2155 3076 2201 3137 C
2372 3101 2603 3173 Pr0pius
2632 3076 2910 3162 accedere.

620 3192 848 3258 Parvus,
876 3192 1047 3259 iners,
1076 3194 1274 3259 tenuis,
1308 3194 1550 3248 carmina
1583 3209 1750 3265 parva
1782 3196 1951 3251 dedit.
2450 3196 2628 3261 Cives,
2663 3213 2853 3253 arvum
2885 3198 2988 3254 fert
3019 3200 3332 3255 thesaurum
3366 3199 3629 3255 nobilem:

561 3287 781 3353 Numen,
806 3286 1160 3356 apostolicum
1188 3288 1474 3358 dignanter
1507 3289 1723 3361 suscipe
1750 3308 1947 3348 munus
1965 3335 1980 3363 ,

2368 3284 2486 3341 Non
2519 3290 2827 3357 praedones,
2857 3306 2964 3345 non
2999 3291 3255 3358 latrones,
3289 3301 3346 3346 ut
3375 3291 3674 3359 occultent,

622 3377 755 3430 Vota
781 3389 1081 3447 precesque
1116 3376 1258 3447 pias,
1281 3377 1509 3443 Numen,
1543 3382 1919 3446 apostolicum.
2372 3374 2565 3432 Valent
2589 3378 2717 3433 illud
2743 3377 2998 3434 effodere.

678 3472 837 3530 XCV.
895 3471 1191 3542 Rhymmus
1213 3469 1276 3523 de
1303 3467 1363 3524 S.
1402 3468 1671 3524 Vincentio
1718 3477 1981 3540 martyre.
2445 3467 2581 3523 Nam
2612 3486 2844 3527 vesanus
2876 3471 3145 3528 Dacianus

747 3563 979 3627 Caelum,
1004 3571 1168 3625 terra,
1193 3570 1409 3630 pontus,
1442 3562 1608 3616 mthra
1634 3603 1650 3627 ,
2374 3557 2494 3613 Suit
2532 3562 2677 3616 hunc
2701 3563 3022 3629 herunculo,

672 3656 885 3714 Pariter
912 3655 1180 3710 elementa
2374 3650 2535 3706 Velut
2564 3652 2617 3707 in
2648 3654 2955 3721 parricidali

676 3749 883 3806 Cuncta
910 3754 1163 3816 premant
1200 3744 1578 3813 triumphalem
2380 3738 2551 3794 Reum
2586 3741 2802 3797 claudat
2829 3744 3001 3809 culeo,

676 3838 887 3896 Summi
910 3836 1074 3906 Regis
1098 3835 1347 3907 gloriam.
2370 3829 2438 3883 Et
2475 3831 2699 3887 marinis
2720 3830 2876 3900 jubet
2906 3850 3073 3907 mergi
3104 3836 3355 3893 [luctibus
3382 3851 3397 3891 :

744 3928 850 3997 Qui
871 3927 1043 3986 leonis
1066 3926 1350 3999 rugientis.
2371 3920 2569 3993 Nequit
2596 3933 2790 3993 pontus
2815 3942 3031 3982 sacrum
3063 3930 3274 3999 pondus
3299 3930 3573 3991 cohibere,

674 4022 901 4078 Rabiem
930 4035 1030 4093 per
1064 4020 1345 4076 robustum
2371 4011 2479 4067 Sed
2519 4015 2585 4069 ad
2621 4015 2773 4091 littus
2811 4019 3026 4074 ecelitus
3052 4021 3408 4090 gubernatum
3435 4020 3762 4089 deportatur.

673 4113 1023 4177 Bellatorem,
1063 4126 1187 4169 mox
1220 4112 1495 4168 victorem
2372 4104 2436 4159 Et
2467 4103 2690 4163 festinos
2716 4111 2973 4178 praevenit
3005 4111 3156 4167 velox
3189 4114 3445 4183 remiges.

672 4195 1034 4259 Conculcavit
1071 4196 1446 4251 Vincentium.
2436 4196 2592 4255 Nunc
2622 4216 2871 4257 serenum
2901 4203 3070 4260 victor
3108 4206 3324 4272 ccelum,

678 4286 821 4350 Sevi
852 4300 1047 4354 nempe
1080 4286 1300 4339 Daciani
2371 4284 2415 4341 Ο
2440 4288 2596 4343 beate
2625 4300 2903 4354 coronate,

676 4378 896 4447 Sprevit
936 4378 1074 4436 iram
1100 4376 1325 4447 judicis,
2152 4425 2202 4450 η
2373 4377 2502 4433 Post
2533 4379 2862 4450 triumphum

685 4425 896 4447 ηπ..-
936 4425 1074 4436 ..__-
1100 4425 1325 4447 ,ηπ-η
2373 4425 2395 4432 -
2419 4425 2500 4433 ---

685 4469 898 4525 Truces
932 4468 1110 4522 minas
1144 4478 1199 4521 ct
1227 4467 1490 4553 furorem,
2149 4425 2203 4486 Β
2368 4467 2573 4540 Martyr
2604 4471 2981 4529 invictissime.

674 4565 783 4623 Ceu
818 4580 1080 4621 susurros
1110 4563 1306 4619 culicis
1334 4583 1345 4618 :
2431 4557 2488 4610 In
2514 4561 2700 4613 aeterni
2731 4560 2849 4616 luce
2876 4565 3025 4633 regni

678 4659 895 4729 Vincla,
933 4660 1126 4733 ﬂagra.
1156 4659 1469 4716 carceralcs
2373 4646 2609 4704 Radians
2642 4650 2776 4720 lapis
2809 4654 2986 4718 vivus,

677 4754 986 4823 Tenebras,
1022 4755 1155 4824 ipsae
1192 4755 1363 4823 plaga:
1394 4755 1762 4811 vulnerantur
1784 4797 1803 4810 .
2365 4739 2582 4805 Clarum
2616 4743 2763 4797 Sidus
2795 4760 2917 4799 cum
2958 4747 3143 4816 ίεηῑιίδ

672 4833 883 4890 Mortes
907 4836 1170 4892 mortibus
1196 4837 1491 4902 adduntur;
2362 4830 2692 4900 Angelorum
2723 4835 3046 4903 agminibus.

676 4925 782 4981 Sed
811 4927 1004 4982 domus
1031 4943 1194 4998 supra
1222 4929 1433 4983 firmam
1464 4928 1568 4981 ﬁxa
1600 4935 1803 4995 petram
2435 4920 2563 4979 Post
2591 4926 2843 4982 sudorem
2879 4938 2936 4983 et
2965 4929 3229 4997 laborem,

673 5016 871 5087 Nequit
902 5020 1070 5073 sterni
1099 5019 1152 5073 vi
1179 5014 1482 5083 ventorum,
1514 5017 1597 5072 vel
1622 5016 1916 5070 ﬂaminum.
2361 5011 2491 5069 Post
2519 5026 2794 5086 peractum
2830 5020 3085 5086 stadium,

745 5110 911 5166 Fame
939 5126 1135 5180 corpus
1163 5120 1491 5166 maceratum
1550 5156 1553 5159 η
2362 5102 2658 5161 Tribuente
2676 5107 2824 5175 justo
2854 5112 3015 5178 Rege,

675 5203 928 5259 Cernitur
955 5202 1099 5259 velut
1124 5204 1300 5273 epulis
1932 5190 1937 5195 ’
2361 5190 2489 5248 Fert
2514 5197 2837 5259 promissum
2859 5199 3128 5256 hravium.

674 5293 943 5349 Nulritum
972 5296 1326 5364 sumptuosis,
2430 5284 2730 5341 Traheatus
2758 5290 2893 5345 stola
2922 5292 3303 5349 candidissima

676 5386 750 5442 Ac
774 5386 911 5441 cibis
939 5386 1229 5456 regalibus,
2363 5373 2507 5431 Solis
2531 5379 2712 5441 ardor,
2745 5379 2883 5435 lunae
2908 5384 3111 5438 candor

740 5466 1067 5547 ’Angeiorum
1099 5478 1296 5548 quippe
1322 5477 1474 5532 cibus
2364 5465 2493 5522 Tute
2521 5469 2718 5523 cedunt
2749 5471 3015 5541 claritati;

679 5559 865 5619 Relicit
896 5574 1137 5621 ventrem
1165 5567 1361 5620 mentis
2358 5563 2547 5618 Omnia
2576 5579 2920 5635 superantur,

679 5651 749 5706 Sc
780 5657 1088 5721 qmeretttis,
1122 5672 1238 5725 quae
1271 5657 1341 5711 nil
1375 5657 1483 5711 sitit
2356 5655 2483 5721 Qum
2514 5658 2814 5713 mirandum
2857 5678 2935 5714 sm
2971 5675 3213 5731 praetexit
