4028 6168
193 248 296 304 949

1455 259 1592 316 CAR
1602 261 1760 317 .i‘llNA
1799 261 1886 317 ET
1918 261 2203 317 PRECES.

333 361 389 416 In
416 363 518 419 hoc
544 360 678 420 erbe
703 367 1090 435 spectaculum.

413 452 616 510 Hector
645 456 790 522 cteli,
821 457 954 515 Nate
978 459 1096 527 Dei,
1129 464 1384 533 petimus,

338 543 482 598 Leva
509 561 744 612 mersos,
771 547 922 606 solve
953 567 1140 618 nexos,

335 633 515 706 Magni
543 639 714 694 sancti
743 642 952 698 meritis
980 643 1264 702 Vincentii.

402 730 480 783 Tu
514 746 652 800 quos
681 732 864 788 multa:
893 749 1158 804 prtemunt
1187 741 1356 809 culpae
1385 748 1605 809 suscita,

334 818 461 888 Fige
487 829 668 876 nostra
697 837 910 879 sursum
938 828 1128 892 corda,

334 907 451 975 Quo
479 909 554 963 nil
580 919 762 965 ament
781 923 978 982 prmter
1006 919 1270 974 caelestia.

401 997 474 1050 Da
505 1001 735 1055 terrenis
775 1003 826 1057 in
857 1007 1114 1062 extremis

333 1085 468 1144 Caeli
495 1089 639 1146 celsa
670 1094 956 1160 scandere,

332 1175 479 1244 Quos
509 1180 764 1237 misertus
795 1185 1072 1242 redemisti

335 1266 584 1327 Pretioso
620 1276 903 1346 sanguine.

331 1356 434 1426 Qui
459 1375 556 1430 per
583 1378 754 1418 :evum
779 1367 902 1438 jura
937 1385 1119 1427 rerum
1150 1375 1385 1432 ordinas.

401 1450 522 1508 Rex
549 1453 846 1514 immensus
873 1469 928 1516 et
952 1472 1211 1530 aeternus,

328 1539 496 1612 Cujus
523 1555 714 1600 nutum
744 1561 938 1606 cuncta
977 1563 1215 1610 tremunt
1249 1558 1486 1622 condita,

332 1631 428 1700 Qui
459 1649 582 1690 eum
613 1636 800 1708 Patre,
825 1639 1140 1714 Spirituque
1169 1657 1358 1704 sancto

330 1721 546 1795 Regnas
575 1727 786 1812 inﬁnitp
812 1747 909 1802 per
935 1736 1153 1790 saecula.
1183 1740 1378 1794 Amen.

537 1819 716 1877 XCVI.
761 1823 836 1880 De
869 1825 930 1882 S.
971 1825 1142 1883 Vitale
1172 1843 1424 1901 martyre.

694 1911 937 1984 Hymnus
963 1918 1033 1971 ad
1055 1917 1258 1973 laudes.

397 1997 610 2072 Insigne
640 2003 804 2062 decus
833 2015 1157 2079 martyrum,

324 2084 546 2143 Astrum
571 2089 761 2149 Vitalis
799 2109 1022 2152 aureum

321 2175 426 2232 Per
450 2179 674 2250 gloriam
704 2188 1018 2243 certaminis

327 2267 526 2326 Urbem
559 2273 840 2343 perfundit
873 2279 1058 2334 radiis.

393 2359 539 2416 Ense
569 2365 888 2432 praecinctus
920 2367 1066 2433 ﬁdei,

329 2449 534 2507 Christi
572 2457 842 2511 succurrit
873 2458 1067 2513 militi:
1127 2521 1144 2538 .

325 2539 461 2593 Dum
493 2541 643 2611 Iapso
672 2559 890 2600 manum
915 2551 1163 2622 porrigit,

326 2626 548 2706 Hostem
580 2632 792 2690 calcare
814 2637 1018 2692 docuit.

395 2719 638 2791 Equuleo
670 2729 1037 2799 suspenditur,

329 2808 436 2866 Sed
466 2829 622 2882 ptena
655 2819 1080 2888 parvipenditur,

323 2901 540 2958 Amoris
578 2906 743 2960 ardor
773 2909 948 2965 intimi

327 2988 444 3046 Non
479 2995 645 3050 sentit
675 2998 778 3051 vim
807 3001 1078 3070 supplicii.

461 3085 568 3158 33
595 3087 776 3145 Terrae
811 3106 1022 3148 mersus
1053 3094 1328 3162 infoditur,

393 3174 504 3232 Sed
527 3193 692 3248 super
717 3190 864 3236 astra
902 3182 1144 3240 tollitur:

392 3263 653 3324 Obruitur
674 3273 982 3340 ruderibus,

399 3363 592 3420 Radiat
623 3367 677 3422 in
699 3367 1029 3426 coelestibus.

463 3443 593 3522 Nes,
617 3468 826 3531 martyr
855 3462 1232 3530 invictissime,

403 3545 477 3600 Da
505 3556 626 3618 post
657 3551 867 3606 ruinam
898 3553 1116 3609 vincere
1135 3596 1148 3620 ,

391 3637 666 3710 Digneque
697 3653 820 3712 post
853 3643 1135 3700 victoriam

390 3731 471 3785 Ad
498 3733 620 3787 εωῐί
647 3735 881 3791 transfer
905 3735 1152 3806 gloriam.

467 3819 550 3876 Sit
568 3821 714 3877 Patri
743 3825 858 3880 laus
888 3826 1155 3896 ingenito,

393 3911 478 3966 Sit
511 3913 674 3970 decus
701 3913 988 3986 Unigenito
1004 3959 1018 3982 ,

395 4001 477 4057 Sit
501 4005 784 4075 utriusque
821 4008 978 4075 parili

391 4093 644 4164 Majestas
673 4111 880 4151 summa
909 4095 1161 4153 Flamini.
1185 4101 1376 4156 Amen.

319 4183 526 4242 XCVII.
566 4186 634 4240 In
663 4187 940 4256 festivitate
981 4190 1042 4244 S.
1069 4191 1322 4248 Anthimi.
1354 4193 1617 4265 Hymnus.

465 4277 678 4349 Insigne
711 4279 875 4335 decus
907 4291 1200 4354 martyrum

390 4365 532 4422 Laus
556 4377 738 4423 nostra
763 4379 977 4439 promat
1007 4373 1322 4430 Anthimum
1341 4417 1354 4442 ,

393 4455 556 4524 Cujus
581 4466 851 4515 testantur
879 4461 1056 4516 omnia

393 4547 670 4604 Elementa
700 4553 1002 4607 victoriam.

467 4638 702 4696 Furores
733 4641 910 4697 calcat
935 4645 1264 4716 principum,

395 4727 580 4785 Manus
607 4732 744 4786 ridet
773 4735 1087 4790 carniﬁcum
1107 4779 1120 4802 ,

394 4819 651 4876 Fundatze
673 4822 838 4876 robur
859 4825 982 4879 ﬁdei

394 4909 510 4965 Non
537 4921 764 4982 quassat
791 4913 874 4971 vis
901 4917 1168 4986 supplicii.

463 4997 592 5056 Post
614 5017 894 5058 carcerum
915 5006 1187 5064 custodias
1205 5049 1218 5073 ,

399 5089 528 5147 Post
548 5094 836 5149 verberum
867 5096 1122 5152 victorias
1142 5139 1155 5165 ,

397 5181 541 5238 Saxo
567 5185 775 5242 vinctus
796 5189 1136 5256 suspenditur

396 5273 463 5328 Et
487 5277 567 5329 sic
595 5277 647 5330 in
671 5276 865 5334 ﬂuctus
894 5281 1173 5351 mergitur.

472 5368 577 5424 Sed
604 5384 636 5424 ο
665 5369 875 5428 felicem
905 5373 1244 5444 naufragum!

399 5461 519 5516 Mox
551 5462 752 5518 clarum
783 5467 956 5521 cernit
981 5469 1255 5538 angelum,

401 5553 628 5622 Deponit
657 5564 853 5623 prazsto
877 5556 1144 5614 vinculum
1167 5599 1182 5626 ,

403 5641 562 5698 Liber
591 5643 726 5698 redit
750 5645 1058 5716 hospitium.

1810 382 1852 439 Α

3353 263 3460 324 950

2166 377 2342 450 Caput
2369 393 2538 435 caesus
2571 380 2806 445 interiit,

2097 469 2205 525 Sed
2243 470 2418 526 victor
2447 481 2594 526 astra
2626 472 2810 542 petiit;

2095 562 2233 618 Dum
2265 565 2458 619 mortis
2483 563 2588 620 fert
2609 565 2868 620 atrociam
2891 606 2905 628 ,

2096 653 2231 708 Viue
2264 664 2536 709 mercatur
2564 655 2809 726 gloriam.

2167 740 2374 812 Magnis
2395 753 2642 800 votorum
2673 745 2922 805 laudibus

2095 831 2297 902 Dignus
2321 841 2405 888 est
2430 843 2634 908 martyr
2657 837 2968 908 Anthimus,

2093 921 2196 989 Qui
2218 923 2385 994 signis
2415 936 2470 982 et
2491 927 2736 984 miriﬁcis

2094 1010 2194 1066 Tot
2225 1013 2419 1069 claruit
2448 1017 2726 1090 prodigiis.

2147 1103 2261 1160 'Hic
2281 1104 2492 1163 Piniani
2525 1109 2835 1180 languidam

2089 1192 2345 1263 Carnem,
2379 1197 2538 1253 simul
2563 1210 2618 1254 et
2639 1201 2874 1256 animam
2893 1243 2908 1266 ,

2093 1281 2318 1340 Cunctis
2341 1286 2652 1342 morborum
2684 1291 2912 1346 nexibus

2092 1372 2275 1430 Sacris
2299 1376 2530 1434 absolvit
2549 1379 2820 1449 precibus.

2167 1466 2374 1522 Vesana
2407 1469 2614 1528 dtemon
2641 1471 2784 1528 furia

2090 1555 2388 1622 Quemdam
2417 1570 2578 1616 vexat
2617 1562 2670 1616 in
2703 1563 2964 1630 vulnera;

2089 1645 2246 1704 Pacis
2277 1650 2448 1707 boatis
2477 1653 2784 1722 expellitur,

2097 1738 2188 1794 Sic
2214 1754 2367 1797 mens
2393 1751 2585 1812 pacata
2616 1745 2878 1800 redditur.

2165 1829 2262 1897 Te,
2292 1841 2501 1904 martyr
2523 1833 2686 1901 alme,
2717 1837 2996 1907 poscimus.

2088 1919 2279 1976 Cordis
2299 1922 2520 1993 orisque
2543 1924 2764 1982 vocibus
2778 1967 2794 1992 ,

2089 2009 2160 2066 Ut
2189 2027 2288 2067 nos
2315 2015 2598 2070 tremendo
2619 2013 2792 2072 Iudici

2087 2085 2449 2161 Commendas
2475 2121 2637 2177 prece
2657 2108 2901 2180 supplici.

2155 2194 2239 2250 Sit
2264 2196 2410 2252 Patri
2443 2199 2561 2256 laus
2592 2200 2832 2272 ingenito
2849 2244 2862 2267 ,

2089 2287 2173 2344 Sit
2201 2291 2365 2346 decus
2409 2291 2689 2363 Unigenito
2707 2335 2724 2358 ,

2092 2377 2175 2432 Sit
2203 2380 2484 2450 utriusque
2503 2383 2660 2452 parili

2088 2466 2338 2538 Majestas
2367 2484 2576 2526 summa
2597 2471 2846 2528 Flamini.
2879 2476 3071 2532 Amen.

1998 2555 2224 2613 XCVIII.
2259 2558 2326 2613 In
2356 2560 2683 2617 solemnitate
2711 2561 2768 2618 S.
2806 2563 3054 2622 Ursicini.
3087 2566 3345 2641 Hymnus.

2153 2647 2320 2705 Dulce
2353 2659 2559 2722 martyr
2587 2653 2818 2710 eximius

2082 2737 2302 2794 Festum
2335 2742 2539 2810 praebet
2579 2741 2894 2811 Ursicinus,

2083 2826 2200 2895 Quo
2225 2830 2403 2886 victus
2431 2833 2606 2890 victor
2643 2835 2880 2903 exstitit,

2083 2922 2150 2977 Et
2179 2921 2358 2980 clarus
2387 2934 2533 2980 astra
2570 2926 2741 2997 petiit.

2081 3061 2098 3080 ,
2157 3009 2292 3066 Nam
2324 3026 2512 3082 pinnas
2538 3025 2659 3083 post
2680 3015 2966 3074 horriﬁcas

2081 3100 2273 3156 Carnis
2302 3111 2461 3171 pavet
2485 3103 2802 3172 inﬁrmitas,

2086 3191 2192 3248 Sed
2223 3209 2345 3249 mox
2375 3195 2442 3250 ad
2471 3211 2565 3251 cor
2603 3198 2910 3266 revertitur,

2083 3283 2152 3338 Et
2176 3284 2331 3339 laetus
2354 3287 2406 3339 in
2439 3301 2498 3341 se
2524 3287 2747 3344 caeditur
2780 3307 2792 3342 :

2163 3376 2345 3448 Digna:
2373 3388 2562 3449 raptor
2585 3379 2802 3436 erubuit

2085 3468 2307 3538 Rapina:
2333 3486 2456 3526 cum
2483 3474 2800 3540 succubuit,

2082 3557 2192 3632 34
2221 3559 2287 3614 Et
2307 3560 2460 3618 hoste
2481 3561 2634 3634 lapso
2655 3565 2922 3636 perdidit,

2083 3647 2185 3715 Qui
2207 3651 2372 3705 stanti
2397 3653 2596 3710 vulnus
2627 3654 2828 3712 intulit.

2153 3741 2219 3796 Et
2256 3759 2356 3800 nos
2379 3745 2518 3802 inter
2540 3748 2858 3813 certamina,

2081 3831 2282 3906 Martyr
2321 3835 2568 3906 insignis,
2600 3838 2790 3908 adjuva
2820 3857 2835 3902 ;

2080 3921 2154 3976 Da
2185 3923 2506 3982 dissidentes
2536 3927 2704 3984 fidere

2080 4011 2370 4086 Victosque
2400 4033 2614 4076 rursum
2653 4020 2888 4077 vincere.

2154 4103 2264 4170 Sic,
2291 4107 2596 4164 animarum
2627 4109 2900 4178 medicus,

2075 4195 2224 4252 Aﬂ‘er
2247 4213 2402 4268 opem
2427 4197 2836 4270 languentibus;

2081 4286 2285 4342 Haustu
2317 4287 2558 4345 cmlestis
2583 4290 2774 4360 gratiae

2081 4376 2260 4446 Egrze
2283 4387 2544 4434 curantur
2563 4381 2777 4437 animae.

2149 4465 2232 4522 Sit
2269 4468 2416 4524 Patri
2439 4470 2555 4527 laus
2575 4471 2844 4544 ingenito,

2079 4560 2164 4615 Sit
2192 4561 2356 4620 decus
2378 4563 2666 4635 Unigenito
2685 4605 2701 4632 ,

2079 4651 2161 4706 Sit
2182 4655 2462 4723 utriusque
2499 4658 2654 4727 parili

2077 4743 2328 4814 Majestas
2357 4761 2567 4802 summa
2594 4749 2842 4804 Flamini.
2873 4753 3060 4806 Amen.

1963 4833 2146 4890 XCIX.
2187 4834 2353 4890 Missa
2380 4848 2680 4892 sanctorum
2703 4849 2897 4906 septem
2933 4839 3330 4898 Dormientinm.

2559 4927 2766 4984 Oratio.

1936 5017 2098 5084 Deus,
2127 5020 2218 5090 qui
2253 5019 2304 5074 in
2359 5020 2532 5075 beatis
2577 5021 2904 5093 martyribus
2952 5025 3056 5078 tuis
3095 5023 3440 5096 Maximiano,

1865 5107 2090 5175 Malclto,
2131 5111 2471 5175 Martiniano,
2498 5112 2776 5184 Dionysio,
2803 5113 3028 5180 Joanne,
3063 5115 3359 5186 Serapione
3387 5126 3442 5172 et

1865 5201 2234 5266 Constantino,
2279 5201 2472 5258 futura:
2517 5206 2932 5262 resurrectionis
2967 5207 3234 5277 primitias
3272 5207 3443 5264 susci-

1869 5290 2018 5352 tasti,
2045 5291 2111 5344 da
2135 5293 2290 5348 nobis
2318 5293 2396 5348 sic
2432 5309 2460 5347 a
2488 5295 2672 5350 mundi
2712 5297 3120 5365 perturbatione
3141 5299 3440 5368 quiescere,

1869 5393 1928 5436 ut
1959 5384 2024 5438 ad
2053 5385 2326 5442 cariestem
2377 5388 2544 5442 vitam
2587 5401 2893 5444 mereamur
2919 5390 2984 5445 de
3035 5397 3190 5445 teme
3221 5391 3438 5462 pulvere

1868 5475 2106 5546 vigilare.
2135 5475 2254 5532 Per.

2621 5568 2682 5624 C.

1938 5655 2156 5712 Munera
2187 5656 2367 5728 pepuli
2399 5659 2494 5726 tui,
2525 5673 2852 5729 qnarsumus,
2884 5661 3130 5732 Domine,
3157 5663 3436 5721 beatorum
