4028 6168
568 222 668 282 951

575 350 874 415 martyrum
902 351 1113 401 tuorum
1164 348 1551 409 intercessione
1599 332 1897 419 sanctifica,
1937 368 2002 408 ac
2048 369 2143 410 nos
2171 361 2225 422 Α

569 432 735 487 etiam
785 448 885 505 per
927 436 1041 493 haec
1084 453 1113 493 a
1157 449 1503 510 peccatorum
1562 444 1788 500 maculis
1846 443 2144 499 clementer

568 527 821 583 emunda.
851 528 975 585 Per.
1314 602 1381 660 CI

641 688 888 746 Caelestis
933 707 1132 748 mensa:
1193 694 1420 765 dapibus
1491 697 1753 763 recreati,
1811 710 2143 766 quaesumus,
2223 762 2232 770 ,

575 781 916 851 omnipotens
944 781 1104 850 Deus,
1134 792 1194 838 ut
1217 784 1376 841 nullis
1408 800 1513 842 nos
1556 778 1840 857 permittas
1869 785 2146 840 erroribus

571 871 769 941 decipi,
800 887 934 942 quos
961 888 1057 944 per
1083 874 1345 945 gloriosos
1369 884 1575 947 septem
1601 885 1869 949 martyres
1897 878 1963 933 de
1984 877 2145 932 beata

571 966 988 1021 resurrectionis
1007 966 1178 1037 gloria
1212 968 1568 1025 conﬁrmasti.
1596 969 1721 1025 Per.

572 1053 678 1111 Cll.
714 1054 792 1111 De
825 1054 887 1112 S.
924 1056 1227 1126 Apollinare
1253 1059 1491 1140 episcopo
1534 1068 1583 1114 et
1619 1068 1869 1129 martyre.
1906 1058 1986 1113 Ad
2008 1073 2144 1128 vesp.

1160 1143 1566 1198 responsormm.

639 1214 731 1270 Ait
755 1214 815 1269 Β.
843 1214 1038 1271 Petrus
1059 1216 1334 1287 apostolus
1368 1217 1667 1286 Apollinari
1696 1216 1961 1288 discipulo
1998 1229 2097 1272 suo
2130 1231 2146 1271 :

578 1306 696 1362 Eia.
758 1305 904 1363 Vera.
961 1307 1360 1379 Surge.’Vers.
1418 1309 1556 1365 Ecce
1603 1310 1747 1365 enim
1802 1310 2046 1365 eruditus
2090 1322 2150 1365 es

574 1398 643 1452 de
673 1398 945 1466 omnibus,
974 1414 1094 1470 qua:
1122 1398 1251 1454 fecit
1280 1398 1456 1457 Jesus.
1488 1399 1564 1455 Et
1591 1415 1773 1471 perge.
1829 1398 1974 1453 Vers.
2018 1397 2149 1453 Mul-

575 1489 747 1545 titudo
793 1490 937 1545 enim
984 1491 1164 1562 populi
1212 1490 1326 1548 illic
1379 1502 1638 1547 moratur.
1696 1490 1955 1546 Praedico.
2003 1488 2149 1544 Vera.

486 1656 489 1661 η
576 1586 802 1642 Constat
836 1586 981 1642 enim
1021 1586 1158 1657 apud
1190 1595 1264 1652 te,
1304 1586 1447 1657 quod
1475 1601 1600 1641 vere
1639 1586 1709 1640 sit
1753 1586 1843 1640 Dei
1870 1583 2057 1638 Filius.
2087 1582 2155 1638 Et

577 1675 777 1732 nefor.
828 1674 973 1732 Vera.
1010 1675 1180 1731 Hodie
1221 1676 1534 1746 splendidus
1580 1683 1787 1745 martyr
1830 1672 2154 1744 Apollinaris

578 1768 753 1823 victor
768 1767 1075 1838 penetravit
1094 1767 1289 1821 coehtm
1305 1783 1320 1832 ;
1337 1767 1635 1837 gaudentes
1646 1765 1801 1833 socii,
1816 1764 1992 1821 canite
2006 1781 2019 1818 :
2034 1763 2152 1818 Eia.

975 1856 1101 1913 CIII.
1141 1856 1386 1927 Hymnus
1416 1856 1484 1910 ad
1514 1870 1770 1925 vesperam

865 1948 1065 2005 Consul
1084 1948 1273 2003 aeterni
1305 1947 1550 2002 trabeate
1578 1945 1749 2016 regni,

796 2037 976 2093 Mente
999 2038 1192 2093 devota
1212 2037 1470 2107 petimus,
1498 2035 1685 2091 labora

791 2129 1012 2186 Curiam
1033 2128 1156 2185 coeli
1187 2135 1433 2183 reserare
1457 2125 1620 2196 plebi,

1089 2216 1431 2289 Apollinaris.

864 2307 1077 2365 Ianitor
1102 2308 1297 2363 summi
1326 2307 1446 2376 pius
1468 2304 1571 2360 hoc
1592 2302 1791 2375 olympi

794 2398 1010 2453 Anuuat
1034 2396 1168 2452 tanti
1198 2395 1416 2451 famulis
1446 2393 1677 2460 alumni,

792 2488 895 2560 Qui
927 2499 1046 2546 tuas
1067 2489 1302 2561 gaudent
1320 2486 1585 2545 resonare
1610 2486 1798 2543 laudes

1111 2577 1367 2633 Dulcibus
1396 2578 1630 2649 hymnis.

863 2667 1075 2723 Intimis
1098 2683 1343 2738 pressam
1370 2667 1609 2722 tenebris
1639 2664 1951 2720 Ravennam

796 2759 1219 2830 Dtemonumque
1244 2758 1400 2813 vanis
1424 2758 1683 2814 mhiando
1704 2756 1899 2824 sacris,

792 2849 985 2905 Clarus
1018 2848 1145 2905 Eois
1173 2850 1399 2906 veniens
1419 2850 1487 2905 ab
1522 2849 1635 2905 oris

1142 2942 1358 2999 Lucifer
1379 2942 1610 2998 intrans.

866 3034 1054 3091 (lzecus
1080 3033 1256 3091 orbati
1288 3050 1422 3104 puer
1448 3033 1632 3090 [renati

798 3123 877 3182 Te
895 3124 1091 3196 probat
1114 3126 1362 3181 dextrum
1392 3123 1616 3178 rutilare
1637 3120 1812 3188 sidus,

798 3217 900 3286 Qui
930 3217 1070 3289 patri
1092 3216 1288 3283 cordis,
1318 3216 1596 3286 sobolique
1620 3216 1819 3272 frontis

1138 3305 1364 3362 Lumina
1392 3308 1598 3377 pandis.

856 3398 974 3471 35
1000 3397 1083 3453 Nil
1109 3406 1284 3469 potest
1310 3413 1466 3469 aegrae
1497 3398 1762 3454 medicina
1790 3396 2024 3463 Theclae,

798 3487 883 3543 Nil
918 3488 1269 3559 profanorum
1301 3502 1557 3542 numerus
1585 3487 1807 3543 deorum
1833 3502 1848 3552 ;

802 3579 884 3634 Tu
914 3594 1010 3634 cor
1038 3578 1106 3633 ad
1129 3576 1322 3633 caelum
1353 3576 1506 3642 facis,
1542 3586 1706 3647 atque
1734 3576 1914 3631 laetum

1150 3666 1359 3722 Tollere
1388 3666 1616 3721 vultum.

868 3755 1013 3810 Laeta
1042 3754 1341 3811 Classensis
1370 3765 1550 3811 monet
1576 3770 1674 3810 ora
1705 3755 1841 3811 civis

802 3846 1021 3903 Viribus
1044 3862 1212 3903 sacrae
1235 3856 1470 3903 reserata
1496 3847 1711 3916 linguae,

796 3937 971 3993 Patris
996 3946 1255 3994 aeternum
1278 3947 1519 3992 reserata
1544 3936 1781 3992 Verbum

1160 4026 1333 4082 Verba
1357 4026 1611 4081 fatentur.

868 4115 1039 4172 Morte
1066 4116 1371 4173 defunctam
1394 4116 1589 4188 duplici
1618 4115 1853 4187 puellam

799 4205 997 4262 Reddis
1021 4208 1236 4277 utrique
1271 4208 1577 4263 miserando
1607 4208 1762 4272 vitae;

805 4296 993 4351 Flatus
1022 4297 1147 4351 hinc
1170 4311 1407 4363 carnem,
1440 4298 1582 4351 Deus
1613 4297 1736 4351 inde
1763 4303 2000 4351 mentem

1141 4385 1391 4441 Protinus
1413 4385 1618 4456 implet.

867 4476 1104 4531 Gloriam
1136 4475 1281 4530 Patri
1309 4476 1608 4531 referamus
1644 4477 1741 4542 illi,

811 4569 973 4623 l’anta
1000 4569 1091 4640 qui
1114 4568 1289 4640 dignis
1316 4570 1502 4625 tribuit
1528 4571 1813 4637 ministris,

801 4657 887 4714 Sit
912 4658 1075 4714 decus
1104 4658 1262 4725 Nato,
1295 4660 1627 4730 Flamiuique
1652 4672 1847 4719 sancto

1018 4752 1187 4808 Omne
1215 4766 1308 4822 per
1334 4768 1531 4807 aevum.
1555 4753 1749 4809 Amen.

1080 4842 1213 4898 CIV.
1238 4843 1316 4898 Ad
1340 4854 1671 4898 nocturnum.

867 4934 1079 4989 Chorus
1104 4933 1333 4989 exsultet
1369 4934 1631 5002 coalitum,

802 5023 981 5077 Turba
1010 5023 1230 5093 plaudat
1260 5021 1517 5091 fidelium,

807 5117 843 5168 A
854 5114 1130 5184 pollinaris
1148 5115 1329 5184 passio

806 5208 984 5263 Mundi
1008 5208 1079 5263 sit
1107 5209 1397 5265 exsultatio
1424 5230 1436 5265 :

812 5303 945 5358 Cum
973 5312 1145 5358 morte
1167 5305 1344 5359 carnis
1366 5304 1568 5360 interit.

877 5394 1075 5452 Sancto
1103 5404 1297 5451 exutus
1326 5413 1570 5468 corpore,

814 5485 959 5540 Stola
996 5486 1224 5541 vcstitur
1259 5488 1461 5555 glorise,

816 5577 1007 5631 Carnis
1036 5578 1184 5632 exuit
1212 5580 1563 5647 ergastulum,

816 5669 946 5724 Coeli
976 5674 1182 5728 scandit
1207 5674 1482 5744 palatium.

1424 238 1482 295 S.
1518 240 1722 297 PETRI
1760 241 2046 299 DAMIANI
2084 242 2234 300 OPP.

2122 3156 2130 3166 ,
2191 3090 2239 3153 C

2278 246 2511 305 TOMUS
2553 250 2683 307 SEU
2715 250 2895 309 PARS
2931 252 3022 309 IV.

2536 363 2753 420 Exsulta
2777 365 2910 437 jam,
2936 366 3247 435 metropolis

2457 451 2711 508 Ravenna
2738 468 2864 510 vere
2888 454 3086 511 nobilis
3118 473 3132 510 :

2457 544 2611 613 Quod
2640 546 2810 601 Roma
2839 547 2893 601 in
2920 546 3212 618 clavigero,

2456 636 2536 691 Tu
2565 636 2732 691 habes
2758 636 2812 691 in
2840 636 3123 705 discipulo.

2528 726 2624 791 Te,
2656 741 2868 783 summe
2892 729 3109 799 praesul,
3133 731 3404 800 poscimus

2457 814 2650 874 Cordis
2676 818 2897 887 orisque
2921 818 3167 885 vocibus,

2458 905 2530 963 Ut
2558 922 2658 963 nos
2684 916 2916 964 venturo
2933 906 3111 964 Judici

2458 996 2821 1055 Commendes
2840 1015 3003 1071 prece
3029 1002 3274 1073 supplici.

2528 1088 2807 1147 Gloria‘sit
2833 1092 3074 1164 ingenito

2460 1181 2632 1251 Patri,
2668 1192 2723 1238 et
2749 1182 3061 1255 Unigenito,

2462 1271 2666 1330 Sancto
2687 1274 2850 1329 simul
2881 1274 3128 1346 Spiritui,

2463 1370 2575 1426 Deo
2597 1368 2925 1425 indivisibili.
2958 1371 3150 1427 Amen.

2343 1457 2453 1514 CV.
2483 1458 2551 1513 In
2588 1458 2754 1512 natali
2778 1457 2839 1514 S.
2866 1459 3205 1529 Apollinaris.
3241 1460 3426 1517 Missa.
3470 1463 3756 1519 latrones.

2325 1548 2519 1621 Surge,
2551 1549 2735 1619 accipe
2765 1548 3026 1619 Spiritum
3078 1562 3344 1615 sanetum,
3374 1552 3641 1623 simulque
3666 1552 3843 1624 ponti-

2258 1641 2495 1707 ficatum,
2528 1654 2583 1697 et
2609 1656 2773 1713 perge
2811 1642 2879 1697 ad
2909 1644 3121 1711 urbem,
3153 1656 3275 1716 qua!
3300 1657 3527 1702 vocatur
3556 1646 3838 1711 Ravenna;

2257 1734 2492 1805 przedica
2525 1733 2764 1804 ejusdem
2803 1748 3001 1789 nomen
3050 1734 3203 1801 Jesu,
3232 1744 3289 1791 et
3332 1752 3400 1792 ne
3440 1736 3837 1792 formidaveris.

2259 1823 2409 1878 Psal.
2442 1823 2614 1878 Mittat
2649 1823 2912 1880 Dominus
2939 1823 3096 1881 Jesus
3124 1824 3371 1881 Christus
3398 1827 3645 1897 angelum
3682 1843 3837 1881 suum

2258 1914 2629 1986 quipraaparet
2642 1913 2746 1970 iter
2758 1921 2928 1980 tuum,
2944 1922 2998 1969 et
3011 1929 3129 1983 quze
3140 1914 3494 1984 pestulaveris
3504 1924 3711 1970 annuat
3725 1916 3836 1969 tibi.

2804 2005 3092 2062 CVI-CVII.
3124 2007 3327 2062 Oratio.

2332 2096 2474 2153 Deus
2504 2137 2519 2162 ,
2564 2097 2654 2167 qui
2713 2112 2811 2152 nos
2861 2112 2959 2166 per
3016 2097 3077 2151 Β.
3124 2098 3488 2167 Apollinarem
3542 2109 3834 2169 martyrem

2260 2198 2412 2244 tuum
2459 2196 2621 2258 atque
2674 2187 2980 2259 pontificem
3026 2189 3335 2258 apostolicis
3395 2188 3610 2244 voluisti
3676 2189 3838 2243 docn-

2261 2280 2459 2335 mentis
2514 2279 2803 2345 imbuere,
2865 2280 2932 2336 da
2983 2280 3137 2336 nobis
3173 2321 3189 2347 ,
3260 2295 3591 2351 quaesumus,
3648 2290 3706 2334 et
3751 2280 3835 2333 illa

2261 2384 2481 2427 servare
2518 2384 2638 2440 qum
2678 2369 2882 2437 docuit,
2921 2379 2979 2426 et
3004 2370 3072 2425 ad
3093 2370 3196 2426 hoc
3219 2370 3531 2441 pertingere
3552 2370 3696 2441 quod
3719 2383 3839 2440 pro-

2260 2460 2429 2516 misit.
2454 2458 2577 2515 Per.

3754 257 3861 315 9.3!

2961 2551 3135 2608 CVIII.

2335 2644 2498 2709 Deus,
2523 2645 2612 2715 qui
2642 2645 2702 2699 Β.
2730 2644 3115 2715 Apollinarem,
3146 2660 3244 2716 pro
3275 2645 3615 2701 confessione
3644 2644 3717 2699 tui
3746 2658 3837 2699 no-

2264 2738 2427 2793 minis
2454 2739 2641 2809 prunis
2685 2739 3017 2807 impositum,
3043 2740 3329 2795 suavitatis
3355 2738 3589 2793 hostiam
3612 2736 3837 2805 suscepi-

2265 2828 2359 2894 sti,
2387 2830 2451 2883 da
2476 2829 2651 2894 nobis,
2676 2845 3001 2898 quaesumus,
3028 2838 3082 2886 et
3110 2830 3199 2900 pio
3229 2829 3530 2885 devotionis
3560 2829 3834 2881 incensum

2269 2923 2364 2978 tibi
2387 2936 2601 2991 semper
2627 2920 2840 2987 offerre,
2869 2929 2924 2975 et
2950 2920 3171 2976 contriti
3199 2920 3379 2977 cordis
3429 2919 3638 2976 hostias
3663 2918 3842 2972 immo-

2268 3012 2403 3068 lare.
2434 3010 2556 3065 Per.

3000 3099 3134 3155 CIX.

2338 3214 2510 3269 Mittat
2531 3212 2789 3267 Dominus
2816 3219 2999 3266 noster
3021 3211 3269 3281 angelum
3295 3223 3472 3273 suum,
3505 3207 3596 3277 qui
3631 3220 3843 3275 praepa-

2267 3310 2350 3361 ret
2377 3304 2479 3358 iter
2501 3310 2677 3367 tuum,
2703 3310 2756 3355 et
2776 3316 2895 3371 qua:
2918 3298 3275 3368 postulaveris
3307 3305 3530 3351 annuat.
3556 3295 3666 3365 36
3704 3292 3841 3346 Verr.

2265 3395 2481 3451 Ponens
2522 3392 2713 3446 Petrus
2742 3406 2961 3445 manum
3008 3404 3173 3460 super
3217 3395 3379 3457 caput
3406 3385 3467 3439 B.
3500 3385 3842 3456 Apollinaris,

2267 3484 2403 3540 dixit
2426 3482 2501 3538 illi
2532 3500 2544 3536 :
2577 3480 2824 3536 Alleluia.

2997 3569 3112 3627 CX.

2336 3686 2696 3744 Obsecramus
2717 3682 3050 3755 suppliciter,
3081 3682 3320 3745 Christe.
3342 3681 3519 3736 Patris
3549 3678 3737 3749 gloria,
3761 3676 3845 3729 lux

2268 3778 2454 3835 mundi
2478 3792 2627 3842 vera,
2653 3776 2866 3846 porrige
2895 3774 3056 3845 lapsis
3097 3773 3310 3828 famulis
3354 3773 3651 3833 dexteram,
3704 3778 3849 3823 stare

2268 3886 2375 3942 qua
2417 3867 2630 3923 valeant
2651 3875 2837 3923 contra
2868 3863 3047 3921 callidi
3079 3864 3252 3920 hostis
3292 3863 3610 3923 certamina,
3638 3860 3850 3913 favente

2269 3958 2427 4014 nobis
2449 3966 2538 4010 tua
2569 3956 2878 4011 clementia.
2916 3952 3060 4009 Vers.
3093 3955 3259 4019 Deus,
3307 3952 3400 4023 qui
3446 3950 3687 4021 operaris
3729 3964 3851 4001 cum

2270 4049 2430 4105 Petro
2461 4048 2719 4119 magistro
2744 4062 2884 4113 meo,
2908 4062 3135 4117 operare
3163 4056 3219 4100 et
3244 4060 3477 4110 mecum,
3510 4054 3567 4096 ut
3593 4041 3853 4096 clariﬁce—

2272 4151 2359 4197 lill'
2377 4156 2571 4196 nomen
2609 4148 2779 4193 tuum.

2993 4227 3128 4282 CXI.

2340 4320 2502 4377 Clara
2526 4321 2720 4377 nobilis
2750 4319 3016 4389 praeconia
3042 4316 3368 4387 Apollinaris
3393 4316 3578 4372 emlica
3601 4315 3858 4383 martyris

2198 4437 2249 4498 Ι)
2272 4412 2411 4468 lzetis
2434 4422 2682 4481 promant
2710 4411 2930 4466 vocibus
2951 4410 3183 4480 agmina.

2347 4503 2534 4558 Omnis
2556 4512 2609 4557 et
2628 4500 2775 4556 orbis
2825 4500 3070 4570 quadrua
3120 4499 3427 4554 dramatum
3478 4495 3633 4553 dulce
3679 4494 3853 4550 melos

2277 4602 2531 4651 resonent
2551 4592 2788 4647 climata.

2348 4683 2593 4739 Exsultet
2634 4682 2827 4738 merito
2875 4680 3037 4735 nimis
3076 4680 3293 4735 alumna
3338 4687 3443 4733 tam
3490 4676 3690 4748 egregii
3721 4676 3857 4730 civis

2275 4778 2579 4836 Antiochia.

2345 4868 2569 4925 Plaudat
2596 4869 2862 4939 praecipue
2885 4866 3009 4922 felix
3033 4868 3314 4933 Ravenna,
3341 4882 3500 4923 sacro
3524 4864 3642 4936 ejus
3664 4877 3860 4919 cruore

2276 4970 2593 5032 purpurata.

2347 5050 2392 5107 Ο
2416 5051 2587 5105 virtus
2617 5064 2777 5114 nova,
2814 5050 2953 5104 vinci
3003 5049 3214 5115 nescia;
3240 5063 3273 5104 ο
3299 5049 3465 5103 turris
3509 5046 3672 5101 David
3723 5046 3857 5097 iuvr-

2277 5141 2518 5196 ctissima
2562 5179 2578 5205 ,
2625 5150 2820 5195 cuncta
2846 5154 2944 5209 pro
2970 5139 3141 5195 nihilo
3165 5148 3426 5210 reputans
3466 5143 3853 5193 tormentorum

2278 5245 2473 5301 genera
2493 5229 2507 5283 !
3529 5218 3539 5236 ’

2338 5318 2470 5373 Alta
2536 5317 2797 5373 viscerum
2851 5320 3033 5374 ridens
3091 5320 3334 5383 vulnera,
3384 5319 3515 5373 du-ra
3574 5316 3854 5372 verberum

2278 5420 2540 5475 spernens
2569 5408 2840 5477 stigmata,
2873 5423 3012 5478 aqua
3056 5408 3341 5480 refrigerat
3380 5409 3585 5464 fervida
3618 5407 3857 5462 membra

2278 5497 2508 5551 ﬂainmis
2537 5498 2759 5551 torrida.

2347 5586 2659 5642 Carcerales
2679 5588 2805 5642 hinc
2828 5591 3095 5655 tenebras,
3112 5591 3269 5661 longa
3284 5591 3462 5644 ferens
3474 5590 3684 5651 exsilia,
3703 5586 3854 5640 futuis

2276 5693 2488 5751 quoque
2513 5679 2729 5749 pertulit
2754 5681 3011 5751 inopiam,
3029 5682 3285 5739 sustinuit
3310 5683 3521 5753 cquulci
3546 5682 3848 5751 suspendia.
