4028 6168
531 203 636 261 953
1778 209 2088 270 CARMINA
2127 211 2214 272 ΕΤ
2264 215 2548 277 PRECES.

599 322 924 375 Catenarum
958 337 1080 377 mox
1135 321 1346 378 vincula
1393 338 1550 378 sacra
1577 325 1820 383 vinciunt
1867 329 2110 398 brachia,
2139 336 2191 398 Α

528 411 862 464 contundere
893 427 996 465 non
1031 412 1182 466 timet
1211 427 1273 468 os
1300 413 1485 470 rabida
1528 429 1652 470 cum
1687 415 1866 488 lapide
1898 418 2113 475 carnifi-

527 500 610 554 cis
637 499 868 553 insania.

595 589 919 646 Eviscerans
973 592 1212 649 claustra
1263 603 1524 663 tartarea,
1553 598 1858 655 exanimem
1906 601 2113 672 patritii

527 680 815 735 suscitavit
846 681 1035 736 filiam.

597 768 726 834 Quis
755 769 956 824 referat
992 779 1124 841 quot
1148 781 1417 829 caecorum
1447 773 1674 844 lumina,
1703 786 1837 848 quot
1861 777 2110 850 languida

527 858 784 915 divinitus
820 862 1092 930 reparavit
1113 865 1387 934 corpora?

595 947 856 1017 Petimus,
885 950 1142 1007 Ecclesiae
1166 953 1384 1009 radians
1404 955 1576 1024 sidus,
1598 963 1655 1013 et
1684 957 1905 1014 lucerna
1927 960 2108 1030 ponti-

527 1037 686 1092 ficum
719 1039 886 1095 nitida
913 1050 1322 1113 martyrumque
1345 1058 1579 1114 gemma,

595 1130 822 1185 Pectora
848 1140 1034 1188 nostra
1055 1149 1214 1204 prece
1243 1134 1432 1190 sedula
1451 1136 1599 1192 vitiis
1619 1139 1876 1207 emunda,
1894 1138 2109 1197 virtuti-

522 1221 624 1276 bus
649 1223 867 1289 robora,
895 1239 991 1280 cor
1020 1226 1071 1279 in
1102 1236 1249 1281 astra
1274 1226 1416 1295 leva,

594 1311 661 1367 Et
699 1313 978 1370 Christum
1025 1330 1124 1372 nos
1143 1330 1369 1374 cernere
1399 1318 1487 1375 fac
1516 1318 1575 1376 in
1595 1323 1815 1380 mula.
1842 1323 2037 1382 Amen.

1230 1407 1390 1465 CXII.

592 1494 815 1550 Dicebat
843 1495 903 1552 Β.
933 1496 1261 1570 Apollinaris
1286 1501 1491 1558 vicario
1517 1520 1531 1559 :
1555 1503 1790 1564 Securus
1817 1515 1959 1575 esto,
1981 1508 2109 1578 quia

520 1586 774 1642 manibus
801 1587 937 1646 meis
989 1589 1148 1645 thura
1201 1603 1307 1646 non
1337 1608 1534 1664 ponam
1585 1597 1886 1666 daemoniis,
1911 1600 2005 1655 sed
2053 1600 2107 1656 in

523 1675 747 1732 Domino
789 1692 912 1732 meo
941 1677 1068 1733 Iesu
1097 1677 1315 1736 Christo
1358 1682 1636 1739 incensum
1666 1685 1890 1741 offeram
1935 1687 2108 1744 laudis
2138 1678 2184 1741 Β

517 1777 573 1822 et
599 1769 902 1824 suavitatis.
945 1767 1093 1826 Vere.
1127 1770 1468 1829 Sacrificium
1505 1790 1592 1832 me
1623 1776 1798 1848 ipsum
1822 1777 1990 1834 offero
2009 1793 2110 1851 pro

517 1856 691 1914 salute
715 1857 948 1914 filiorum
979 1874 1244 1928 meorum,
1275 1879 1480 1932 quos...

1226 1951 1408 2009 CXIII.

590 2037 904 2106 Sanctiﬁca,
934 2040 1184 2111 Domine,
1224 2059 1324 2100 nos
1363 2047 1673 2102 venerando
1702 2049 1804 2105 hoc
1849 2051 2110 2122 mysterio

517 2128 728 2183 cunctis
765 2128 1140 2197 celeberrimo,
1173 2135 1435 2204 sanguine
1473 2151 1610 2205 quos
1655 2138 1935 2195 redemisti
1991 2141 2111 2210 pius

519 2218 765 2287 proprio;
797 2219 968 2289 eripe,
994 2231 1218 2292 protege
1273 2239 1374 2279 nos
1424 2227 1494 2282 ab
1547 2227 1706 2283 hoste
1746 2230 1962 2297 callido,
2019 2241 2110 2288 to

521 2309 646 2364 forti
673 2311 914 2374 brachio,
939 2313 1120 2368 omnia
1150 2315 1367 2370 condita
1393 2317 1487 2386 qui
1527 2320 1672 2390 regis
1697 2319 1964 2377 altissimo
1987 2339 2108 2379 cum

519 2398 682 2453 Patre
708 2414 890 2454 rerum
909 2400 1158 2458 Domino.
1181 2403 1478 2475 Acquisivi.
1500 2407 1841 2479 Quapropter
1863 2426 2108 2468 securus.

531 2487 677 2545 Vera.
723 2491 1006 2563 Dirupisti,
1045 2495 1294 2562 Domine,
1339 2498 1556 2555 vincula
1597 2515 1740 2570 mea,
1780 2502 1875 2558 tibi
1905 2505 2113 2560 sacriﬁ-

520 2582 656 2636 cabo
680 2581 912 2638 hostiam
939 2583 1135 2642 laudis.
1159 2585 1230 2642 Et
1257 2601 1422 2642 sua...

1219 2677 1404 2735 CXIV.

591 2765 816 2822 IEterne
845 2769 1008 2838 Deus,
1043 2771 1138 2840 qui
1163 2773 1424 2843 apostolis
1451 2774 1562 2831 tuis
1598 2775 1652 2830 in
1676 2778 1980 2836 assertione
2000 2795 2092 2836 ve-

520 2857 695 2912 ritatis
720 2874 817 2929 per
837 2875 1054 2916 omnem
1084 2863 1269 2918 mundi
1295 2863 1635 2922 latitudinem
1656 2869 1890 2926 vicarios
1913 2871 2104 2927 subro-
2189 2917 2198 2928 .

519 2950 696 3020 gasti;
729 2965 795 3005 ex
821 2952 1019 3022 quibus
1044 2953 1106 3008 Β.
1129 2954 1427 3025 Apollinari
1469 2957 1803 3015 elavicularii
1833 2961 1910 3015 tui
1940 2962 2102 3018 disci-

521 3040 645 3110 pulo
677 3050 880 3096 tantam
926 3045 1157 3114 gratiam
1193 3045 1488 3112 contulisti,
1518 3056 1577 3102 ut
1607 3048 1908 3106 Ecclesiam
1960 3060 2106 3106 tuam
2133 3037 2180 3103 C

519 3146 680 3201 supra
710 3147 863 3186 nova:
890 3132 1016 3189 fidei
1036 3144 1376 3191 construeret
1402 3135 1834 3206 fundamentum,
1863 3149 1919 3196 et
1945 3142 2105 3196 bruta

519 3223 682 3277 corda
718 3224 998 3295 gentilium
1028 3227 1096 3281 ad
1143 3235 1248 3283 tuae
1298 3227 1431 3300 legis
1462 3230 1722 3300 dirigeret
1763 3232 2104 3300 institutum;

519 3312 602 3366 cui
630 3313 794 3367 etiam
823 3321 874 3368 te
908 3313 1016 3385 37
1046 3315 1282 3370 donante
1311 3331 1626 3374 concessum
1648 3328 1750 3384 est.
1769 3328 1827 3375 ut
1848 3321 2104 3391 patientia

518 3402 719 3458 ditatus
747 3403 908 3459 simul
944 3413 1000 3459 ot
1049 3404 1216 3476 gloria
1236 3447 1254 3473 ,
1281 3415 1336 3462 et
1366 3408 1640 3464 horrenda
1683 3425 1966 3479 poenarum
1993 3420 2106 3468 tor-

517 3479 697 3548 menta
744 3503 1134 3561 contemneret,
1163 3505 1218 3550 et
1257 3498 1536 3566 stupendis
1571 3498 1848 3570 signorum
1885 3500 2104 3555 virtuti-

517 3583 618 3637 bus
637 3593 953 3640 coruscaret
979 3601 992 3639 :
1019 3585 1315 3643 decoratus
1335 3586 1520 3657 itaque
1535 3588 1659 3657 jure
1681 3591 1968 3645 sacerdotii
1997 3607 2102 3647 una

2641 337 2938 396 Plumbatis
2967 339 3088 398 inde
3117 345 3360 414 cazditur,

2571 426 2800 498 Jamjam
2829 433 3008 488 obisse
3037 435 3313 504 creditur;

2571 517 2678 574 Sed
2703 521 2794 590 qui
2825 532 3047 592 putatur
3072 534 3318 583 mortuus

2567 606 2754 680 Surgit
2784 611 2835 666 in
2869 627 3016 668 arma
3052 618 3372 686 promptius.

2643 700 2966 757 Detruditur
2993 704 3046 758 in
3074 706 3347 762 clibanum

2564 787 2858 847 Furentetn
2882 789 3112 850 ﬂammis
3137 797 3336 867 ignium
3359 815 3374 865 ;

2564 881 2823 939 Caminus
2853 885 2947 939 sed
2977 886 3212 944 incendii

2560 970 2651 1027 Fit
2678 988 2868 1029 nemus
2896 975 3185 1047 refrigerii.

2639 1061 2772 1117 Nam
2801 1063 3034 1120 flammis
3058 1067 3445 1138 crepitantibus

2561 1153 2757 1210 Clarus
2783 1155 3049 1212 immersit
3075 1160 3318 1230 angelus,

2563 1245 2646 1300 Ad
2675 1247 2828 1317 cujus
2855 1263 2981 1304 mox
3006 1250 3290 1320 imperium

2564 1335 2748 1393 Perdit
2773 1339 2918 1396 vires
2942 1340 3269 1401 incendium.

2886 1451 3114 1509 CXVIII.

2636 1561 2824 1618 Certat
2849 1576 3057 1637 martyr
3081 1569 3352 1641 egregius,

2567 1654 2640 1709 Ut
2668 1655 2754 1710 leo
2783 1657 2925 1712 vinci
2957 1662 3174 1718 nescius
3197 1680 3212 1729 ;

2567 1745 2774 1800 Cuncta
2804 1763 3083 1816 poenarum
3111 1767 3312 1822 genera

2566 1832 2745 1890 Mente
2775 1837 2950 1892 calcat
2975 1839 3262 1911 intrepida.

2637 1925 2841 1982 Saxum
2871 1930 3010 1986 collo
3035 1934 3404 2003 suspenditur,

2568 2014 2661 2072 Sic
2683 2015 2937 2076 fluctibus
2962 2022 3337 2095 immergitur;

2564 2103 2738 2173 Quem
2765 2123 2904 2178 aqua
2930 2109 3146 2169 Christo
3169 2116 3370 2185 genuit,

2562 2194 2668 2252 Per
2693 2197 2835 2254 hanc
2860 2200 2928 2255 ad
2955 2202 3130 2270 ipsum
3155 2207 3421 2274 pervenit.

2632 2289 2788 2345 Nunc
2815 2293 2995 2349 carnis
3017 2293 3156 2350 liber
3179 2312 3345 2353 onere

2564 2378 2750 2436 Rubro
2773 2384 3002 2438 vestitur
3021 2388 3276 2456 pondere,

2563 2469 2775 2526 Corona
2804 2472 2995 2542 plexus
3024 2478 3202 2548 capite

2560 2559 2637 2616 De
2660 2563 2900 2631 pretioso
2926 2565 3124 2635 lapide.

2634 2651 2731 2717 Te,
2759 2663 2968 2728 martyr
2991 2656 3151 2725 alme,
3175 2661 3408 2730 petimus

2560 2739 2757 2798 Mentis
2779 2759 2962 2813 pronae
2987 2749 3306 2817 visceribus,

2562 2828 2672 2885 Nos
2699 2840 2786 2886 tua
2813 2834 3026 2892 solvant
3047 2840 3263 2904 merita,

2560 2923 2706 2991 Quos
2731 2937 2917 2983 nostra
2945 2940 3176 3001 gravant
3202 2935 3403 2989 debita.

2635 3013 2720 3070 Sit
2747 3015 2894 3072 Patri
2924 3019 3044 3077 laus
3069 3023 3330 3094 ingenito,

2564 3104 2650 3161 Sit
2677 3107 2842 3165 decus
2866 3110 3176 3184 Unigenito,

2563 3195 2649 3253 Sit
2677 3201 2959 3271 utriusque
2986 3207 3145 3274 parili

2560 3285 2815 3346 Maiestas
2838 3307 3050 3350 summa
3072 3296 3323 3353 Flamini.
3343 3299 3534 3357 Amen.

2311 3395 2501 3453 CXIX.
2536 3399 2612 3454 De
2636 3399 2746 3458 SS.
2773 3403 2981 3460 Donato
3007 3418 3055 3462 et
3087 3408 3387 3470 Hilariano.
3419 3415 3682 3487 Hymnus.

2422 3510 2663 3568 Gloriam
2697 3515 2828 3571 clari
2861 3519 3105 3576 canimus
3134 3523 3412 3596 triumphi,

2246 3664 2252 3671 ,
2345 3601 2463 3671 Quo
2490 3604 2671 3674 polum
2696 3607 2871 3662 victor
2899 3611 3054 3679 petiit
3081 3611 3342 3680 Donatus,

518 3688 642 3727 cum
672 3675 944 3745 triumpho
974 3677 1222 3748 martyrii
1252 3684 1308 3732 et
1343 3678 1690 3748 semetipsum
1733 3679 1829 3734 tibi
1871 3680 2102 3736 hostiam
2202 3691 2314 3764 38
2351 3691 2584 3765 Compar
2606 3704 2661 3750 et
2690 3710 2864 3766 poenae
2889 3675 3049 3756 simul
3077 3711 3131 3758 et
3161 3675 3394 3772 coronae,

517 3765 799 3820 suavitatis
823 3765 1037 3833 obtulit,
1066 3776 1122 3822 et
1147 3769 1340 3825 uberes
1361 3769 1429 3826 de
1453 3769 1662 3824 semine
1686 3785 1799 3826 suae
1842 3773 2103 3842 praedica-

519 3854 679 3909 tionis
708 3865 929 3911 exortas
959 3857 1175 3914 horreis
1198 3860 1304 3916 tuis
1332 3859 1637 3916 animarum
1666 3860 1848 3932 fruges
1877 3863 2098 3921 invexit.

516 3945 620 4001 Per
640 3946 918 4002 Christum
948 3948 1262 4006 Dominum.

1271 4040 1391 4097 XV.

1271 4040 1391 4097 XV.

585 4128 694 4200 Ego
707 4128 931 4199 dispono
953 4130 1130 4198 vobis,
1153 4040 1297 4187 sic?“
1318 4133 1722 4203 disposuitmihi
1745 4134 1906 4192 Pater
1925 4151 2099 4205 meus,

513 4236 756 4290 regnum,
789 4231 849 4278 ut
873 4223 1046 4281 edatis
1074 4231 1129 4281 et
1157 4224 1357 4281 bibatis
1384 4240 1546 4299 super
1577 4243 1820 4284 mensam
1849 4229 1904 4284 in
1933 4245 2100 4302 regno

513 4326 654 4366 meo.
819 4358 846 4379 ,

1309 4404 1397 4460 vr.
2125 4385 2178 4446 Β

582 4491 742 4558 Deus,
773 4494 865 4564 qui
895 4495 1050 4552 nobis
1077 4404 1511 4554 salutfftZtlernm
1538 4497 1791 4568 dignatus
1819 4514 1880 4555 es
1907 4500 2099 4572 pignus

509 4589 836 4658 impendere,
850 4591 916 4646 da
939 4592 1115 4658 nobis,
1131 4607 1460 4662 quaesumus,
1476 4594 1844 4650 intercedente
1862 4595 1923 4649 Β.
1939 4597 2098 4667 Apol-

510 4680 680 4733 linnre
719 4692 955 4753 martyre
990 4691 1102 4748 tuo,
1143 4683 1212 4739 ad
1251 4681 1490 4752 ejusdem
1528 4685 1773 4741 veritatis
1811 4686 2098 4755 plenitudi-
2121 4736 2141 4747 ,Α

509 4783 631 4822 nem
659 4770 959 4839 pervenire.
993 4770 1115 4826 Per.

710 4859 917 4917 CXVII.
945 4861 1024 4917 De
1049 4860 1112 4917 S.
1140 4861 1348 4932 Rat/ﬁne
1376 4873 1626 4933 martyre.
1658 4863 1919 4935 Hymnus.

933 4953 1184 5024 Magnum
1209 4952 1405 5009 Bullini
1431 4955 1704 5023 meritum,

859 5045 1040 5100 Turba
1065 5055 1226 5100 canat
1253 5046 1512 5110 fidelium,

851 5137 980 5202 'Quo
1004 5136 1190 5192 mundi
1216 5137 1390 5193 victor
1415 5139 1643 5204 exstitit,

863 5230 929 5285 Et
958 5231 1092 5288 liber
1117 5241 1263 5288 astra
1293 5233 1468 5302 petiit.

932 5322 1168 5380 Bellator
1198 5322 1586 5379 invictissimus

864 5413 1076 5470 Praebet
1097 5431 1192 5471 ora
1220 5415 1514 5486 lapidibus;

862 5504 966 5561 Sed
994 5508 1174 5562 verbis
1196 5507 1398 5579 grando
1427 5506 1661 5578 lapidum

862 5597 975 5655 Non
1003 5601 1194 5656 indidit
1217 5601 1507 5656 silentium.

2699 3788 3030 3848 llilarianus.

2421 3876 2487 3931 Ili
2521 3876 2668 3932 velut
2695 3879 2834 3935 binae
2867 3883 3081 3938 radiant
3112 3885 3365 3954 lucernae,

2345 3967 2506 4024 Orbis
2534 3977 2588 4022 et
2617 3978 2792 4025 terras
2821 3985 3100 4029 removent
3126 3980 3400 4044 tenebras,

2346 4059 2480 4112 Dum
2514 4067 2702 4114 tonant
2727 4061 2927 4126 verbis,
2961 4065 3289 4136 rutilantque
3315 4070 3486 4140 signis

2697 4149 3094 4222 Prodigiorum.

2420 4237 2704 4297 Dazmones
2729 4245 2900 4312 captis
2927 4229 3160 4314 spoliant
3185 4250 3412 4318 rapinis,

2345 4330 2492 4398 Quos
2517 4346 2734 4402 precum
2765 4336 2912 4390 duris
2937 4338 3185 4393 cruciant
3207 4339 3452 4412 ﬂagellis,

2345 4424 2532 4481 Robur
2558 4427 2797 4498 aegrotis,
2822 4439 3183 4500 reparantque
3206 4435 3366 4490 caecis

2700 4516 2905 4574 Lumen
2936 4529 3246 4591 utrumque.

2417 4605 2691 4662 Mensibus
2718 4608 2902 4664 clauso
2933 4611 3103 4666 tribus
3129 4624 3161 4664 e
3189 4613 3435 4682 sepulcro

2341 4693 2529 4750 Prodit
2558 4697 2608 4749 in
2642 4697 2846 4752 fossum
2878 4699 3070 4753 mulier
3101 4700 3386 4770 talentum,

2343 4782 2547 4838 Functa
2579 4785 2658 4839 sic
2685 4785 2807 4839 vivo
2838 4785 3025 4840 tribuit
3053 4790 3272 4857 marito,

2696 4875 2775 4932 Ne
2805 4887 3138 4935 moreretur.

2414 4965 2676 5037 Fragmen
2706 4966 2890 5023 obtriti
2920 4971 3104 5026 calicis
3132 4972 3368 5042 priorem

2343 5055 2528 5127 Surgit
2555 5058 2608 5112 in
2640 5058 2890 5121 formam.
2919 5071 3177 5130 pereunte
3200 5077 3368 5135 parva

2342 5145 2522 5215 Parte,
2550 5149 2644 5203 sed
2673 5149 2850 5207 nullus
2876 5151 3054 5221 liquor
3078 5153 3200 5209 inde
3226 5156 3418 5222 stillat,

2697 5239 2804 5296 Res
2830 5256 2969 5296 nova
2994 5244 3216 5299 mundo.

2404 5328 2742 5399 Quaasumus,
2773 5331 2904 5387 celsi
2933 5347 3184 5403 proceres
3213 5335 3452 5406 Olympi,

2336 5417 2446 5474 Nos
2472 5421 2631 5475 simul
2659 5422 2856 5477 vestris
2882 5423 3134 5492 precibus
3163 5427 3405 5494 paternis

2338 5509 2521 5582 Erigat
2551 5511 2749 5583 lapsos,
2781 5513 3081 5584 solidctque
3112 5515 3311 5573 fractos

2691 5604 2919 5660 Dextera
2945 5607 3166 5664 Christi.

3691 232 3797 291 954
