4028 6168
250 181 351 237 955
1084 177 1141 232 S.
1174 179 1372 235 PETRI
1416 176 1692 233 DA‘iIlAM
1728 179 1876 235 OPP.
1922 178 2155 237 TOMUS
2197 178 2326 236 εει]
2368 179 2546 235 PARS
2581 179 2671 235 iV.

458 292 621 353 Laus,
654 293 822 344 honor
851 288 1021 356 Patri,
1049 291 1316 360 parilique
1340 290 1481 344 Proli

393 383 505 437 L‘na
535 380 809 449 majestas,
839 380 1025 436 eadem
1054 390 1311 451 potestas,

392 476 525 529 Cum
551 474 746 544 quibus
770 482 989 528 sanctus
1014 473 1172 527 simul
1202 470 1385 542 implet
1407 488 1619 528 omnem

748 563 980 633 Spiritus
1000 564 1204 619 orbem.
1231 564 1425 619 Amen.

960 653 1125 709 CXX.

679 745 908 811 Donate,
937 745 1085 800 sidus
1115 762 1362 811 aureum,

610 838 813 909 Martyr
840 846 893 893 et
921 838 1097 908 proles
1125 848 1447 909 martyrum,

610 928 718 982 Sed
742 943 878 997 quos
906 928 971 983 ad
1000 928 1158 983 ﬁdem
1188 945 1471 998 praevenis,

616 1018 871 1089 Martyrio
901 1020 1242 1089 praecederis.

682 1108 868 1175 Nobis,
894 1110 1090 1177 prmsul
1116 1111 1348 1180 egregie,

611 1200 784 1256 Decus
812 1210 865 1255 et
891 1202 982 1254 lux
1012 1200 1287 1267 Ecclesize,

605 1290 723 1370 Tibi
752 1292 886 1347 festa
916 1293 1219 1348 colentibus

614 1383 797 1441 Sacris
822 1400 1075 1441 succurre
1101 1386 1371 1456 precibus.

687 1476 788 1542 Qui
818 1477 911 1531 das
935 1477 1199 1530 trimestri
1226 1485 1449 1535 mortua:

612 1566 746 1621 Viva
772 1568 935 1622 verba
967 1568 1303 1636 depromere,

622 1658 901 1711 Resuscita
927 1673 1022 1725 per
1046 1658 1306 1726 Spiritum

618 1747 863 1817 Sepultos
890 1749 1028 1803 mole
1057 1748 1366 1803 criminum.

691 1836 832 1903 Vita,
858 1837 997 1903 luce,
1028 1846 1081 1892 et
1109 1838 1347 1892 moribus

620 1928 928 1983 Ililarianus
958 1930 1275 1994 monachus,

623 2021 752 2077 Jure
778 2022 991 2079 functus
1018 2024 1235 2092 hospitii

627 2114 713 2168 Fit
738 2130 934 2171 censor
959 2126 1014 2169 et
1040 2114 1302 2186 martyrii.

696 2206 817 2273 Vos,
853 2208 1009 2262 clarae
1039 2208 1220 2263 mundi
1250 2206 1546 2278 lampades,

626 2301 866 2370 leique
898 2302 1001 2354 vivi
1035 2300 1256 2369 lapides,

624 2388 733 2445 Nos
761 2389 999 2445 infelices
1026 2390 1233 2443 meritis

633 2479 841 2535 Vestris
864 2481 1030 2534 ascite
1060 2480 1313 2549 prmmiis.

699 2567 781 2623 Sit
806 2569 949 2624 Patri
980 2570 1096 2623 laus
1129 2570 1407 2640 ingenito,‘

633 2660 715 2715 Sit
744 2662 906 2717 decus
936 2661 1248 2730 Unigenito,

642 2752 725 2808 Sit
753 2755 1030 2822 utriusque
1058 2756 1215 2824 parili

641 2842 893 2913 Majestas
917 2859 1123 2899 summa
1150 2844 1396 2898 Flamini.
1422 2843 1608 2896 Amen.

282 2930 464 2986 CXXI.
500 2933 575 2987 De
606 2932 668 2988 S.
696 2933 904 2988 Donato
931 2936 1168 3004 episcopo
1196 2945 1241 2988 cl
1270 2946 1516 3003 martyre.
1554 2934 1850 3003 Sequenda.

701 3025 920 3080 Auratis
946 3026 1155 3079 Domini
1188 3025 1410 3079 citharis

641 3116 863 3181 Laudet,
894 3126 948 3172 et
978 3117 1030 3170 in
1061 3115 1321 3186 cymbalis

632 3205 768 3260 Cum
796 3206 988 3261 Tuscia
1020 3206 1190 3272 Italia,

642 3294 845 3350 Nobilis
874 3298 1208 3361 monarchia,

636 3389 954 3444 Sanctorum
982 3388 1310 3443 domicilium

637 3482 807 3550 Quam
837 3490 1014 3536 sacrat
1043 3480 1291 3534 Aritium.

714 3574 771 3628 ln
792 3589 896 3643 qua
916 3574 1133 3627 lucerna
1160 3571 1462 3641 praesulum,

642 3664 761 3728 Via,
789 3662 980 3727 forma,
1012 3662 1307 3731 speculum,

640 3757 881 3811 Donatus
907 3766 1111 3825 martyr
1137 3755 1391 3826 inclytam

644 3845 863 3903 Obtinet
888 3847 1186 3911 basilicam,

646 3938 839 3992 Servat
862 3947 915 3993 et
944 3936 1258 3992 Ianuarium

648 4028 781 4083 (Σικειὶ
812 4028 959 4084 sidus
988 4044 1229 4083 aureum.

531 4119 647 4194 39
718 4120 886 4185 Quem
912 4138 1015 4176 non
1041 4122 1273 4176 humana
1299 4120 1477 4175 studia

646 4209 763 4264 Non
790 4212 982 4279 linguae
1006 4212 1275 4274 facundia,

646 4302 815 4373 Digne
842 4304 983 4356 valet
1005 4303 1262 4358 extollere

650 4390 755 4445 Pro
783 4392 975 4445 merito
1002 4390 1202 4459 gloriae.

643 4480 778 4534 Nam
800 4496 917 4550 qua:
942 4481 1182 4550 perferre
1206 4481 1396 4549 potuit,

647 4571 779 4639 Quis
808 4571 1008 4628 referre
1036 4574 1264 4644 poterit?

720 4664 998 4719 Caminum
1023 4681 1119 4736 per
1139 4666 1448 4720 continuum

655 4758 957 4828 Vaporatur
985 4758 1240 4822 triduum,

654 4849 723 4904 Ut
750 4866 856 4919 quo
882 4860 1152 4905 crematur
1178 4850 1405 4920 longius,

650 4940 862 4995 Cremet
889 4951 1011 5008 post
1038 4940 1267 4993 velocius
1294 4956 1309 5003 ;

651 5030 802 5085 llunc
831 5039 1036 5100 martyr
1061 5030 1185 5082 dum
1219 5029 1512 5099 ingreditur

652 5121 761 5176 Nec
790 5121 1013 5190 capillus
1042 5121 1275 5175 lteditur.

723 5214 943 5270 Solante
971 5228 1095 5269 mox
1123 5213 1363 5282 angelico

649 5305 857 5361 Gaudet
888 5303 1240 5360 contubernio
1261 5320 1277 5370 ;

654 5396 788 5449 Dum
816 5394 956 5466 globi
988 5395 1214 5449 strident
1242 5395 1382 5464 ignei

652 5484 861 5539 Crescit
889 5486 1050 5540 ardor
1081 5483 1200 5538 ﬁdei
1223 5506 1236 5539 :

658 5573 748 5629 Sic
777 5575 991 5630 ﬂamma
1024 5573 1277 5631 desiderii

1857 296 1907 355 Λ

1885 2983 1928 3043 C

2284 291 2430 346 Perit
2454 292 2532 345 vis
2558 293 2810 347 meendii.

2364 382 2550 437 Victor
2577 382 2645 437 ab
2674 384 2795 453 igne
2823 386 3080 451 trahitur,

2291 476 2369 529 Ad
2405 477 2638 531 tribunal
2668 479 2898 547 rapitur,

2287 565 2618 631 Consulitur,
2648 567 2945 636 impetitur,

2292 654 2492 710 Eadem
2522 671 2621 710 vox
2656 659 2926 723 redditur;

2291 746 2423 800 Nam
2453 748 2558 802 ﬁxa
2590 751 2752 818 super
2780 750 3027 804 stabilem

2292 837 2493 892 Domus
2517 838 2660 909 viget
2688 839 2937 908 lapidem.

2364 926 2499 982 Cum
2523 944 2649 983 caro
2672 929 2846 998 poenis
2868 920 3117 1000 cingitur,

2298 1017 2447 1072 Mens
2476 1019 2528 1071 in
2559 1027 2703 1073 astra
2737 1019 2937 1087 ﬁgitur,

2300 1109 2589 1165 Tormenta
2616 1108 2847 1163 reddunt
2871 1109 3008 1163 levia

2296 1202 2418 1254 Visa
2450 1202 2561 1256 illic
2590 1200 2830 1270 prmmia.

2297 1292 2386 1348 Sic
2407 1308 2595 1363 poenas
2617 1294 2761 1349 mille
2783 1294 3034 1348 mortium

2303 1386 2463 1439 Dulce
2489 1386 2663 1440 credit
2687 1386 2875 1441 otium.

2371 1475 2537 1531 Saeva:
2567 1491 2757 1531 manus
2780 1474 3097 1532 carniﬁcum

2302 1567 2507 1622 Nervos
2535 1567 2734 1623 vellunt
2758 1569 3047 1635 viscerum,

2301 1659 2599 1730 Compages
2632 1659 2751 1713 laxa
2784 1659 3030 1725 solvitur,

2303 1749 2593 1819 Postquam
2626 1764 2795 1805 nexus
2825 1750 3027 1804 tollitur

2302 1840 2388 1893 Fit
2414 1840 2663 1896 diversus
2686 1842 2885 1906 exitus,

2298 1930 2579 2001 Multiplcx
2610 1932 2883 2005 interitus.

2376 2021 2515 2075 Iline
2542 2021 2772 2076 traditur
2798 2022 3063 2078 ferocibus

2304 2109 2611 2168 Belluarum
2638 2113 2945 2180 morsibus;

2304 2204 2455 2259 Ferm
2480 2204 2572 2259 sed
2600 2205 2978 2259 indomabilem

2303 2294 2645 2363 Reponentes
2672 2294 2899 2359 rabiem,

2305 2384 2535 2439 Dimissa
2566 2384 2699 2438 colla
2728 2385 2938 2439 cmlitns

2306 2476 2491 2531 Sacris
2518 2475 2741 2531 ﬂectunt
2765 2476 3034 2545 precibus.

2373 2569 2419 2625 0
2447 2569 2666 2626 Lucifer
2696 2570 2990 2640 Hesperiae,

2310 2658 2354 2715 Ο
2387 2660 2549 2715 decus
2582 2659 2856 2725 Ecclesiae,

2308 2749 2441 2816 Quis
2471 2759 2559 2806 tua
2590 2752 2760 2821 possit
2788 2752 2968 2807 omnia

2315 2840 2572 2896 Promere
2601 2842 2902 2910 praeconia?

2313 2932 2428 2988 Non
2457 2934 2558 2989 hoc
2585 2935 2808 3004 implere
2835 2936 3079 3003 nitimur.

2314 3022 2418 3077 Sed
2449 3024 2732 3092 gaudenno
2758 3026 3042 3081 vincimur.

2381 3119 2456 3173 Te
2481 3120 2662 3187 pronis
2688 3134 2818 3191 ergo
2844 3121 3114 3179 mentibus

2315 3208 2691 3279 Supplicantes
2724 3212 2975 3280 petimus,

2316 3301 2423 3357 Nos
2450 3302 2621 3373 culpae
2649 3315 2847 3360 nostra:
2875 3304 3067 3362 debitio

2315 3389 2445 3445 Tuis
2467 3390 2615 3446 solve
2640 3392 2865 3460 meritis,

2314 3482 2381 3537 Et
2409 3482 2699 3539 electorum
2729 3485 2956 3540 coetibus

2315 3574 2495 3630 Sacris
2519 3576 2686 3645 junge
2714 3575 2982 3646 precibus.

2387 3668 2469 3721 Sit
2498 3668 2613 3722 laus
2640 3668 2787 3724 Patri
2812 3669 3068 3740 ingenito,

2322 3760 2403 3814 Sit
2430 3760 2595 3815 decus
2627 3760 2934 3831 Unigenito,

2321 3853 2403 3909 Sit
2431 3852 2709 3920 utriusque
2737 3853 2891 3922 parili

2322 3944 2494 3998 Decus
2519 3957 2677 3998 omne
2705 3943 2935 3998 Flamini
2965 3962 2976 3997 :

2320 4035 2484 4103 Cujus
2511 4051 2614 4090 tina
2645 4036 2883 4105 potentia

2325 4127 2529 4182 Cuncta
2552 4128 2687 4197 regit
2709 4129 2923 4184 szncula.
2947 4128 3135 4184 Amen.

2164 4215 2370 4272 CXXII.
2405 4216 2478 4271 De
2505 4216 2562 4271 S.
2596 4216 2778 4270 Fidele
2806 4228 3054 4288 martyre.
3090 4216 3349 4288 Hymnus.

2390 4305 2578 4376 Magna
2608 4305 2805 4360 Fidelis
2829 4308 3018 4361 merita

2324 4395 2519 4450 Sancta
2551 4396 2749 4463 promit
2775 4396 3040 4458 Ecclesia,

2320 4484 2420 4551 Qui
2449 4493 2619 4539 morte
2646 4495 2872 4542 mortem
2902 4486 3152 4557 perdidit,

2324 4574 2392 4629 Et
2416 4575 2589 4629 victor
2613 4586 2757 4631 astra
2784 4578 2954 4647 petiit.

2393 4666 2616 4736 Abjecto
2643 4671 2821 4725 carnis
2845 4685 3009 4726 onere

2185 4756 2292 4827 ω
2329 4754 2476 4812 Stola
2502 4759 2729 4812 vestitur
2753 4758 2954 4824 gloria,

2333 4848 2513 4904 Tersis
2540 4851 2606 4903 ab
2634 4863 2726 4903 ore
2755 4851 3028 4921 iacrymis,

2333 4941 2487 4995 Veris
2518 4940 2719 5008 potitur
2745 4942 2972 5009 gaudiis.

2397 5032 2465 5087 Ut
2486 5046 2611 5085 ease
2633 5046 2803 5086 caesus
2825 5034 3072 5098 moritur,

2329 5124 2479 5176 Saeva
2512 5131 2799 5192 tempestas
2827 5125 3019 5190 oritur,

2329 5213 2419 5267 Sic
2448 5214 2742 5267 intentatur
2768 5213 2943 5282 impiis

2322 5302 2566 5356 Vindicta
2592 5300 2719 5370 justi
2747 5301 2971 5357 Judicis.

2396 5392 2693 5459 Quemdam
2715 5408 2778 5447 ex
2801 5392 3144 5449 carniﬁcibus

2336 5484 2502 5539 Malus
2530 5484 2731 5538 invadit
2759 5484 2999 5553 spiritus,

2329 5573 2448 5628 Mox
2469 5587 2635 5629 sacra:
2654 5572 2819 5643 glebae
2837 5575 3100 5645 jungitur,

3406 186 3514 243 956
