4028 6168
462 167 564 224 957
1731 171 2024 226 CARMINA
2067 171 2152 226 ΕΤ
2207 172 2288 226 PR
2299 172 2486 231 L‘CES.

809 281 934 335 Dira
963 284 1128 354 pestis
1153 285 1473 339 excluditur.
2065 293 2112 350 Α
2449 288 2709 344 Fert-idus
2741 288 2948 358 imples.

876 373 1088 438 Cordis,
1111 375 1328 444 orisque
1347 375 1600 444 precibus
2212 376 2402 446 Strage
2439 392 2694 430 saxorum
2730 391 2954 448 puerum
2984 378 3276 447 sepultum,

815 463 912 530 Te,
935 474 1142 534 martyr
1160 465 1322 531 alme,
1347 466 1598 534 petimus,
2211 464 2330 518 Mox
2361 477 2418 520 ut
2449 467 2642 532 orasti,
2676 482 2836 536 prece
2881 467 3177 530 suscitasti,

811 555 918 612 Nos
951 567 1038 611 tua
1068 571 1166 626 per
1194 558 1420 627 vestigia
2213 557 2416 614 Sensus
2444 559 2569 614 hinc
2599 560 2776 624 carni,
2815 575 2942 615 caro
2972 561 3190 616 sanitati

808 649 888 702 Ad
912 650 1036 704 vitae
1055 651 1220 706 ducas
1243 652 1482 720 praemia.
2453 644 2723 699 Redditur
2755 659 2932 713 imue.

876 736 958 793 Sit
981 738 1130 793 Patri
1159 739 1274 796 laus
1300 742 1559 812 ingenito,
2211 735 2337 791 Jure
2365 735 2465 791 sub
2490 737 2700 792 blandae
2731 738 2908 808 specie
2947 737 3214 794 columba:

810 827 892 882 Sit
922 830 1088 884 decus
1115 829 1426 908 rUnigenito,
2213 827 2461 883 Nesciam
2490 827 2632 882 fellis
2663 829 2898 882 animam
2927 829 3134 884 sororis

807 919 890 974 Sit
914 921 1196 990 utriusque
1219 922 1378 990 parili
2212 919 2433 974 Summa
2456 918 2652 974 stellati
2677 928 2958 988 penetrare
2981 917 3108 974 coeli

807 1008 1060 1079 Majestas
1079 1027 1290 1066 summa
1311 1013 1559 1068 Flamim.
1583 1014 1778 1068 Amen.
2430 1008 2676 1063 Culmina
2707 1010 2911 1064 cernis.

655 1100 883 1157 CXXIII.
915 1101 993 1156 De
1021 1101 1080 1156 S.
1109 1099 1360 1172 Gregorio
1389 1121 1542 1174 papa.
1583 1103 1844 1175 figamus.
2111 1149 2116 1154 .
2211 1098 2328 1166 Ipse
2361 1107 2504 1168 post,
2535 1099 2738 1153 clarum
2767 1099 3008 1154 referens
3031 1098 3361 1168 triumphum

877 1193 1170 1265 Anglorum
1189 1195 1298 1266 jam
1321 1196 1617 1266 apostolus,
2211 1189 2364 1245 Celsa
2392 1191 2600 1246 devicto
2639 1191 2776 1260 petis
2804 1199 2948 1246 astra
2975 1191 3209 1256 mundo;

811 1285 964 1340 Nunc
987 1287 1300 1357 angelorum
1323 1289 1521 1350 socius,
2213 1281 2354 1337 Luce
2383 1281 2748 1337 flammantem
2786 1283 3031 1336 radiante
3057 1281 3250 1338 cellam

814 1375 885 1431 Ut
908 1385 1053 1440 tunc,
1079 1376 1328 1448 Gregori.
1351 1379 1621 1448 gentibus,
2491 1373 2658 1428 Pallia
2698 1381 2965 1428 sternunt.

804 1465 1074 1522 Succurre
1089 1467 1202 1536 jam
1227 1469 1594 1526 credentibus.
2212 1463 2373 1530 Laus,
2409 1467 2583 1522 honor
2603 1467 2774 1529 Patri,
2810 1466 3072 1536 parilique
3095 1463 3244 1520 Proli

881 1557 962 1612 Tu
987 1558 1169 1630 largas
1189 1573 1352 1630 opum
1376 1561 1580 1631 copias,
1817 1629 1820 1632 ἢ
1881 1567 1884 1571 ’
2051 1547 2054 1550 ’
2219 1553 2332 1610 Una
2354 1556 2638 1624 majestas,
2669 1557 2856 1612 eadem
2886 1563 3152 1624 potestas,

807 1651 1144 1722 Omnemque
1165 1653 1348 1707 mundi
1371 1653 1598 1724 gloriam
2067 1663 2114 1722 Β
2211 1647 2345 1704 Cum
2373 1649 2569 1719 quibus
2588 1659 2809 1703 sanctus
2833 1647 2992 1701 simul
3015 1646 3204 1715 implet
3225 1659 3446 1702 omnem

751 1739 778 1764 ’
805 1743 1051 1814 Spernis,
1073 1753 1133 1798 ut
1157 1747 1310 1814 inops
1333 1745 1548 1816 inopem
2473 1737 2707 1808 Spiritus
2737 1737 2946 1792 orbem.
2985 1737 3180 1792 Amen.

804 1834 988 1894 Jesum
1012 1837 1260 1907 sequaris
1281 1839 1602 1908 principem.
2597 1828 2797 1885 :xxv.
2833 1827 2912 1882 Ad
2949 1839 3282 1882 nocturnum.

875 1929 1099 1985 Videtur
1121 1943 1286 2001 egens
1309 1929 1622 2001 naufragus,
2424 1919 2660 1992 Signifer
2689 1919 3068 1984 invictissime,

807 2019 945 2074 Dum
968 2021 1160 2090 stipem
1183 2019 1318 2090 petit
1342 2020 1584 2091 angelus,
2357 2011 2648 2082 Sacrteque
2670 2011 2778 2066 du:
2804 2009 3033 2075 militiae,

809 2111 886 2164 Tu
913 2127 1105 2166 munus
1119 2111 1230 2179 jam
1254 2120 1376 2181 post
1395 2113 1670 2183 geminum
2352 2103 2480 2169 Nos,
2513 2099 2823 2167 Benedicte,
2847 2100 3024 2156 valido

803 2199 1016 2256 Prtebes
1038 2210 1092 2255 et
1112 2217 1208 2256 vas
1230 2213 1568 2270 argenteum.
2353 2195 2582 2250 Precum
2614 2193 2844 2250 defende
2875 2191 3116 2248 brachio.

877 2291 958 2344 Ex
979 2293 1081 2346 hoc
1103 2299 1156 2345 tc
1175 2290 1424 2346 Christus
1448 2301 1688 2362 tempore
2429 2287 2522 2342 IIis
2545 2287 2714 2340 armis
2735 2285 3131 2340 exsecrabilem

803 2383 927 2439 Sua:
953 2383 1170 2454 praefert
1194 2385 1474 2452 Ecclesiae,
2355 2377 2554 2433 Leonis
2585 2376 2743 2431 vince
2767 2375 3010 2440 rabiem,

805 2475 898 2531 Sic
917 2475 1064 2532 Petri
1085 2477 1311 2548 gradum
1336 2478 1592 2549 percipis,
2359 2468 2564 2536 Quibus
2599 2466 2730 2522 olim
2769 2465 3110 2520 teterrimam

799 2567 965 2637 Cujus
988 2577 1042 2624 et
1065 2585 1310 2624 normam
1335 2571 1600 2641 sequeris.
2355 2559 2522 2616 Pellis
2550 2559 2620 2614 ab
2658 2573 2754 2614 ore
2781 2555 3068 2612 merulam.

875 2657 920 2714 Ο
945 2658 1182 2731 pontifex
1210 2661 1446 2732 egregie,
2427 2649 2626 2708 Urticae
2657 2649 2860 2718 junctae
2889 2646 3163 2719 vepribus,

799 2748 916 2804 Lux
943 2759 997 2804 et
1025 2749 1188 2806 decus
1214 2751 1490 2817 Ecclesiae,
2359 2741 2567 2797 Vulnus
2593 2749 2788 2796 curant
2817 2738 3155 2804 vulneribus,

799 2837 914 2894 Non
942 2839 1092 2894 sinas
1121 2841 1174 2895 in
1199 2841 1475 2912 periculis,
2354 2835 2656 2891 Flammata
2688 2848 2844 2889 mens
2863 2833 3127 2888 divinitus

804 2931 951 2998 Quos
973 2939 1052 2988 tot
1073 2921 1344 2989 mandatis
1365 2935 1611 2991 instruis.
1689 2953 1692 2956 ·
2359 2929 2512 3003 Ignes
2537 2929 2836 2998 exstinguit
2863 2927 3102 2998 ignibus.

881 3024 1035 3080 Mella
1063 3041 1158 3082 cor
1182 3027 1528 3082 obdulcantia
2059 3011 2102 3074 C
2433 3021 2664 3077 Crucem
2703 3019 2927 3074 mittens
2955 3027 3015 3072 ut
3039 3013 3292 3078 lapidem,

807 3115 920 3170 Tua
951 3117 1214 3173 distillant
1242 3117 1408 3186 labia,
1513 3141 1518 3144 ·
2352 3111 2560 3168 V'eneni
2593 3110 2799 3180 frangis
2822 3109 3076 3173 calicem,

799 3208 1150 3280 Flagrantum
1175 3212 1282 3266 vim
1308 3219 1612 3268 aromatum
2351 3204 2468 3257 Non
2499 3201 2644 3254 valet
2665 3199 2858 3254 mortis
2883 3196 3159 3253 vasculum

808 3301 980 3355 Tuum
1006 3301 1173 3356 vincit
1195 3302 1491 3372 eloquium.
2353 3291 2488 3347 Vitae
2519 3291 2660 3345 ferre
2686 3287 3045 3360 signaculum.

876 3392 1170 3461 Scriptura:
1200 3407 1368 3448 sacra:
1392 3394 1618 3465 mystica
2423 3383 2634 3446 Frater,
2667 3397 2830 3450 quem
2871 3390 2998 3434 tunc
3033 3373 3292 3448 nequissb
3313 3389 3402 3433 ius

799 3481 938 3537 ’Μὴ-θ
963 3483 1130 3538 solvis
1156 3483 1468 3554 amigmata,
2360 3473 2560 3544 Vagum
2595 3472 2845 3543 raptabat
2868 3470 3114 3541 spiritus,

808 3573 1072 3628 Theorica
1107 3574 1362 3644 mysteria
2361 3565 2494 3618 Dum
2520 3573 2610 3618 tua
2633 3565 2784 3635 virga
2811 3563 3063 3626 caeditur,

808 3663 884 3720 Te
913 3665 1068 3720 docet
1095 3665 1208 3735 ipsa
1241 3665 1472 3722 Veritas.
2362 3654 2658 3711 Stabilitati
2687 3656 2952 3711 redditur.

875 3755 955 3810 Tu
985 3765 1176 3814 nactus
1204 3756 1554 3827 apostolicam
2426 3748 2510 3803 Sit
2539 3748 2684 3803 Patri
2725 3749 2840 3804 laus
2871 3749 3132 3819 ingenito,

809 3848 1012 3914 Vicem,
1047 3849 1206 3903 simul
1232 3858 1286 3905 et
1311 3850 1558 3919 gloriam,
2359 3843 2443 3897 Sit
2472 3843 2636 3897 decus
2659 3841 2968 3912 Uuigenito,

811 3937 920 3993 Nos
945 3939 1090 3994 solve
1115 3939 1284 4008 culpa:
1313 3940 1564 4005 nexibus,
2360 3931 2443 3986 Sit
2470 3933 2752 4003 utriusque
2789 3933 2948 4001 parili

811 4029 996 4086 Redde
1021 4030 1267 4102 polorum
1293 4031 1530 4086 sedibus.
2361 4021 2612 4090 Majcstas
2638 4037 2845 4077 summa
2873 4021 3123 4076 Flamini.
3151 4021 3346 4075 Amen.

878 4117 961 4175 Sit
987 4120 1136 4174 Patri
1167 4119 1282 4175 laus
1312 4120 1572 4190 ingenito,
2641 4111 2870 4168 CXXVI.
2902 4113 2982 4164 Ad
3005 4111 3206 4166 laudes.

807 4211 892 4267 Sit
920 4211 1086 4266 decus
1118 4210 1430 4283 Unigenito,
2151 4201 2154 4204 ’
2427 4202 2638 4257 Aurora
2668 4205 2840 4274 surgit
2865 4216 3032 4257 aurea

807 4299 890 4356 Sit
916 4301 1198 4372 utriusque
1225 4301 1384 4371 parili
2070 4351 2120 4372 ἢ
2361 4289 2522 4346 Festa
2559 4301 2876 4346 restaurans
2909 4307 3118 4358 annua,

808 4351 888 4356 an
920 4351 1195 4372 ---ην-τη-
1227 4351 1384 4371 rm---
3102 4351 3112 4358 .

803 4389 1053 4460 MajeSIas
1073 4407 1282 4447 summa
1305 4389 1561 4446 Flamini.
1583 4389 1778 4448 Amen.
1939 4439 1946 4445 .
2070 4351 2120 4410 Β
2362 4383 2498 4437 Cum
2529 4382 2854 4436 Benedictus
2897 4381 3126 4436 arduum

601 4505 832 4562 CXXIV.
870 4506 949 4571 lle
979 4507 1036 4561 S.
1068 4507 1351 4580 Benedicto
1382 4511 1589 4563 abbate.
1625 4507 1889 4580 Hymnus,
2364 4473 2499 4580 cui”
2527 4474 2743 4580 δθξδηᾳίι
2771 4473 3051 4578 ΡίιῘῖΠῙξιιη-
3116 4565 3128 4575 .
3173 4566 3184 4574 ι

1070 4578 1138 4628 ad
1166 4595 1422 4648 vesperae.
1681 4567 1704 4580 ”
1875 4567 1886 4574 ’
2431 4567 2642 4634 Quanta
2674 4568 2729 4620 in
2759 4567 2983 4620 summis
3014 4567 3234 4636 accipit.

592 4666 817 4722 Gemma
851 4666 1086 4721 caelestis
1117 4669 1354 4736 pretiosa
1393 4667 1574 4738 Regis,
2361 4656 2464 4722 Qui
2497 4655 2576 4710 sic
2599 4655 2654 4709 in
2687 4655 2808 4708 imis
2839 4654 3054 4718 claruit,

522 4757 718 4812 Norma
745 4755 1040 4824 justorum,
1069 4757 1156 4810 via
1190 4758 1600 4820 monachorum,
2362 4748 2528 4818 Cujus
2559 4747 2763 4799 micant
2789 4746 3028 4814 prodigia

521 4847 632 4904 Nos
658 4848 728 4902 ab
765 4845 1048 4911 immundi,
1083 4845 1393 4910 Benedicto,
1431 4847 1617 4901 mundi
2369 4836 2472 4891 Per
2493 4835 2670 4904 ampla
2703 4833 2884 4888 mundi
2913 4833 3154 4888 climata.

840 4936 1108 4992 Subtrahe
1139 4950 1319 4992 emno.
2426 4927 2555 4996 Ejus
2581 4933 2864 4982 carentum
2909 4927 3088 4998 gratia
3153 4943 3158 4950 '

523 5030 602 5084 Tu
636 5030 809 5084 solum
849 5041 1130 5098 spernens,
1167 5042 1262 5082 cor
1297 5028 1349 5082 in
1388 5035 1534 5082 astra
1571 5027 1740 5098 figens
2365 5020 2546 5077 Tellus
2569 5020 2741 5076 vomit
2775 5021 3072 5084 cadavera,

525 5119 690 5188 Cogis,
711 5117 953 5174 haeredes
987 5116 1104 5173 fieri
1139 5125 1412 5187 parentes,
2359 5113 2576 5168 Devotis
2599 5113 2740 5168 unda
2767 5113 2973 5184 liquida

521 5211 624 5284 41
665 5210 770 5267 Vas
809 5211 923 5268 Deo
953 5211 1173 5280 plenum
1215 5225 1472 5281 reparare
1501 5210 1736 5266 fractum
2361 5204 2514 5261 Sicca
2542 5205 2733 5262 lambit
2763 5205 3014 5274 vestigia.

959 5301 1340 5359 Promeruisti.
2429 5297 2619 5351 Totius
2646 5295 2793 5352 orbis
2823 5295 3086 5348 ambitum

527 5395 749 5464 Magnus
778 5395 829 5448 in
866 5395 1049 5464 parvis
1077 5393 1308 5452 eremita
1337 5394 1619 5459 membris,
2356 5388 2462 5443 Per
2482 5387 2621 5442 Solis
2645 5387 2790 5442 videt
2819 5383 3050 5448 radium,

529 5486 711 5541 Vincis
741 5495 954 5540 aetatem
976 5529 994 5554 ,
1032 5503 1254 5558 superas
1287 5486 1548 5550 laborem,
2363 5481 2514 5536 Mens
2540 5480 2593 5534 in
2625 5477 2860 5533 Auctore
2889 5477 3062 5546 posita
3091 5493 3105 5538 ;

529 5578 688 5631 Arcta
720 5576 976 5634 districta:
1017 5579 1322 5634 rudimenta
1353 5576 1475 5631 vita:
2361 5571 2612 5640 Subiecta
2641 5571 2812 5626 cernit
2841 5568 3042 5624 omnia.

3601 173 3706 232 958
