4028 6168
376 221 483 280 939
1227 218 1285 274 S.
1327 217 1529 273 PETRI
1567 214 1844 270 DAMIANI
1888 210 2039 269 OI’P.
2082 207 2315 267 TOMUS
2350 206 2480 267 SEU
2520 202 2700 261 PARS
2738 202 2827 259 IV.
3549 205 3655 262 959

665 334 775 407 42
807 332 906 399 Te,
932 332 1096 391 Pater
1126 333 1286 399 alme,
1319 333 1553 403 petimus
1993 330 2037 388 A
2350 324 2627 378 Accensus
2655 318 2784 375 illuc
2812 317 3039 388 spiritus

600 424 795 485 Prona:
832 422 1032 478 mentis
1062 423 1375 487 visceribus,
2286 413 2438 469 Totis
2471 411 2689 468 anhelat
2718 409 2946 475 nisibus,

600 514 670 570 Ut
698 512 899 570 coelum
928 513 1022 567 des
1047 514 1362 576 ascendere,
2278 509 2398 566 Jam
2428 508 2605 564 cernit
2635 507 2690 561 in
2718 505 3007 573 aenigmate

598 604 746 673 Quos
775 614 974 659 terram
999 604 1161 659 doces
1185 618 1468 673 spernere.
2279 601 2486 656 Lumen
2519 595 2917 654 inaccessibile.

669 696 753 752 Sit
789 696 935 751 Patri
959 696 1077 751 laus
1102 696 1366 768 ingenito,
2347 692 2456 766 43
2488 692 2571 747 Sit
2601 691 2748 747 Patri
2770 688 2891 744 laus
2915 687 3178 761 ingenito,

599 787 683 844 Sit
708 790 873 844 decus
906 787 1223 859 Unigenito,
2289 785 2371 841 Sil
2401 786 2567 840 decus
2600 781 2910 852 Unigonito,

603 879 687 935 Sit
714 879 995 952 utriusque
1023 879 1183 951 parili
2281 877 2365 933 Sit
2392 877 2679 945 utriusque
2704 872 2863 945 parili

602 970 861 1041 Maiestas
891 986 1100 1027 summa
1133 971 1387 1027 Flamini.
1419 972 1613 1026 Amen.
2282 965 2534 1034 Maiestas
2564 980 2773 1021 summa
2797 961 3053 1017 Flamini.
3081 961 3276 1017 Amen.

460 1060 719 1117 CXXVII.
752 1061 1091 1133 Epitaphium
1129 1061 1347 1117 Lodoici
1392 1063 1558 1118 sancti
1592 1062 1897 1133 presbyteri.
2239 1057 2454 1116 CXXX.
2487 1056 2565 1113 De
2596 1057 2834 1111 omnibus
2861 1056 3077 1110 sanctis.
3117 1052 3305 1109 Versus
3338 1051 3471 1124 (60).

392 1151 489 1206 Vir
519 1152 728 1208 Domini
756 1152 943 1209 clauso
966 1152 1111 1223 jacet
1135 1154 1237 1209 hoc
1262 1153 1530 1209 Lodoicus
1559 1154 1614 1207 in
1643 1160 1826 1217 antro,
2145 1150 2324 1207 Edidit
2349 1146 2565 1205 nomina
2589 1161 2777 1203 eorum
2807 1145 2861 1201 in
2896 1145 3096 1201 mundo
3125 1144 3370 1210 sortitos,
3446 1159 3450 1163 '

463 1242 561 1298 Cui
593 1243 712 1299 sine
734 1244 1051 1299 carnificum
1078 1245 1137 1299 fit
1166 1256 1299 1300 nece
1326 1244 1670 1316 martyrium.
2073 1243 2314 1311 Quorum
2343 1240 2537 1296 imbuit
2563 1254 2661 1310 per
2686 1237 2895 1309 singula
2922 1238 3100 1293 bimos
3127 1238 3440 1307 trimosqoe,

391 1330 591 1388 Vinum
622 1343 924 1403 respuerat,
952 1349 1148 1404 panem
1178 1349 1281 1389 non
1306 1349 1530 1405 prorsus
1558 1332 1772 1395 edebat,
2076 1334 2187 1389 llos
2212 1333 2418 1403 pariter
2442 1331 2584 1388 saecli
2613 1330 2861 1387 doctrina
2890 1328 3187 1394 medelam,

460 1424 767 1481 Hebdomas
798 1428 1005 1491 binum,
1026 1427 1106 1482 sic
1129 1426 1292 1481 dabat
1320 1442 1426 1481 ana
1453 1427 1657 1481 cibum.
2078 1424 2189 1481 Nec
2225 1441 2332 1480 non
2373 1424 2552 1479 divina
2592 1430 2945 1493 praestarent
2970 1420 3143 1492 gratia
3174 1419 3371 1491 gratis;

400 1514 602 1571 Ordine
623 1517 840 1573 diverso
867 1518 1044 1588 pictor
1081 1517 1181 1571 fuit
1209 1526 1369 1587 atque
1390 1517 1645 1572 sacerdos
1670 1533 1685 1583 ;
2052 1586 2057 1589 Α
2082 1518 2264 1588 thue
2290 1517 2501 1587 possint
2533 1515 2699 1572 febris
2728 1523 2915 1586 putres
2938 1513 3225 1583 explodere
3263 1520 3442 1582 pestes

465 1606 671 1662 Obtulit
706 1624 770 1663 ex
800 1624 954 1678 aequo
982 1622 1178 1663 munus
1208 1616 1501 1677 utrumque
1531 1608 1662 1662 Deo.
2080 1614 2256 1681 Atque
2287 1608 2624 1665 salutiferam
2661 1607 2870 1663 morbis
2898 1606 3212 1677 impendere
3237 1619 3446 1669 curam,

392 1695 512 1752 Lux
544 1697 729 1752 oriens
757 1698 900 1763 urbi,
932 1697 1024 1751 lux
1051 1698 1198 1752 omni
1223 1698 1417 1753 claruit
1441 1698 1560 1752 orbi
2008 1690 2053 1749 Β
2081 1702 2321 1756 Artubns
2346 1695 2646 1754 horrendas
2674 1695 2935 1767 pellentes
2962 1708 3192 1765 corpora
3214 1694 3327 1748 des.

465 1788 617 1842 Arsit
645 1799 700 1843 et
738 1789 1001 1855 incendit,
1032 1789 1129 1843 ivit
1160 1800 1215 1845 et
1244 1790 1327 1845 ire
1352 1790 1516 1845 dedit.
2082 1794 2148 1847 Et
2186 1800 2385 1854 mutos,
2421 1788 2667 1854 claudos,
2699 1788 3003 1858 surdosque
3029 1796 3299 1857 repertos,
3327 1773 3349 1793 ’⁷

398 1879 661 1935 Ecclesiae
699 1880 1001 1949 speculum,
1031 1881 1186 1935 vivus
1215 1880 1370 1950 lapis,
1398 1880 1597 1944 hostia,
1626 1882 1907 1950 templum,
2079 1869 2397 1949 Luscos,'ac
2422 1883 2710 1947 strambos,
2743 1880 2835 1951 qui
2859 1878 3015 1935 saevis
3041 1879 3205 1934 verba
3232 1874 3460 1944 loquelis

470 1968 580 2023 Nos
608 1968 861 2039 precibus
890 1969 1067 2024 releva
1091 1984 1229 2039 quos
1254 1969 1393 2023 mala
1424 1978 1606 2025 nostra
1638 1979 1888 2040 gravant.
2090 1976 2289 2031 Fantes
2314 1980 2693 2043 corrumpunt,
2720 1979 2777 2026 et
2801 1968 3062 2041 quidquid
3087 1966 3262 2022 debile
3292 1965 3483 2029 fertur,

397 2058 675 2113 CXXVIII.
703 2048 771 2113 In
794 2059 959 2113 natali
983 2060 1340 2129 confessorum
1358 2061 1686 2132 pontiﬁcum.
1716 2060 1980 2133 figamus.
2081 2067 2308 2123 coalitus
2332 2067 2634 2122 instaurant
2659 2062 2875 2119 Christo
2895 2061 3133 2117 donante
3156 2059 3413 2122 salutem;

543 2147 699 2203 Sacri
728 2148 997 2218 ponliﬁCiS
1024 2165 1199 2205 annus
1223 2150 1425 2206 emicat
1451 2150 1669 2218 llalaliS,
2083 2157 2282 2229 Sicque
2308 2157 2481 2213 lucem
2510 2155 2693 2211 carnis
2727 2154 2950 2225 trudunt
2979 2150 3338 2208 medicamine
3366 2162 3593 2220 spurca.

472 2237 766 2293 Celebrans
794 2239 946 2309 plebs
970 2239 1057 2310 pia
1086 2238 1334 2309 gaudeat,
1362 2249 1417 2294 et
1438 2239 1561 2294 laeto

473 2329 712 2385 Resonet
746 2337 968 2400 pedore
1002 2331 1245 2385 carmina
1274 2331 1513 2395 Christo,

753 2419 853 2487 Qui
882 2419 1023 2490 regit
1041 2404 1247 2474 omnia.

472 2507 575 2564 llic
607 2524 870 2579 spernens
892 2508 1099 2581 proprii
1128 2510 1323 2581 gaudia
1352 2511 1595 2581 corporis

472 2602 717 2674 Longum
749 2604 1005 2659 sustinuit
1038 2605 1356 2676 martyrium
1399 2605 1603 2667 crucis.

473 2691 826 2750 Tormentum
851 2694 1072 2766 gravius
1102 2696 1324 2750 vulnere
1351 2696 1596 2766 pertulit,

677 2789 777 2855 Qui
804 2797 975 2843 tortor
995 2802 1123 2843 suus
1152 2787 1380 2842 exstitit.

477 2880 662 2935 Sacrae
686 2880 891 2934 militiai
915 2878 1141 2950 signifer
1169 2879 1403 2950 inclytus

475 2969 751 3024 Virtutum
779 2969 956 3026 fuerat
980 2970 1149 3025 forma
1173 2970 1557 3039 sequentibus,

475 3062 798 3117 Accendens
834 3061 1029 3117 validis
1069 3070 1288 3132 pectora
1320 3061 1565 3126 vocibus,

623 3152 909 3208 Praeclaris
936 3168 1151 3224 quoque
1175 3153 1438 3208 moribus.

476 3240 572 3299 Bis
597 3259 759 3300 senos
784 3244 988 3316 lapides
1010 3255 1229 3316 pectore
1254 3246 1465 3312 detulit,

405 3332 497 3387 Bis
524 3334 709 3401 tinctae
734 3335 929 3389 tunicae
960 3336 1195 3405 tegmine
1224 3336 1497 3405 splenduit
1530 3354 1543 3391 :

481 3421 580 3478 Cui
605 3422 965 3478 tintinnabula
989 3424 1217 3479 dulciter
1237 3428 1561 3496 obstrepunt

696 3511 833 3566 Mala
866 3514 1059 3582 punica
1092 3514 1351 3569 defluunt.

475 3606 650 3677 Ipsius
680 3610 954 3678 precibus,
980 3610 1243 3665 Conditor
1271 3614 1541 3679 omnium,

480 3696 768 3753 Demersos
799 3699 976 3755 releva
1008 3702 1245 3770 pondere
1266 3702 1555 3755 criminum
1586 3744 1596 3754 .

480 3786 579 3843 Cui
610 3789 750 3855 laus,
775 3790 1082 3860 imperium,
1116 3807 1435 3861 summaque
1464 3792 1632 3863 gloria

630 3878 714 3935 Sit
734 3896 829 3950 per
856 3883 1034 3936 omnia
1063 3882 1278 3937 saecula.
1305 3884 1495 3939 Amen.

907 3972 1144 4027 CXXIX.
1177 3974 1257 4026 Ad
1289 3973 1493 4049 laudes.

694 4064 913 4121 Christe
933 4075 1245 4122 sanctorum
1269 4068 1464 4137 gloria,

622 4161 960 4217 Certantium
992 4164 1244 4229 victoria,

634 4252 744 4306 Nos
779 4254 1107 4308 confessoris
1135 4255 1389 4323 precibus

627 4342 918 4409 Culparum
950 4343 1097 4397 solve
1138 4344 1386 4397 nexibus.

701 4429 809 4483 Fac
848 4445 945 4484 nos
977 4431 1261 4484 imitabilia

632 4519 762 4590 Ejus
794 4521 945 4589 sequi
972 4520 1213 4589 \‘esligia,

638 4613 717 4668 Tu
743 4614 818 4668 sis
848 4626 1135 4669 commune
1166 4613 1467 4683 prremlum,

632 4708 733 4775 Qui
764 4708 940 4764 factus
962 4724 1020 4763 es
1048 4715 1101 4763 et
1131 4708 1386 4778 pretium.

702 4800 837 4856 Nam
869 4801 956 4856 ιιίο
987 4801 1038 4855 in
1070 4802 1180 4855 imo
1211 4798 1425 4870 positus

639 4891 812 4946 Celsis
840 4892 1137 4960 przesmbat
1168 4890 1434 4955 moribus,

640 4981 873 5036 Ilumilis
904 4992 1022 5037 erat
1047 4981 1258 5045 ordine,

635 5071 799 5127 Claro
827 5071 1073 5127 sublimis
1100 5085 1284 5141 OpPl‘C.

704 5162 915 5217 Intenta
942 5177 1093 5217 mens
1122 5161 1437 5216 coelestibus

638 5252 935 5308 Mundanos
960 5254 1149 5309 horret
1177 5253 1454 5320 strepitus,

634 5344 848 5415 Niljam
877 5344 1105 5401 delectat
1134 5346 1377 5410 anxiam,

637 5438 790 5504 Quod
827 5454 933 5494 non
965 5437 1114 5493 ducit
1144 5437 1208 5491 ad
1240 5436 1491 5506 patriam.

2084 2250 2193 2305 Nec
2235 2259 2412 2304 tamen
2443 2249 2645 2303 eximio
2662 2247 2925 2302 virtutum
2948 2258 3169 2300 munere
3191 2243 3362 2307 dites;

2087 2341 2215 2395 Auri
2245 2340 2480 2394 fallentis
2511 2346 2721 2409 gestant
2745 2334 3020 2405 marsupia
3048 2334 3240 2395 farsas,

2090 2431 2155 2485 Et
2178 2430 2380 2485 loculos
2407 2430 2611 2483 nummi
2640 2427 2872 2492 caleant,
2902 2434 2961 2480 ut
2987 2432 3123 2480 tetra
3152 2436 3380 2487 venena,

2088 2524 2279 2580 Omnia
2316 2525 2551 2577 donante
2577 2520 2746 2592 gratis
2779 2534 2880 2588 pro
2908 2517 3079 2585 stirpe
3108 2527 3366 2584 superna.

2089 2614 2353 2683 Princeps
2382 2612 2588 2666 interea
2621 2609 2829 2673 mundi,
2862 2607 2953 2678 qui
2982 2612 3195 2675 sceptra
3223 2602 3465 2674 gerebat,

2090 2706 2357 2776 Martyres
2384 2703 2577 2759 edictis
2598 2700 2862 2756 multabat
2885 2698 3126 2754 trucibus
3149 2700 3325 2751 atrox.

2091 2797 2227 2852 Tum
2251 2800 2468 2849 sanctos
2495 2790 2671 2862 pelagi
2702 2789 2914 2860 gurgite
2945 2792 3217 2843 merserat
3238 2784 3436 2840 fratres

2088 2888 2144 2942 In
2176 2872 2433 2957 pontum,
2453 2883 2622 2937 fretos
2642 2882 2840 2935 virtute
2862 2878 3150 2944 Tonantis,

2092 2976 2313 3048 Algidas
2337 2984 2391 3029 et
2419 2973 2606 3028 vitreis
2635 2971 2923 3025 mitescunt
2961 2982 3177 3037 atquora
3211 2964 3417 3031 frustis,

2016 3040 2060 3101 (ἶ
2094 3040 2230 3123 Βιῆη
2255 3067 2399 3121 dicto
2422 3064 2587 3119 citius
2618 3071 2839 3127 sanctos
2869 3058 2935 3114 ad
2971 3058 3150 3113 littora
3184 3063 3424 3111 vectant-

2098 3159 2192 3215 Sic
2216 3170 2524 3227 compressa
2554 3154 2681 3209 salis
2709 3166 2861 3208 sacra
2887 3151 3088 3205 virtute
3125 3156 3387 3219 potestas,

2096 3250 2333 3319 Turgida
2360 3245 2664 3315 fluetivagis
2691 3243 2886 3313 sopivit
2906 3240 3104 3296 caerula
3133 3238 3358 3309 campis,

2094 3344 2324 3398 Dextera
2349 3340 2474 3395 dum
2502 3336 2677 3391 Patris
2700 3344 2914 3406 portum
2953 3330 3207 3403 patefecit
3230 3325 3567 3391 immundus,

2093 3433 2295 3502 Impius
2326 3430 2379 3485 id
2412 3428 2555 3498 quod
2595 3440 2829 3482 cernens
2852 3422 3045 3478 vexilla
3082 3420 3293 3490 tropazi,

2094 3525 2278 3579 Altera
2302 3520 2604 3591 Gorgoneis
2630 3517 2850 3573 molitur
2871 3516 3063 3569 damna
3105 3512 3355 3578 venenis;
3450 3568 3457 3571 ,

2095 3613 2231 3668 Nam
2263 3612 2565 3666 truculenta
2588 3608 2740 3663 ferox
2771 3604 3108 3659 finitimarum
3143 3602 3337 3672 pabula
3367 3607 3528 3665 teret,

2096 3707 2164 3759 Et
2194 3711 2658 3759 sacramentorum
2690 3699 2964 3752 fornacem
2996 3695 3183 3750 fomite
3214 3693 3395 3757 farcit,

2097 3799 2153 3851 In
2183 3810 2344 3864 quam
2378 3792 2705 3861 fragrantem
2738 3802 2924 3842 sacros
2950 3785 3238 3840 detrudere
3266 3783 3451 3853 jussit,

2103 3884 2173 3940 Ut
2199 3898 2363 3953 rogus
2393 3882 2635 3936 insontes
2659 3892 2959 3949 prunarum
2990 3885 3139 3930 torre
3165 3880 3434 3928 cretnatet

2093 3978 2281 4043 Artus,
2305 3992 2441 4046 quos
2471 3976 2671 4030 dudum
2697 3982 3013 4043 turgesecns
3037 3967 3246 4040 gurgite
3270 3972 3464 4036 pontus

2095 4070 2341 4140 Mergere
2372 4068 2631 4139 nequibat
2665 4066 2994 4135 Iimpltarum
3026 4060 3278 4114 fluctibus
3306 4055 3460 4111 atris.

2096 4161 2189 4217 Sic
2217 4160 2390 4216 facula
2420 4159 2651 4213 flammae
2674 4154 2914 4211 fornacis
2941 4152 3129 4207 fomite
3170 4148 3330 4219 friget

2099 4252 2170 4307 Ut
2198 4250 2357 4305 miles
2386 4248 2588 4303 Christi
2626 4245 2870 4315 neglecto
2899 4241 3113 4296 turbine
3136 4238 3364 4291 ﬂamma:

2099 4341 2372 4396 Redderet
2400 4339 2649 4408 ingentes
2673 4350 2773 4405 pro
2797 4334 2905 4389 vita
2929 4331 3133 4401 sospite
3152 4336 3367 4399 grates;

2098 4434 2206 4490 Ceu
2241 4433 2596 4488 Salamandra
2626 4430 2772 4500 rogis
2798 4428 2936 4484 solet
2980 4423 3243 4481 insultare
3269 4419 3534 4482 focorum,

2098 4524 2357 4593 Quamvis
2379 4522 2637 4594 congerie
2663 4520 3032 4591 glomerentur
3061 4516 3202 4570 forte
3233 4526 3506 4583 rogorum,

2100 4616 2253 4671 Tune
2280 4615 2456 4671 crucis
2481 4616 2533 4670 in
2562 4611 2802 4684 patulum
2836 4619 3104 4682 coguntur
3125 4607 3390 4664 scandere
3419 4602 3594 4663 robur,

2100 4708 2276 4775 Atque
2303 4705 2680 4775 pharetrarum
2706 4702 2903 4757 densas
2931 4699 3157 4755 sufferre
3180 4697 3427 4766 sagittas.

2104 4796 2223 4850 Mox
2252 4795 2413 4849 Sator
2436 4804 2691 4858 :eternus,
2719 4792 2810 4862 qui
2844 4802 3033 4847 sancto
3055 4788 3182 4859 jure
3211 4786 3528 4856 triumphat,

2106 4885 2321 4956 Spicula
2357 4892 2620 4939 tortorum
2664 4884 2933 4953 confregit
2967 4883 3085 4937 dira
3118 4896 3357 4936 reorum.

2106 4977 2242 5031 Exin
2264 4976 2508 5043 martyrii
2530 4982 2877 5044 sumpserunt
2899 4982 3045 5028 serta
3069 4978 3297 5027 cruenta

2104 5067 2184 5122 Ad
2224 5081 2461 5122 convexa
2490 5065 2599 5134 poli
2629 5066 2924 5137 migrantes
2949 5063 3185 5117 culmina
3208 5060 3363 5114 celsi.

2361 5156 2596 5211 CXXXI.
2629 5155 2704 5211 De
2743 5156 3142 5209 annuntiatione
3184 5149 3433 5219 Virginis.

2107 5248 2247 5303 Ecce
2282 5256 2437 5317 parat
2460 5246 2697 5300 clausam
2726 5245 2858 5316 Regi
2880 5243 3216 5314 pratnuntius
3248 5240 3450 5294 aulant.

2426 5337 2686 5393 CXXXII.
2706 5334 2711 5335 γ
2732 5338 2806 5394 De
2834 5339 3100 5391 nativitate
3137 5333 3369 5389 Domini.

2110 5431 2277 5487 Natus
2301 5431 2367 5486 ab
2397 5440 2599 5485 aeterno
2628 5429 2803 5499 prodit
2837 5430 2902 5484 de
2931 5427 3169 5498 Virginis
3192 5425 3333 5479 alvo.

460 5551 608 5631 ,(60)
644 5551 1287 5631 Corruptionelaborant
1325 5551 1544 5607 omnino
1576 5550 1876 5607 insanabili.
1932 5549 2037 5603 llos
2075 5556 2254 5602 tamen
2311 5550 2388 5601 sic
2433 5544 2691 5600 exhibent
2734 5542 2897 5599 editio
2947 5542 3222 5611 princeps,
3268 5533 3586 5592 Parisiensis
3631 5538 3679 5583 et

426 5622 543 5690 ejus
573 5622 785 5677 reeusio
809 5626 1029 5679 Bassani
1062 5625 1205 5679 data.
