4028 6168
471 311 568 368 961
1756 311 2061 368 CARMINA
2104 311 2193 367 ET
2233 312 2412 370 PREC
2421 312 2520 368 ES.

861 423 1141 482 CXXXIII.
1161 426 1236 484 De
1259 442 1403 484 coma
1429 427 1656 483 Domini.

471 515 574 582 Qui
607 522 773 586 caput
803 524 886 571 est
907 517 1071 587 justis
1097 517 1320 588 vestigia
1354 519 1517 588 tergit
1544 518 1800 574 alumnis.

471 606 628 674 Quod
653 608 824 663 vetuit
850 606 914 678 [Ι.
939 606 1134 680 voluit]
1161 608 1321 678 parti,
1349 607 1542 664 Petrus
1567 608 1680 663 vult
1704 607 1915 664 solvere
1939 605 2052 660 toti.

797 699 1080 754 CXXXIV.
1117 697 1472 776 Debaptismo
1501 701 1732 759 Domini.

477 792 553 845 En
583 789 777 846 ﬂuvius
799 791 1037 858 fontem;
1063 787 1322 846 mundum
1349 791 1488 848 lavat
1514 792 1654 846 unda
1679 792 1988 854 lavantem:

474 883 668 948 Ablue,
697 881 972 946 Jordanis,
1007 898 1035 936 a
1066 898 1172 951 quo
1205 883 1377 954 magis
1408 883 1521 952 ipse
1552 882 1770 938 lavaris.

772 969 1035 1027 CXXXV.
1067 970 1144 1025 De
1171 969 1230 1026 S.
1262 970 1468 1026 Joanne
1492 971 1756 1041 Baptista.

479 1061 691 1119 Praevia
732 1070 980 1116 materna
1009 1061 1244 1116 Verbum
1277 1077 1378 1116 vox
1410 1063 1578 1116 sentit
1608 1062 1661 1116 in
1701 1061 1844 1116 alvo.

650 1151 760 1224 44
789 1149 1074 1206 CXXXVI.
1110 1151 1189 1206 De
1219 1151 1482 1208 oblatione
1521 1151 1757 1207 Domini.

479 1240 634 1296 Nunc
661 1241 870 1311 capitur
897 1241 1052 1296 caelis
1079 1239 1296 1296 Simcon
1327 1258 1486 1312 quem
1514 1244 1732 1314 stringit
1753 1245 1806 1298 in
1829 1242 1988 1298 ulnis.

699 1329 1006 1388 CXXXVII.
1029 1330 1126 1386 Ubi
1149 1333 1299 1399 pueri
1328 1333 1508 1388 dicunt
1531 1346 1550 1386 :
1573 1332 1850 1388 "osanna.

479 1426 662 1489 Astra,
694 1423 871 1494 polus,
907 1434 1050 1479 terra
1082 1435 1350 1492 metuunt,
1380 1440 1540 1496 quem
1571 1432 1754 1495 portat
1781 1423 1944 1480 asella
1975 1439 1989 1478 :

481 1514 624 1570 Voce
645 1512 757 1568 Deo
781 1529 972 1584 magna
999 1525 1172 1569 canus
1203 1517 1473 1585 depromit
1503 1515 1778 1570 Ilosanna.

735 1605 1068 1661 CXXXVIII.
1105 1607 1526 1678 'l'ransﬁguratio
1573 1607 1808 1662 Domini.

485 1695 586 1750 llic
606 1693 753 1750 Deus
780 1697 1019 1752 ostendit
1043 1696 1185 1766 quod
1215 1698 1394 1752 carnis
1421 1698 1658 1767 tegmine
1693 1697 1905 1752 clausit.

487 1785 774 1841 CXXXIX.
833 1787 1088 1841 Dominus
1141 1789 1268 1842 dicit
1308 1789 1581 1859 discipulis
1625 1789 1778 1846 suis:
1820 1787 2062 1858 Vigilate.
2103 1775 2144 1834 Β

487 1877 632 1945 Quos
652 1893 816 1947 sopor
837 1879 1102 1948 Oppressit
1131 1879 1350 1947 vigilum
1381 1879 1496 1934 Rex
1519 1896 1742 1951 surgere
1760 1879 1944 1950 jussit.

752 1967 908 2024 CXL.
959 1967 1062 2024 Ubi
1087 1968 1122 2022 J
1129 1969 1260 2023 udas
1289 1969 1568 2026 Dominum
1601 1971 1784 2026 tradit.

486 2059 640 2116 Falsa
678 2057 831 2114 ferox
857 2059 1056 2116 blando
1107 2059 1262 2130 lupus
1285 2062 1467 2128 oscula
1496 2062 1726 2132 porrigit
1751 2062 1922 2132 Agna.

1017 2149 1197 2216 CXLI.
1229 2151 1303 2204 De
1335 2163 1547 2222 patcna.

488 2245 652 2300 Esum
693 2253 968 2315 perpetua:
997 2244 1218 2312 pariunt
1248 2246 1363 2300 haec
1391 2246 1592 2308 fercula
1622 2247 1763 2302 vitte.

771 2336 974 2392 CXLII.
1001 2335 1100 2392 Ubi
1119 2337 1358 2398 Christus
1382 2350 1526 2410 rogat
1555 2339 1786 2400 Patrem.

491 2431 734 2499 Patrem,
759 2429 996 2498 Christe,
1024 2443 1200 2498 rogas,
1219 2444 1342 2484 cum
1366 2444 1472 2498 quo
1493 2431 1653 2490 simul
1676 2431 1860 2490 omnia
1880 2432 2071 2490 donas.

825 2519 1048 2582 CXLIII.
1085 2521 1160 2576 De
1183 2524 1485 2582 ascensione
1506 2521 1742 2578 Domini.

491 2615 600 2669 Ima
624 2611 768 2669 Deus
793 2613 971 2684 petiit,
999 2613 1098 2676 sed
1129 2628 1232 2674 non
1259 2614 1477 2670 excelsa
1506 2614 1756 2684 reliquit:

491 2706 588 2760 Est
625 2705 700 2766 ibi
727 2719 836 2773 quo
865 2704 1067 2770 tendit;
1097 2712 1386 2773 permanet
1416 2706 1558 2760 unde
1585 2706 1755 2762 venit.

563 2793 790 2851 CXLIV.
849 2791 948 2848 Ubi
993 2792 1225 2864 Spiritus
1267 2805 1488 2918 Isalnctus
1533 2797 1802 2862 descendit
1851 2811 2008 2870 super

1138 2882 1263 2918 auos
1289 2883 1317 2918 ο
1345 2883 1420 2918 os.

1138 2882 1420 2935 apostatos.

495 2957 634 3028 Ignit
661 2955 1016 3026 apostolicum
1045 2956 1354 3028 linguarum
1386 2957 1603 3016 ﬂamma
1629 2968 1901 3026 senatum,

495 3048 778 3104 Gcrmiuat
803 3058 861 3103 et
885 3049 1066 3106 varias
1086 3050 1238 3118 quasi
1265 3065 1366 3106 vox
1407 3049 1636 3108 fecunda
1665 3051 1928 3122 loquelas.

978 3141 1184 3202 CXLV.
1208 3143 1286 3204 De
1311 3143 1374 3202 S.
1405 3142 1586 3206 Petro.

498 3234 708 3305 Sperne
742 3233 912 3292 maris
959 3249 1178 3302 navem,
1203 3235 1350 3302 caeli,
1381 3235 1564 3303 Petre,
1585 3237 1804 3306 suscipe
1827 3236 2036 3294 clavem
2065 3255 2080 3306 ;

503 3324 788 3382 Fluctibus
823 3333 880 3380 et
915 3325 1111 3394 spretis
1139 3333 1358 3394 portum
1387 3327 1517 3381 mihi
1545 3327 1710 3384 redde
1735 3327 1954 3398 quietis.

960 3416 1189 3472 CXLVI.
1217 3418 1296 3472 De
1323 3415 1381 3472 S.
1407 3417 1604 3476 Paulo.

505 3507 776 3566 Melliﬂuis
803 3523 1020 3568 omnem
1051 3507 1252 3572 Paulus
1281 3509 1420 3584 rigat
1447 3510 1712 3566 imbribus
1731 3512 1941 3568 orbem.

738 3596 990 3658 CXLVII.
1021 3597 1099 3660 De
1127 3597 1218 3652 illo
1245 3599 1334 3670 qui
1353 3609 1598 3658 moratur
1625 3601 1678 3662 in
1705 3602 1848 3658 odio.

501 3686 602 3754 Qui
633 3695 817 3742 manet
855 3687 906 3748 in
936 3686 1200 3758 tenebris,
1231 3689 1406 3748 nescit
1435 3690 1662 3762 vestigia
1697 3693 1878 3762 pacis;

501 3777 790 3850 Collyrium
823 3777 1044 3844 relevet,
1083 3793 1207 3844 cum
1241 3789 1292 3844 te
1319 3780 1602 3852 glaucoma
1628 3793 1908 3856 perurget.

501 3870 640 3928 Aere
665 3885 830 3925 suave
858 3877 1029 3940 creat,
1071 3877 1284 3942 tegmen
1326 3873 1464 3938 male
1495 3883 1636 3930 tecta
1667 3875 1905 3941 revelat;

501 3959 616 4016 Nox
663 3972 881 4030 reparat
913 3960 1110 4027 lucem.
1140 3961 1293 4026 dolor
1321 3962 1501 4020 aufert
1539 3981 1682 4036 saape
1715 3965 1977 4026 dolorem.

643 4049 915 4110 CXLVIII.
946 4051 1021 4106 De
1047 4051 1138 4119 illo
1161 4054 1252 4124 qui
1270 4053 1439 4124 placet
1461 4054 1665 4116 duobus
1695 4057 1942 4120 inimicis.

505 4141 640 4196 Dum
677 4141 856 4212 placet
882 4143 1122 4220 utrique,
1140 4144 1319 4222 perdit
1342 4143 1579 4210 Metecus
1599 4155 1910 4228 utrumque.

914 4233 1143 4300 CXLIX.
1175 4234 1253 4300 De
1281 4235 1667 4300 Iiildebraudo.

507 4326 702 4384 Vivere
734 4327 818 4384 vis
846 4327 1055 4394 Romae.
1077 4329 1220 4386 clara
1253 4329 1556 4402 depromito
1593 4348 1726 4398 voce
1759 4352 1774 4390 :

508 4421 634 4477 Plus
657 4421 886 4488 Domino
911 4439 1060 4494 papae
1090 4440 1252 4496 quam
1277 4425 1476 4492 domno
1499 4443 1668 4498 pareo
1695 4444 1872 4500 papas,

866 4512 971 4566 CL.
1009 4513 1083 4566 De
1111 4515 1292 4576 eodem
1327 4514 1712 4578 litldebrando.

511 4605 612 4672 Qui
652 4604 860 4660 rabiem
886 4605 1154 4676 tygridurn
1183 4608 1370 4672 domat
1395 4625 1490 4664 ora
1515 4620 1736 4678 cruenta
1768 4612 1982 4678 leonum

513 4696 589 4753 Te
615 4711 758 4752 nunc
787 4709 962 4765 usque
987 4696 1172 4766 lupum
1203 4699 1336 4764 mihi
1360 4701 1544 4756 mitem
1573 4711 1752 4758 vertat
1781 4705 1834 4768 in
1867 4721 2090 4776 agnum.

638 4783 767 4840 CLI.
793 4783 869 4838 De
895 4783 987 4837 illo
1017 4786 1106 4855 qui
1133 4787 1310 4844 omnia
1344 4789 1510 4858 timet,
1539 4792 1619 4845 uel
1643 4793 1774 4852 nihil
1803 4795 1969 4856 timet.

513 4876 600 4932 Nl
627 4885 894 4944 metuens,
919 4887 970 4931 et
1001 4885 1192 4932 cuncta
1223 4878 1440 4948 timens,
1473 4881 1730 4948 ridendus
1759 4893 2021 4957 uterque:

515 4966 616 5021 llic
652 4973 848 5034 tumet,
879 4966 970 5021 ille
987 4965 1155 5035 jacet,
1186 4968 1399 5032 medius
1425 4971 1742 5038 discrimine
1763 4975 1948 5045 pollet.

971 5059 1125 5116 CLII.
1157 5061 1236 5126 De
1265 5061 1410 5133 uirga
1439 5063 1632 5134 Moysi.

517 5153 680 5224 Virga
702 5161 858 5208 vorat
883 5152 1125 5223 magicos
1155 5153 1210 5210 in
1235 5169 1296 5210 se
1319 5156 1624 5225 reparanda
1651 5157 1960 5230 chelydros.

1005 5245 1178 5304 CLIII.
1211 5247 1285 5302 De
1311 5265 1436 5303 arca
1465 5247 1603 5304 Noe.

517 5337 657 5392 Area
685 5337 778 5392 dat
804 5337 1136 5405 Ecclesiam;
1169 5339 1512 5410 baptismatis
1535 5343 1682 5398 unda
1701 5343 1953 5414 ﬂguram.

522 5447 678 5513 Quod
705 5449 888 5502 melius
915 5460 988 5504 est
1013 5458 1070 5503 ut
1091 5451 1338 5528 scribam
1361 5467 1452 5506 rex
1478 5452 1531 5507 in
1556 5429 1717 5523 ferro,
1741 5473 1897 5528 quam
1921 5474 2096 5514 servus

1193 5539 1246 5576 ιη
1269 5539 1421 5577 auro.

521 5608 672 5678 Elige
702 5609 813 5665 Rex
840 5609 984 5665 ferro
1009 5629 1170 5683 quam
1195 5617 1357 5672 scribi
1385 5631 1572 5672 servus
1603 5618 1654 5672 in
1687 5634 1843 5685 auro;

524 5700 736 5756 Clarior
765 5704 816 5756 in
845 5704 1028 5758 casula
1059 5721 1150 5762 rex
1179 5718 1260 5766 est
1297 5725 1456 5779 quam
1488 5726 1677 5766 servus
1709 5713 1760 5766 iu
1791 5713 1930 5767 aula.

2117 4497 2174 4558 D

3639 319 3744 378 969

2086 433 2128 490 Λ
2158 427 2266 500 45
2299 427 2476 485 CLIV.
2503 427 2578 484 De
2603 425 2693 484 illo
2719 429 2807 501 qui
2839 430 2984 500 prius
3020 429 3202 498 donat,
3233 440 3280 488 et
3303 443 3480 502 postea
3503 448 3746 509 reposcit.

2163 521 2360 576 Pindus
2389 522 2642 578 amicitiae
2669 523 2834 578 violat
2869 538 2966 578 sua
2989 521 3128 580 dona
3161 540 3471 596 reposcens,

2233 612 2380 669 Unca
2413 629 2605 671 manus
2634 616 2864 670 retrahit
2891 617 3030 684 quol
3067 617 3216 686 prius
3251 619 3424 690 ampla
3449 621 3622 678 dedit.

2159 705 2260 772 Qui
2291 708 2488 777 repetit
2517 707 2716 763 donum
2743 708 2936 762 merito
2961 723 3081 762 mox
3117 710 3296 778 perdit
3319 712 3580 779 amicum,

2233 795 2452 850 Munere
2472 797 2536 850 de
2559 805 2742 852 vestro
2770 798 2962 867 gaudia
2993 797 3150 867 digna
3183 797 3320 854 fero.

2403 887 2576 954 Quam
2605 905 2739 943 vana
2771 889 2930 958 hujus
2960 891 3144 944 mundi
3181 901 3302 945 sunt
3351 893 3505 946 bona.

2233 976 2368 1032 Cum
2397 978 2610 1032 cineres
2634 993 2820 1046 regum
2847 977 3126 1032 videamus
3154 989 3206 1034 et
3225 995 3347 1034 ossa
3374 988 3657 1050 parentum

2236 1069 2401 1122 Acida
2435 1068 2704 1138 pulviﬂuis
2730 1078 2983 1140 congesta
3006 1068 3192 1136 jacere
3223 1072 3510 1140 sepulcris,

2235 1158 2351 1223 Quo
2373 1157 2540 1213 libeat
2566 1159 2715 1214 carni
2746 1160 2897 1230 vigor
2922 1171 3014 1214 aut
3043 1162 3312 1230 possessio
3337 1163 3539 1222 menti?

2164 1246 2319 1302 CLV.
2361 1247 2596 1322 Domnus
2641 1251 2920 1322 papa_sine
2947 1267 3025 1304 me
3065 1267 3170 1304 rem
3207 1253 3518 1322 incipiebat,
3558 1265 3606 1309 et
3645 1271 3754 1314 me—

2236 1335 2354 1390 cum
2415 1319 2671 1388 complere
2721 1320 2967 1385 rolcbat;
3019 1323 3196 1390 sicque
3245 1319 3444 1380 mecum
3499 1319 3755 1384 dicebat:
3838 1347 3842 1349 ’

2237 1387 2387 1509 sicut
2419 1399 2530 1510 what
2563 1392 2614 1468 in
2653 1391 2952 1460 principio;
2982 1387 3331 1448 cum—mecum
3362 1412 3462 1448 non
3492 1397 3756 1452 dixisset:

2306 1475 2418 1510 orm
2496 1467 2619 1510 atri.

2306 1467 2418 1512 orta
2453 1467 2619 1512 Patri.

2167 1547 2320 1604 Sicut
2353 1558 2470 1604 erat
2499 1551 2717 1614 damno,
2746 1551 2871 1620 quia
2907 1568 3179 1621 nunquam
3204 1555 3384 1610 Gloria
3416 1566 3610 1626 canto,

2169 1640 2268 1706 Qui
2307 1650 2468 1711 caput
2496 1642 2700 1704 abrasit
2727 1644 2954 1698 caudam
2986 1660 3201 1716 quoque
3219 1647 3343 1715 jure
3371 1649 3592 1706 vorabat
3616 1669 3630 1706 :

2172 1731 2399 1786 Ossibus
2428 1745 2523 1785 ora
2554 1740 2688 1786 terat
2721 1734 2810 1800 qui
2834 1733 3046 1788 sorbuit
3071 1745 3197 1790 ante
3226 1737 3505 1800 medullas.

2208 1821 2382 1877 CLVI.
2421 1823 2536 1878 Illis
2573 1825 2670 1878 hoc
2707 1826 2902 1880 dicitur
2943 1831 3032 1898 qui
3056 1829 3248 1900 falsam
3279 1849 3460 1902 pacem
3495 1833 3722 1904 faciunt.

2175 1914 2243 1968 Ut
2278 1913 2515 1978 valeant,
2547 1915 2973 1988 orisjungantur
3003 1927 3058 1974 et
3088 1921 3270 1976 oscula
3301 1922 3479 1978 cordis
3505 1939 3519 1990 ;

2176 2007 2282 2060 Pax
2313 2007 2522 2062 dirimit
2553 2008 2724 2073 litem,
2759 2011 2981 2080 capiunt
3011 2027 3130 2068 cum
3153 2015 3332 2084 jurgia
3365 2015 3550 2074 ﬂnem.

2173 2096 2373 2153 CLVII.
2400 2097 2555 2164 Quod
2586 2115 2716 2175 sa'pe
2746 2102 2948 2175 amicus
2976 2103 3182 2175 videtur
3215 2107 3396 2175 irasci,
3439 2119 3486 2163 et
3513 2109 3763 2170 inimicus

2643 2117 2654 2134 ν
2691 2117 2716 2154 e
2746 2117 2948 2160 amicus
2976 2117 3182 2156 videtur
3215 2123 3312 2168 ira:

2643 2117 3014 2240 ﬁanduleuter
3060 2173 3312 2244 blandiri.

2178 2259 2344 2313 Saevit
2367 2260 2687 2328 amorjitsti,
2717 2263 2856 2318 livor
2885 2264 3156 2321 blanditur
3181 2267 3372 2339 iniqui,

2178 2349 2275 2404 Est
2301 2365 2456 2405 amor
2485 2351 2728 2416 immitis,
2759 2352 2930 2407 dulcis
2957 2353 3128 2421 furor,
3157 2357 3236 2411 ira
3267 2359 3440 2414 fidelis
3466 2375 3482 2415 :

2181 2443 2321 2496 Sunt
2345 2443 2508 2496 etiam
2539 2443 2854 2499 blandi'sub
2881 2445 3044 2501 oviua
3081 2447 3218 2516 pelle
3243 2452 3483 2520 tyranni.

2183 2531 2274 2586 Sic
2305 2541 2358 2586 et
2390 2533 2562 2588 amica
2597 2542 2780 2603 patres
2807 2535 2982 2590 reddit
3011 2551 3241 2592 censura
3273 2539 3506 2598 feroces.

2327 2620 2550 2676 CLVIII.
2577 2621 2660 2676 Ad
2688 2639 2876 2693 papair
2922 2624 3278 2682 Alexandrum
3316 2632 3628 2690 admonitio.

2188 2709 2346 2767 Sedis
2377 2713 2688 2784 apostolicae
2717 2715 2808 2790 qui
2835 2716 2951 2771 vult
2979 2719 3213 2776 retinere
3243 2723 3484 2792 vigorem

2256 2803 2432 2874 Equa
2465 2804 2623 2862 libret
2657 2809 2842 2880 rigida:
2867 2811 3103 2881 pondera
3127 2812 3384 2883 iustitiae:

2181 2893 2329 2950 .luris
2364 2897 2510 2952 enim
2536 2899 2737 2968 pariles
2767 2903 2942 2957 nescit
2969 2909 3300 2976 suspendere
3325 2909 3510 2968 lances

2255 2985 2424 3053 Quem
2458 2987 2610 3045 favor
2635 2991 2882 3058 inﬂectit,
2909 3010 3033 3065 spes
3061 2997 3144 3053 vel
3172 3014 3332 3055 avara
3363 3004 3552 3060 trahit.

2181 3076 2498 3134 Muneribus
2523 3081 2698 3152 plena:
2727 3085 2814 3140 cui
2849 3086 3038 3143 laxant
3066 3105 3162 3144 ora
3192 3107 3487 3168 crumenze,

2106 3143 2154 3207 (ἶ
2255 3167 2476 3224 Justitia
2505 3187 2732 3228 vacuam
2757 3177 2935 3245 perdit
2965 3179 3120 3250 inops
3149 3161 3412 3240 animam.

2186 3255 2319 3314 Caeli
2349 3259 2518 3316 Roma
2548 3278 2700 3320 seras
2729 3273 2896 3334 tenet,
2923 3277 2973 3323 et
3008 3271 3144 3340 regit
3168 3273 3316 3328 orbis
3349 3275 3630 3348 habenas;

2258 3350 2352 3407 llis
2382 3353 2473 3423 qui
2509 3353 2661 3423 plura
2688 3357 2846 3426 petit,
2881 3359 3046 3415 ditior
3075 3377 3195 3417 esse
3225 3367 3431 3434 nequit.

2441 3445 2622 3502 CLIX.
2663 3447 2783 3502 Hoc
2811 3467 2992 3506 servus
3031 3452 3130 3508 Dei
3157 3455 3330 3524 facere
3355 3459 3520 3526 debet,

2188 3533 2352 3590 Multa
2383 3537 2600 3605 quidem
2640 3539 2791 3606 tollo,
2833 3543 2926 3598 sed
2967 3541 3229 3600 fratribus
3254 3549 3435 3605 omnia
3469 3555 3667 3612 trado:

2256 3626 2457 3682 Aufero
2486 3629 2764 3698 divitibus,
2793 3634 3007 3703 praebeo
3037 3638 3387 3707 pauperibus.

2189 3736 2344 3818 CLX.
2379 3735 2656 3818 Pramum
2677 3742 2902 3818 dicimus
2934 3759 2953 3798 :
2982 3745 3155 3801 Edent
3189 3766 3462 3818 pauperes.
3494 3754 3779 3816 Silentium

2259 3808 2512 3862 solventes
2550 3812 2774 3867 dicimus
2798 3830 2818 3868 :
2860 3813 3103 3871 Pretiosa
3138 3808 3202 3872 in'
3236 3808 3518 3890 conspectui

2192 3897 2343 3954 Sicut
2370 3899 2564 3969 Edent,
2597 3919 2844 3974 mensas;
2877 3909 3054 3964 reddit
3074 3909 3342 3976 Pretiosa,
3373 3913 3637 3985 loquelas.

2189 3987 2454 4060 [nsipiens
2474 3991 2528 4046 in
2558 3993 2722 4050 corde
2747 4011 2880 4050 suo:
2923 3997 3039 4053 Non
3070 4008 3154 4054 est
3189 3999 3352 4068 Deus,
3387 4003 3582 4078 inquit,

2757 4085 2936 4143 CLXI.
2966 4087 3043 4144 De
3073 4089 3214 4154 odio.

2193 4171 2265 4232 Ut
2291 4173 2382 4228 lita
2414 4174 2672 4246 pestifero
2701 4179 2918 4248 perimit
2947 4183 3222 4254 catapulta
3251 4199 3482 4253 veneno,

2265 4265 2358 4324 Sic
2386 4267 2597 4334 animas
2637 4269 2916 4326 hominum
2949 4274 3130 4342 perdit
3163 4276 3298 4338 edax
3330 4279 3536 4338 odium.

2298 4357 2501 4416 CLXII.
2533 4358 2638 4428 Qui
2661 4371 2921 4420 castratus
2943 4375 3017 4418 est
3056 4381 3159 4428 non
3192 4367 3338 4422 debet
3359 4371 3670 4442 episcopari.

2197 4448 2298 4519 Qui
2326 4450 2513 4521 nequit
2539 4451 2742 4506 abscidi
2786 4469 2892 4508 non
2922 4453 3084 4520 debet
3114 4455 3322 4520 honore
3351 4461 3534 4530 potiri.

2555 4542 2777 4604 CLXIII.
2813 4544 2891 4600 De
2913 4545 3162 4608 Romanis
3185 4549 3435 4617 febribus.

2199 4637 2370 4690 Roma
2393 4652 2556 4692 vorax
2586 4637 2892 4705 hominum,
2915 4638 3102 4696 domat
3127 4640 3293 4704 ardua
3324 4642 3460 4704 colla
3483 4659 3748 4716 virorum,

2203 4730 2371 4786 Roma
2401 4729 2550 4792 ferax
2581 4729 2812 4790 febrium
2845 4731 2996 4788 necis
3019 4740 3102 4788 est
3129 4733 3404 4794 uberrima
3441 4736 3680 4808 frugum,

2203 4821 2460 4875 Romana:
2492 4819 2672 4882 febres
2695 4821 2874 4882 stabili
2901 4831 3025 4886 sunt
3043 4823 3168 4894 jure
3191 4825 3394 4884 ﬁdeles.

2279 4905 2500 4967 CLXIV.
2528 4907 2682 4974 Quod
2710 4911 2823 5000 qui
2841 4913 3046 5000 ignorat
3080 4913 3240 5000 legem
3264 4917 3510 4980 vitiorum
3540 4923 3714 4995 nequit

2727 4993 2919 5038 evitare
2954 4993 3252 5052 perniciem.

2200 5069 2299 5138 Qui
2325 5068 2412 5138 jus
2443 5071 2656 5142 ignorat
2683 5071 2937 5128 vitiorum
2969 5083 3122 5148 peste
3151 5075 3390 5146 laborat,

2273 5164 2541 5220 Virtutem
2568 5164 2779 5231 vitium,
2815 5163 2898 5220 fas
2922 5175 3076 5236 putat
3109 5166 3380 5226 illicitum.

2200 5254 2310 5328 46
2343 5254 2457 5310 Non
2491 5256 2560 5311 sit
2584 5271 2808 5311 securus
2839 5257 2928 5326 qui
2951 5255 3152 5325 judicis
3172 5274 3266 5314 ore
3298 5261 3506 5318 solutus
3527 5305 3546 5330 ,

2279 5345 2416 5400 Sunt
2439 5361 2470 5400 a
2495 5345 2612 5416 lege
2633 5346 2761 5416 poli.
2787 5345 3002 5402 dissona
3026 5345 3142 5412 iura
3167 5347 3290 5410 fori.

2208 5437 2430 5492 Arbiter
2451 5438 2699 5494 internus
2731 5437 2860 5509 ligat
2887 5439 3033 5493 hunc
3059 5453 3218 5508 quem
3245 5440 3404 5498 solvit
3431 5454 3672 5516 apertus,

2279 5528 2391 5584 Nec
2422 5527 2555 5598 fugit
2582 5543 2720 5594 esse,
2749 5545 2848 5584 nec
2875 5530 3024 5585 videt
3051 5539 3168 5586 acta
3199 5531 3358 5590 Deus.

2579 5629 2783 5684 CLXV.
2817 5627 2894 5684 De
2925 5632 3170 5688 triduano
3194 5635 3422 5703 jejunio.

2214 5718 2385 5783 Quam
2419 5719 2663 5773 triduana
2701 5733 2918 5788 gravem
2952 5723 3118 5778 soleat
3149 5724 3353 5781 illidere
3382 5725 3585 5782 calcem
