4028 6168
360 378 466 433 985

357 493 454 544 llic
482 488 629 542 rudis
661 487 892 557 ignorat,
925 482 1260 538 stomachum
1298 483 1388 550 qui
1420 480 1638 535 sedulus
1669 481 1838 544 inﬂat,

353 579 574 635 Crebris
603 579 868 633 efﬂantem
904 575 1146 645 reprimit
1172 574 1260 643 qui
1286 573 1461 629 fistula
1488 582 1754 635 ventrem,

356 670 535 740 thue
565 668 700 722 fabri
730 667 911 720 follem
942 672 1138 718 vacuat
1169 663 1444 733 spiramen
1480 671 1790 730 utrumque.

384 760 612 815 CLXVI.
641 758 874 813 Cadaioo
913 774 1014 811 non
1042 755 1262 826 pastori,
1291 755 1379 808 sed
1409 754 1625 823 antiquo
1653 754 1890 808 draconi.

353 848 563 904 Desinit
588 862 708 902 esse
733 861 856 901 reus
883 845 974 916 qui
1005 844 1156 915 punit
1189 842 1367 896 ﬂendo
1392 849 1620 905 reatum,

352 939 652 1007 Sacrilegat
682 946 914 1006 emptam
944 937 1215 1006 geminata
1243 933 1492 1002 superbia
1522 934 1734 1002 culpam
1753 974 1766 996 ,

350 1030 506 1083 Caede
542 1042 743 1082 uecans
782 1024 1004 1089 Urbem,
1032 1039 1178 1078 nunc
1209 1038 1342 1078 auro
1378 1023 1612 1078 destrnis
1643 1024 1850 1078 orbem.

352 1118 492 1171 Ileu!
527 1115 708 1187 gladio
731 1115 859 1170 ferri
888 1115 1094 1185 gladius
1129 1113 1487 1168 truculentior
1517 1115 1668 1178 auri;

347 1205 396 1261 Is
427 1206 660 1259 animam
692 1212 964 1273 penetrat,
1004 1216 1224 1256 carnem
1260 1200 1380 1254 fons
1425 1200 1563 1271 (cod.
1597 1199 1738 1263 Vat.,
1771 1199 1926 1264 foris,

1261 1290 1438 1365 llum.)
1477 1291 1565 1344 ille
1589 1299 1855 1355 cruentat,

348 1389 577 1458 Vimque
606 1384 934 1455 tenetjaculi
967 1383 1223 1438 radiantis
1251 1398 1387 1438 vena
1419 1382 1642 1442 mctalli.

346 1478 429 1531 Nil
461 1477 642 1532 differt
673 1476 838 1542 ferro,
863 1476 1162 1546 perimatur
1181 1473 1409 1543 quisque
1432 1472 1513 1526 vel
1535 1489 1684 1527 auro.

344 1569 648 1639 Quidjuvat
675 1583 741 1620 an
770 1567 929 1620 fulvis
955 1565 1232 1633 furvisqne
1262 1565 1383 1632 quis
1413 1564 1624 1617 occidat
1656 1563 1856 1616 armis?

346 1663 454 1717 llos
483 1663 751 1717 homicida
781 1662 961 1716 vibras
983 1661 1211 1714 miseros
1239 1667 1292 1711 et
1317 1667 1575 1726 utrosque
1597 1658 1852 1711 trucidas.

345 1753 386 1804 E
412 1751 550 1804 coelo
579 1765 787 1814 rueras,
811 1750 902 1803 sed
934 1747 1293 1812 adliuc,draco
1321 1738 1754 1812 lubr‘icejsulllas,

343 1839 451 1894 Ore
471 1854 694 1894 vomens
737 1837 942 1892 rabiem
976 1845 1172 1892 tetrum
1205 1835 1457 1891 ditiundis
1483 1835 1702 1890 odorem
1731 1854 1742 1887 ε

343 1932 573 1986 Fractus
600 1932 774 1985 adhuc
805 1939 1010 2000 reptas,
1036 1936 1089 1984 et
1114 1929 1357 1982 ﬂammas
1381 1927 1603 1980 naribus
1631 1925 1812 1992 efﬂas;

343 2021 612 2091 Squamea
637 2020 771 2076 colla
803 2030 1000 2084 tumes,
1030 2027 1238 2088 strages
1266 2026 1319 2071 ct
1341 2015 1524 2087 praelia
1557 2015 1790 2072 frendes.

343 2111 566 2167 Desinat
591 2109 862 2165 horrenda
891 2108 1134 2178 squamis
1161 2105 1411 2161 attollere
1445 2105 1604 2170 colla,

345 2202 413 2257 Ut
443 2202 668 2274 populus
697 2202 861 2266 vivat,
894 2201 1058 2255 vitam
1089 2198 1231 2254 mala
1258 2198 1430 2253 bestia
1461 2197 1685 2266 perdat;

341 2297 518 2350 Torva
548 2296 874 2350 draconteas
903 2292 1162 2362 reprimat
1197 2289 1309 2359 jam
1343 2291 1527 2360 vipera
1553 2290 1751 2344 cristas
1776 2289 1913 2360 (cod.

1238 2379 1414 2452 [γαίη
1443 2379 1646 2444 chelas,
1676 2379 1847 2450 Man),

339 2474 414 2530 Te
440 2481 856 2544 superaggestns
886 2471 1120 2540 lapidum
1149 2468 1443 2523 tumuletur
1474 2482 1718 2531 acervus,

339 2566 524 2620 Ruder
546 2564 652 2618 erit
677 2563 912 2633 lapidum
945 2575 1173 2615 concors
1203 2558 1473 2614 sententia
1497 2557 1738 2622 Patrum,

337 2655 464 2710 Ilaec
494 2654 702 2712 scrobis
731 2661 849 2707 atra
887 2651 1024 2723 (cod.
1064 2648 1218 2715 Vat.,
1262 2658 1439 2713 antra,
1487 2647 1638 2717 Mar.)
1686 2647 1804 2702 lues
1831 2658 1916 2703 tu-

1117 2740 1285 2812 [mido
1317 2755 1383 2794 ne
1409 2747 1621 2808 gutture
1646 2738 1844 2806 sutiles,

337 2835 482 2890 Mille
500 2849 670 2890 vorax
701 2833 982 2889 hominum
1011 2840 1195 2900 crepet
1223 2829 1526 2884 insatiabile
1557 2839 1876 2884 monstrum.

338 2927 414 2982 Te
445 2942 605 2996 super
635 2925 832 2981 inferni
858 2940 954 2978 sua
986 2923 1241 2977 claudant
1277 2938 1371 2976 ora
1395 2937 1662 2985 cavernm,

335 3019 415 3074 Ne
440 3021 645 3074 reditus
676 3026 872 3088 pateat,
906 3017 998 3072 sed
1035 3017 1216 3071 mundi
1251 3015 1386 3069 bella
1417 3016 1716 3085 quiescant.

336 3109 538 3163 Fumea
570 3108 678 3163 vita
703 3107 865 3173 volat,
904 3121 1050 3180 mors
1082 3106 1370 3176 improvisa
1400 3107 1721 3174 propinquat
1751 3104 1882 3176 (Gl).

335 3201 584 3256 Imminet
613 3200 810 3270 expleti
839 3215 1047 3271 prmpes
1089 3199 1181 3253 tibi
1215 3199 1477 3254 terminus
1504 3201 1601 3257 aevi

335 3292 450 3348 Non
475 3307 575 3364 ego
606 3301 658 3348 te
685 3291 832 3357 fallo,
865 3299 1043 3361 coepto
1073 3290 1324 3345 morieris
1352 3289 1404 3344 in
1435 3305 1606 3378 anno.-

403 3401 653 3459 CLXVII.
687 3401 911 3483 Cuidam
952 3401 1146 3470 fratri,
1181 3402 1264 3455 cui
1286 3400 1547 3483 jejunium
1576 3413 1620 3454 et
1652 3402 1840 3472 vigilia:

793 3481 845 3526 in
888 3488 1136 3526 nauseam
1191 3481 1452 3525 venerunt.

332 3565 744 3634 Agrigentinum
777 3562 974 3619 Siculis
1000 3562 1080 3616 sal
1111 3562 1347 3632 gignitur
1369 3562 1480 3616 oris
1503 3578 1514 3626 ;

331 3657 486 3722 Quod
512 3654 628 3710 ﬂuit
658 3655 710 3708 in
743 3655 997 3718 ﬂammis,
1025 3655 1257 3722 crepitat
1285 3654 1329 3708 si
1358 3654 1620 3723 mergitur
1642 3656 1816 3709 UlItIlS.

332 3748 433 3814 Qui
467 3746 740 3801 naturales
769 3745 933 3799 trahit
957 3745 1009 3798 in
1035 3745 1306 3800 contraria
1337 3743 1501 3814 leges,
1598 3812 1602 3814 _

331 3839 590 3909 Congrnit
615 3836 834 3891 Auetori
863 3843 1123 3905 quantum
1155 3835 1256 3890 sibi
1286 3834 1507 3889 dissidet
1536 3851 1646 3890 unt.

399 3930 670 3987 CLXVIII.
707 3929 859 3996 Quod
897 3928 1111 3999 quidam
1153 3927 1434 3999 benefactis
1473 3928 1832 3999 Wanduntur,

813 3998 1098 4068 o/fensione
1135 3998 1428 4067 placantur.

329 4093 575 4148 OIIicium
607 4090 849 4146 stimulat
874 4089 1156 4159 quosdam,
1192 4088 1470 4158 percussio
1496 4101 1695 4159 placat,

328 4185 402 4241 Os
423 4185 477 4239 in
507 4183 671 4239 corde
698 4197 819 4247 suo,
850 4196 946 4236 cor
974 4181 1124 4262 ponit
1152 4180 1203 4234 in
1230 4193 1324 4234 ore
1357 4179 1635 4234 nabaldus.

719 4272 947 4328 CLXIX.
997 4273 1074 4327 De
1109 4273 1261 4325 dente
1290 4281 1337 4323 et
1366 4271 1520 4324 lente.

328 4368 530 4421 Littera
563 4371 823 4426 mutetur,
849 4361 992 4429 quod
1021 4360 1214 4415 edebat
1241 4375 1428 4413 rursus
1450 4361 1655 4414 edetur.

396 4451 604 4508 CLXX.
636 4450 788 4516 Quod
820 4464 942 4501 caro
971 4450 1096 4518 sine
1134 4448 1505 4518 praedicatione
1535 4451 1823 4518 prorumpit

816 4519 870 4571 in
913 4516 1095 4571 silvam
1145 4517 1406 4570 vitiorum.

326 4613 580 4670 Silvescit
607 4609 756 4666 vitiis
777 4623 905 4664 caro
934 4607 1085 4663 verbi
1113 4606 1304 4670 libera,
1334 4606 1521 4662 cultris

328 4706 616 4761 Virescunt
644 4700 878 4766 steriles,
910 4698 1177 4754 sarrientc
1207 4697 1401 4768 ligone,
1432 4696 1667 4752 novales.

324 4796 583 4852 Novimus
609 4791 952 4854 Annibalem,
983 4789 1300 4860 Iuscumque
1328 4787 1496 4844 fuisse
1522 4787 1810 4854 Neronem,

323 4889 496 4956 Quem
528 4899 712 4940 ramex
741 4882 904 4938 etiam
931 4881 1148 4951 pressit,
1174 4897 1295 4935 cum
1325 4891 1539 4950 sceptra
1569 4879 1825 4936 levarent.

691 4973 918 5030 CLXXI.
966 4971 1037 5026 De
1076 4971 1260 5026 baculo
1305 4973 1539 5025 rectoris.

323 5069 550 5140 Suscipe
579 5066 852 5122 diversum
883 5063 1268 5119 moderaminis
1299 5071 1416 5116 arte
1442 5061 1693 5116 bacillum
1720 5082 1732 5114 :

322 5162 469 5228 Quos
502 5159 760 5213 feretrum
791 5154 1016 5224 pupugit
1037 5167 1201 5207 cornu
1240 5151 1440 5220 pietate
1470 5151 1699 5205 reducit.

393 5249 498 5321 47
529 5245 782 5304 CLXXII.
811 5245 888 5300 De
914 5241 1158 5321 Ecclesia
1208 5240 1443 5295 Romana
1481 5241 1544 5295 ab
1585 5244 1831 5311 antipapa

907 5316 1088 5368 invasa
1127 5313 1316 5366 luctus.

604 5409 750 5464 Heu!
781 5406 938 5464 sedes
965 5405 1256 5474 apostolica

530 5500 689 5556 Orbis
717 5499 842 5554 olim
871 5497 1038 5568 gloria
1067 5515 1079 5549 :

394 5689 504 5761 (6|)
540 5687 722 5744 Codex
750 5686 1042 5761 Vaticanus
1069 5689 1218 5736 caret
1253 5679 1423 5761 tribus
1451 5677 1737 5761 postremis
1773 5692 1895 5759 vim-

317 5749 498 5824 cilius;
523 5775 658 5827 quos
701 5755 942 5812 consulto
984 5753 1216 5806 fortasse
1273 5759 1452 5804 noster
1496 5757 1682 5802 auctor
1713 5749 1897 5802 omisit

1198 372 1256 426 S.
1293 371 1496 425 PLTRI
1532 372 1807 426 DAMIANI
1850 375 1997 428 OI’I’.
2044 374 2276 430 'I'OIIUS
2315 374 2443 429 SEU
2481 375 2660 431 I’AIIS
2694 375 2780 430 IV.

1929 4529 1983 4588 D

3501 351 3603 416 965

2253 483 2424 548 Nunc,
2450 489 2582 553 proh
2617 485 2803 539 dolor!
2836 483 3064 539 eﬂieeris

2248 574 2468 628 Oﬂicina
2501 573 2753 628 Simonis.

2318 662 2523 718 Terunt
2549 664 2799 717 incudem
2831 664 3028 730 mallei,

2249 753 2458 807 Nummi
2489 764 2615 807 sunt
2641 756 2858 810 tartarei
2887 773 2902 808 ;
2975 821 2982 826 _

2243 845 2398 901 .Insto
2426 847 2518 900 Dei
2544 845 2770 915 judicio,

2252 935 2337 990 Fit
2368 937 2470 990 ista
2500 937 2754 990 conditio.

2316 1024 2384 1080 Ut
2412 1025 2657 1094 quisquis
2689 1027 3045 1094 apostolicam

2246 1115 2439 1172 Sedem
2468 1117 2632 1172 semel
2661 1134 2964 1188 comparat,

2243 1206 2529 1263 Rcdimere
2555 1224 2660 1263 non
2690 1209 2919 1276 desinat,

2260 1301 2439 1354 Donec
2470 1300 2608 1354 male
2637 1310 2842 1370 pereat.

2309 1392 2632 1446 Cathedram
2662 1393 2981 1460 pestilentia:

2241 1481 2466 1537 Pressus
2493 1483 2852 1548 anathemate,

2246 1572 2422 1627 Tenes
2448 1588 2569 1626 cum
2603 1574 2976 1629 sacerdotibus

2241 1663 2440 1720 Christi
2477 1665 2924 1735 peremptoribus.

2314 1755 2402 1810 Fit
2429 1755 2522 1810 tibi
2553 1765 2696 1810 terra
2728 1755 2923 1821 ferrea,

2235 1846 2370 1903 (Σωιί
2401 1849 2555 1902 sedes
2578 1862 2724 1904 aenea
2750 1865 2766 1914 ;

2235 1937 2530 2005 Diligenter
2553 1939 2714 2009 igitur
2743 1939 2984 2006 intende,
3015 1941 3156 2010 quod
3181 1941 3320 1998 dico.

2184 2026 2457 2082 CLXXIII.
2488 2027 2564 2081 De
2591 2029 2799 2082 miseria
2821 2031 3064 2084 humana:
3093 2031 3424 2087 conditionis.

2021 2117 2164 2173 Proh
2195 2118 2386 2172 dolor!
2421 2117 2606 2173 infelix
2639 2119 2887 2173 humana:
2915 2119 3100 2186 stirpis
3134 2121 3286 2188 origo

2019 2208 2124 2263 Per
2155 2209 2431 2263 traducem
2461 2208 2641 2264 carnis
2672 2207 2731 2262 fit
2761 2209 2935 2264 adhuc
2971 2209 3202 2265 obnoxia
3233 2212 3456 2276 mortis;

2023 2300 2091 2353 Et
2117 2299 2345 2354 miseros
2373 2299 2565 2369 gignit,
2594 2314 2729 2368 quos
2752 2299 2874 2354 vitm
2906 2299 3074 2353 limite
3094 2300 3314 2355 claudit.

2020 2388 2122 2456 Qui
2157 2405 2260 2444 non
2291 2405 2513 2444 uxorem
2542 2390 2646 2445 nisi
2676 2389 2840 2460 prolis
2872 2391 3043 2460 tangit
3073 2405 3278 2455 amore,

2019 2481 2131 2538 Etsi
2160 2481 2458 2546 mirandus,
2483 2497 2589 2536 non
2615 2482 2865 2536 omnibus
2887 2491 2972 2536 est
3001 2481 3294 2536 imitandus
3320 2498 3333 2546 ;

2020 2570 2137 2626 Non
2166 2573 2282 2627 sine
2308 2571 2606 2627 membellis
2639 2571 2779 2626 valet
2814 2586 2934 2626 esse
2962 2571 3182 2626 refectio
3212 2571 3484 2626 membris.

1993 2660 2171 2731 'Sazpe
2199 2660 2498 2717 novercalis
2528 2661 2583 2715 fit
2611 2676 2761 2715 mens
2789 2671 3031 2717 materna
3065 2660 3282 2729 pupillis

2019 2753 2268 2824 Legeque
2293 2766 2548 2822 perversa
2581 2753 2760 2822 gravis
2787 2760 2873 2808 est
2901 2752 2969 2808 de
2997 2761 3174 2807 matre
3199 2765 3448 2807 noverca.

2090 2864 2366 2922 CLXXIV.
2403 2865 2476 2921 De
2505 2884 2563 2921 eo
2589 2867 2966 2949 quiOprtedicat
2995 2868 3201 2938 justum
3231 2877 3278 2922 et
3307 2867 3522 2922 dimittit

2687 2953 2924 3007 impium.

2022 3033 2218 3089 Fundit
2247 3047 2439 3103 aquam
2468 3031 2643 3087 ﬂuviis
2669 3045 2858 3086 vecors
2886 3031 3190 3086 sitientibus
3219 3030 3410 3085 hortis.

2411 3123 2666 3180 CLXXV.
2684 3122 2832 3178 Laus
2856 3123 3209 3192 eleemosymr.

1943 3185 1987 3249 ο
2017 3204 2251 3272 Fenerat
2283 3215 2371 3270 ille
2393 3214 2502 3270 Deo
2525 3213 2616 3283 qui
2647 3220 2920 3282 sumptum
2950 3185 3152 3280 praebet
3179 3226 3370 3284 egeno,

2017 3309 2262 3363 Reddere
2284 3305 2553 3377 promisit,
2579 3303 2672 3374 qui
2704 3319 2809 3358 non
2839 3303 3118 3360 mendacia
3148 3307 3335 3370 novit;

2015 3400 2256 3455 Solvitur
2285 3399 2556 3468 expletum
2587 3396 2822 3468 graviori
2854 3395 3041 3453 fenore
3077 3397 3285 3452 lucrum
3312 3414 3326 3458 ;

2013 3493 2118 3548 Pro
2141 3492 2352 3548 modico
2390 3504 2668 3561 magnum,
2707 3503 2804 3560 pro
2833 3503 2988 3545 cteno
3016 3488 3259 3544 redditur
3285 3501 3474 3542 aurum
3499 3504 3514 3552 ;

2013 3584 2105 3640 Sic
2129 3583 2345 3640 hemina
2372 3581 2588 3647 cadum,
2617 3580 2857 3636 lucratur
2880 3579 3100 3650 dragma
3126 3578 3408 3643 talentum,

2013 3675 2105 3731 Sic
2126 3673 2318 3730 obolus
2344 3687 2593 3744 regnum,
2625 3673 2854 3742 cyathus
2888 3680 3160 3726 mercatur
3185 3669 3479 3741 olympum,

2009 3767 2210 3824 leica
2248 3766 2485 3822 terrenis
2515 3763 2887 3830 redhibeatur,
2915 3762 3018 3816 fixa
3048 3761 3284 3817 caducis.

2010 3861 2164 3930 Ignes
2188 3859 2329 3915 unda
2361 3865 2543 3923 necat,
2576 3855 2758 3926 lapsus
2785 3854 3123 3924 eleemosyna
3159 3861 3370 3923 purgat.

2011 3953 2104 4007 Est
2134 3967 2270 4019 aqua
2299 3963 2445 4004 mors
2471 3945 2720 4013 ﬂamma),
2758 3961 2905 4000 mors
2933 3954 3012 4000 est
3033 3945 3374 4014 eleemosyua
3397 3943 3572 4010 culpas,

2008 4041 2119 4098 Nec
2144 4041 2316 4111 replet
2348 4039 2566 4108 irriguis
2594 4038 2958 4107 laerymarum
2987 4035 3148 4091 corda
3175 4034 3412 4090 ﬂuentis.

2009 4131 2134 4187 Ilaec
2162 4129 2307 4185 vitiis
2337 4137 2568 4194 vacuat,
2587 4126 2848 4182 virtutum
2878 4124 3102 4180 ﬂoribus
3125 4132 3303 4179 ornat.

2008 4221 2134 4277 Haac
2159 4220 2434 4276 redimunt
2461 4219 2636 4288 ipsum
2664 4216 2881 4285 pietatis
2910 4215 3121 4270 viscera
3150 4213 3444 4268 Christum.

2454 4305 2731 4365 CLXXVI.
2766 4306 2936 4360 Avaro
2965 4304 3135 4358 diviti.

2005 4400 2109 4468 Qui
2135 4400 2328 4456 cedros
2357 4397 2547 4453 solidis
2578 4397 2681 4450 scit
2709 4395 3028 4462 contignare
3054 4391 3344 4464 cypressis,

2009 4490 2385 4546 Fundamenta
2413 4487 2573 4544 struit
2601 4485 2765 4541 nullis
2788 4485 3021 4540 obnoxia
3052 4483 3235 4538 ﬂabris
3263 4496 3278 4534 :

2007 4583 2182 4638 Ditior
2204 4598 2262 4637 es
2289 4595 2447 4637 coeno
2477 4593 2638 4650 quam
2669 4578 2763 4642 sis,
2795 4577 3033 4640 Pactole,
3063 4577 3299 4630 ﬂuento:

2011 4673 2161 4731 Unda
2194 4674 2336 4729 levat
2360 4671 2652 4736 cumulum,
2685 4669 2924 4725 ﬂavescit
2951 4683 3114 4723 arena
3144 4665 3441 4728 metallum,

2005 4764 2171 4818 Lama
2198 4763 2320 4822 tulit
2349 4759 2552 4833 fruges,
2583 4776 2744 4831 rupes
2765 4767 3030 4830 praerupta
3059 4773 3340 4814 cacumen.

2006 4852 2100 4908 llis
2129 4853 2299 4908 vitam
2327 4852 2584 4923 regimus,
2607 4849 2795 4922 procul
2825 4849 2928 4905 hoc
2954 4857 3133 4904 astare
3167 4845 3444 4906 videmus.

2013 4947 2070 5001 In
2101 4945 2260 5000 vidua
2289 4945 2439 5000 dives
2464 4943 2606 4997 Deus
2637 4951 2740 5008 est,
2775 4939 2826 4995 in
2857 4941 3022 4995 divite
3052 4952 3275 5010 pauper.

2428 5026 2727 5086 CLXXVII.
2772 5027 2893 5083 Viro
2917 5028 3157 5098 superbo.

2009 5123 2157 5177 Mens
2181 5131 2352 5177 scatet
2379 5122 2432 5177 in
2462 5135 2619 5175 veras
2649 5132 2812 5175 causa
2837 5119 3155 5188 perhibente
3182 5115 3440 5186 loquelas,
3495 5109 3506 5116 ’

2008 5212 2145 5268 \‘Lere
2172 5213 2299 5267 licet
2322 5212 2534 5273 rubeat,
2560 5224 2837 5280 nunquam
2866 5222 2987 5263 rosa
3012 5208 3234 5277 pulchra
3265 5213 3544 5275 perarmat,

2006 5303 2106 5367 Qui
2139 5310 2246 5356 stat
2275 5309 2471 5368 praesto
2499 5298 2666 5362 cadit,
2693 5313 2793 5352 ceu
2824 5296 2924 5352 flos
2953 5311 3080 5351 caro
3112 5296 3256 5365 lapsa
3299 5295 3578 5368 putrescit.

2011 5395 2128 5449 Vita
2155 5393 2343 5447 volans
2368 5392 2604 5448 hominis
2632 5391 2873 5446 decurrit
2898 5403 3048 5446 more
3072 5387 3276 5443 ﬂuenti.

2007 5482 2117 5556 48
2146 5483 2222 5537 Te
2244 5483 2484 5551 patulum
2511 5491 2674 5535 vento
2704 5479 2888 5535 folium
2916 5479 3155 5548 pendere
3185 5485 3473 5538 memento,

2003 5677 2071 5731 ob
2116 5676 2428 5732 vaticinium
2471 5673 2779 5729 litteraliter
2834 5685 2940 5726 non
2996 5672 3269 5741 impletum
3301 5710 3314 5732 ,
3372 5669 3437 5722 de
3479 5681 3584 5736 quo

2003 5749 2218 5802 disserit
2248 5751 2362 5817 ipse
2387 5745 2577 5800 Petrus
2608 5753 2734 5800 tom.
2762 5743 2847 5809 Ill,
2875 5758 2992 5812 pag.
3021 5739 3148 5796 206.
3170 5739 3294 5795 Mar.
