4028 6168
550 274 664 332 965
1760 272 2065 329 CABMINA
2106 275 2124 329 I

2236 274 2517 331 PRECES.
3696 285 3799 341 936

539 385 778 453 Turgida
807 354 944 441 colla
974 384 1088 439 suis
1114 383 1313 454 subigit
1343 397 1491 439 mors
1528 383 1770 453 improba
1799 383 2018 455 plantis.
2156 389 2202 447 Α
2301 384 2600 441 CLxxxu.
2647 384 2799 451 Quod
2844 388 2933 457 qui
2971 389 3129 443 sumit
3163 405 3351 445 ηιωιιιε
3390 392 3536 447 debet
3577 396 3741 450 vicem

542 472 739 530 Vivere
761 476 851 547 qui
884 476 1085 546 patitur
1108 473 1254 529 felici
1279 483 1453 530 morte
1474 474 1705 538 fruetur,
2284 546 2287 547 ν
2617 545 2629 547 _
2901 458 3136 513 reddere.

543 561 649 624 Qu;
683 545 883 619 rrum".
908 565 1019 618 vita
1050 573 1277 619 mortem
1316 564 1552 633 patietur
1576 578 1841 620 amaram.
2233 546 2563 602 Alterutrum
2586 545 2781 602 charos
2811 549 3087 617 componit
3113 565 3309 606 munus
3332 552 3556 618 amicos.

548 656 668 711 Vita
694 655 875 710 brevis
899 655 1150 725 prohibet
1178 669 1247 709 ne
1270 654 1488 726 longum
1515 654 1697 710 vivere
1725 669 1931 725 speres.

2234 635 2290 691 Si
2319 635 2538 707 gerulus
2560 635 2784 702 referat,
2808 636 2853 692 si
2875 638 3029 693 dator
3058 639 3309 709 accipiat.

548 746 680 801 Vive
704 759 912 799 memor
942 744 1153 809 mortis,
1180 758 1288 813 quo
1315 724 1529 814 semper
1556 724 1955 813 vivere‘possis.
2230 725 2341 798 49
2400 724 2722 783 CLXXXI“
2782 726 3321 814 Quibu§__!fenedicl50
3369 732 3435 786 de
3489 736 3813 790 ϐοειεανὶῡιω

2900 798 3146 852 mittitur.

2233 886 2371 941 Dent
2395 886 2485 941 alii
2523 886 2727 941 fulvum
2762 887 2963 943 trutina
2994 887 3227 945 librante
3254 892 3565 959 metallum;

2234 975 2340 1031 Sed
2377 978 2611 1032 mundus
2634 977 2785 1044 vivit,
2816 979 2944 1047 quia
2975 979 3120 1049 ligno
3151 981 3273 1036 Vita
3306 984 3599 1053 pependit:

2233 1068 2324 1125 Sic
2354 1069 2626 1125 modicum
2659 1085 2854 1140 magno
2886 1071 3089 1141 lignum
3123 1072 3414 1141 pretiosius
3440 1090 3594 1130 auro.

2264 1158 2596 1215 CLXXXIV.
2634 1156 2939 1228 Pontiﬁcali
2960 1162 3173 1216 dextera
3202 1165 3459 1218 coclearia
3480 1166 3781 1236 mittuntur.

2230 1250 2423 1322 Magna
2450 1251 2802 1323 perexiguum
2833 1267 3031 1307 munus
3064 1267 3231 1308 aurea
3261 1253 3475 1324 suscipe
3500 1254 3706 1325 lignum
3728 1296 3743 1310 .

2230 1339 2365 1396 Nolo
2395 1340 2578 1395 datum
2612 1340 2843 1396 trntines
2869 1381 2885 1406 ,
2915 1342 3008 1397 sed
3039 1341 3219 1398 dantis
3257 1343 3465 1399 viscera
3492 1343 3659 1401 libros
3686 1363 3699 1399 :

546 841 717 896 Totus
755 840 873 894 vive
904 839 1033 904 Deo,
1072 848 1215 894 totus
1248 838 1341 893 tibi
1366 847 1610 893 mortuus
1630 846 1769 893 esto.

546 931 669 986 Vita
698 931 843 1001 parit
867 940 1118 994 mortem,
1147 944 1296 984 mors
1317 930 1480 981 vitam
1512 942 1679 997 parva
1706 943 2018 998 perennem.

547 1021 649 1090 Qui
677 1021 776 1075 sibi
802 1036 943 1075 nunc
967 1019 1099 1074 vivit
1122 1033 1336 1087 semper
1361 1018 1637 1072 moriendo
1666 1017 1881 1087 peribit.

549 1115 609 1169 In
640 1129 698 1170 se
727 1114 821 1184 qui
862 1112 1112 1178 moritur,
1140 1113 1284 1167 hunc
1314 1112 1420 1165 vita
1450 1112 1607 1166 beata
1639 1121 1913 1181 sequetur.

548 1203 641 1260 Sic
672 1205 886 1274 requies
910 1202 1053 1259 fesso
1082 1202 1396 1257 redhibetur
1420 1201 1528 1256 vita
1551 1210 1848 1271 perempto.

879 1310 1205 1368 CLXXVIII.
1233 1310 1417 1365 Livido
1455 1311 1807 1364 obtrectatori.

545 1426 679 1485 Esse
703 1429 841 1485 foret
865 1420 1059 1501 panem
1087 1428 1282 1483 melius
1308 1443 1468 1499 quam
1498 1428 1688 1483 rodere
1716 1426 1959 1493 fratrem,
2228 1430 2414 1487 Andeo
2436 1432 2580 1502 quod
2610 1432 2751 1502 parti
2785 1448 2893 1487 non
2919 1442 3032 1496 est.
3070 1448 3401 1504 praesumere
3430 1435 3528 1490 toti
3553 1452 3570 1503 ;

544 1515 800 1587 Corporis
821 1533 925 1572 una
951 1518 1126 1582 cibus,
1150 1517 1342 1570 anima-
1372 1530 1457 1570 res
1483 1516 1652 1570 altera
1675 1516 1846 1571 virus.
2230 1523 2483 1583 Carmina
2512 1534 2644 1594 quot
2671 1526 2894 1596 scripsi,
2924 1526 3144 1582 totidem
3177 1527 3272 1581 tibi
3299 1526 3442 1598 ligna
3472 1528 3671 1597 polivi,

550 1607 730 1663 liosus
764 1624 868 1663 non
902 1610 1157 1673 moritur,
1193 1607 1391 1661 rodens
1416 1606 1682 1661 homicida
1712 1614 1944 1661 tenetur.
2230 1615 2492 1671 Chanula
2526 1616 2735 1677 venalis
2758 1656 2772 1681 ,
2811 1617 3081 1671 donantur
3115 1626 3313 1671 caetera
3339 1619 3533 1688 gratis.

549 1696 664 1752 Non
694 1698 828 1753 alios
851 1710 1078 1768 capreas,
1113 1706 1165 1753 te
1191 1712 1386 1752 cernas
1410 1696 1610 1751 lumine
1635 1696 1807 1765 talpae.

549 1788 655 1808 mu
866 1790 944 1808 ,η
1226 1804 1319 1808 ___

2362 1705 2672 1762 CLXXXV.
2718 1704 2918 1771 Quibus
2950 1706 3237 1808 benedictio
3266 1707 3330 1762 de
3360 1707 3680 1764 coclearibus

544 1788 660 1843 Non
690 1790 823 1844 mihi
856 1790 950 1845 des
970 1789 1198 1853 vultum,
1226 1797 1510 1859 promptus
1537 1788 1633 1842 tibi
1661 1798 1872 1844 vertere
1896 1797 2126 1859 tergum,
2160 1785 2205 1808 "
2898 1785 3150 1831 mittitur.
3475 1826 3480 1831 _

546 1878 627 1933 Mc
657 1879 862 1935 faciens
886 1879 1184 1950 speculum,
1210 1894 1333 1934 cum
1357 1880 1432 1934 sis
1461 1878 1555 1933 tibi
1580 1879 1814 1934 mantica
1839 1878 2036 1946 factus,

2231 1866 2590 1942 Marmoribus
2617 1866 2800 1923 latomi
2832 1867 2966 1923 fabri
2995 1868 3130 1923 dant
3156 1869 3308 1939 signa
3338 1870 3604 1937 metallis,

545 1968 775 2040 Polypus
804 1968 1029 2024 haerenti
1063 1968 1129 2023 de
1154 1983 1212 2022 se
1234 1983 1341 2024 non
1375 1965 1511 2021 fetet
1534 1966 1722 2020 olenti.
2230 1961 2550 2032 Sandapilas
2585 1960 2772 2030 inopes
2801 1960 3154 2030 compingunt
3182 1962 3507 2032 vespiliones
3530 2004 3548 2029 .

547 2057 755 2129 Lyncea
783 2057 874 2111 ιυχ
897 2057 1078 2112 radios
1104 2056 1157 2111 ίη
1181 2057 1391 2111 viscera
1418 2056 1530 2126 ﬁgi;
1552 2064 1769 2119 acutos,
2229 2044 2339 2103 Nec
2365 2062 2465 2103 nos
2488 2048 2640 2119 signa
2670 2049 2867 2103 ducum
2902 2040 3127 2104 ferim'us
3150 2090 3163 2113 ,
3198 2050 3292 2105 sed
3319 2051 3472 2122 signa
3507 2052 3780 2110 colonum.

540 2146 675 2200 Cum
699 2160 757 2201 se
783 2160 888 2200 non
910 2146 1113 2212 videat,
1135 2153 1382 2215 penetrat
1405 2145 1592 2214 procul
1614 2160 1775 2200 onmc
1797 2147 1938 2214 quod
1961 2156 2124 2213 astat;
2622 2138 2953 2196 CLXXXVI.
2979 2139 3219 2195 Amicum
3249 2151 3427 2197 terret.

544 2236 761 2293 Obtusa:
781 2244 934 2294 cotes
965 2245 1187 2301 acuunt,
1209 2249 1320 2293 non
1338 2237 1544 2292 caedere
1565 2246 1811 2306 possunt,
2229 2230 2381 2298 Quod
2410 2231 2592 2300 digitis
2620 2232 2803 2287 scribo
2832 2271 2847 2297 ,
2882 2232 3108 2288 totidem
3137 2232 3234 2287 tibi
3263 2232 3507 2289 carmina
3533 2236 3709 2303 mitto,

543 2325 651 2381 Nec
672 2325 795 2392 sibi,
825 2326 921 2382 sed
949 2327 1101 2381 vario
1123 2335 1314 2397 parent
1335 2342 1432 2381 sua
1453 2325 1576 2395 jura
1602 2328 1836 2391 metallo,
2228 2324 2432 2392 Aspera
2472 2337 2573 2376 vox
2604 2340 2616 2375 :
2648 2321 2762 2388 Ite;
2793 2322 3019 2376 nimium
3045 2322 3285 2390 jucunda
3323 2340 3336 2377 :
3370 2323 3600 2380 Venite:

542 2417 745 2472 Scabra
769 2417 939 2488 polire
968 2417 1096 2473 lima
1124 2418 1294 2483 novit,
1317 2433 1423 2497 non
1457 2418 1570 2489 ipsa
1595 2418 1772 2488 poliri,
2227 2411 2536 2484 Congregat
2568 2413 2685 2467 haec
2714 2426 2904 2483 agnos,
2935 2427 3041 2467 vox
3071 2412 3240 2466 altera
3272 2412 3499 2482 dissipat
3524 2414 3706 2471 haados
3730 2432 3743 2481 ;

541 2509 710 2564 Prava
736 2519 918 2565 manet
941 2518 1154 2566 sentum
1180 2496 1440 2576 scorium,
1465 2509 1591 2564 dum
1615 2510 1826 2581 laevigat
1849 2526 2039 2565 aurum
2056 2530 2068 2541 -
2229 2501 2514 2571 PerpenSIB
2542 2515 2702 2557 V0085
2728 2508 2982 2572 Ροιεΐῑιῐη
3013 2516 3337 2571 compone“?
3370 2518 3567 2589 mores-

542 2600 679 2656 Nam
701 2602 948 2657 scabiosa
985 2601 1165 2659 carnis
1191 2601 1347 2656 titulo
1377 2601 1436 2656 fit
1473 2601 1635 2673 digna
1664 2602 1857 2667 ﬁdelis,
2628 2592 2983 2651 CLXXXVII.
3020 2593 3102 2650 Ad
3132 2594 3427 2651 inimicum.

542 2691 598 2748 Si
628 2692 769 2748 rictu
801 2692 991 2748 rabido
1017 2708 1241 2748 vernam
1266 2708 1387 2749 cum
1424 2691 1544 2761 jure
1578 2693 1815 2748 lacessit.
2229 2687 2287 2743 Si
2316 2687 2467 2756 regni
2499 2688 2740 2758 requiem
2771 2687 3039 2759 cupimus,
3074 2696 3382 2744 metuamus
3409 2698 3465 2744 et
3494 2689 3706 2759 ignem;

539 2779 644 2848 Qui
672 2782 816 2852 quod
845 2780 961 2836 vult
986 2782 1136 2848 dicit,
1167 2781 1311 2852 quod
1348 2796 1452 2835 non
1481 2780 1595 2835 vult
1625 2782 1822 2851 smpins
1844 2782 2012 2837 audit.
2226 2776 2373 2832 Inter
2400 2776 2538 2833 bella
2565 2777 2726 2832 silent
2752 2776 2921 2848 leges,
2949 2777 3000 2830 in
3031 2791 3165 2847 pace
3193 2776 3513 2848 loquuntur.

543 2868 656 2924 Non
681 2870 845 2926 habet
873 2885 936 2925 os
958 2868 1160 2942 lingua,
1198 2869 1372 2940 frangi
1407 2869 1537 2926 facit
1560 2886 1681 2925 ossa
1704 2870 1796 2925 sed
1823 2872 1935 2942 ipsa
2227 2867 2464 2938 Tempus
2489 2867 2643 2922 adest
2667 2867 2817 2934 belli,
2848 2869 3065 2923 venient
3104 2881 3202 2923 sua
3233 2877 3478 2936 tempora
3501 2867 3637 2938 legi;

542 2957 769 3030 Unaque
795 2960 1023 3016 diversis
1051 2961 1194 3030 parit
1220 2959 1473 3015 informia
1502 2961 1775 3017 membris.
2227 2959 2319 3015 Sic
2344 2960 2410 3015 lis
2430 2959 2701 3027 obtineat,
2734 2975 2802 3014 ne
2830 2975 2930 3031 pax
2962 2967 3082 3031 post
3112 2959 3304 3016 bellica
3332 2961 3556 3030 perdat;

542 3052 690 3109 Pone
716 3054 915 3109 malum
945 3054 1160 3126 lingua},
1185 3069 1345 3124 quam
1372 3053 1553 3108 vibras
1576 3069 1726 3110 more
1746 3053 1976 3125 sagittaz,
2150 3094 2197 3155 Ο
2228 3052 2305 3107 Ne
2331 3052 2552 3106 vincare
2577 3050 2714 3116 foro,
2739 3051 2830 3123 qui
2863 3061 3039 3107 lentas
3069 3051 3290 3108 vincere
3314 3066 3530 3122 campo.

540 3144 616 3200 Ne
640 3146 800 3218 gladii
831 3156 994 3202 conto
1026 3146 1335 3202 refcrantur
1361 3160 1490 3200 saxa
1523 3144 1722 3215 lapillo.
2155 3142 2196 3155 ν
2333 3142 2708 3200 CLXXXVIII.
2751 3145 3007 3199 Discretio
3042 3145 3178 3198 inter
3212 3144 3368 3198 leuem
3402 3154 3451 3200 et
3479 3161 3708 3215 gratum.

605 3254 887 3314 CLXXIX.
921 3258 1135 3313 Duobus
1161 3258 1410 3323 inimicis,
1438 3268 1492 3311 ut
1518 3258 1586 3311 ad
1605 3273 1785 3324 pacem
1816 3258 2047 3311 redeant.

2231 3232 2469 3289 IIorrens
2495 3234 2827 3304 prmcipilcm
2858 3234 2964 3289 noli
2994 3243 3045 3288 te
3073 3233 3213 3289 ferre
3244 3233 3491 3288 limacem
3511 3276 3526 3299 ,

539 3367 739 3422 llamat
767 3383 920 3424 amor
945 3368 1147 3433 varios,
1177 3368 1377 3424 scindit
1397 3367 1667 3422 discordia
1688 3367 1907 3438 junctos
1932 3385 1946 3435 ;

535 3455 652 3512 Non
678 3456 747 3511 ibi
772 3457 858 3510 lux
891 3457 1043 3528 pacis
1071 3456 1160 3512 ubi
1190 3457 1247 3511 fit
1267 3456 1460 3512 divisio
1479 3457 1690 3522 cordis;

535 3549 645 3604 Pax
678 3550 837 3605 docet
869 3551 1106 3621 ignaros,
1133 3551 1401 3606 discordia
1433 3561 1599 3605 caecat
1625 3562 1834 3608 acutos.

536 3647 651 3697 [Vult
674 3652 850 3698 status
877 3653 960 3698 est
982 3643 1165 3707 rebus,
1194 3644 1425 3697 fortuna:
1443 3644 1674 3699 vertitur
1693 3646 1846 3709 ordo,

534 3725 742 3783 (Icrvici
765 3725 949 3797 rigida:
971 3742 1118 3782 mors
1141 3727 1430 3798 improvisa
1453 3727 1708 3782 minatur.

534 3814 769 3887 Turgida
796 3816 929 3870 colla
955 3817 1071 3872 suis
1093 3818 1293 3888 subigit
1316 3816 1485 3872 febris
1510 3817 1666 3891 ignea
1690 3817 1888 3887 plantis
1907 3860 1920 3884 ,

532 3903 611 3959 Ac
633 3905 816 3959 domat
839 3904 1134 3961 indomitos
1159 3907 1341 3961 divino
1365 3907 1489 3978 jure
1517 3906 1759 3973 solutos;

535 3994 634 4061 Qui
660 4001 909 4051 tumuere
933 3994 1043 4051 Deo
1064 4005 1332 4066 coguntur
1352 3997 1546 4053 cedere
1569 3999 1792 4065 morbo;

534 4085 687 4150 Quod
715 4087 844 4139 dant
867 4085 1110 4158 languori
1130 4101 1276 4142 verae
1304 4095 1527 4142 vetuere
1548 4087 1730 4143 saluti.

534 4175 694 4231 Vultu
722 4192 866 4248 saepe
892 4187 1118 4245 trucem,
1140 4179 1387 4236 flammas
1413 4180 1561 4235 velut
1593 4195 1690 4237 ore
1722 4193 2049 4251 vomentem,

532 4267 750 4340 Oraque
780 4270 1074 4353 terribilem
1103 4269 1409 4327 frendentia
1440 4275 1607 4352 verba
1638 4281 1916 4330 tonantem

530 4361 717 4419 Funda
743 4367 1042 4438 perexiguo
1063 4369 1255 4423 stravit
1281 4378 1536 4426 contorta
1560 4370 1762 4443 lapillo.
2193 4390 2199 4397 '

2148 4443 2197 4503 Ι)

2295 3326 2430 3380 Cum
2462 3327 2726 3395 gravitate
2751 3326 2907 3392 levis,
2945 3327 3020 3381 sis
3050 3327 3268 3382 levitate
3289 3328 3491 3398 gravis.

2226 3415 2285 3470 Si
2315 3415 2495 3484 gravis
2517 3416 2787 3482 incessus,
2819 3430 2919 3471 nec
2939 3416 3049 3487 jam
3082 3415 3237 3486 quasi
3265 3416 3524 3486 compede
3549 3432 3739 3474 nexus.

2298 3505 2378 3560 Nil
2407 3505 2538 3561 vitio
2567 3507 2755 3561 vitium
2796 3507 2989 3564 cedere
3018 3506 3336 3579 proficuum.

2226 3619 2563 3676 CLXXXIX.
2605 3621 2757 3687 Quoa
2779 3618 2967 3694 melius
3001 3620 3066 3674 sit
3096 3620 3344 3694 agricola:
3370 3620 3633 3678 laboranti
3656 3640 3812 3694 quam

2753 3692 2965 3745 domina
2994 3691 3281 3761 pra-limiti.

2226 3781 2371 3837 Bella
2409 3781 2515 3837 ciet
2546 3781 2825 3847 dominus,
2857 3781 3159 3850 proscindit
3188 3796 3314 3837 rura
3344 3781 3599 3849 colonus;

2227 3872 2318 3927 Ille
2341 3881 2488 3944 patet
2509 3870 2710 3941 iaculis
2732 3912 2747 3939 ,
2778 3872 2867 3927 hic
2894 3871 3109 3942 frugum
3140 3873 3340 3943 gaudet
3367 3874 3602 3930 acervis.

2355 3965 2511 4022 CXC.
2544 3965 2625 4021 De
2653 3966 2735 4020 his
2770 3965 2859 4036 qui
2888 3982 2991 4020 non
3032 3982 3087 4020 se
3105 4006 3120 4032 ,
3145 3965 3237 4019 sed
3264 3965 3400 4021 alios
3425 3977 3666 4039 carpunt.

2225 4054 2460 4126 Po’ypus
2485 4054 2715 4119 haerenti
2735 4054 2803 4110 de
2828 4069 2887 4110 se
2918 4070 3024 4109 non
3056 4055 3187 4111 fetet
3213 4055 3418 4111 olenti:

2226 4148 2363 4203 Sunt
2383 4162 2480 4214 sua
2494 4147 2596 4216 qui
2624 4145 2871 4217 palpant,
2906 4145 3081 4201 aliena
3120 4146 3332 4216 piacula
3358 4145 3636 4203 damnant.

2222 4238 2398 4295 CXCI.
2442 4238 2595 4305 Quod
2623 4238 2861 4294 esuriens
2893 4248 2941 4293 et
2978 4237 3158 4362 sititens
3189 4236 3289 4293 vile
3309 4237 3572 4310 quodlibet
3596 4240 3806 4297 libenter

2923 4325 3059 4362 sum:
3090 4347 3104 4362 .

2923 4325 3104 4363 sumit.

2222 4399 2495 4456 Faucibus
2522 4410 2640 4454 atra
2667 4397 2842 4455 fames
2871 4400 3066 4455 herbas
3096 4400 3442 4456 commendat
3465 4409 3736 4472 agrestes.

704 4480 962 4538 CLXXX.
987 4482 1102 4539 Cur
1153 4484 1289 4540 idem
1317 4487 1569 4557 scriptum
1591 4487 1669 4542 bis
1689 4489 1936 4545 mittitur.
2148 4480 2195 4503 ν
2229 4487 2560 4546 Ilausibilem
2592 4491 2812 4545 densam
2850 4491 3024 4545 reddit
3067 4491 3186 4546 sitis
3225 4491 3379 4559 ignea
3411 4506 3660 4561 vappam.

530 4591 661 4651 lure
684 4604 904 4651 notatur
925 4598 1089 4663 idem,
1113 4599 1205 4668 qui
1228 4612 1373 4669 saepe
1395 4600 1647 4656 rescribit
1668 4603 1843 4657 eidem
1868 4621 1885 4671 ;
2224 4581 2483 4671 Εδητίξηδ
2512 4582 2767 4671 ⁰9η¹θδίίν
2799 4597 2970 4637 “cu”
2996 4591 3145 4637 ⁵³ί¹¹⁵
3170 4598 3265 4638 ore
3286 4583 3488 4653 ίίεητίί·

532 4682 648 4738 Non
674 4692 855 4738 tamen
880 4685 1195 4752 absurdum,
1228 4702 1349 4743 cum
1372 4704 1458 4744 res
1481 4689 1643 4745 habet
1668 4692 1782 4762 ipsa
1812 4670 2110 4759 recursum,

2293 4670 2494 4726 CXCII.
2529 4670 2604 4725 De
2634 4671 2751 4735 illo,
2783 4672 2870 4741 qui
2896 4671 3156 4741 gloriatur
3183 4673 3239 4726 in
3268 4672 3549 4728 altitudine
3578 4676 3735 4730 vocis.

532 4773 713 4843 Indiga
743 4772 1029 4829 verborum
1050 4775 1176 4830 dum
1208 4777 1277 4830 sit
1305 4777 1598 4846 geminatio
1626 4760 1829 4835 rerum.
2223 4761 2366 4817 voce
2391 4762 2525 4816 είδῑίε
2550 4760 2693 4815 celsa
2718 4761 2920 4815 "003155
2942 4761 3087 4815 Γυάίι
3113 4762 3276 4818 ³8011³
3296 4803 3311 4829 ι

531 4861 814 4915 lnsimulat
841 4861 1012 4916 vicem
1040 4863 1374 4919 carminibus
1403 4880 1508 4920 non
1538 4869 1872 4924 reddentem.
2102 4877 2109 4883 '
2196 4856 2389 4920 Dulce
2416 4856 2582 4911 melos
2610 4855 2835 4926 Placidi-‘5
2861 4854 3059 4912 formai
3083 4873 3185 4913 νοι
3204 4870 3403 4930 οῐεηεο
3429 4861 3662 4919 bombis-

531 4950 771 5005 Disticha
801 4959 878 5005 tot
905 4951 1052 5006 misit
1078 4961 1210 5022 quot
1237 4952 1455 5023 ﬂumina
1486 4964 1612 5012 sunt
1632 4959 1890 5027 paradisi,
2220 4945 2442 5003 CXCIII.
2479 4945 2558 5002 De
2580 4947 2869 5014 monachis,
2896 4949 2984 5019 qui
3011 4946 3204 5003 loricas
3227 4950 3451 5009 induunt
3474 4953 3545 5006 ad
3567 4970 3801 5008 carmm.

532 5037 700 5093 Fonte
728 5040 823 5115 sed
851 5053 917 5093 ex
946 5051 1127 5096 vestro
1155 5057 1256 5098 nec
1284 5043 1414 5099 mihi
1443 5045 1583 5100 stilla
1609 5046 1745 5102 tluit.

2231 5035 2460 5093 Hamatae
2483 5047 2665 5097 vestes
2696 5040 2938 5109 praebent
2959 5039 3249 5103 inamabile
3272 5050 3483 5112 tegmen
3508 5061 3522 5097 :

531 5127 684 5182 Nunc
713 5129 876 5199 igitur
896 5129 1114 5199 scriptis
1143 5133 1365 5188 totidem
1397 5135 1496 5190 nisi
1527 5137 1727 5207 scripta
1753 5140 2000 5209 remittis,
2222 5126 2411 5186 νεεῑθε
2445 5131 2675 5185 hamata?
2696 5131 2911 5199 Semina
2937 5141 3062 5187 sum
3091 5141 3241 5203 Ροεῑθ
3266 5147 3503 5201 ρθιόεως

532 5218 775 5289 Implebit
804 5236 1029 5277 vacuam
1056 5239 1229 5294 penna
1265 5234 1444 5281 retusa
1470 5229 1703 5283 thecam.
2216 5222 2352 5279 Ossa
2382 5224 2579 5292 premit
2602 5224 2850 5293 pondus,
2881 5225 3206 5296 constringit
3234 5226 3441 5280 viscera
3466 5224 3657 5296 frigus.

813 5310 1093 5367 CLXXXI.
1122 5314 1200 5369 De
1223 5315 1533 5386 quibusdam
1563 5320 1833 5375 antidotis.
2219 5312 2327 5384 50
2361 5312 2588 5369 CXCIV.
2628 5313 2706 5394 De
2729 5312 3121 5394 Hildebrando,
3143 5315 3229 5385 qui
3255 5318 3663 5394 pariaquidem
3692 5330 3796 5373 sta-

531 5394 678 5453 Mors
704 5398 858 5454 aloen
884 5411 1081 5472 :equat,
1111 5384 1325 5475 copulat
1348 5422 1509 5476 sapor
1529 5424 1670 5463 unus
1695 5420 1999 5482 utramque,
2218 5473 2255 5483 -
2394 5394 2561 5483 ’Ἠίτῖ
2594 5384 2687 5483 m1.
2719 5399 2922 5453 magna”
2947 5384 3148 5438 videtur
3172 5401 3279 5439 me
3309 5386 3619 5483 P.’““‘"f“"’

532 5486 629 5543 His
652 5504 870 5560 quoque
899 5466 1200 5562 tu-parilem
1232 5495 1384 5567 pigra
1409 5466 1622 5554 sortiris
1649 5466 1999 5556 acrorem-Vﬂ'
2218 5473 2389 5567 Parva
2415 5466 2815 5567 ’λίξῧτίεξηίεδδδ
2844 5483 3021 5541 θετιυθι
3049 5476 3387 5544 Properando
3418 5479 3644 5547 εαεῖιιος
3664 5519 3681 5541 ο

533 5580 721 5650 Serapi
748 5597 764 5647 ς
789 5597 895 5638 non
919 5586 1127 5642 cuneus
1150 5563 1324 5642 {alga}
1358 5599 1617 5659 prmum,
1646 5593 1888 5647 venenis.
2216 5566 2334 5621 Vile
2354 5564 2572 5636 quidem
2596 5563 2821 5628 ferrum,
2846 5573 3028 5619 tamen
3062 5567 3273 5620 edomat
3297 5583 3458 5625 omne
3487 5572 3794 5641 mctaliuzn;

2217 5657 2323 5713 Sed
2360 5657 2527 5712 trahit
2549 5657 2652 5713 hoc
2675 5657 2884 5715 validus
2911 5676 3008 5717 sua
3036 5671 3155 5731 post
3190 5665 3414 5737 vestigia
3448 5682 3699 5740 magnes;
