4028 6168
319 306 419 363 967

319 429 472 483 llunc
497 423 586 494 qui
608 429 804 478 cuncta
832 419 1016 474 domat
1046 417 1259 489 Sisyphi
1281 428 1533 470 mensura
1567 418 1840 477 coarctat,

317 518 603 585 Quemque
633 519 866 566 tremunt
899 509 1084 575 multi,
1136 507 1322 561 nolens
1350 505 1480 560 mibi
1506 504 1754 561 subditur
1781 502 1895 556 uni.

580 603 784 660 CXCV.
825 602 903 657 De
929 619 1062 671 papa
1094 611 1139 654 ct
1174 597 1556 652 Ilildebrando.

316 696 517 764 Papam
551 694 652 747 rite
681 691 830 756 colo,
870 692 963 746 sed
987 700 1040 747 te
1068 696 1371 759 prostratus
1400 687 1567 741 adoro
1598 702 1613 740 :

383 785 461 840 Tu
496 784 625 838 facis
658 785 799 836 hunc
828 782 1132 843 dominum;
1171 789 1221 835 te
1252 778 1379 833 facit
1406 778 1507 832 iste
1534 778 1713 831 deum.

312 875 537 932 CXCVI.
576 873 653 927 De
686 872 923 926 Romano
949 870 1319 923 archidiacono
1339 908 1354 932 ,
1386 867 1475 938 qui
1503 866 1632 920 mihi
1669 868 1898 920 medium

924 941 1116 1008 piscem
1148 940 1308 993 misit.

313 1032 427 1087 Non
462 1033 655 1086 mirum
682 1030 879 1085 Petrus
906 1030 952 1085 si
982 1029 1053 1083 sit
1081 1028 1211 1082 mihi
1242 1042 1455 1099 semper
1486 1040 1721 1098 egenus,

383 1125 515 1178 Cum
539 1132 794 1194 genercnt
822 1121 1027 1175 medios
1063 1119 1284 1174 ﬂumina
1314 1118 1625 1188 pisciculos.

312 1214 560 1271 CXCVII.
609 1212 823 1268 Urbano
880 1210 1199 1280 gratulatur,
1245 1211 1334 1279 qui
1384 1209 1565 1263 Roma:
1601 1208 1770 1277 factus
1829 1215 1902 1259 est

853 1298 1051 1351 pauper
1077 1281 1369 1351 episcopus.

315 1377 465 1444 Quod
492 1376 591 1431 sibi
614 1373 928 1438 Bethsaide,
973 1386 1117 1426 nunc
1146 1380 1229 1426 est
1252 1371 1382 1425 mihi
1406 1370 1603 1425 Petrus
1628 1368 1682 1422 in
1716 1366 1863 1423 Urbe
1889 1381 1903 1421 :

315 1466 428 1523 IIoc
465 1482 588 1521 cum
620 1476 834 1535 sceptra
863 1471 1029 1527 tenet,
1065 1462 1207 1533 quod
1236 1470 1356 1518 erat
1379 1475 1500 1516 cum
1533 1459 1673 1519 retia
1712 1465 1900 1514 neret:

316 1558 546 1628 Semper
575 1556 679 1611 lina
709 1558 875 1622 lavat,
907 1555 1083 1627 pelagi
1118 1553 1248 1609 mihi
1279 1553 1474 1609 caerula
1515 1552 1715 1617 sulcat,

314 1648 399 1702 Me
427 1648 624 1717 premit
650 1647 703 1700 in
729 1646 918 1710 terris,
952 1646 1043 1714 qui
1075 1658 1300 1713 prorsus
1328 1644 1525 1714 egebat
1552 1643 1607 1696 in
1645 1641 1829 1712 undis;

318 1739 401 1793 llic
427 1738 640 1809 siliquis
670 1746 913 1802 recreat,
943 1734 1185 1790 modicus
1216 1749 1378 1804 quem
1408 1733 1573 1803 piscis
1595 1730 1796 1786 alebat.

601 1828 873 1884 CXCVIII.
909 1828 985 1882 De
1014 1828 1107 1882 illo
1132 1828 1220 1897 qui
1248 1827 1417 1896 [ilium
1449 1826 1621 1881 habet.

319 1922 455 1977 Cum
489 1929 737 1991 superest
768 1919 1016 1985 soboles,
1048 1920 1241 1973 vivunt
1271 1920 1335 1973 dc
1358 1925 1533 1973 morte
1558 1924 1839 1986 parentes,

318 2012 387 2066 Et
423 2011 571 2065 velut
601 2026 706 2065 una
734 2026 863 2065 caro
889 2010 1028 2064 viret
1063 2009 1115 2063 in
1151 2008 1335 2063 radice
1360 2021 1620 2080 prOpago.

318 2101 550 2157 CXCIX.
590 2100 657 2155 Ut
687 2102 741 2155 hi
769 2101 859 2172 qui
883 2101 1172 2172 prwdicant
1201 2100 1418 2154 invicem
1460 2116 1563 2153 non
1589 2097 1911 2153 discordant.

320 2190 435 2247 Non
466 2192 683 2260 sapiens
708 2192 902 2258 stulto,
931 2207 1035 2246 non
1060 2192 1161 2246 bos
1198 2190 1439 2246 societur
1468 2190 1634 2246 asello
1652 2230 1667 2255 ,

319 2281 422 2351 Qui
456 2284 632 2338 divina
664 2284 859 2338 docent
882 2300 911 2338 a
947 2297 1007 2338 se
1038 2299 1144 2337 non
1174 2298 1396 2353 prorsus
1435 2284 1707 2338 aberrent.

377 2372 481 2429 CC.
523 2373 601 2427 De
639 2382 867 2427 stercore
896 2373 1040 2427 turdi
1076 2372 1134 2455 ﬁt
1162 2374 1335 2427 viscus
1362 2372 1501 2427 unde
1533 2374 1719 2427 turdus
1746 2373 1857 2442 ipse

1004 2453 1238 2513 capitur.

321 2534 516 2591 Podice
544 2533 806 2605 digeritur
835 2534 973 2604 pede
1000 2549 1111 2605 quo
1153 2533 1363 2590 turdela
1392 2540 1626 2589 tenetur.

319 2624 451 2683 CCI.
490 2624 615 2688 Illi,
648 2627 732 2681 cui
759 2642 852 2697 ego
895 2625 1157 2696 prolixam
1194 2626 1312 2680 misi
1357 2625 1666 2696 epistolam,
1710 2633 1757 2679 et
1800 2624 1911 2679 ipse

926 2697 1052 2752 mihi
1076 2713 1316 2767 paruam.

325 2786 443 2843 Non
473 2787 665 2844 obolus
690 2786 951 2848 solidum,
982 2801 1089 2841 non
1114 2794 1296 2855 aequat
1321 2785 1457 2840 libra
1492 2785 1773 2851 talentum,

395 2878 560 2933 Plane
595 2878 773 2937 minor
808 2878 991 2933 modio
1020 2875 1163 2934 cedit
1195 2886 1250 2933 et
1273 2876 1376 2933 iste
1411 2876 1601 2933 choro.

323 2967 440 3023 Non
473 2968 600 3024 licet
628 2968 883 3037 exiguum
912 2974 1227 3036 compensat
1254 2966 1482 3036 epistola
1505 2966 1730 3032 librum,

401 3057 745 3117 Contrutinet
774 3056 959 3113 lances
992 3054 1225 3125 pendula
1257 3055 1394 3115 libra
1419 3070 1599 3124 pares.

1140 303 1198 358 S.
1233 300 1436 357 PETRI
1469 296 1755 354 DAMIANI
1794 296 1945 354 OPP.
1989 295 2224 352 TOMUS
2265 295 2397 351 SEU
2437 294 2616 349 PARS
2642 293 2731 349 IV.

1926 413 1976 471 Α
2002 409 2130 464 Post
2157 408 2264 462 erit
2291 415 2579 476 angustum
2614 402 2885 476 possessio
2907 410 3088 458 vestra
3122 404 3457 473 sepulcrum.

3470 293 3569 351 965

2002 500 2073 554 At
2097 514 2233 569 quos
2260 513 2383 568 spes
2408 498 2553 553 fulvo
2580 497 2717 553 ditat
2743 496 3039 567 pretiosior
3075 510 3231 563 auro,

2002 594 2242 661 Quorum
2272 594 2475 648 divitiae
2509 608 2651 648 vera:
2683 602 2811 648 sunt
2847 592 3069 661 prtemia
3107 591 3235 645 vitm

2001 680 2147 747 Quas
2167 682 2254 736 fur
2281 697 2385 736 non
2410 690 2657 747 temerat,
2682 697 2781 736 nec
2803 682 2938 736 edax
2964 680 3103 735 male
3132 683 3363 735 tremula
3386 682 3585 749 sulcat,

2008 770 2160 826 Vana
2190 772 2488 841 repentinis
2513 772 2745 827 obnoxia
2776 771 2925 826 lucra
2954 771 3125 825 ruinis

2003 861 2287 932 Spernite,
2333 863 2553 934 lapsuro
2581 864 2777 919 cedant
2802 878 2896 917 sua
2924 879 3146 918 munera
3178 868 3377 920 mundo
3404 883 3419 919 :

2006 952 2286 1008 SutIiciant
2311 952 2513 1008 Christi
2544 953 2761 1008 famulis
2785 953 3109 1023 patrimonia
3142 956 3265 1009 εωιί
3292 998 3307 1019 ,

2005 1044 2244 1100 Pectoris
2270 1046 2527 1099 eximium
2564 1046 2686 1100 tidei
2720 1055 2865 1114 tegat
2895 1061 3023 1101 arca
3058 1048 3347 1114 talentum,

2006 1134 2089 1188 Sit
2119 1134 2355 1189 studium
2389 1135 2577 1190 rutilas
2605 1137 2859 1189 virtutum
2894 1137 3126 1192 condere
3162 1153 3404 1206 gemmas
3427 1182 3440 1204 ,

2003 1225 2070 1278 Et
2097 1224 2234 1279 male
2258 1234 2545 1280 nascentes
2578 1226 2830 1281 vitiorum
2864 1225 3061 1281 vellere
3089 1240 3271 1283 sentes
3304 1249 3315 1282 :

2009 1314 2246 1370 Turbida
2283 1314 2555 1386 ﬂuctivagi
2590 1318 2756 1371 vitate
2783 1318 2994 1389 negotia
3026 1321 3209 1374 mundi
3233 1361 3247 1383 ,

2005 1406 2228 1464 Incubet
2255 1409 2487 1478 eloquiis
2509 1408 2714 1479 jugiter
2744 1425 2897 1465 mens
2929 1411 3097 1467 libera
3123 1414 3325 1477 sacris,

2006 1499 2123 1555 Jam
2164 1500 2373 1554 modice
2400 1500 2575 1572 gustet
2606 1500 2733 1565 mel,
2757 1516 2864 1570 quo
2888 1512 3013 1571 post
3039 1502 3195 1572 plena
3223 1504 3520 1571 redundet,

2009 1592 2093 1646 Ad
2121 1607 2217 1647 sua
2244 1592 2323 1646 sic
2352 1601 2534 1647 nostra
2572 1592 2756 1647 redeat
2783 1594 3075 1663 primordia
3108 1593 3307 1649 forma.

2013 1683 2105 1738 liae
2146 1683 2477 1738 tumulentur
2503 1699 2654 1753 opes,
2691 1684 2779 1738 isti
2811 1695 3125 1754 quazrantur
3146 1687 3400 1750 honores.

1938 1781 1985 1841 Β
2013 1772 2105 1827 llis
2142 1773 2302 1827 homo
2332 1772 2454 1843 jure
2477 1781 2666 1845 potens
2685 1814 2700 1837 ,
2729 1774 2815 1828 bis
2844 1775 2903 1828 lit
2929 1789 3024 1845 per
3057 1776 3251 1830 saecula
3280 1777 3449 1832 dives.

2008 1862 2187 1920 CCIX.
2238 1862 2434 1919 Contra
2484 1863 2877 1939 Cluniacensem
2918 1867 3197 1939 abbatem,
3247 1870 3337 1939 qui
3386 1886 3502 1924 eum
3542 1872 3593 1925 in

2583 1935 2814 1991 Galliam
2842 1938 3013 1991 duxit.

2013 2022 2156 2080 Mors
2182 2039 2299 2079 mea
2329 2025 2670 2093 grandaevam
2693 2027 2913 2096 perimis
2931 2068 2945 2094 ,
2973 2026 3232 2084 Cluniace
3257 2070 3274 2097 ,
3306 2040 3595 2097 senectam,

2083 2115 2261 2172 ElIicis
2285 2127 2343 2172 ut
2370 2132 2475 2171 non
2506 2117 2631 2183 sim,
2662 2118 2789 2172 dum
2812 2119 2949 2188 petis
2975 2128 3037 2175 ut
3065 2120 3202 2176 bene
3235 2122 3359 2186 sim,

1989 2207 2086 2289 .Ut
2116 2207 2211 2262 tibi
2244 2207 2401 2262 mella
2438 2206 2621 2271 ﬂuant,
2654 2207 2824 2278 epulae
2848 2208 3120 2278 pigmenta
3148 2210 3475 2276 rubescunt,

2084 2298 2382 2369 Amplaque
2412 2299 2657 2355 conditos
2691 2302 2930 2371 praebeat
2958 2301 3062 2357 olla
3093 2302 3263 2358 cibos.

2017 2392 2216 2448 Scabra
2250 2391 2306 2445 lit
2333 2402 2390 2445 ut
2417 2392 2616 2447 nostris
2644 2392 2821 2447 desint
2846 2393 2930 2447 vel
2960 2394 3222 2449 cantabra
3250 2396 3450 2450 mensis
3469 2437 3484 2461 ,

2088 2481 2225 2536 Dum
2258 2480 2354 2538 tibi
2386 2495 2543 2535 servo
2574 2484 2756 2551 dapes,
2790 2498 2877 2538 me
2903 2492 3084 2539 manet
3109 2492 3227 2539 atra
3260 2484 3451 2541 fames.

2459 2570 2615 2630 CCX.
2665 2570 2856 2629 Versus
2883 2577 3154 2645 pauperis.

2019 2661 2300 2719 Ulceribus
2338 2678 2537 2718 vacuus
2558 2703 2573 2729 ,
2613 2664 2705 2719 sed
2736 2674 3053 2735 paupertate
3089 2667 3325 2738 repletus
3348 2709 3363 2732 ,

2018 2753 2259 2808 Lazarus
2286 2768 2413 2808 ecce
2442 2754 2625 2820 venit,
2659 2755 2750 2823 qui
2779 2756 2933 2810 micis
2968 2757 3155 2813 vivere
3184 2760 3398 2828 quaerit.

2020 2845 2233 2899 Absunt
2256 2860 2352 2900 ora
2379 2860 2574 2901 canum
2600 2884 2615 2911 ,
2659 2861 2765 2900 non
2794 2846 2989 2905 desunt
3018 2858 3193 2905 rostra
3228 2850 3531 2923 pedonuin;

2019 2935 2114 2993 IIIa
2148 2946 2327 2993 cutem
2362 2935 2629 3002 lambunt,
2655 2937 2769 2992 lucc
2804 2937 3046 2993 membra
3082 2941 3349 2995 scatentia
3384 2942 3597 2995 rodunt.

2400 3037 2576 3094 CCXI.
2616 3038 2691 3093 De
2717 3039 2964 3095 triduano
2982 3040 3208 3111 jejunio.

324 3146 474 3207 CCII.
512 3147 587 3202 De
632 3144 901 3216 Florentia
926 3187 940 3211 ,
971 3147 1027 3200 in
1048 3162 1153 3216 qua
1186 3162 1324 3216 papa
1355 3144 1652 3216 Stephanus
1682 3144 1830 3213 obiit,
1856 3157 1903 3201 et
1933 3136 1977 3200 C
2010 3131 2183 3200 Quam
2209 3130 2457 3186 triduana
2488 3146 2709 3201 gravem
2745 3131 2922 3187 8016³5
2954 3132 3162 3188 “ﬁdem
3191 3132 3428 3200 calcem.

624 3215 882 3273 Nicotaus
903 3233 1039 3286 papa
1068 3232 1132 3271 ea:
1157 3215 1338 3271 eadem
1360 3216 1629 3283 processit.

327 3309 502 3365 Parva
529 3308 706 3363 virum
734 3321 944 3375 magnae
971 3305 1132 3362 debet
1156 3305 1432 3361 Florentia
1466 3305 1685 3373 Romae;

327 3401 457 3468 Quae
482 3406 630 3455 tenet
658 3397 1006 3463 exstinctum,
1047 3405 1275 3467 cogatur
1298 3396 1527 3451 reddere
1553 3397 1735 3452 vivum
1763 3412 1776 3453 :

330 3493 423 3549 Sic
454 3508 592 3547 nova
623 3492 877 3547 Betlilacis
906 3490 996 3546 lux
1027 3491 1226 3546 mundo
1252 3489 1405 3547 fulsit
1438 3491 1507 3547 ab
1538 3491 1672 3547 oris.

383 3583 555 3640 CCIII.
599 3583 675 3637 De
714 3582 807 3637 illo
836 3583 924 3654 qui
951 3584 1284 3705 semetipst’tm
1313 3582 1559 3653 subjugat
1588 3623 1602 3649 ,
1637 3592 1692 3638 ut
1716 3600 1863 3643 reum

1004 3668 1194 3705 rectma
1225 3692 1239 3705 .

1004 3668 1239 3722 reCtptal.

329 3745 413 3803 Nil
444 3746 545 3802 sibi
572 3759 796 3817 prorsus
822 3744 955 3799 emit
976 3744 1065 3815 qui
1099 3758 1154 3798 se
1181 3736 1289 3798 Sub
1316 3743 1507 3805 fenore
1542 3746 1746 3803 vendit.

329 3837 503 3895 CCIV.
544 3836 697 3903 Quod
750 3835 915 3889 Roma
966 3835 1162 3889 mundo

1000 3905 1242 3961 obedivit.

328 3997 551 4054 Praefuit
581 3997 723 4055 Urbs
751 3996 901 4062 orbi,
934 3995 1110 4051 fuerat
1141 3998 1266 4051 dum
1296 3997 1513 4053 subdita
1539 3998 1675 4070 legi;

327 4086 566 4146 Justit’ae
591 4087 787 4159 spretis
814 4102 1037 4158 regnum
1067 4087 1338 4142 contraxit
1366 4087 1613 4144 habenis.

544 4179 698 4236 CCV.
739 4178 893 4245 Quod
920 4177 1155 4248 plerique
1185 4178 1318 4233 casti
1346 4180 1449 4233 sint
1481 4189 1706 4236 tenaces.

332 4274 433 4330 Vix
462 4271 655 4342 opibus
684 4270 894 4340 largum
925 4267 1114 4323 videas
1143 4277 1198 4322 et
1230 4283 1458 4337 corpore
1488 4278 1720 4324 castum.

330 4361 598 4419 CCVI.De
618 4359 824 4430 illoqui,
846 4359 1073 4411 nutritus
1097 4357 1284 4421 Aretii,
1311 4357 1604 4429 Pomposia’
1625 4360 1783 4416 abbas
1796 4360 1919 4431 fuit.

332 4451 435 4519 Qui
464 4450 602 4504 solet
630 4447 883 4516 insipidis
909 4454 1151 4499 ventrem
1175 4445 1378 4500 satiare
1406 4446 1628 4517 lupinis,

326 4538 563 4597 Gutture
588 4552 731 4593 nunc
760 4535 946 4608 epulas
975 4544 1158 4590 ructat
1188 4543 1439 4605 turgente
1470 4537 1730 4594 marinas.

334 4629 437 4703 51
479 4630 674 4704 CCVII.
700 4629 788 4704 ‘De
838 4630 1029 4683 domno
1061 4626 1306 4683 Umberto
1352 4630 1778 4704 archiepiscopo,
1828 4638 1921 4704 qui

406 4700 613 4756 sedebat
639 4700 709 4754 ad
746 4700 1014 4754 dexteram
1050 4715 1236 4770 papa,
1266 4710 1313 4754 et
1345 4717 1435 4771 ego
1464 4700 1541 4755 ad
1558 4700 1846 4759 sinistram.

334 4792 550 4849 Fortior
574 4793 873 4857 Inedinam,
920 4800 973 4847 tu
1001 4792 1182 4847 sedem
1216 4791 1359 4849 tollis
1383 4793 1597 4848 ovinam
1622 4836 1638 4860 ,

329 4882 525 4942 Lavus
552 4884 714 4939 habet
746 4885 1016 4948 dextram,
1054 4883 1245 4938 dexter
1268 4884 1593 4955 quandoque
1618 4885 1915 4942 sinistram.

585 4973 804 5029 CCVIII.
844 4974 1015 5043 Super
1048 4974 1389 5029 srecularibus
1434 4976 1675 5046 elegidia.

330 5064 515 5137 Lugeo
540 5080 658 5130 vos,
695 5064 899 5130 miseri,
928 5064 1124 5134 quibus
1142 5074 1225 5120 est
1253 5080 1405 5121 mens
1428 5068 1605 5122 dedita
1631 5071 1813 5137 carni;

330 5158 543 5215 Caelum
572 5158 876 5228 despicitis,
908 5166 1147 5227 quaestus
1174 5158 1312 5212 bona
1352 5174 1561 5214 summa
1592 5162 1812 5230 putatis.

331 5251 474 5317 Quid
507 5266 602 5305 vos
631 5250 816 5304 horter
844 5263 943 5318 ego
962 5288 976 5315 ,
1007 5248 1136 5318 quid
1164 5264 1259 5305 vos
1287 5258 1477 5319 optare
1507 5254 1780 5307 monebo?

337 5340 493 5395 Nunc
518 5340 655 5396 male
687 5340 957 5411 iucundas
983 5339 1166 5393 mundi
1199 5341 1414 5395 sorbete
1440 5341 1703 5396 medullas
1726 5381 1743 5406 ,

337 5433 472 5487 Exta
509 5434 708 5503 replete
740 5433 874 5489 cibis
894 5473 908 5497 ,
941 5442 1091 5487 artus
1118 5442 1341 5487 onerate
1372 5434 1604 5503 saginis,

336 5523 416 5577 Ne
448 5533 669 5592 pereant
696 5539 909 5579 vermes
946 5525 1119 5579 macie
1150 5540 1246 5580 vos
1290 5539 1505 5593 semper
1534 5526 1775 5592 edentes,

339 5614 598 5669 Fontibus
630 5616 863 5686 irriguas
891 5616 1083 5685 gelidis
1115 5617 1389 5672 cxtendite
1417 5617 1590 5672 villas.

340 5704 456 5759 Non
494 5701 751 5760 nuinerus
792 5706 1044 5770 nummis,
1078 5722 1180 5760 non
1220 5708 1282 5760 sit
1315 5722 1563 5762 mensura
1597 5708 1843 5765 metallis.

2021 3224 2229 3294 Saepius
2255 3222 2489 3293 expertis
2516 3222 2620 3281 scit
2649 3236 2801 3278 mens
2829 3225 3066 3279 exercita
3106 3224 3280 3280 bellis.

2127 3312 2327 3370 CCXII.
2370 3314 2473 3380 Qui
2505 3314 2627 3369 dicit
2655 3316 2795 3386 quod
2823 3316 2928 3371 vult
2949 3358 2964 3384 ,
2992 3318 3140 3370 audit
3166 3317 3305 3388 quod
3342 3333 3444 3370 non
3473 3316 3597 3371 vult.

2020 3404 2121 3472 Qui
2146 3406 2290 3475 quod
2322 3405 2438 3460 vult
2469 3405 2620 3471 dicit,
2651 3406 2793 3476 quod
2818 3422 2924 3462 non
2954 3407 3067 3461 vult
3090 3408 3286 3478 smpius
3314 3407 3491 3469 audit;

2019 3496 2121 3564 Qui
2146 3498 2289 3567 quod
2322 3505 2468 3551 amat
2493 3497 2752 3567 loquitur,
2775 3499 2918 3569 quod
2946 3499 3060 3554 odit
3082 3499 3324 3570 perferre
3346 3511 3596 3555 meretur.

2264 3586 2488 3643 CCXIII.
2528 3587 2872 3659 Epitaphium
2904 3587 3049 3644 Petri
3086 3589 3353 3643 Damiani.

2022 3680 2173 3748 Quod
2194 3696 2334 3735 nunc
2358 3695 2437 3746 es,
2460 3680 2689 3747 fuimus;
2723 3696 2805 3747 es,
2828 3682 2973 3752 quod
2996 3697 3205 3747 sumus,
3231 3683 3345 3753 ipse
3367 3681 3595 3740 futurus.

2094 3772 2189 3828 His
2218 3772 2289 3828 sit
2314 3772 2458 3829 nulla
2486 3773 2636 3839 fides,
2669 3788 2788 3844 quae
2812 3775 3054 3844 peritura
3083 3775 3252 3831 vides.

1221 3836 1435 3907 ""7""
1462 3877 1477 3904 ν
1526 3837 1689 3893 donec
1725 3838 1919 3911 legibus
2021 3865 2236 3921 Frivola
2268 3866 2495 3923 sinceris
2518 3878 2858 3938 praecurrunt
2882 3868 3091 3923 somnia
3128 3869 3293 3935 veris,

2095 3955 2404 4011 Succedunt
2426 3956 2680 4013 brevibus
2716 3956 2910 4012 saecula
2943 3958 3293 4028 temporibus.

2025 4044 2156 4100 Vive
2182 4059 2390 4101 memor
2419 4046 2639 4110 mortis,
2669 4060 2776 4116 quo
2813 4060 3029 4116 semper
3050 4045 3238 4102 vivere
3259 4047 3451 4117 possis.

2094 4136 2368 4209 Quidquid
2400 4138 2588 4203 adest,
2625 4137 2847 4204 transit;
2884 4138 3025 4207 quod
3070 4147 3254 4194 manet
3280 4154 3406 4195 ecce
3434 4139 3596 4194 venit.

2024 4226 2195 4294 Quam
2226 4227 2363 4282 bene
2384 4227 2619 4297 providit
2641 4227 2731 4297 qui
2763 4237 2837 4293 te,
2872 4227 3010 4282 male
3040 4227 3261 4292 munde,
3295 4228 3527 4298 reliquit,

2095 4320 2272 4377 Mente
2299 4320 2450 4391 prius
2475 4320 2623 4376 carni
2651 4335 2812 4390 quam
2842 4319 2937 4375 tibi
2966 4334 3129 4375 carne
3160 4319 3318 4374 mori.

2025 4410 2224 4467 Caelica
2254 4410 2483 4466 terrenis
2512 4409 2729 4480 praal‘er,
2757 4426 3013 4466 mansura
3047 4412 3282 4466 caducis.

1948 4484 2001 4544 Ῐ)
2098 4500 2246 4557 Mens
2276 4508 2483 4571 repetat
2509 4500 2785 4571 proprium
2818 4500 2985 4557 libera
3016 4502 3363 4572 principium.

2026 4589 2132 4663 52
2160 4590 2395 4661 Spiritus
2421 4591 2531 4647 alta
2556 4600 2717 4667 petat
2735 4632 2749 4657 ,
2776 4608 2884 4666 quo
2916 4593 3095 4665 prodit
3118 4591 3266 4648 fonte
3301 4599 3563 4658 recurrat,

2097 4682 2209 4738 Sub
2240 4697 2301 4738 se
2338 4682 2621 4754 despiciat,
2654 4682 2915 4755 quidquid
2947 4683 3000 4738 in
3035 4685 3144 4739 ima
3180 4692 3388 4755 gravat.

2027 4774 2114 4830 Sis
2140 4788 2368 4839 memor,
2397 4789 2514 4840 oro,
2546 4775 2681 4843 mel;
2709 4776 2920 4833 cineres
2946 4776 3066 4846 pius
3088 4776 3272 4847 aspice
3297 4775 3461 4832 Petri.

2094 4867 2226 4924 Cum
2260 4881 2451 4934 prece,
2480 4883 2603 4924 cum
2629 4871 2831 4940 gemitu
2859 4871 2979 4926 dic:
3007 4868 3122 4926 Sibi
3155 4884 3337 4939 parce.
3367 4868 3526 4925 Deus.

2378 4980 2599 5037 CCXIV.
2624 4982 2882 5038 Bennonis
2913 4986 3248 5055 epitaphium.

2026 5072 2352 5139 Ariminum,
2383 5074 2525 5144 lugc,
2552 5074 2911 5147 Iacrymarum
2939 5075 3157 5130 [lumina
3191 5077 3375 5142 funde,

2097 5164 2239 5219 Laus
2267 5174 2357 5219 tua
2383 5165 2568 5221 Benno
2605 5164 2728 5229 fuit,
2760 5168 2893 5235 proh
2919 5167 3102 5222 dolor!
3132 5182 3261 5222 ecce
3283 5167 3415 5231 ruit;

2026 5251 2210 5308 Benno
2235 5255 2400 5310 decus
2418 5256 2601 5327 regni,
2634 5256 2889 5313 Romanae
2915 5258 3084 5329 gloria
3111 5258 3286 5331 gentis
3304 5299 3320 5325 ,

2100 5344 2218 5414 Ipse
2242 5356 2394 5416 pater
2419 5346 2629 5416 patriae,
2662 5347 2749 5402 lux
2773 5360 2892 5405 erat
2913 5349 3098 5405 Italiae.

2031 5434 2183 5491 Ilunc
2208 5438 2414 5493 socium
2446 5438 2625 5493 miseri
2660 5439 2848 5494 durum
2878 5456 3098 5497 sensere
3126 5440 3343 5512 superbi
3378 5458 3395 5498 :

2099 5526 2299 5597 Lapsos
2327 5530 2592 5594 restituit,
2626 5531 2836 5601 turgida
2874 5532 3036 5587 corda
3064 5534 3265 5604 premit
3290 5550 3306 5598 ;

2030 5622 2114 5676 Fit
2148 5623 2229 5678 leo
2257 5626 2517 5695 pugnanti
2550 5624 2825 5691 frendens,
2865 5637 3020 5684 tener
3046 5645 3216 5700 agnus
3243 5628 3458 5698 inermi,

2099 5712 2234 5770 llinc
2257 5729 2470 5787 semper
2492 5714 2669 5787 justus
2692 5719 2957 5788 perstitit,
2990 5720 3111 5775 inde
3137 5721 3278 5790 pius.
