4028 6168
293 284 398 340 969

291 396 388 450 ilic
422 395 542 449 tidei
575 394 700 449 dum
728 398 849 465 jura
874 399 1042 464 colit,
1081 402 1205 456 dum
1245 406 1436 461 cedere
1462 411 1651 474 nescit,

361 486 538 538 Firma
572 495 761 543 tenens
791 490 973 559 rigidae
998 494 1236 561 pondera
1261 496 1504 563 justitiaa.

287 573 576 628 Recticolze
604 575 822 647 jugulus
848 594 1134 647 pravorum
1164 587 1387 652 pertulit
1423 588 1598 643 ictus:

354 665 458 719 Per
485 682 641 735 quem
674 684 774 737 pax
809 671 1007 740 viguit,
1037 673 1231 728 bellica
1275 692 1394 731 sors
1419 681 1597 748 periit.

285 756 546 820 Obsecro,
575 766 682 812 tam
710 760 902 824 diram,
935 764 1228 831 sapientes,
1253 767 1376 823 ﬂete
1404 771 1640 836 ruinam,

351 845 416 898 Et
448 847 533 913 pia
564 860 660 915 pro
685 849 831 905 socio
860 849 1067 904 fundite
1097 864 1224 908 vota
1253 857 1379 910 Deo.

387 933 587 988 CCXV.
610 935 760 1000 Quod
783 941 962 992 vermis
992 944 1114 1001 eris.
1140 954 1187 996 et
1215 963 1244 997 α
1271 962 1439 999 verme
1467 949 1726 1004 voraberis

278 1023 428 1092 Ejus,
463 1027 642 1092 homo,
675 1030 972 1097 quod-eris,
1003 1033 1159 1088 datus
1189 1051 1248 1089 es
1271 1045 1328 1090 ut
1357 1052 1452 1092 ore
1478 1041 1709 1104 voreris;

278 1113 408 1179 Cur,
431 1116 567 1171 cinis
601 1127 653 1171 et
682 1121 903 1186 vermis,
937 1125 1138 1178 tumida
1166 1128 1375 1182 cervice
1400 1132 1680 1199 superbis?

430 1205 432 1207 ’
554 1206 777 1264 CCXVI.
815 1211 896 1264 Ad
923 1216 1277 1280 penitentiam
1309 1229 1572 1286 provocat.

272 1291 406 1346 Cum
445 1310 606 1348 cruor
632 1299 898 1354 excrescit
930 1303 1249 1358 nemitorem
1293 1321 1426 1360 vena
1453 1311 1714 1378 requirit,

276 1384 483 1464 Vulnus
511 1395 566 1440 et
603 1387 926 1445 incolumem
949 1391 1100 1459 facit,
1133 1394 1289 1451 aliert
1317 1397 1468 1468 plaga
1498 1400 1745 1468 salutem,

273 1457 422 1527 Mens
450 1476 672 1531 ﬂuidum
705 1491 950 1546 generat,
977 1483 1061 1552 pia
1086 1457 1230 1554 quod
1255 1457 1524 1544 confessio
1551 1457 1773 1562 purgat;

273 1560 364 1616 Sic
394 1566 586 1619 animce
609 1568 824 1636 sanguis
853 1585 952 1638 per
975 1587 1164 1627 venam
1195 1575 1410 1642 proﬂuit
1440 1580 1571 1634 oris.

270 1651 439 1722 Egere
465 1654 713 1712 lethifero
740 1659 903 1714 violat
929 1663 1071 1730 quod
1100 1663 1312 1719 viscera
1339 1667 1460 1722 tabo
1492 1689 1504 1722 :

269 1741 398 1797 Esto
428 1759 618 1800 vomax
647 1749 850 1817 proprii
888 1751 1409 1811 salubri.conamiue
1436 1761 1629 1825 morbi,

270 1831 338 1887 Ut
367 1837 562 1890 mentis
591 1840 902 1894 stomachus
929 1841 1195 1898 relevetur
1219 1847 1356 1901 mole
1380 1859 1582 1904 reatus.

585 1926 835 1985 CCXVII.
879 1932 1068 1990 Versus
1094 1938 1158 1993 de
1188 1939 1524 1998 Simonideis.

260 2016 458 2073 lucude
487 2019 723 2078 Simonis
753 2024 978 2092 fabrilis,
1006 2038 1061 2084 et
1087 2039 1242 2087 antra
1281 2049 1508 2092 monetae

263 2105 495 2161 Damnat
519 2110 803 2178 pestiferas
833 2114 975 2171 Deus
1002 2121 1292 2176 evertendo
1317 2126 1642 2184 cathedras:

259 2194 392 2251 Nam
416 2202 619 2268 postica
648 2203 786 2259 latro
809 2220 905 2274 per
931 2209 1254 2267 diverticula
1283 2217 1459 2285 repit,

258 2287 450 2344 Pervia
481 2294 714 2361 gratuito
742 2305 924 2364 pastor
945 2301 1079 2367 petit
1099 2303 1235 2357 ostia
1266 2319 1475 2372 gressu.

256 2375 355 2430 Ast
383 2379 471 2432 ubi
501 2394 825 2450 mangonum
856 2386 1118 2442 scelerata
1149 2393 1357 2459 negotia
1387 2394 1618 2462 desunt,

255 2466 366 2522 Nec
397 2483 558 2536 grave
593 2471 887 2528 corbonam
922 2484 1097 2546 turget
1124 2481 1311 2536 venale
1341 2484 1620 2550 talentum.

253 2555 369 2610 Non
401 2559 688 2616 distractor
711 2565 900 2630 obest,
933 2568 1059 2635 quia
1091 2585 1196 2624 non
1227 2577 1548 2631 commercia
1572 2581 1831 2650 sordent;

251 2643 386 2700 Nam
413 2649 538 2718 quid
565 2656 852 2723 nummati,
881 2669 1152 2727 nequeunt
1177 2662 1265 2717 ubi
1297 2661 1492 2721 laedere
1520 2671 1763 2726 nummi?

249 2735 364 2790 Ιωο
390 2740 517 2806 quid
549 2744 794 2799 arboreis
824 2761 1017 2803 manus
1040 2749 1182 2804 obsit
1209 2753 1453 2820 squalida
1483 2755 1723 2825 plantis?

249 2827 406 2896 Stepe
434 2830 766 2888 salutiferam
790 2838 1029 2894 medicus
1051 2841 1197 2896 dedit
1221 2858 1366 2913 aeger
1392 2860 1611 2917 oryzam
1635 2888 1654 2913 ,

246 2918 562 2992 ﬂaucipites
590 2926 818 2994 pugilem
836 2967 851 2992 ,
880 2930 1007 2985 caeci
1030 2946 1262 3002 genuere
1287 2937 1556 2993 videntem
1576 2979 1592 3006 ,
1675 2938 1681 2943 ’

245 3011 449 3066 Clinica
480 3031 762 3082 procerum
788 3022 995 3088 peperit
1025 3023 1162 3078 male
1189 3025 1331 3079 fmda
1360 3036 1643 3086 venustum

244 3098 356 3155 Nec
386 3099 597 3159 sobOles
625 3108 782 3160 noxis
813 3117 895 3162 est
924 3111 1222 3168 addicenda
1251 3116 1511 3182 paternis.

249 3191 491 3262 Quisque
522 3211 615 3249 sua
640 3201 904 3267 premitur
925 3242 941 3266 ,
982 3203 1110 3258 socii
1147 3220 1246 3259 nec
1272 3204 1392 3262 labe
1421 3216 1654 3267 tenetur.

435 3283 701 3341 CCXV’lll.
743 3291 1000 3346 Adversus
1036 3292 1360 3350 Simouiacos
1388 3295 1674 3368 rhytitmus.

531 3377 712 3432 Mundi
743 3380 894 3433 turba
925 3381 1229 3436 turbulenta
1250 3424 1264 3449 ,

478 3465 646 3518 Error
662 3506 678 3530 ,
707 3477 760 3520 et
791 3467 1003 3531 divisio,

449 3552 686 3608 Hteresis
713 3555 1025 3610 Simoniana
1053 3597 1069 3623 ,

449 3641 661 3708 Zelum,
700 3651 754 3699 et
780 3645 1028 3708 ambitio,
1272 3699 1281 3708 ,

449 3729 506 3781 1η
535 3731 828 3786 [amentum
859 3729 957 3787 nos
986 3735 1314 3805 compellunt

444 3816 578 3889 Styli
618 3820 718 3873 sub
752 3819 946 3876 ollicio.

552 3907 858 3962 Exarentur
883 3927 1014 3982 ergo
1039 3925 1233 3969 cuncta

481 3994 724 4050 Strictim
757 4014 785 4050 a
815 4001 1080 4070 principio
1102 4043 1117 4067 ,

474 4085 554 4140 Ex
577 4103 684 4156 quo
723 4104 947 4144 summm
975 4094 1118 4147 sedis
1148 4096 1368 4163 praasul,

476 4175 677 4232 Sancto
701 4179 889 4234 doctus
919 4181 1145 4250 Spiritu,

477 4265 837 4322 Scelestorum
869 4273 1062 4339 probra
1093 4273 1258 4343 erepit

470 4355 769 4413 Emendare
798 4359 1020 4428 liquido.

542 4446 706 4514 Cujus
730 4465 828 4503 vox
862 4460 1019 4517 erat,
1053 4462 1112 4507 ut
1138 4455 1304 4524 patris

471 4536 804 4608 Corrigentis
831 4540 999 4605 tilios;

473 4626 543 4682 Ut
577 4630 820 4698 Apostoli
852 4647 954 4686 vox
981 4644 1100 4687 erat

470 4718 613 4774 Mitis
648 4721 714 4775 ad
745 4722 1057 4778 Corinthios
1083 4739 1097 4778 :

432 4810 536 4881 53
575 4811 664 4866 Sic
711 4827 768 4868 se
795 4813 976 4867 mitem
1001 4816 1288 4871 exhibebat

437 4899 576 4971 Erga
607 4903 976 4972 cocpiscopos.

501 4992 679 5051 Scitis.
707 4993 926 5058 lratres,
953 5011 1048 5049 vos
1078 4998 1350 5064 pastorum

437 5078 748 5150 Suscepisse
771 5084 1041 5154 regimen;

435 5168 572 5224 Hinc
596 5187 688 5226 vos
710 5173 882 5237 decet,
913 5183 971 5226 ut
997 5175 1264 5242 doctores,

426 5256 663 5312 Primum
689 5271 833 5315 recte
863 5263 1060 5328 vivere,

429 5343 749 5412 Obsecrare,
781 5351 1082 5419 increpare,

426 5434 771 5491 Postmodqu
802 5454 1050 5510 arguere.

497 5523 611 5576 Non
637 5525 828 5588 elatos,
853 5541 958 5581 non
987 5528 1215 5600 inflatos.

428 5614 542 5669 Non
567 5631 631 5669 ex
656 5617 780 5669 vino
813 5619 1052 5690 turgidos
1068 5665 1082 5678 .

579 5705 853 5765 l’nnon.
873 5711 1150 5771 -CXIA’.

1528 295 1832 351 αλιιΜιΝΑ
1882 301 1968 354 E'l'
2006 302 2294 360 PRECES.

1892 419 1941 472 Α

2176 417 2292 472 Νοη
2322 421 2372 474 in
2401 430 2546 476 veste
2575 427 2830 491 pretiosa,

2182 508 2290 564 Sed
2323 512 2518 566 virtute
2545 512 2798 582 fulgidos,

2176 599 2308 653 Sine
2337 615 2496 655 causa
2525 617 2629 656 non
2661 603 2912 659 lmdentes

2175 687 2367 744 Castos
2392 701 2553 758 atque
2584 693 2813 748 sobrios.

2244 777 2365 831 Sint
2395 779 2446 832 in
2480 791 2729 850 promptu
2758 792 2906 852 gesta
2939 785 3183 858 Patrum,

2171 863 2397 934 Simque
2426 871 2596 922 sancti
2622 885 2894 936 canones;

2146 945 2317 1008 'Cibis
2344 958 2536 1012 vestris
2575 971 2888 1016 recreentur

2178 1043 2475 1102 Debilesac
2502 1064 2764 1119 pauperes
2788 1069 2804 1117 ;
2845 1051 2849 1054 ’

2166 1130 2543 1201 Orphanorum
2570 1147 2744 1192 mater
2769 1141 2986 1208 plorans

2165 1222 2303 1276 Ante
2329 1239 2422 1279 vos
2453 1242 2559 1280 non
2581 1227 2836 1283 clamitet.

2231 1313 2435 1369 Cedant
2463 1319 2584 1386 equi
2618 1320 2902 1388 phalerati,

2163 1400 2372 1456 Cedant
2392 1406 2517 1458 caeci
2550 1407 2771 1474 rabulaa,

2165 1487 2371 1544 Cedant
2399 1508 2562 1550 canes
2584 1506 2867 1552 venatores

2163 1581 2241 1635 Ac
2269 1598 2552 1638 mimorum
2578 1586 2791 1651 fabulm,

2163 1670 2229 1724 Et
2256 1673 2543 1740 accipitres
2567 1691 2794 1745 rapaces

2155 1756 2264 1812 Nec
2299 1776 2404 1814 non
2431 1776 2559 1815 aves
2585 1765 2837 1832 garrulam.

2223 1849 2302 1903 Ad
2331 1851 2463 1915 haec.
2489 1852 2728 1910 Simonis
2745 1857 3016 1926 leprosstn

2152 1936 2443 1993 Exsecrate
2472 1942 2744 2010 hzcresim,

2157 2026 2511 2085 Sacerdotum
2536 2032 2695 2087 simul
2723 2045 2888 2110 atque

2155 2115 2343 2172 Scelus
2370 2119 2644 2187 adulterii,

2153 2203 2439 2260 Laicorum
2469 2208 2774 2267 dominatus

2149 2294 2320 2350 Cedat
2340 2299 2408 2352 ab
2430 2297 2705 2354 Ecclesiis.

2215 2388 2354 2444 Ecce
2381 2403 2532 2459 papae
2557 2389 2775 2460 gloriosi

2151 2476 2352 2532 Monita
2380 2479 2654 2549 Gregorii,

2143 2567 2284 2622 Ecce
2317 2571 2476 2624 verba
2505 2587 2726 2626 summm
2751 2572 2894 2630 sedis

2149 2653 2401 2712 Praesulis
2427 2659 2698 2724 catholici,

2155 2742 2361 2810 Quibus
2391 2746 2604 2801 irruunt
2629 2750 2682 2803 in
2712 2763 2834 2805 eum

2139 2833 2301 2891 Cives
2321 2836 2654 2909 Babylonici.

2211 2926 2452 2998 Hincque
2479 2931 2626 2985 Cmsa
2635 2932 2708 2986 ris
2736 2947 2942 2989 exarsi;

2137 3017 2221 3070 lra
2253 3003 2306 3072 in
2330 3020 2592 3087 Ecclesia,

2139 3107 2264 3163 lude
2288 3112 2483 3166 tumuit
2507 3128 2560 3166 ιη
2593 3128 2716 3168 eum

2143 3198 2438 3256 Pmsulum
2474 3203 2746 3274 superbia,

2135 3290 2482 3347 Sacerdotem
2515 3295 2831 3364 populorum

2135 3383 2290 3438 Furit
2317 3384 2384 3438 ab
2407 3385 2667 3439 Ecclesia.

2204 3474 2281 3527 Ex
2305 3490 2411 3543 quo
2435 3473 2619 3529 Simon
2643 3486 2828 3530 contra
2858 3473 3080 3535 Petrus!

2135 3560 2576 3631 Turrimstruxit
2600 3567 2806 3633 magiae,

2133 3653 2260 3707 Inde
2283 3655 2477 3708 cecidit
2503 3671 2788 3724 percussus

2128 3749 2385 3820 Angulari
2414 3750 2610 3820 lapide,

2125 3839 2324 3892 Contra
2355 3840 2509 3907 cujus
2535 3841 2696 3894 ictum
2721 3841 2878 3911 plane

2125 3930 2269 3984 Nihil
2297 3939 2379 3986 est
2401 3931 2661 3986 durabile.

2195 4020 2435 4086 Quorum
2463 4035 2558 4074 rex
2587 4031 2669 4076 cst
2697 4021 2835 4078 alter
2857 4021 3124 4094 Christus,

2121 4110 2275 4163 Alter
2303 4121 2386 4164 est
2413 4109 2746 4178 Leviathan;

2117 4198 2207 4252 Ille
2237 4200 2376 4264 vitae,
2411 4200 2515 4254 iste
2546 4203 2738 4256 mortis

2118 4286 2326 4357 ﬂegnat
2363 4303 2527 4357 super
2560 4291 2772 4360 agmina
2801 4311 2812 4345 :

2122 4377 2262 4447 Ergo
2291 4393 2519 4448 quorum
2544 4381 2666 4450 quis
2695 4382 2765 4435 sit
2789 4379 2976 4442 "victor

2125 4465 2294 4520 Nemo
2316 4482 2480 4522 sanus
2512 4471 2759 4540 ambigil.

2189 4557 2529 4627 Resipiscant
2547 4559 2673 4614 inde
2702 4563 2907 4630 cuncti,

2121 4647 2190 4700 Et
2218 4650 2284 4702 ad
2308 4648 2469 4702 corda
2505 4651 2750 4714 redeant,

2112 4735 2211 4799 Qui
2235 4751 2338 4788 non
2368 4752 2518 4804 pure,
2547 4753 2649 4792 non
2677 4740 2908 4805 sincere,

2109 4821 2216 4876 Sed
2246 4833 2424 4877 mente
2447 4826 2726 4888 malevola,

2113 4909 2461 4966 Sacerdotem
2487 4914 2807 4982 populorum

2114 5001 2330 5056 Rodunt
2359 5012 2519 5073 atque
2540 5004 2801 5064 lacerant.

2175 5092 2254 5147 llli
2285 5109 2433 5159 vero,
2460 5112 2595 5166 quos
2621 5101 2819 5158 cibavit

2112 5182 2271 5238 Fides
2299 5189 2615 5253 apostolica,

2105 5271 2436 5340 Solideutur,
2468 5289 2522 5332 et
2547 5277 2836 5338 fundentur

2107 5361 2252 5417 Petri
2293 5377 2440 5434 petra
2462 5368 2653 5432 solida,

2113 5451 2182 5508 Ut
2207 5463 2325 5522 post
2353 5470 2585 5524 pugnam
2611 5471 3012 5530 consequantur

2101 5540 2339 5599 Pleuiter
2366 5547 2649 5602 Victoriam
2699 5566 2886 5606 amen.

2929 5728 3061 5788 -3|

3439 331 3545 386 970
