4018 6182
529 300 626 358 971

527 411 639 485 54
684 404 912 464 CCXIX.
939 403 1201 457 Damiano
1230 401 1544 464 exhortatio,
1585 408 1640 452 ut
1668 399 1953 451 monachus
1973 397 2090 465 ﬁat.
2126 408 2170 463 Α

528 500 904 568 Omnipotens,
952 506 1194 562 agamus,
1223 490 1377 554 doce,
1403 499 1462 543 ut
1491 490 1632 558 quod
1681 488 1806 542 fecit
1851 503 2089 559 agamus.

538 592 745 655 Desunt
770 588 888 656 jura
947 586 1069 647 tori,
1116 583 1307 637 teritur
1332 582 1374 635 si
1405 582 1595 635 semita
1625 580 1847 634 Christi.

525 678 644 737 Jam
671 686 821 748 pater
850 691 929 739 es,
965 673 1132 728 soboli
1164 673 1392 741 spatium
1433 670 1627 739 largire
1654 669 1919 739 sequenti,

532 767 601 823 Ut
630 778 715 820 tua
740 764 1011 834 contiguis
1036 770 1253 832 pateant
1277 761 1500 829 vestigia
1522 760 1737 831 plantis,

526 861 593 916 Et
619 875 772 929 seges
802 864 1067 925 erumpat,
1093 856 1217 909 dum
1247 869 1351 907 non
1381 855 1520 921 quod
1548 852 1768 921 protulit
1790 852 1989 929 obstat,

528 950 754 1007 Subdita
787 948 1045 1002 maternis
1084 956 1302 1013 torpens
1329 942 1643 996 vitulamina
1679 942 1863 995 ramis.

526 1041 731 1096 Pmsto
762 1039 931 1092 ﬂuunt
955 1046 1164 1090 veteres
1190 1034 1253 1087 ad
1276 1033 1474 1087 Dorum
1508 1032 1749 1102 germina
1780 1029 2024 1094 frondes,

528 1130 811 1199 Ilerbaque
837 1127 1116 1181 sectricem
1153 1134 1309 1179 vocat
1328 1132 1448 1176 orto
1478 1121 1682 1175 semine
1706 1119 1917 1173 falcem.

529 1222 791 1291 Incipiens
818 1219 976 1290 igitur
1012 1227 1226 1272 terreno
1256 1216 1461 1285 cespite
1480 1214 1605 1267 velli

526 1311 949 1380 Transplantare
978 1309 1121 1378 polo,
1171 1323 1293 1376 spes
1327 1307 1452 1360 hinc
1482 1305 1719 1358 animata
1766 1303 2025 1357 virescat;

526 1401 618 1456 Sic
642 1402 790 1455 radix
820 1400 998 1455 cordis
1029 1400 1146 1453 caeli
1174 1414 1231 1452 se
1254 1396 1542 1451 transferat
1570 1410 1737 1457 arvis,

522 1490 590 1545 Et
623 1506 727 1545 non
756 1490 1001 1559 lapsurus
1022 1496 1332 1558 prorumpat
1358 1488 1408 1540 in
1438 1487 1631 1540 arbore
1661 1483 1889 1538 fructus.

725 1580 930 1635 CCXX.
970 1580 1258 1648 Rhylhmus
1290 1578 1579 1647 paenitentis
1602 1575 1861 1628 monachi.

738 1672 869 1737 Quis
899 1671 1098 1724 infelici
1128 1670 1282 1723 fletus
1312 1684 1502 1737 aquam
1528 1667 1714 1735 capiti,

670 1761 800 1827 Quis
824 1761 1181 1831 Iaerymarum
1214 1758 1413 1813 fontem
1440 1758 1589 1812 dabit
1609 1756 1821 1810 oculis?
2129 1740 2176 1799 Β

669 1852 886 1915 Flendo,
920 1852 1129 1920 pupillae
1158 1852 1409 1904 tenebras
1437 1838 1711 1914 obducite,

888 1940 979 1995 Vae
1010 1941 1139 1993 mihi
1178 1940 1324 2009 lapso
1353 1940 1365 1992 !

667 2032 784 2087 Non
812 2040 975 2102 gutta:
1001 2033 1185 2096 maris,
1214 2048 1317 2085 non
1333 2045 1509 2085 arena:
1528 2028 1744 2092 littoris,

669 2122 982 2192 IEquautur
1010 2122 1143 2176 meis
1172 2122 1437 2181 scelerum
1468 2119 1708 2189 ﬂagitiis,

666 2213 946 2271 Excedunt
972 2213 1153 2268 stellas
1178 2212 1494 2281 pluviasque
1514 2198 1759 2275 numer'u,

875 2304 1118 2358 Pondere
1148 2311 1379 2357 montes.

673 2395 809 2448 Nam
843 2394 1038 2463 quibus
1059 2410 1165 2447 non
1195 2395 1295 2448 sim
1321 2393 1465 2448 vitiis
1495 2392 1778 2458 obnoxius,

665 2485 765 2551 Qui
797 2485 978 2553 pravis
1006 2499 1218 2553 semper
1248 2478 1509 2538 deservivi
1543 2482 1826 2540 moribus?

678 2574 788 2634 Deo
814 2573 1041 2643 selinus,
1071 2574 1250 2635 ramis
1278 2581 1384 2635 vixi
1422 2580 1649 2650 legibus,

884 2672 1090 2727 Fluxus
1118 2672 1171 2726 in
1199 2672 1326 2725 ima.

674 2762 861 2833 Sprevi
892 2772 1181 2833 priceepta,
1218 2779 1379 2818 ausus
1404 2780 1523 2818 sum
1555 2763 1844 2833 prohibita,

672 2851 860 2906 Plures
884 2852 1054 2907 everti
1078 2858 1241 2921 prava
1274 2868 1369 2922 per
1391 2852 1586 2920 judicia
1612 2870 1626 2906 :

670 2941 873 2998 Noxius
900 2944 1052 3007 mihi,
1081 2943 1200 2997 aliis
1234 2944 1458 3008 inutilis,

820 3032 831 3037 ”
876 3032 1071 3086 Arctor
1094 3034 1362 3101 utrinque.

670 3122 786 3177 Non
817 3122 1013 3177 caelum
1042 3125 1233 3195 dignus
1258 3124 1427 3177 oculis
1453 3123 1716 3193 aspicere,

669 3213 784 3269 Non
812 3214 905 3269 Dei
937 3231 1132 3269 nomen
1170 3215 1325 3269 labiis
1346 3216 1676 3285 exprimere;
1749 3278 1759 3284 ,

668 3304 927 3360 Prohibet
949 3306 1078 3359 aedis
1109 3320 1277 3360 sacrae
1295 3305 1455 3359 limen
1486 3314 1661 3361 terere

880 3396 1045 3468 Culpa
1076 3398 1405 3452 remordens.

669 3483 821 3540 Nunc
850 3501 1065 3555 quoque
1096 3487 1265 3541 sacris
1294 3487 1505 3541 deditus
1526 3488 1797 3558 obsequiit

672 3573 887 3629 Veteris
908 3576 1030 3628 vita:
1059 3574 1307 3629 stimulor
1328 3575 1591 3629 illecebris
1630 3592 1648 3628 :

673 3661 743 3718 Ut
765 3662 1048 3733 fugitivum
1087 3672 1333 3732 repetunt
1365 3665 1418 3717 in
1449 3665 1708 3720 famulum

878 3751 1006 3806 Jura
1039 3753 1281 3822 tyranni.

665 3843 847 3899 Conor
868 3844 917 3898 in
947 3844 1096 3912 fletu,
1123 3846 1258 3918 riget
1289 3861 1381 3901 cor
1405 3846 1695 3917 lapideum,

666 3935 923 3991 Precibus
954 3937 1114 4003 insto,
1141 3953 1306 4007 vagus
1340 3938 1451 3993 abit
1475 3938 1716 4009 spiritus.

669 4024 877 4083 Lumen
897 4029 1128 4100 inquiro,
1161 4031 1395 4085 tenebrae
1424 4031 1863 4100 pbantasmatum

873 4121 1127 4175 Protinus
1153 4121 1365 4176 adsunt.

669 4209 904 4265 Efferum
933 4213 1034 4276 ira,
1065 4214 1327 4267 tumidum
1360 4214 1635 4282 superbia,

666 4300 899 4356 Edacem
931 4302 1073 4371 gula,
1102 4301 1297 4358 vanuni
1329 4305 1646 4369 cenodoxia,

665 4389 918 4443 Omnium
949 4389 1202 4443 frendens
1231 4392 1515 4445 criminum
1545 4391 1822 4447 barbaries

875 4480 1116 4535 Subdere
1148 4490 1338 4535 tentat.

666 4571 819 4643 Saepe
845 4574 1060 4639 resisto,
1095 4588 1355 4643 armaque
1384 4574 1642 4645 corripio,

665 4667 794 4722 Mihi
822 4683 1164 4735 congressus,
1203 4682 1411 4721 mecum
1435 4667 1549 4737 ipse
1573 4667 1770 4723 dimico
1795 4708 1812 4733 ,

660 4754 768 4811 Sed
798 4757 899 4827 legi
934 4757 1114 4811 carnis
1141 4756 1224 4811 lex
1252 4758 1377 4812 dum
1397 4758 1540 4813 cedit
1568 4758 1812 4829 spiritus,

873 4849 1061 4904 Praeda
1093 4851 1157 4905 fit
1183 4852 1346 4907 hosti.

661 4939 814 5009 Saepe
844 4942 1024 4996 divino
1053 4944 1175 5013 igne
1198 4958 1293 4997 cor
1318 4945 1648 5011 accenditur,

664 5028 843 5098 Seque
879 5032 1267 5086 transcendens
1299 5048 1449 5087 meus
1476 5035 1525 5087 in
1556 5035 1662 5088 alta
1690 5034 1919 5104 rapitur,

660 5118 767 5174 Sed
789 5118 1030 5189 genuinae
1053 5120 1365 5189 corruptela:
1391 5121 1583 5176 labitur

814 5236 819 5239 ι
868 5209 1111 5264 Pondere
1135 5224 1338 5279 pressa.

660 5297 777 5353 Lux
807 5298 1083 5354 inaccessa
1113 5300 1294 5365 micat,
1325 5310 1382 5354 ut
1408 5315 1502 5370 per
1528 5299 1769 5368 rinmlas,

658 5390 755 5443 Cui
784 5404 937 5444 mens
968 5390 1169 5445 intenta
1195 5391 1441 5445 sitienter
1468 5391 1703 5454 inhians,

661 5479 825 5548 Cujus
849 5482 1067 5537 obtutus
1090 5495 1217 5536 ecce
1241 5481 1419 5534 carnis
1452 5481 1678 5535 obvians

878 5571 1073 5627 Umbra
1102 5571 1359 5627 retundit.

668 5660 846 5716 Ilostis
872 5664 1076 5732 antiqui
1109 5662 1403 5736 telis_mille
1429 5663 1671 5718 sauciam

1354 288 1413 343 S.
1452 286 1653 343 PETRI
1709 286 1988 342 DAMIANI
2028 283 2178 341 OPP.
2222 286 2454 342 TOMUS
2493 286 2620 343 SE‘U
2657 282 2835 341 PARS
2863 282 2953 337 IV.

2338 398 2496 452 Plora
2518 406 2848 467 peremptam
2878 395 2930 448 in
2960 393 3194 462 peccatis
3221 392 3457 454 animam
3489 414 3502 449 :

2340 489 2441 555 Qui
2468 487 2705 543 vacuasti
2729 485 2918 539 mortis
2933 483 3057 551 jura
3087 492 3354 545 mortuus.

2550 578 2651 632 Per
2682 587 2732 630 te
2761 582 3025 643 resurgat.

2337 670 2520 724 Palma
2550 669 2841 735 justorum,
2875 681 3106 736 spesque
3131 665 3533 734 pmnitenlium,

2340 760 2439 825 Da,
2460 759 2691 822 Christe,
2721 772 2964 822 manum,
2990 765 3044 809 et
3073 754 3357 824 profundis
3387 768 3598 813 erutum

2341 850 2502 907 Solve
2528 851 2787 920 peccatis,
2819 848 2943 901 hinc
2970 847 3038 900 ab
3058 846 3463 901 imminentibus

2583 939 2744 1008 Eripe
2772 938 2950 992 noxis.

2340 1032 2443 1103 55
2473 1030 2553 1084 Tu
2580 1002 2899 1100 peccatricis
2922 1030 3189 1100 lacrymas
3232 1045 3342 1083 non
3376 1028 3585 1100 respuis
3612 1046 3629 1083 :

2341 1124 2418 1177 Tu
2447 1123 2787 1192 publicanum
2811 1121 3160 1190 pcenitentem
3186 1121 3380 1190 recipis
3408 1138 3423 1176 :

2342 1212 2518 1266 Vitam
2545 1211 2739 1264 latroni
2760 1209 2870 1279 jam
2897 1211 2949 1263 in
2983 1218 3153 1264 morte
3174 1209 3347 1279 posito

2556 1302 2633 1357 Te
2657 1303 2787 1357 dare
2814 1302 3064 1371 spondes.
3124 1306 3141 1309 ’

2340 1394 2445 1449 Per
2468 1394 2606 1458 hrec,
2636 1402 2688 1447 te
2715 1408 2916 1461 quaso,
2950 1391 3168 1462 pietatis
3200 1391 3429 1456 viscera,

2348 1486 2415 1540 Et
2443 1500 2529 1541 me
2558 1486 2623 1539 de
2646 1484 2839 1539 vinclis
2869 1493 2947 1538 tot
2978 1484 3257 1552 culparum
3285 1483 3489 1540 libera:

2343 1576 2552 1631 Mereor
2574 1576 2733 1639 iram,
2765 1572 2979 1628 effunde
3002 1571 3363 1638 clementiam,

2557 1666 2700 1719 Fons
2729 1664 2966 1733 pietatis.
3016 1716 3021 1721 .

2344 1760 2419 1813 Da
2446 1758 2552 1812 tuis
2583 1772 2795 1825 seraper
2814 1758 3082 1826 obsequar
3109 1757 3370 1827 imperiis,

2341 1848 2538 1917 Sicque
2574 1846 2822 1921 supernis
2848 1847 3064 1915 dignum
3096 1848 3258 1902 redde
3284 1847 3537 1917 praemiis,

2339 1938 2440 2006 Qui
2467 1936 2614 1991 Patri
2634 1952 2871 2006 compar,
2901 1945 3194 2006 sanctoque
3224 1926 3472 2008 Spiritui,

2553 2026 2755 2081 Cuncta
2777 2027 3062 2097 gubernas.
3088 2026 3280 2081 Amen.

2394 2118 2623 2175 CCXXI.
2653 2118 2730 2171 De
2760 2117 3002 2170 abbatum
3030 2117 3243 2170 miseria
3272 2118 3563 2188 rhythmus.

2481 2210 2675 2280 Luget,
2698 2208 2871 2279 plorat
2893 2248 2907 2271 ,
2934 2207 3262 2263 lamentatur

2416 2303 2617 2359 Sancta
2644 2317 2786 2357 nunc
2812 2301 3073 2366 Ecclesia,

2414 2393 2549 2450 Cum
2579 2409 2799 2449 suorum
2830 2403 3033 2449 tantam
3070 2394 3211 2449 videt

2421 2485 2692 2546 Abbauim
2716 2485 3030 2557 miseriam,

2419 2567 2489 2636 Et
2510 2597 2694 2636 eorum
2726 2582 3118 2652 contemplatur

2417 2671 2637 2726 Diversa
2667 2671 2928 2741 pericula.

2486 2760 2673 2815 Nullus
2700 2776 2837 2830 pene
2873 2762 3038 2816 abbas
3062 2763 3219 2817 modo

2412 2851 2565 2906 Valet
2590 2864 2710 2905 esse
2736 2852 3050 2916 monachus,

2360 2927 2365 2931 ’
2420 2939 2556 2995 Dum
2585 2941 2857 3014 diversum
2878 2949 2930 2995 et
2953 2941 3201 2996 nocivum

2416 3031 2658 3087 Sustinet
2679 3033 2952 3101 negotium
2983 3050 2997 3085 :

2415 3123 2500 3188 Et,
2527 3125 2669 3194 quod
2700 3124 2829 3183 velit
2853 3126 3139 3188 sustinuere,

2414 3213 2570 3271 Vetut
2601 3215 2820 3285 iniquus
2841 3216 3062 3284 patitur.

2482 3306 2886 3374 Monachorum,
2917 3316 3172 3377 tanquam
3194 3321 3409 3377 servus,

2413 3401 2561 3457 Intus
2591 3400 2696 3456 fert
2723 3401 3049 3471 superbiam,

2421 3496 2490 3549 Et
2520 3495 2810 3549 multarum
2840 3493 2971 3549 foris
3000 3510 3181 3549 rerum

2416 3584 2658 3639 Sustinet
2689 3584 2986 3638 molestiam
3010 3601 3024 3649 ;

2420 3672 2571 3728 Hanc
2598 3674 2812 3728 abbatis
2840 3675 3036 3729 collum
3068 3684 3245 3745 portat

2416 3762 2743 3818 Servitutem
2774 3764 3060 3834 geminam.

2485 3852 2813 3923 Spiritaliter
2839 3854 3090 3908 abbatem

2419 3944 2619 4002 Volunt
2648 3949 2842 4000 fratres
2874 3945 3072 4011 vivere,

2418 4035 2484 4090 Et
2503 4050 2600 4105 per
2629 4051 2820 4089 causas
2842 4034 3127 4090 saeculares

2414 4124 2625 4194 Cogunt
2656 4125 2804 4179 illum
2834 4140 3063 4195 pergere
3078 4141 3093 4153 °

2408 4216 2515 4271 Per
2534 4226 2639 4271 tam
2665 4217 2842 4285 itaque
2862 4217 3073 4271 diversa

2410 4305 2542 4373 Quis
2568 4307 2708 4360 valet
2734 4307 3026 4361 incedere"?

2484 4394 2619 4449 Nam
2650 4398 2772 4450 dum
2793 4398 3017 4466 equitat,
3042 4412 3164 4453 mox
3188 4408 3310 4453 esse

2410 4486 2620 4540 Dicitur
2642 4488 2885 4555 vagatio;

2406 4576 2533 4645 Ejus
2556 4592 2789 4646 namque
2816 4578 3082 4634 hebetudo

2412 4666 2508 4720 Est
2526 4666 2832 4722 claustralis
2862 4669 3021 4722 statio
3044 4684 3059 4733 ;

2410 4758 2681 4830 Quidquid
2705 4762 2870 4815 miser
2892 4761 3044 4831 facit,

2410 4848 2639 4919 Semper
2656 4860 2739 4905 est
2760 4852 3042 4906 detractio.

2481 4940 2864 5009 Delinquentes
2887 4942 3012 4996 dum
3039 4943 3315 5004 emendat.

2409 5029 2609 5086 Omnes
2634 5032 2869 5087 clamant
2892 5033 3109 5103 impium
3132 5052 3148 5101 ;

2408 5120 2466 5177 Si
2493 5124 2810 5191 quandoque
2834 5124 2937 5179 illis
2976 5126 3172 5194 parcit,

2410 5211 2605 5267 Dicunt
2637 5229 2758 5269 esse
2785 5216 3043 5284 tepidum.

2404 5301 2536 5368 Quis
2564 5311 2799 5373 portare.
2835 5320 2982 5376 rogo,
3012 5305 3154 5361 valet

2409 5392 2608 5466 Vulgus
2634 5406 2746 5452 tam
2769 5399 3113 5469 ambiguum?

2478 5485 2706 5541 Phinees
2744 5488 2786 5540 si
2812 5488 3091 5558 imitatur,

2402 5574 2583 5644 Fugit,
2611 5576 2697 5629 vel
2724 5578 3009 5646 expellitur
3035 5597 3049 5634 :

2414 5663 2472 5717 Si
2499 5663 2601 5731 Eli,
2632 5674 2760 5721 tunc
2802 5668 3065 5726 irridetur

3746 288 3779 341 Ξ
