4028 6168
431 332 531 389 973

634 438 814 527 Atque
839 462 1287 532 parvipenditur;

632 545 862 603 Odiosus
890 560 997 613 cst,
1018 553 1061 606 si
1085 550 1336 619 fervens;

630 635 698 690 Et
719 638 854 703 vilis,
885 641 927 694 si
955 643 1185 711 tepidus,

700 735 850 789 Valet
874 737 1052 790 forsan
1077 739 1364 793 emendare

592 856 595 859 λ
625 824 814 891 Facta,
842 826 885 880 si
916 828 1022 881 sint
1045 828 1215 894 levia;

624 913 691 966 Et
714 930 833 981 quae
856 916 986 969 duas
1006 925 1213 972 tantum
1242 930 1466 974 poscant

605 1002 696 1058 Vel
722 1022 882 1059 unam
915 1007 1156 1073 veniam;

617 1094 873 1149 Graviora
898 1112 1016 1165 quae
1044 1108 1168 1152 sunt
1197 1097 1363 1155 abbas

614 1184 931 1254 Supprimit,
968 1203 1037 1242 ne
1062 1198 1267 1258 pereat.

682 1276 814 1329 Nam
846 1279 891 1331 si
918 1278 1042 1332 velit
1063 1279 1130 1334 de
1159 1279 1434 1338 immundo

608 1365 909 1435 Quidquam
940 1368 1082 1440 loqui
1113 1370 1265 1439 vitio,

606 1458 989 1515 Monachorum
1015 1462 1266 1518 intestina

602 1549 789 1604 Oritur
807 1552 1018 1618 seditio,

604 1637 670 1693 Et
695 1640 903 1695 occulte
931 1643 1111 1697 statim
1141 1642 1257 1712 ejus

601 1729 888 1785 'l‘ractatur
907 1734 1160 1803 perditio.

662 1818 770 1889 56
799 1819 854 1875 Si
885 1824 1207 1892 quandoque
1235 1824 1320 1882 vel
1337 1823 1571 1900 jejunat,

594 1907 687 1961 Vel
714 1918 859 1964 leuet
887 1913 1159 1969 silentium
1192 1933 1206 1969 :

601 2000 761 2054 Vana:
782 2001 922 2056 laudi
949 2020 1072 2058 mox
1105 2005 1354 2062 abbatem

587 2093 777 2147 Dicunt
804 2111 923 2151 esse
946 2098 1182 2153 deditum
1209 2117 1223 2165 ;

579 2182 648 2238 Et
680 2185 725 2238 si
751 2185 1001 2254 loquitur.
1026 2189 1108 2243 vel
1135 2190 1375 2258 mandat,

588 2276 747 2331 Velut
774 2277 858 2330 fur
886 2281 1319 2348 reprehenditur.

648 2366 705 2421 Si
728 2384 1030 2425 sermonem
1064 2372 1192 2427 facit
1219 2373 1410 2439 abbas,

593 2457 888 2513 Denotatur
906 2461 1151 2530 garrulus
1172 2478 1191 2519 :

577 2547 644 2602 Et
667 2549 710 2603 si
741 2559 921 2607 tacens
950 2552 1026 2607 nil
1050 2555 1291 2624 exponit,

576 2637 876 2694 Denotatur
900 2642 1108 2707 fatuus;

570 2725 683 2781 Huc
709 2743 767 2782 se
793 2740 962 2784 vertat
1011 2731 1135 2787 illuc
1156 2746 1366 2805 pergat,

576 2806 802 2889 Semper
822 2822 923 2875 erit
952 2825 1165 2880 anxius.

633 2907 797 2974 Intus,
824 2910 974 2976 foris,
1005 2915 1048 2967 si
1080 2915 1358 2990 contingat

558 2998 816 3065 Quaelibet
838 3004 1154 3071 adversitas,

559 3087 670 3143 Hoc
695 3091 914 3147 incuriae
937 3095 1147 3151 abbatis

553 3179 770 3236 Fratres
790 3200 980 3240 omnes
1010 3188 1266 3257 deputant
1291 3210 1307 3245 :

553 3270 704 3327 Illum
731 3277 942 3343 rodunt,
973 3288 1024 3333 et
1045 3283 1338 3350 perrodunt

557 3361 623 3415 Et
652 3367 920 3433 appellant
944 3369 1188 3425 bestiam.

623 3452 824 3509 Domus
852 3468 1037 3513 sancta
1057 3460 1103 3515 si
1133 3475 1237 3517 non
1266 3476 1497 3530 crescat,

550 3541 605 3595 lu
642 3547 887 3601 abbatem
919 3551 1204 3606 invehunt:

547 3631 602 3686 Si
638 3649 866 3703 crescat,
894 3655 1017 3694 mox
1042 3642 1293 3699 abbatem

548 3722 704 3779 Velut
738 3728 915 3786 hostes
938 3744 1225 3802 expetunt;

555 3817 624 3873 Ut
649 3821 916 3890 incudem,
946 3826 1026 3880 sic
1048 3828 1299 3885 abbatem

538 3904 710 3961 Simul
733 3926 917 3966 omnes
944 3912 1161 3969 feriunt.

606 4001 649 4061 Ο
681 4003 893 4057 beatum
922 4008 1025 4061 tale
1043 4019 1222 4078 caput,

534 4086 687 4153 Quod
709 4106 737 4142 a
762 4091 1015 4148 membris
1042 4096 1249 4151 roditur
1277 4098 1293 4152 ι

531 4178 711 4232 Bonus
735 4191 938 4248 pastor,
965 4200 1123 4254 quem
1144 4188 1440 4261 depascunt

530 4270 666 4324 S:evi
689 4274 874 4329 dentes
901 4279 1114 4335 ovium!

532 4360 681 4416 Felix
710 4376 863 4434 pater
884 4410 896 4433 ,
925 4370 1156 4426 filiorum

532 4455 741 4513 Morsus
767 4462 917 4516 timet
936 4465 1178 4521 omnium
1196 4469 1209 4522 l

593 4548 738 4603 lstud
770 4552 967 4608 malum
990 4561 1375 4616 monachorum

521 4637 669 4694 lutus
695 4642 860 4697 abbas
887 4646 1099 4713 tolerat,

523 4728 874 4787 Smcularium
896 4748 951 4789 et
979 4737 1116 4794 foris

521 4819 691 4873 Simul
718 4833 898 4891 portat
923 4842 1111 4892 onera,

525 4912 792 4968 Auxiatur
818 4926 873 4970 et
905 4918 1183 4994 tristaturl;

516 5003 666 5068 Quod
698 5006 776 5061 sic
806 5020 1053 5076 premant
1072 5000 1275 5070 omnia.

586 5098 807 5154 Noctem
839 5117 1092 5172 namque,
1116 5109 1261 5164 curis
1293 5125 1539 5183 pressus,

515 5187 786 5246 Verbosus
810 5193 1057 5248 dimidiat
1080 5236 1094 5259 ,

511 5276 579 5330 Et
604 5294 877 5348 auroram,
908 5292 967 5338 ut
992 5285 1244 5355 loquatur

506 5368 714 5437 Smpius
744 5373 1037 5443 anticipat;

506 5457 699 5514 Totum
729 5464 869 5517 diem
896 5463 946 5519 in
970 5466 1237 5537 loquendo

514 5548 858 5607 Postmodum
885 5558 1183 5614 continuat.

581 5640 705 5695 Hmc
729 5651 784 5696 et
805 5644 907 5697 alia
938 5649 1196 5714 praelatus

507 5729 745 5801 Sustinet
770 5737 1161 5818 quamplurima
1190 5759 1203 5809 ;

1675 353 1981 412 CARMtNA
2021 359 2109 416 ET
2146 362 2411 421 pasces
2492 336 2499 339 ⁷

2026 487 2075 544 Α

2304 473 2627 545 ’ὃπουιειι-ρδ
2653 492 2786 549 foris
2815 509 3075 569 pungunt,

2306 576 2452 631 intus
2476 578 2673 636 fratres
2695 584 2977 639 vulnerant
2999 605 3015 647 ;

2314 667 2390 720 Illi
2414 684 2610 740 corpus
2633 688 3035 744 prosequuntur
3054 720 3069 742 ,

2306 756 2371 811 lli
2403 764 2696 817 corrodunt
2725 766 2955 822 viscera.

2370 848 2489 917 Dic,
2517 854 2759 921 praelate,
2776 873 2925 926 rogo,
2948 860 3133 927 chare,

2297 936 2429 1004 Quae
2452 950 2535 995 est
2560 941 2663 997 ista
2695 946 2969 1015 dignitas?

2300 1028 2447 1083 lntus
2472 1032 2642 1099 dolor,
2678 1033 2809 1091 foris
2835 1037 3017 1105 labor;

2303 1117 2442 1175 Hinc
2460 1123 2583 1179 inde
2610 1125 2911 1193 calamitas.

2289 1211 2520 1281 Corpus,
2546 1214 2739 1285 lateor,
2764 1220 2832 1276 iis
2862 1222 3019 1278 malis

2288 1298 2541 1358 Perditur
2559 1315 2614 1361 et
2650 1309 2850 1365 anima.

2355 1392 2487 1460 Quis
2511 1397 2789 1469 abbatum,
2814 1420 2967 1476 rogo,
3001 1408 3146 1463 valet

2284 1481 2487 1540 Ferreo
2523 1503 2669 1545 nunc
2691 1502 2953 1563 tempore,

2280 1573 2429 1629 Inter
2451 1585 2529 1630 tot
2561 1579 2904 1639 calamitates

2288 1661 2479 1733 Virgas
2503 1668 2648 1722 ferre
2672 1670 2878 1728 fertiles
2898 1675 2922 1727 ?

2278 1752 2628 1811 Przelatorum
2658 1770 2805 1816 certe
2830 1766 2989 1820 modo

2272 1842 2411 1897 Sunt
2434 1845 2667 1904 honores
2692 1854 2925 1911 steriles.

2328 1934 2436 2006 llis
2464 1938 2780 2008 honoribus,
2813 1948 3037 2004 abbate:

2269 2024 2589 2097 Venerandi,
2620 2034 2834 2102 cedite;

2258 2114 2435 2172 Grave
2461 2123 2672 2188 pondus
2696 2135 2751 2179 et
2773 2127 2931 2184 inane

2262 2201 2543 2274 Ultrojam
2573 2210 2823 2283 abjicite;

2260 2294 2326 2348 Et
2345 2297 2409 2351 de
2435 2308 2629 2356 caetero
2657 2304 2830 2375 quieti

2254 2385 2333 2439 Ac
2362 2390 2538 2443 securi
2563 2391 2744 2448 vivite.

3572 401 3677 454 9η

2041 2492 2148 2564 57
2187 2493 2435 2579 CCXXII_.
2480 2501 2554 2579 De
2596 2496 2833 2579 omnibus
2875 2514 3147 2571 ordinibus
3170 2521 3403 2576 omnium
3451 2522 3621 2579 homi-

2255 2582 2379 2622 num
2405 2571 2460 2624 in
2484 2572 2582 2627 hoc
2610 2578 2803 2632 saeculo
2834 2582 3107 2639 viventium
3132 2571 3364 2647 rubrica.

2392 2672 2668 2760 Episcopi,
2696 2697 2983 2766 attendite,

2320 2774 2417 2830 Dei
2446 2781 2607 2834 verba
2640 2783 2957 2847 discernite:

2317 2862 2480 2923 Vobis
2506 2876 2762 2944 praecepit
2797 2879 3053 2939 Dominus

2314 2953 2422 3010 Pro
2446 2962 2641 3017 vestris
2664 2968 2799 3021 mori
2824 2970 3037 3025 ovibus.

2372 3046 2432 3102 Si
2459 3049 2621 3118 bona,
2659 3071 2778 3125 quze
2806 3058 3114 3130 loquimini,

2224 3210 2230 3217 '
2309 3134 2574 3206 Operibus
2604 3143 2867 3215 feceritis,

2310 3224 2563 3297 Exempla
2592 3234 2733 3289 bona
2759 3238 2960 3295 dabitis

2308 3314 2513 3372 Vestris
2541 3322 2846 3379 commissis
2876 3328 3019 3384 filiis.

2368 3405 2700 3479 Presbyteri,
2726 3415 2961 3487 diaconi,

2303 3494 2406 3562 Qui
2437 3496 2589 3554 fertis
2620 3518 2751 3558 vasa
2782 3506 3022 3575 Domini.

2296 3586 2480 3645 Estote
2506 3606 2720 3663 semper
2748 3598 2904 3655 nitidi

2298 3677 2358 3731 lu
2391 3694 2683 3753 conspectu
2703 3687 2990 3748 Altissimi.

2361 3771 2463 3839 Qui
2494 3777 2603 3830 vult
2628 3794 2748 3836 esse
2775 3788 3093 3856 canonicos,

2292 3858 2378 3916 Sit
2404 3862 2579 3920 bonus
2599 3877 2654 3921 et
2678 3870 2924 3940 idoneus,

2292 3946 2521 4008 Obediat
2553 3958 2825 4030 episcopo,

2291 4035 2359 4095 Ut
2380 4045 2581 4099 seniori
2608 4048 2829 4120 iuclyto.

2359 4132 2443 4187 Ad
2469 4139 2791 4195 matutinum
2818 4145 3019 4213 veniat,

2281 4218 2418 4277 Cum
2446 4226 2658 4297 signum
2699 4232 2845 4288 horae
2868 4250 3118 4307 resonat;

2282 4309 2585 4386 Postposita
2613 4323 2833 4391 pigritia

2280 4398 2524 4462 Festinet
2552 4411 2619 4465 ad
2641 4413 2834 4472 cilicia.

2345 4493 2568 4556 Plebani
2610 4516 2756 4561 recte
2790 4512 3013 4568 audiant

2271 4582 2425 4650 Quod
2452 4593 2622 4646 sancti
2652 4605 2835 4663 patres
2864 4601 3145 4659 clamitant
3170 4622 3188 4663 ε

2280 4671 2347 4727 Ut
2373 4680 2633 4747 acquisita
2662 4688 2863 4753 praedia

2275 4762 2599 4838 Relinquant
2620 4775 2674 4827 in
2708 4777 2968 4833 Ecclesia.

2348 4856 2601 4927 Magister
2626 4864 2816 4921 doctus
2844 4867 3041 4926 litteris

2283 4944 2510 5016 Flagella
2540 4951 2631 5005 det
2654 4953 2930 5025 discipulis
2962 4977 2976 5016 :

2273 5032 2361 5102 Ut,
2394 5037 2534 5093 docti
2565 5043 2636 5097 ab
2663 5043 2918 5115 infantia,

2267 5124 2578 5186 Doctrinam
2600 5136 2737 5193 bene
2763 5144 2993 5211 sapiant.

2341 5218 2645 5291 Scriptores
2668 5241 2811 5284 tecta
2836 5234 2973 5289 linea

2268 5308 2499 5372 Veraces
2526 5322 2768 5377 scribant
2796 5325 3028 5394 litteras,

2270 5403 2650 5465 Distiuctioncs
2675 5416 2920 5485 pr0prias

2266 5492 2447 5565 Usque
2474 5499 2527 5553 in
2562 5500 2721 5556 finem
2752 5520 2816 5560 co
2831 5508 3089 5576 mplcant.

2340 5587 2651 5647 lllitteratus
2678 5595 2907 5651 clericus

2256 5677 2491 5735 Elationi
2520 5684 2753 5751 deditus,

2260 5766 2572 5838 Despiciens
2603 5780 2882 5846 mysteria,
