4018 6182
419 397 521 451 975

1251 379 1309 434 S.
1350 377 1551 431 PETRI
1597 371 1875 428 DAMIANI
1918 369 2065 426 OPP.
2099 365 2330 421 TOMlIS
2361 365 2489 421 ΞΗ]
2528 363 2704 418 PARS
2743 362 2829 417 iV.

701 508 771 563 Ut
806 505 962 560 stulta
987 504 1130 572 jacet
1150 498 1337 554 bestia.

774 592 1040 649 Discurrit
1063 603 1159 658 per
1189 586 1469 641 basilicam

614 671 619 677 ’
710 688 812 740 Pro
839 683 1075 737 vanitate
1100 680 1291 740 nimia;

706 779 759 830 In
786 777 903 829 loco
931 775 972 827 si
996 768 1371 842 permanserit,

705 866 927 921 (Service
957 872 1093 917 torta
1125 858 1379 928 respicit;

772 952 945 1006 Verba
976 951 1066 1003 Dei
1101 965 1206 1001 non
1235 946 1464 1008 nuntiat,

701 1042 958 1097 Privatim
986 1054 1195 1107 semper
1215 1036 1495 1097 mussitat;

706 1134 776 1188 Et
804 1132 994 1187 recitat
1017 1128 1300 1198 parabolas

705 1224 893 1279 lnanes
923 1232 1082 1290 atque
1112 1232 1326 1272 vacuas.

769 1313 1003 1367 Abbates
1030 1324 1238 1378 semper
1261 1304 1501 1374 vigilem,

706 1403 789 1458 Ab
817 1402 961 1456 onmi
992 1415 1221 1468 namque
1254 1396 1498 1456 crimine,

706 1493 820 1549 Non
848 1509 946 1562 pro
977 1493 1157 1545 mundi
1186 1489 1383 1543 astutia

714 1584 910 1638 Sancta
938 1583 1243 1649 relinquant
1272 1578 1471 1631 studia.

722 1738 725 1741 _
776 1676 890 1729 Non
922 1683 1095 1742 potest
1116 1687 1233 1725 esse
1261 1669 1554 1723 monachus

712 1768 810 1832 Qui
842 1779 1007 1835 vagus
1027 1772 1128 1828 est,
1164 1759 1525 1829 improvidus:

719 1855 775 1908 Si
799 1854 922 1907 vivit
954 1853 1069 1906 sine
1099 1849 1301 1919 regula,

718 1944 922 1998 Peribit
947 1950 1117 1995 morte
1142 1940 1394 2007 pessima.

791 2033 901 2087 Deo
937 2030 1114 2085 devoti
1143 2026 1414 2091 monachi,

719 2122 941 2177 Servate
962 2122 1130 2190 legem
1156 2119 1375 2187 optime,

728 2210 979 2266 Viventes
1014 2218 1164 2264 casto
1193 2219 1443 2276 corpore,

716 2302 951 2355 Terrena
979 2308 1171 2352 cuncta
1202 2295 1437 2365 spernite

794 2394 1037 2446 Potestas
1065 2399 1146 2444 est
1170 2390 1221 2443 in
1250 2386 1443 2458 populo

719 2484 763 2536 A
793 2497 1003 2536 summo
1030 2481 1153 2534 data
1183 2478 1412 2532 Domino

721 2575 789 2629 Et
815 2590 936 2628 cum
965 2574 1182 2627 tide.....

724 2668 826 2734 Qui
860 2674 1197 2720 sacramenta
1230 2664 1490 2719 fecerant.

795 2757 901 2810 Pro
932 2755 1076 2809 nullo
1106 2755 1244 2807 malo
1274 2754 1485 2815 merito,

727 2845 821 2900 Vel
847 2845 1099 2914 placitato
1137 2852 1332 2912 pretio,

722 2941 827 2993 Aut
852 2941 1029 3008 aliqua
1058 2939 1317 2999 amicitia,

729 3030 914 3085 Vertat
936 3043 1057 3082 vera
1073 3027 1299 3095 judicia.

789 3122 959 3176 Judcx
986 3119 1179 3173 sedens
1206 3118 1258 3171 in
1290 3115 1487 3185 placito

730 3207 839 3278 58
867 3224 974 3261 .κο11
1000 3217 1179 3276 speret
1204 3209 1269 3262 de
1290 3206 1538 3269 lucratio,

731 3297 837 3355 Sed
870 3298 1035 3351 Deum
1066 3308 1209 3352 recte
1240 3297 1443 3358 timeat,

737 3390 805 3446 Et
839 3390 1007 3460 legem
1038 3380 1145 3443 cito
1176 3388 1346 3441 ﬁniat.

801 3480 989 3536 Testes
1008 3523 1021 3545 ,
1048 3497 1142 3550 pro
1170 3481 1312 3534 nullo
1336 3495 1559 3535 munere

734 3571 893 3627 Falsa
918 3571 1058 3638 loqui
1087 3570 1413 3637 prassumite,

733 3660 837 3714 Sed
868 3674 989 3713 vera
1020 3658 1177 3712 verba
1210 3659 1372 3712 dicite

736 3751 1006 3806 Prtesente
1028 3765 1152 3803 vero
1179 3749 1447 3816 Principe.

810 3843 1042 3899 Veraces
1069 3843 1173 3896 sint
1206 3839 1427 3905 notarii,

750 3935 996 3991 I‘enendo
1023 3934 1178 3987 tidem
1203 3932 1369 3986 animi
1406 3949 1420 3985 :

738 4026 847 4081 Nec
869 4040 1101 4095 unquam
1126 4039 1221 4093 pro
1253 4020 1489 4077 denariis

734 4117 893 4172 Falsa
925 4116 1163 4169 scribant
1186 4114 1235 4167 in
1267 4112 1542 4168 chartulis.

811 4206 1177 4261 Castaldiones
1205 4203 1403 4272 populi,

737 4298 807 4351 Et
833 4311 1019 4350 omnes
1055 4294 1397 4357 vicedomini,

740 4384 817 4439 Ne
840 4382 1422 4451 torqueantjustitiam,

743 4473 854 4527 Nec
899 4472 1216 4525 manducent
1251 4471 1489 4524 servitia.

818 4561 1099 4620 Tencntcs
1115 4560 1428 4624 ministeria,

745 4655 877 4712 Cum
915 4652 1070 4707 malis
1098 4669 1201 4707 non
1232 4654 1575 4719 conveniant,

743 4747 907 4803 Recte
938 4756 1115 4800 tamen
1146 4746 1475 4810 deserviant,

744 4837 820 4892 Ne
844 4838 981 4890 bona
1014 4837 1239 4905 perdant
1267 4837 1479 4890 merita.

814 4929 1175 4981 Advocatores
1201 4927 1397 4995 placita

743 5017 818 5074 Ne
852 5018 1099 5071 fraudem
1122 5027 1238 5071 arte
1257 5017 1467 5087 aliqua;

749 5108 1011 5162 Relaxent
1044 5108 1222 5160 cordis
1248 5107 1395 5171 vitia,

745 5199 813 5256 Et
836 5200 1123 5267 exquirant
1144 5196 1368 5264 judicia.

825 5287 1006 5342 Nullus
1028 5286 1387 5350 consiliarius,

748 5384 855 5435 Aut
880 5380 1252 5442 anricularius,

752 5473 977 5541 Propter
1001 5473 1266 5525 mundana
1297 5486 1577 5542 prospera,

750 5563 819 5617 Se
847 5563 1081 5619 conﬁdat
1108 5564 1161 5616 in
1189 5562 1378 5632 gloria.

731 5679 740 5688 -
821 5653 1009 5708 Missus
1047 5656 1338 5723 prudenter
1370 5655 1544 5725 sapiat

757 5741 1027 5799 Enarrare
1053 5745 1351 5813 missatica,

2019 495 2062 545 Α

1993 4484 2002 4496 ’
2052 4502 2108 4565 n

2306 476 2321 485 λ
2378 484 2453 533 Ne
2480 478 2810 547 stupefactus
2838 475 3048 544 publice

2376 570 2606 624 Verbum
2634 568 2777 620 dicat
2802 566 3013 619 inutile.

2432 655 2675 709 Nutritus
2703 663 2863 723 atque
2889 654 3123 722 sapiens,

2375 750 2592 803 Timens
2623 748 2789 800 Deum
2818 747 3102 805 veraciter,

2371 840 2644 893 Amandus
2676 848 2761 893 est
2787 854 2815 890 a
2850 838 3096 902 Domino,

2371 931 2690 985 Laudandus
2713 938 2795 984 est
2817 946 2844 981 a
2874 930 3090 999 pepulo.

2446 1025 2709 1091 Receptor
2738 1023 2922 1077 celans
2957 1023 3107 1086 vitia,

2378 1114 2446 1169 Ut
2475 1114 2607 1167 falsa
2639 1114 2782 1166 canit
2810 1113 3005 1173 ﬁstula,

2376 1205 2617 1258 Ridendo
2652 1205 2808 1256 verba
2837 1204 3034 1257 dndum

2376 1297 2430 1349 in
2457 1297 2616 1349 corde
2642 1295 2778 1347 male
2811 1296 3060 1348 seminat.

2445 1386 2730 1456 Hypocrita
2759 1399 2816 1439 se
2841 1385 3098 1440 simulans

2379 1474 2540 1528 Multa
2569 1474 2850 1528 abscondit
2870 1475 3021 1538 vitia,

2390 1566 2604 1621 Vultum
2636 1567 2969 1620 demonstrat
2992 1566 3280 1635 placidum,

2380 1658 2435 1710 ln
2458 1658 2618 1711 corde
2643 1667 2816 1725 portat
2847 1658 3099 1727 gladium.

2451 1752 2659 1806 Ebriosi
2688 1753 2975 1807 miserrimi

2389 1843 2681 1897 lnfremnnt
2703 1853 2761 1897 ut
2788 1845 3104 1914 phrenetici,

2386 1936 2574 1991 Mentis
2598 1938 2826 2005 perdunt
2852 1939 3187 2001 memoriam,

2383 2026 2524 2081 Nihil
2543 2027 2669 2081 boni
2695 2027 3013 2097 excogitant.

2457 2116 2653 2169 Audite
2677 2116 2855 2182 etiam,
2882 2119 3023 2183 laici,

2385 2206 2484 2272 Qui
2511 2206 2723 2261 Christo
2753 2207 3083 2262 famulamini
3123 2228 3137 2262 :

2320 2290 2337 2327 ‘
2387 2297 2491 2350 Pro
2520 2297 2626 2350 ullo
2652 2313 2886 2367 unquam
2925 2299 3174 2366 crimine,

2392 2385 2643 2439 Pastores
2666 2401 2769 2438 non
2803 2388 3090 2456 despicite;

2390 2473 2651 2543 Operibus
2680 2477 2938 2542 perlicile,

2388 2566 2446 2622 In
2475 2568 2725 2621 cordibus
2750 2570 3052 2623 describite.

2460 2660 2761 2729 Antequam
2796 2677 2940 2715 mors
2969 2663 3242 2731 adveniat,

2395 2750 2503 2805 Deo
2543 2753 2737 2805 donate
2766 2753 3000 2806 decimas
3032 2771 3045 2805 :

2404 2841 2589 2896 Securi
2623 2843 2747 2895 hinc
2770 2845 3007 2902 exinitis.

2393 2933 2459 2985 Et
2483 2933 2675 2987 cadum
2709 2936 3065 3003 possideliitis.

2466 3023 2675 3078 Uxores
2707 3041 2831 3078 vero
2863 3026 3089 3096 diligite,

2395 3114 2558 3169 Natos
2586 3126 2794 3171 vestros
2820 3118 3106 3186 corripite;

2396 3208 2498 3262 Sed
2528 3224 2622 3263 vos
2645 3211 2867 3263 ancillas
2891 3214 3073 3282 regite,

2397 3299 2540 3370 Opus
2562 3303 2640 3357 eis
2670 3304 2977 3373 impendite.

2472 3391 2570 3456 Qui
2605 3392 2756 3447 timet
2785 3396 2948 3447 Deum
2973 3397 3210 3451 omnium

2398 3478 2671 3549 Nonjuret
2700 3498 2793 3549 per
2838 3486 3108 3551 negotium
3145 3505 3155 3538 :

2399 3568 2509 3623 Nec
2532 3586 2627 3637 pro
2654 3574 3093 3639 concupiscentia

2406 3658 2575 3712 Ullius
2602 3661 2809 3715 fraudet
2841 3663 3031 3731 pretia.

2481 3748 2652 3802 Duces
2674 3766 2794 3803 cum
2825 3751 3098 3808 beneﬁciis

2407 3836 2489 3891 Ad
2517 3837 2747 3891 invicem
2770 3843 3111 3908 conveniant,

2405 3929 2512 3983 Deo
2537 3945 2657 3984 cum
2686 3931 2787 3985 fide
2816 3933 3071 3987 serviant.

2414 4020 2521 4090 59
2551 4021 2699 4076 Miles
2726 4025 2792 4076 ad
2819 4040 3046 4093 pugnam
3074 4042 3363 4099 peragrans

2407 4111 2573 4165 Deum
2605 4113 2658 4165 in
2683 4123 2860 4167 mente
2891 4125 3069 4169 teneat
3105 4132 3120 4169 :

2414 4201 2644 4257 Fillones
2675 4219 2884 4271 semper
2914 4217 3133 4260 caveant

2410 4290 2488 4347 Ne
2510 4294 2691 4347 dicant
2722 4295 2842 4364 plus
2866 4311 3023 4364 quam
3055 4298 3315 4356 audiant:

2487 4383 2766 4439 Placentes
2788 4403 2883 4455 per
2918 4390 3263 4444 mendacium‘

2416 4472 2700 4528 Peccatum
2724 4488 2887 4544 agunt
2918 4479 3238 4546 maximum;

2326 4565 2353 4575 “
2423 4564 2566 4621 Viles
2606 4577 2863 4636 apparent
2889 4570 3113 4635 sarculo,

2418 4655 2484 4709 Et
2506 4666 2629 4709 sunt
2656 4658 2707 4709 in
2746 4658 3031 4726 vituperio.

2496 4744 2739 4799 Potestas
2769 4748 2988 4801 mundet
3018 4746 3168 4813 vitia,

2421 4836 2585 4890 Furta
2611 4847 2664 4891 et
2686 4838 2960 4893 latrocinia
2992 4856 3007 4903 ;

2424 4927 2493 4982 Ut
2523 4929 2723 4995 ueteri,
2754 4929 3027 4996 perterriti

2424 5015 2673 5071 'l‘imeant
2693 5033 2906 5086 pmnam
2932 5020 3211 5089 consequi.

2494 5108 2804 5177 Conjugata:
2825 5109 3056 5175 femina,

2425 5198 2627 5252 Tenete
2655 5200 2811 5253 tidem
2848 5202 3099 5268 provide;

2426 5287 2626 5343 Donzos
2656 5299 2863 5343 vestras
2896 5290 3182 5358 disponite.

2429 5377 2513 5433 At!
2544 5378 2797 5449 templum
2831 5379 2926 5433 Dei
2956 5381 3180 5437 currite.

2502 5469 2702 5524 Mutate
2730 5482 2957 5536 vestem,
2989 5474 3183 5540 viduze,

2431 5560 2486 5612 in
2515 5562 2760 5614 castitate
2799 5560 2957 5616 vit'iie
2990 5582 3002 5615 :

2440 5649 2796 5707 Luxuriantes
2824 5654 3011 5725 fugite,

2430 5741 2505 5796 Ne
2528 5746 2731 5811 possint
2761 5760 2852 5799 vos
2881 5748 3148 5817 tlt'ciperc.

3547 356 3657 418 9'55
