4018 6182
1606 297 1912 352 (ΖΑΒΜΙΝΑ
1953 297 2038 354 ΕΤ
2081 296 2370 354 PRECES.

714 403 910 460 Puellae
936 420 992 460 se
1019 408 1323 460 custodiant

652 497 731 548 Ab
760 499 904 550 omni
935 513 1068 551 vana
1105 499 1296 567 gloria,

647 586 722 639 Ne
744 586 1025 654 juventute
1057 589 1259 642 fervida

646 679 855 730 (ludant
886 682 939 731 in
975 679 1258 732 adulteria.

717 766 1048 832 Meretrices,
1080 773 1400 839 convertite,

657 859 874 912 Veniam
906 859 1056 914 vobis
1081 863 1305 928 quaerite
1330 880 1342 914 :

649 947 747 1012 Qui
779 961 988 1015 semper
1022 949 1155 1002 solet
1175 964 1396 1016 parcere

647 1037 934 1104 Exspectat
958 1053 1050 1094 vos
1077 1039 1334 1108 quotidie.

721 1126 896 1190 Servi,
923 1142 1044 1181 cum
1073 1137 1218 1182 recto
1239 1129 1422 1186 animo

650 1215 838 1268 Vestro
862 1219 1062 1271 servile
1091 1219 1310 1274 domino
1347 1238 1360 1274 :

646 1306 866 1360 Ancilla:
893 1317 948 1361 et
972 1309 1176 1362 utiliter

647 1397 963 1454 Deserviant
987 1401 1258 1458 similiter.

714 1489 772 1542 In
804 1493 1078 1558 prosperis
1108 1492 1374 1556 laetitiam,

644 1579 700 1633 In
726 1581 973 1635 adversis
1003 1582 1280 1636 tristitiam

652 1668 824 1738 Supra
854 1675 1068 1726 modum
1097 1687 1204 1727 non
1231 1672 1427 1728 habeat

651 1761 763 1814 Ulla
797 1762 970 1816 ﬁdelis
999 1763 1200 1816 anima.

717 1851 818 1916 Qui
857 1853 1036 1906 vivitis
1065 1853 1117 1906 in
1158 1853 1374 1918 saeculo,

645 1939 866 2005 Omnes,
898 1944 1097 1997 servile
1127 1943 1376 2008 Domino,

645 2031 708 2086 Ut
728 2033 832 2102 juti
859 2048 952 2086 sua
981 2035 1200 2089 dextera

647 2123 896 2194 Regnetis
925 2140 1087 2194 super
1108 2127 1332 2180 aethera.

645 2220 914 2275 CCXXIII.
944 2223 1020 2276 De
1041 2225 1124 2277 die
1147 2226 1327 2278 mortis
1359 2224 1652 2296 rhythmi“.

712 2311 873 2366 Gravi
909 2329 993 2367 me
1025 2325 1232 2368 terrore
1259 2315 1462 2384 pulsas,

648 2401 781 2456 Vita:
803 2402 918 2456 dies
950 2403 1156 2469 ultima,

643 2490 832 2546 Mteret
855 2508 969 2556 cor,
995 2493 1281 2548 solvuntur
1308 2510 1490 2559 rencs,

643 2580 788 2635 Lzesa
824 2591 1060 2636 tremunt
1102 2585 1331 2649 viscera,

650 2671 746 2724 Tui
778 2674 1010 2740 speciem
1036 2674 1160 2726 dum
1185 2674 1287 2728 sibi

648 2761 794 2816 Mens
825 2763 1060 2833 depingit
1085 2765 1268 2818 anxia.

713 2853 844 2918 Quis
873 2855 1016 2908 enim
1048 2856 1353 2924 pavendum
1391 2856 1519 2912 illud

645 2944 884 3011 I'prlicet
913 2946 1297 3014 spectaculum,

642 3034 794 3098 Cum,
821 3036 1066 3091 dimenso
1094 3038 1217 3092 vitae
1246 3053 1428 3106 cursu,

630 3125 820 3179 Carnis
849 3141 1004 3195 aegra:
1034 3128 1260 3184 nexibus

642 3216 833 3269 Anima
858 3216 1095 3272 luctatur
1113 3217 1271 3283 solvi,

648 3306 1020 3377 Propinquans
1051 3311 1116 3363 ad
1145 3311 1348 3365 exitum
1363 3310 1400 3367 2-

725 3403 869 3458 Perit
897 3419 1108 3467 sensus,
1133 3403 1312 3475 lingua
1347 3406 1510 3477 riget,

648 3494 1008 3549 Resolvuntur
1040 3495 1201 3557 oculi,

646 3584 836 3639 Pectus
866 3585 1111 3654 palpitat,
1139 3585 1354 3640 anhelat

646 3675 886 3730 Raucum
917 3685 1102 3745 guttur
1125 3675 1378 3738 hominis.

643 3764 869 3832 Stupent
891 3764 1152 3827 membra,
1177 3764 1379 3834 pallent
1406 3781 1524 3830 ora,

641 3853 816 3909 Decor
845 3857 956 3910 abit
986 3857 1249 3926 corporis.

719 3945 857 3999 Ecce
876 3945 1210 3999 diversorum
1238 3954 1421 4014 partes

649 4035 929 4089 ConIqunt
961 4036 1274 4102 spirituum;

646 4127 780 4181 Ilinc
808 4127 1060 4198 angelica:
1095 4128 1338 4189 virtutes,

649 4215 796 4271 Illinc
828 4217 981 4270 turba
1012 4217 1340 4281 daemonum;

649 4307 724 4360 Illi
749 4307 968 4376 pr0pius
994 4306 1280 4372 accedunt,

541 4458 553 4468 .
645 4395 762 4463 Quo
791 4398 976 4452 invitat
1010 4398 1283 4452 meritum.

717 4489 922 4543 I’razsto
951 4495 1080 4545 sunt
1107 4499 1162 4544 et
1190 4492 1478 4560 cogitatus,

649 4577 846 4642 Verba,
871 4595 1081 4643 cursus,
1109 4597 1301 4650 opera;

649 4669 758 4738 ϐο
783 4669 846 4721 Ει
870 4684 978 4737 prze
1004 4669 1174 4724 oculis
1199 4670 1430 4725 nolentis

649 4758 1028 4812 Glomerantur
1053 4761 1231 4812 omnia
1265 4779 1276 4812 :

653 4845 783 4900 Illuc
811 4847 1011 4910 tendat,
1043 4849 1148 4902 huc
1171 4865 1228 4903 se
1253 4859 1447 4913 vertat,

645 4937 837 4993 Coram
863 4939 1005 4993 videt
1031 4941 1224 5007 posita.

717 5026 955 5097 Torquet
983 5029 1096 5098 ipsa
1125 5045 1276 5084 reum
1302 5048 1456 5086 sumu

647 5116 866 5173 Mordax
892 5121 1242 5184 conscientia,

651 5207 827 5262 I’lorat
856 5219 971 5264 acta
1005 5212 1306 5282 corrigendi

653 5297 950 5353 Deduxisse
982 5309 1218 5368 tempora
1237 5320 1249 5364 ;

647 5384 805 5439 I’lena
829 5387 998 5453 luctu,
1031 5399 1183 5444 caret
1208 5392 1386 5446 fructu

647 5477 779 5530 Sera
803 5479 1134 5546 pmuitentia.

724 5567 880 5623 Falsa
907 5581 1030 5623 tunc
1059 5570 1283 5628 dulcedo
1304 5572 1487 5630 carnis

649 5661 703 5713 In
737 5678 978 5717 amarum
1009 5665 1257 5729 vertitur,

1961 417 2014 475 Δ

2315 410 2538 478 Quando
2564 409 2779 462 brevem
2816 407 3166 475 voluptatem,

2325 501 2524 568 Perpes
2555 513 2711 567 paena
2738 499 2984 566 sequitur
3014 512 3026 548 :

2323 590 2443 645 Jam
2474 592 2613 660 quod
2641 605 2892 660 magnum
2920 588 3250 642 credebatur.

2332 683 2417 736 Nil
2449 681 2612 737 fuisse
2639 683 2901 736 cernitur.

2397 773 2570 842 Atque
2595 787 2745 827 mens
2770 773 2821 826 in
2851 786 3074 826 summa:
3103 769 3230 824 lucis

2325 861 2564 916 Gloriam
2601 861 2924 923 sustollitur,

2325 952 2661 1020 Aspernatur
2692 951 2860 1004 lutum
2889 950 3090 1011 carnis.

2342 1042 2458 1108 Quo
2483 1057 2656 1098 mersa
2685 1042 3042 1111 provolvitur,

2338 1131 2404 1186 Et
2427 1141 2486 1186 ut
2515 1131 2774 1186 carcerali
2805 1147 2944 1186 nexu

2333 1223 2662 1279 Ltetabunda
2703 1223 2949 1278 solvitur.

2396 1312 2501 1367 Sed
2530 1327 2746 1381 egressa
2778 1311 2970 1366 durum
3000 1311 3100 1365 iter

2329 1402 2618 1472 Experitur
2646 1403 2850 1465 anima,

2316 1493 2434 1558 Qua
2462 1493 2740 1546 incursant
2766 1491 2968 1548 furiosa

2331 1580 2473 1635 Dira:
2493 1582 2658 1652 pestis
2686 1582 2920 1650 agmina,

2331 1673 2396 1726 Et
2416 1674 2627 1728 diversa
2661 1674 2773 1726 suis
2794 1672 2928 1726 locis

2329 1761 2602 1815 Iustruunt
2628 1762 2949 1816 certamina.

2405 1851 2540 1907 Nam
2566 1855 2656 1908 hic
2682 1855 2990 1910 incentores
3012 1855 3168 1925 gulae,

2334 1943 2449 1999 Illic
2476 1945 2740 2010 avaritiae,

2330 2035 2470 2090 Alibi
2496 2036 2735 2090 fautores
2765 2037 2882 2101 irae,

2331 2125 2472 2180 Alibi
2496 2127 2793 2196 superbiae;

2331 2217 2456 2272 Vitii
2491 2217 2754 2288 cuiusque
2800 2219 2989 2289 globus

2326 2307 2465 2362 Suas
2492 2317 2648 2376 parat
2671 2311 2834 2364 acies.

2403 2399 2520 2453 Jam
2551 2401 2596 2454 si
2620 2400 2774 2487 cedat
2802 2417 2907 2454 una
2935 2412 3133 2464 turma.

2333 2489 2454 2544 Mox
2485 2491 2712 2561 insurgit
2741 2492 2907 2546 altera
2939 2508 2952 2545 :

2326 2579 2518 2636 Omnis
2539 2597 2628 2637 ars
2650 2591 2886 2637 tentatur
2913 2584 3056 2646 belli,

2328 2671 2517 2726 Omnis
2540 2687 2730 2742 pugna:
2754 2673 3026 2736 machina,

2330 2761 2407 2816 Ne
2433 2763 2500 2818 ab
2539 2764 2775 2818 hostium
2819 2764 3023 2834 pudore

2329 2851 2421 2906 Si'c
2444 2853 2637 2922 evadat
2659 2855 2860 2908 anima.

2396 2943 2440 2999 Ο
2471 2961 2631 3014 quam
2659 2953 2804 2999 torva
2837 2946 3154 3002 bellatorum

2330 3032 2566 3088 Monstra
2595 3043 2719 3088 sunt
2749 3033 3027 3100 feralium;

2332 3122 2504 3187 Tctri,
2537 3133 2740 3188 truces,
2775 3126 3065 3181 truculenti

2325 3211 2596 3266 Flammas
2620 3211 2801 3266 emant
2830 3214 3075 3277 naribus,

2328 3304 2629 3359 Dracontea
2664 3312 2874 3360 tument
2896 3305 3054 3371 colla,

2330 3396 2488 3449 Virus
2519 3395 2726 3449 stillant
2758 3395 3025 3452 faucibus.

2403 3483 2743 3554 Serpentinis
2773 3495 2988 3541 armant
3009 3489 3171 3559 spiris

2326 3573 2513 3628 Manus
2543 3575 2732 3630 doctas
2753 3576 2974 3645 prteliis,

2335 3662 2431 3718 His
2452 3672 2763 3732 oppugnant
2789 3665 3140 3722 adventantes

2326 3755 2472 3810 Telis
2497 3756 2643 3811 velut
2666 3756 2858 3811 ferreis
2890 3775 2902 3808 :

2330 3846 2444 3911 llis,
2476 3861 2614 3916 quos
2649 3850 2952 3914 attrahunt,
2983 3853 3199 3907 aeternis

2328 3935 2636 4007 Mancipant
2663 3939 2951 3995 incendiis.

2395 4029 2607 4094 Quaeso,
2639 4031 2872 4094 Christe,
2904 4031 3017 4087 Rex
3045 4033 3263 4100 invicte,

2331 4119 2410 4174 Tu
2437 4136 2696 4177 succurre
2717 4123 2942 4187 misero,

2327 4208 2440 4264 Sub
2460 4221 2718 4266 extrema:
2744 4212 2934 4267 mortis
2961 4214 3114 4277 hora,

2325 4299 2459 4356 Cum
2475 4302 2660 4371 jussus
2691 4302 2876 4357 abiero
2905 4319 2918 4357 :

2328 4394 2542 4449 Nullum
2569 4395 2623 4450 in
2651 4410 2850 4464 melus
2881 4406 3110 4467 tyranno

2333 4486 2646 4543 Prwbeatur
2681 4489 2863 4558 impio.

2404 4577 2572 4631 Cadat
2600 4580 2847 4647 princeps
2874 4579 3245 4643 tenebrarum,

2327 4664 2497 4719 Cadat
2531 4682 2658 4735 pars
2685 4676 2919 4721 tartarea
2952 4685 2964 4720 :

2326 4754 2532 4814 Pastor,
2549 4771 2702 4808 ovem
2721 4757 2832 4824 jam
2864 4757 3198 4825 redemptam

2331 4843 2481 4898 'I‘unc
2508 4845 2672 4899 reduc
2698 4845 2761 4898 ad
2785 4845 3038 4913 patriam,

2307 4934 2428 4989 ‘Ubi
2457 4945 2508 4990 te
2530 4937 2741 4990 videndi
2771 4952 2934 4992 causa

2334 5025 2589 5080 I’erl‘ruar
2611 5027 2663 5080 in
2695 5027 2907 5081 szecula.
2935 5031 3124 5084 Amen.

2403 5298 2793 5362 Jueundantur,
2824 5308 2879 5352 et
2907 5299 3153 5354 laatantur

2335 5387 2505 5439 Simul
2527 5402 2714 5440 omnes
2737 5387 2970 5456 reprobi,

2332 5478 2433 5542 Qui
2468 5478 2606 5547 regis
2626 5480 2910 5534 adventum
2946 5483 3097 5550 prius

2334 5568 2733 5637 Exspectabam
2765 5571 2959 5634 territi,

2333 5657 2615 5723 Fremuut,
2641 5658 2858 5722 cedunt,
2888 5659 3268 5726 intumescunt,

3509 291 3614 347 978

2045 5115 2152 5190 63
2173 5115 2448 5172 CCXXIV.
2480 5116 2544 5169 In
2565 5133 2651 5171 eos
2685 5119 2774 5186 qui
2801 5119 2865 5172 de
2896 5121 3027 5190 regis
3060 5121 3254 5175 ultione
3283 5125 3453 5176 securi
3479 5133 3621 5188 sunt,

2193 5209 2277 5262 sed
2301 5208 2563 5262 Christum
2591 5209 2806 5262 evadere
2850 5221 3129 5279 nequeunt.
3167 5211 3480 5282 R/tylltmus.
