4028 6168
376 317 484 378 979

1202 306 1263 363 S.
1287 303 1495 362 PETRI
1526 302 1804 360 DAMIANI
1842 301 1990 360 OPP.
2015 298 2249 356 TOMUS
2281 297 2413 355 SEU
2452 293 2631 351 PARS
2668 291 2756 348 IV.

671 427 737 480 Et
766 425 1026 480 insultant
1048 425 1282 498 miseris.

728 520 937 588 Quique
966 525 1090 571 sunt
1121 514 1337 583 lugendi
1372 513 1501 568 totis

664 608 1049 679 Lacrymarum
1082 605 1332 671 fontibus,

660 698 717 753 In
739 695 1005 765 superbia
1031 694 1287 749 sublimes

666 787 1009 842 Extolluntur
1035 784 1309 847 cornibus,

670 878 969 933 Phrenesin
1000 877 1166 931 robur
1186 882 1456 945 putantes,

671 968 831 1024 Sanis
856 969 1029 1023 rident
1057 966 1328 1021 ﬂentibus.

739 1056 843 1111 Sed
873 1056 999 1125 quid
1020 1054 1191 1123 juvat,
1219 1070 1251 1109 ο
1276 1054 1536 1123 perversi,

666 1144 714 1203 Ο
736 1148 998 1218 gebenna
1030 1145 1152 1199 ﬁlii!

664 1238 778 1292 Non
805 1240 999 1303 vitare,
1023 1237 1115 1293 sed
1140 1244 1353 1290 mutare

668 1329 927 1383 Tribunal
946 1327 1169 1399 judicii?

667 1420 780 1474 Sub
802 1419 1014 1475 mortali
1052 1433 1176 1488 rege
1202 1417 1305 1471 tuti

666 1508 940 1563 Christum
985 1524 1088 1561 non
1116 1507 1362 1560 evaditis.

730 1599 868 1653 Ecce
889 1599 1068 1651 veniet
1097 1608 1155 1650 ut
1184 1595 1381 1667 fulgur,

670 1689 850 1743 Minax
881 1705 943 1742 ac
973 1688 1256 1751 terribilis,

668 1779 808 1834 Solis
831 1778 1014 1843 ardor,
1041 1780 1179 1832 luna
1206 1777 1407 1831 candor

668 1868 1012 1922 luvolventur
1033 1867 1290 1930 tenebris,

678 1960 786 2012 Ima
812 1968 969 2013 terra
991 1967 1173 2028 petent
1201 1956 1391 2018 stella,
1456 2010 1463 2014 .

670 2049 802 2103 Gali
831 2049 991 2104 vulsa:
1014 2048 1254 2103 cardine.

749 2141 916 2197 Terra
941 2141 1178 2196 funditus
1202 2141 1431 2202 ardebit,

672 2230 802 2285 Gali
831 2240 1060 2285 trement
1089 2231 1325 2297 climata,

675 2320 950 2374 Elemeuta
987 2320 1368 2381 turbabuntur.

669 2410 900 2479 Rugient
926 2409 1183 2473 tonitrua,

671 2502 815 2572 Ignei
844 2500 1045 2555 micant
1070 2500 1302 2563 corusci,

677 2592 879 2648 Crebra
906 2592 1103 2646 cadunt
1126 2589 1368 2644 fulmina.

740 2682 797 2736 In
827 2680 1007 2736 furore
1050 2680 1316 2736 venientis

675 2774 760 2828 Fit
784 2782 1076 2841 tempestas
1098 2773 1295 2834 valida,

676 2863 812 2917 Tota
841 2863 1026 2917 mundi
1058 2860 1371 2916 tremefacta

680 2948 1086 3019 Conquassatur
1116 2950 1385 3011 machina,

674 3040 977 3094 xﬁstuantis
1005 3040 1231 3092 ﬂamma
1254 3038 1446 3107 globus

687 3132 909 3187 Vastum
951 3126 1140 3200 perﬂat
1171 3143 1317 3180 aera.

740 3221 890 3277 Tunc
913 3222 1005 3291 qui
1024 3235 1144 3276 eum
1170 3228 1510 3288 pupugcrunt

679 3314 920 3371 Cernunt
949 3327 1134 3366 omnes
1158 3311 1331 3379 impii,

677 3405 896 3461 Throno
923 3404 1080 3475 igneo
1106 3403 1395 3458 subnixum

580 3506 593 3509 “
686 3499 879 3567 Specie
906 3498 1156 3563 terribili,

677 3587 893 3658 Rogant
914 3596 1145 3652 montes,
1176 3596 1337 3641 orant
1356 3587 1540 3653 colles,

677 3677 1017 3734 Postulantes
1045 3677 1221 3730 obrui.

739 3766 862 3821 Mox
883 3766 1091 3822 occulta
1109 3766 1443 3837 singulorum

676 3855 900 3911 Cunctis
928 3864 1111 3925 patent
1134 3855 1397 3923 cordium,

685 3946 883 4013 Verba,
910 3947 1072 4013 facta,
1096 3963 1251 4003 mens
1275 3934 1510 4014 videtur,

684 4036 843 4092 Velut
871 4054 1068 4108 corpus
1091 4038 1343 4103 solidum,

679 4128 748 4182 Et
775 4146 1019 4185 amarum
1049 4132 1099 4185 in
1132 4142 1379 4186 auctores

678 4218 932 4275 Reddunt
956 4223 1337 4277 testimonium.

760 4311 866 4380 Ipsi
893 4313 1112 4383 spiritus
1143 4315 1311 4383 iniqui

686 4404 913 4469 Probra,
946 4420 1065 4471 qua
1087 4416 1485 4475 suggesserant,

688 4492 888 4564 Longis
914 4503 1133 4549 exarata
1168 4497 1326 4549 tomis

679 4584 1001 4654 Relegentes
1024 4588 1315 4657 explicant,

683 4677 850 4742 Loca,
877 4687 1117 4748 tempora
1144 4688 1439 4746 gestorum,

684 4766 969 4824 Etiuodos
1002 4782 1343 4825 enumerant.

754 4859 1067 4914 Irascuntur
1092 4871 1288 4916 cuncta
1319 4862 1500 4931 pravis

678 4949 1005 5019 Angelorum
1029 4952 1265 5019 agmina,

677 5038 1045 5094 Adversantur
1067 5041 1361 5103 elementa,

685 5130 917 5191 Caium.
944 5139 1105 5190 terra,
1138 5131 1399 5196 inanima,

686 5221 874 5277 Omnis
901 5237 1082 5276 rerum
1108 5232 1358 5276 creatura

699 5318 944 5373 Imminet
973 5319 1265 5372 contraria.

755 5409 892 5465 Ecce
924 5418 1086 5477 caput
1104 5411 1430 5480 iniquorum,

690 5501 862 5581 lierox
893 5502 980 5554 illa
1008 5502 1202 5567 bestia,

688 5590 799 5643 Sub
831 5600 1150 5647 cunctorum
1180 5592 1450 5648 denudata

687 5682 793 5750 62
820 5680 1077 5747 Trahitur
1100 5681 1385 5750 prasentia
1409 5698 1423 5734 :

1980 429 2027 483 Α

2338 412 2527 466 Patent
2557 417 2722 472 artes,
2760 405 2922 469 furta,
2956 399 3089 463 doli,

2338 503 2576 557 Fraudes
2600 511 2654 555 et
2683 497 2916 569 ingenia.

2414 682 2459 736 0
2485 695 2647 750 quam
2681 677 2821 740 dira,
2853 690 3016 744 quam
3039 673 3306 729 horrenda

2343 773 2486 835 Voce
2522 770 2691 825 Judex
2725 770 2952 832 intonat,

2342 864 2475 919 Cum
2502 861 2708 931 paratis
2739 858 2907 929 mergi
2944 857 3175 926 ﬂammis

2349 955 2658 1011 Maledictos
2685 953 2941 1022 imperat;

2344 1048 2465 1102 Mox
2492 1045 2791 1115 deglutiens
2821 1043 3060 1096 viventes

2353 1136 2533 1206 Stygis
2553 1134 2658 1188 olla
2686 1133 2928 1187 devorat.

2419 1224 2759 1293 Vaporantur
2797 1219 3036 1274 infelices

2350 1316 2518 1381 Intus,
2543 1322 2597 1369 et
2625 1312 2994 1373 extrinsecus;

2350 1403 2689 1472 Crepitantes
2719 1400 2949 1455 strident
2979 1396 3226 1461 ﬂamma,

2354 1494 2508 1549 Velut
2532 1491 2731 1548 ardens
2752 1489 2997 1545 clibanus
3033 1506 3046 1541 :

2350 1586 2473 1648 Ore,
2498 1582 2739 1647 naribus,
2768 1590 2821 1635 et
2848 1579 2979 1649 ipsis

2351 1674 2630 1732 Proﬂuunt
2652 1671 2963 1727 luminibus.

2417 1764 2739 1822 Immortalis
2761 1779 2907 1818 mors
2933 1759 3151 1822 occidit,

2350 1857 2462 1913 Nec
2485 1857 2707 1913 omnino
2729 1852 2944 1924 perimit
2968 1866 2982 1905 :
3049 1872 3059 1879 ο

2350 1954 2495 2022 Ignis
2515 1952 2640 2014 urit,
2665 1964 2772 2005 non
2788 1945 3079 2007 consumit,

2358 2043 2468 2098 Nec
2496 2040 2764 2097 defectum
2793 2035 2985 2106 recipit
3014 2053 3028 2087 :

2354 2136 2474 2190 Vita
2498 2134 2743 2195 moritur,
2767 2144 2913 2185 mors
2934 2127 3084 2191 vivit;

2357 2218 2512 2281 Finis
2535 2239 2749 2293 semper
2779 2219 2983 2291 incipit.

2431 2316 2689 2372 Rediviva
2720 2323 2924 2383 septem
2954 2309 3124 2380 plaga

2359 2408 2641 2463 Renovant
2666 2403 2944 2475 supplicia,

2361 2500 2582 2563 Fumus,
2606 2495 2764 2561 fetor,
2796 2494 2965 2564 algor,
3003 2492 3181 2556 ardor,

2358 2588 2575 2653 Fames,
2599 2587 2720 2642 sitis
2749 2586 2925 2655 ignea,

2363 2679 2586 2733 Vermes
2613 2691 2881 2746 nunquam
2910 2673 3201 2730 satiantur.

2365 2767 2466 2835 Qui
2496 2765 2788 2823 corrodunt
2813 2764 3040 2830 viscera.

2432 2860 2545 2917 Illic
2566 2859 2739 2922 dolor,
2766 2858 3056 2919 cruciatus,

2365 2953 2568 3015 Fletus,
2603 2953 2803 3006 stridor
2831 2949 3090 3010 dentium,

2364 3045 2573 3098 Adsunt
2598 3041 2844 3096 fremitus
2874 3039 3111 3103 leonum,

2365 3135 2519 3190 Sibili
2550 3134 2874 3203 serpentium
2904 3150 2916 3184 :

2369 3228 2574 3293 Quibus
2606 3227 2759 3281 mixti
2784 3224 3189 3280 confunduntur

2368 3316 2616 3373 Ululatus
2651 3315 2913 3370 ﬂentium.

2436 3407 2589 3463 Molis
2618 3406 2814 3462 trabea
2843 3406 3106 3460 dracones

2375 3497 2522 3552 Laxa
2546 3498 2786 3567 pandunt
2815 3504 3054 3567 guttura,

2365 3589 2605 3654 Quorum
2626 3587 2765 3643 oculi
2795 3587 3021 3655 sagittas

2364 3679 2679 3735 Jaculantur
2709 3679 2919 3749 igneas;

2366 3771 2562 3825 Cauda
2591 3769 2774 3824 chelas
2802 3770 3141 3839 scorpionum

2368 3859 2574 3915 Planta
2602 3857 2837 3927 produnt
2864 3860 3099 3928 viperas.

2434 3949 2683 4005 Tendunt
2708 3951 2924 4021 quidem
2956 3951 3021 4003 ad
3046 3965 3150 4004 non
3174 3964 3314 4019 esse,

2371 4042 2476 4096 Sed
2500 4056 2604 4095 non
2634 4055 2756 4095 esse
2777 4041 3027 4096 desinunt
3056 4059 3068 4093 :

2375 4136 2567 4190 Vivont
2594 4138 2773 4202 morti,
2805 4138 2989 4191 volunt
3018 4139 3174 4203 mori,

2370 4227 2474 4281 Sed
2500 4228 2717 4282 omnino
2739 4238 3009 4297 nequeunt
3042 4245 3057 4281 :

2371 4316 2471 4383 Qui
2505 4319 2642 4372 male
2670 4319 2869 4382 vixere,
2903 4319 3089 4373 vitam

2374 4408 2478 4462 Pro
2504 4417 2769 4463 tormento
2794 4408 3085 4478 perferunt.
3150 4422 3155 4426 ‘

2442 4497 2567 4551 Hac
2586 4514 2696 4567 pra
2715 4501 2905 4563 oculis,
2932 4502 3142 4568 vesani,

2373 4588 2751 4643 Formidantcs
2780 4592 2984 4658 ponite.

2371 4677 2493 4734 Hac
2523 4680 2707 4734 subtili
2739 4691 3136 4749 pertractantcs

2366 4771 2555 4827 Studio
2581 4772 2858 4834 revolvite,

2368 4862 2434 4915 Et
2455 4878 2741 4931 pravorum
2774 4862 2965 4916 vinclis
2996 4877 3203 4916 morum

2273 5020 2285 5032 .
2371 4952 2517 5009 Colla
2541 4954 2733 5008 mentis
2755 4953 2965 5007 solvite.

2449 5045 2578 5099 Nam
2604 5054 2821 5113 paratus
2842 5054 2923 5098 est
2945 5044 3221 5097 conversis

2382 5134 2661 5204 Indulgere
2691 5135 2927 5198 veniam,

2371 5226 2472 5291 Qui
2503 5225 2775 5293 perversis
2801 5225 2977 5277 adhuc
3007 5224 3209 5291 premit

2372 5315 2634 5369 Vindicta
2660 5315 2999 5367 sententiam.

2274 5464 2281 5465 ί
2371 5403 2547 5467 Salus,
2572 5403 2745 5457 honor
2771 5405 2858 5471 pio
2880 5403 3009 5471 Regi

2373 5497 2471 5549 l’er
2496 5505 2695 5551 alerna
2725 5497 2939 5549 sacula.
2972 5498 3161 5549 Amen.

2273 5586 2546 5641 CCXXVI.
2576 5586 2651 5640 De
2670 5587 2838 5656 gloria
2864 5588 3119 5654 paradisi.
3155 5587 3461 5657 Iihytlimm.

2441 5676 2520 5731 Ad
2553 5678 2808 5747 perennis
2843 5678 2965 5731 vita
2995 5678 3199 5731 lotitcm

3528 286 3631 342 980

2056 590 2309 649 CCXXV.
2334 591 2616 659 ﬂuctuque
2639 588 2702 641 de
2730 587 2982 648 adventu;
3007 583 3129 636 hinc
3149 582 3214 635 de
3234 578 3395 650 panis
3420 583 3631 636 interm.
