4028 6168
336 311 432 370 981

567 433 719 492 Mens
749 438 918 495 sitivit
942 443 1116 508 arida,

568 525 817 583 Claustra
839 533 1021 587 carnis
1048 547 1246 604 praesto
1269 542 1438 610 trangi

563 611 758 670 Clausa
782 622 976 686 quaerit
1002 625 1180 678 anima
1206 645 1218 679 :

561 699 770 768 Gliseit,
798 709 984 773 ambit,
1015 711 1284 767 eluctatur

569 793 731 849 Exsul
764 797 866 851 frui
895 803 1092 867 patria.

633 884 741 954 63
772 886 904 941 Dum
933 894 1202 958 pressaris
1231 911 1294 951 ac
1321 911 1580 954 mrumms

559 970 630 1027 Se
653 977 818 1045 gemit
835 979 1120 1036 obnoxiam
1144 1024 1159 1048 ,

559 1059 731 1127 Quam
759 1067 964 1133 amisit,
989 1085 1110 1125 cum
1136 1073 1378 1143 deliquit,

552 1149 962 1224 Contemplator
995 1159 1241 1229 gloriam.

551 1240 797 1299 Prreseus
827 1247 1022 1304 malum
1075 1263 1235 1318 auget
1256 1254 1382 1310 boni

554 1330 754 1389 Perditi
787 1341 1127 1395 memoriam.

621 1423 757 1479 Nam
779 1429 902 1496 quis
927 1441 1139 1500 promat
1166 1447 1401 1490 summa:
1417 1440 1567 1506 pacis

549 1513 761 1581 Quanta
796 1520 865 1573 sit
893 1521 1102 1588 laetitia,

551 1603 648 1661 Ubi
682 1608 817 1664 vivis
843 1615 1156 1683 margaritis

543 1701 790 1771 Surgunt
809 1707 1033 1763 azdificia
1051 1749 1067 1774 ,

545 1791 694 1846 Auro
717 1795 864 1852 celsa
894 1799 1099 1854 micant
1125 1809 1285 1868 tecta,

539 1878 772 1936 Radiant
795 1885 1060 1953 triclinia]!

602 1972 742 2029 Solis
775 1979 1004 2047 gemmis
1028 1982 1286 2049 pretiosis

536 2061 660 2118 llaec
689 2074 958 2122 structura
984 2072 1245 2140 nectitur,

535 2150 682 2207 Auro
711 2158 910 2211 mundo
950 2167 1206 2229 tanquam
1247 2164 1388 2220 vitro

535 2240 694 2296 Urbis
721 2243 806 2297 via
835 2248 1103 2302 sternitur
1129 2268 1141 2302 :

520 2327 688 2384 Abest
723 2330 904 2398 limus,
929 2335 1083 2390 deest
1111 2338 1292 2408 limus,

533 2420 672 2476 Lucs
708 2423 849 2476 nulla
893 2427 1154 2484 cernitur.

599 2510 780 2568 Hiems
806 2515 1056 2583 horrens,
1094 2529 1258 2579 aestas
1281 2531 1494 2582 torrens

525 2601 638 2657 lllic
673 2621 947 2676 nunquam
975 2611 1204 2666 saeviunt
1236 2631 1250 2667 :

521 2690 646 2746 Flos
669 2709 972 2765 purpureus
999 2715 1244 2757 rosarum

534 2782 638 2836 Ver
667 2787 776 2854 agit
802 2797 1121 2858 perpetuum
1165 2811 1178 2846 :

518 2872 761 2930 Candent
787 2878 916 2947 lilia,
939 2883 1178 2941 rubescit

522 2964 747 3035 Crocus,
779 2972 943 3025 sudat
964 2973 1283 3033 balsamum.

585 3058 776 3112 Vireut
801 3071 974 3130 prata,
999 3076 1226 3123 vernant
1246 3079 1385 3137 sata,

434 3192 436 3194 ,
513 3145 631 3202 Rivi
667 3151 843 3206 incllis
869 3153 1116 3218 influunt,

509 3239 911 3311 Plgmentorum
942 3259 1110 3318 spirat
1135 3253 1290 3319 odor,

507 3329 708 3399 Liquor
727 3343 781 3388 et
817 3347 1145 3406 aromatum,

505 3420 750 3477 Pendeat
769 3441 928 3495 poma
955 3426 1277 3488 ﬂoridorum

507 3508 624 3564 Non
649 3511 861 3582 lapsura
888 3531 1190 3575 nemorum.

578 3607 694 3663 Non
721 3610 954 3668 alternat
980 3614 1104 3672 luna
1137 3619 1303 3687 vices,

501 3695 615 3764 Sol,
643 3699 726 3754 vel
757 3718 947 3759 cursus
975 3706 1213 3765 siderum
1252 3729 1264 3762 :

504 3789 691 3861 Agnus
711 3803 796 3850 est
830 3795 1003 3853 felicis
1026 3798 1188 3856 Urbis

493 3877 699 3936 Lumen
727 3883 1105 3956 inocciduum;

493 3968 608 4024 Nox
641 3983 696 4026 et
728 3983 939 4045 tempus
969 3979 1165 4037 desunt
1195 3985 1266 4050 ei,

493 4058 645 4114 Diem
672 4063 777 4118 fert
804 4068 1144 4125 continuum.

562 4151 696 4208 Nam
728 4167 782 4210 et
803 4161 974 4215 sancti
1003 4163 1226 4234 quique,
1254 4169 1398 4225 velut

487 4241 579 4298 Sol
616 4248 927 4318 praeclarus,
953 4257 1196 4315 rutilant.

483 4331 612 4389 Post
645 4338 973 4411 triumphum
997 4353 1241 4407 coronati

481 4420 666 4482 Mutuo
697 4432 1051 4504 conjubilant,

481 4511 549 4568 Et
585 4523 842 4596 prostrati
873 4540 1082 4597 pugnas
1112 4531 1284 4589 hostis

474 4601 592 4659 Jam
623 4612 800 4665 securi
831 4629 1138 4676 numerant.

551 4700 712 4756 Omni
746 4703 867 4759 labe
905 4708 1150 4766 defaecati

477 4787 672 4846 Carnis
698 4787 836 4846 bella
869 4797 1136 4864 nesciunt,

476 4877 615 4934 Caro
640 4880 781 4935 facta
805 4883 1064 4952 spiritalis

473 4977 540 5032 Et
569 4995 744 5048 mens,
774 4999 940 5040 unum
972 4990 1213 5047 sentiunt
1241 5012 1254 5049 :

467 5077 604 5138 Pace
641 5083 808 5140 multa
839 5087 1182 5156 perfruentes

470 5179 733 5241 Scandala
756 5203 862 5244 non
898 5191 1200 5259 perferunt.

535 5278 880 5342 Mutabilibus
905 5290 1052 5344 exuti

460 5381 736 5454 Repetunt
763 5391 1050 5463 originem,

463 5479 530 5536 Et
551 5496 878 5552 praesentem
904 5494 1154 5552 veritatis

453 5580 902 5657 Contemplantur
922 5594 1155 5662 speciem
1169 5637 1185 5662 ,

459 5679 596 5740 llinc
625 5683 842 5744 vitalem
873 5691 975 5746 vivi
1007 5692 1176 5753 fontis

1536 332 1618 388 CA
1631 331 1840 392 llMlNA
1881 331 1967 387 ET
1997 332 2280 391 PRECES.

2253 456 2520 516 Hauriunt
2549 462 2906 520 dulcedinem.

2324 551 2450 607 Inde
2473 563 2671 609 statum
2695 572 2910 626 semper
2932 559 3090 614 iidem

2245 637 2523 697 Existendi
2553 645 2796 713 capiunt,

2242 729 2408 796 Clari,
2438 734 2623 800 vividi,
2648 735 2897 804 jucundt,

2248 822 2359 893 64
2384 822 2556 880 Nullis
2580 835 2763 894 patent
2790 830 3006 886 casibus
3039 849 3051 884 :

2243 913 2452 968 Absunt
2483 919 2680 983 morbi,
2711 934 2924 990 semper
2943 923 3094 979 sanis

2240 1007 2503 1061 Senectus
2522 1009 2831 1077 juvenibus.

2310 1092 2445 1149 Hinc
2473 1110 2708 1164 perenne
2734 1109 2918 1155 tenent
2945 1118 3084 1168 esse,

2221 1178 2356 1234 Nam
2383 1186 2618 1239 transire
2648 1189 2860 1244 transiit
2888 1206 2900 1243 ;

2241 1272 2371 1328 lude
2400 1276 2575 1331 virent
2627 1281 2824 1352 vigent,
2859 1281 3070 1347 ﬂorent.

2233 1359 2548 1434 Corruptela
2579 1371 2804 1435 corruit,

2185 1455 2200 1468 '
2245 1445 2671 1514 inmortalitatis
2712 1463 2864 1531 vigor
2955 1526 2960 1530 ,

2175 1599 2178 1602 ,
2243 1541 2434 1599 Mortis
2457 1545 2546 1615 jus
2589 1549 2888 1608 absorbuit.

2300 1632 2401 1700 Qui
2431 1638 2692 1694 scientem
2717 1653 2913 1697 cuncta
2937 1645 3139 1713 sciunt,

2233 1719 2334 1788 Qui
2360 1727 2570 1780 nescire
2595 1739 2897 1799 nequeunt;

2226 1809 2360 1866 Nam
2395 1825 2450 1868 et
2473 1819 2708 1884 pectoris
2733 1836 2935 1878 arcana

2230 1898 2518 1957 Penetraut
2548 1906 2864 1964 alterutrum
2896 1930 2909 1964 :

2235 1990 2409 2049 Unum
2434 1996 2642 2063 volunt,
2672 2016 2838 2056 unum
2865 2004 3076 2074 nolunt,

2229 2080 2421 2138 Unitas
2441 2075 2530 2140 cst
2557 2089 2840 2144 mentium.

2300 2173 2452 2230 Licet
2472 2177 2668 2248 cuique
2696 2181 2764 2234 sit
2794 2182 3066 2240 diversum

2223 2261 2327 2316 Pro
2352 2264 2534 2321 labore
2563 2271 2756 2324 meritu
2766 2288 2838 2336 m.

2219 2348 2471 2408 Charitas
2490 2354 2605 2410 hzec
2628 2373 2784 2412 suum
2816 2359 2944 2416 facit

2215 2438 2371 2505 Quod
2399 2452 2546 2498 amat
2575 2445 2627 2498 in
2657 2445 2828 2501 altero
2865 2466 2879 2502 :

2219 2528 2504 2598 Proprium
2531 2533 2609 2588 sic
2635 2535 2967 2606 singulorum

2212 2620 2511 2678 Commune
2535 2624 2593 2678 fit
2619 2627 2881 2684 omnium.

2287 2711 2388 2768 Ubi
2421 2728 2636 2785 corpus,
2669 2717 2796 2775 illuc
2811 2719 2940 2789 jure

2217 2799 2628 2876 Congregantur
2653 2809 2869 2880 aquilae,

2207 2895 2324 2959 Quo
2349 2909 2470 2950 cum
2512 2899 2716 2970 angelis
2751 2912 2806 2958 et
2839 2906 3044 2963 sanctis

2211 2980 2543 3043 Recreentur
2567 2992 2762 3049 animae
2792 3012 2806 3048 :

2207 3074 2324 3131 Uno
2351 3093 2486 3147 pane
2519 3081 2703 3136 vivunt
2731 3084 2879 3142 cives

2209 3164 2499 3236 Utriusque
2525 3172 2734 3239 patriae.

2275 3256 2456 3321 Avidi,
2489 3268 2546 3313 et
2571 3274 2787 3330 semper
2811 3265 2977 3334 pleni,

2201 3341 2352 3409 Quod
2387 3345 2586 3404 habent
2615 3350 2969 3414 desiderante:

2197 3435 2312 3489 Non
2349 3441 2573 3496 satietas
2604 3444 2830 3509 fastidit,

2197 3525 2382 3597 Neque
2412 3531 2584 3589 fames
2615 3539 2826 3624 crpeiat
2860 3559 2873 3593 :

2191 3615 2466 3677 lnbiantes
2496 3615 2708 3695 semper
2731 3630 2921 3699 edunt,

2190 3708 2257 3763 Et
2290 3711 2510 3770 edentes
2539 3716 2767 3775 inhiant.

2260 3798 2438 3858 Novas
2457 3819 2670 3877 semper
2694 3810 3010 3872 harmomas

2190 3896 2305 3952 Vox
2336 3901 2545 3958 meloda
2575 3920 2886 3979 concrepat,

2183 4000 2270 4068 Et,
2306 4003 2358 4057 in
2377 4003 2608 4074 jubilum
2636 4011 2868 4080 prolata,

2182 4101 2417 4159 Mulcent
2443 4122 2603 4163 aures
2623 4124 2826 4181 organa
2844 4132 2859 4176 ;

2185 4201 2372 4273 Digna,
2403 4219 2501 4274 per
2523 4223 2683 4278 quem
2713 4223 2840 4269 sunt
2871 4216 3124 4290 victores,

2180 4303 2310 4374 Regi
2333 4306 2461 4361 dant
2480 4312 2766 4392 praeconia.

2250 4403 2402 4460 Felix
2425 4408 2545 4463 (ιωΙί
2579 4427 2698 4480 quae
2723 4428 3046 4484 prreseutem

2173 4502 2376 4574 Regem
2398 4509 2571 4562 cernit
2596 4512 2802 4580 anima,

2180 4602 2246 4657 Et
2275 4605 2376 4660 sub
2402 4610 2529 4663 sede
2551 4621 2760 4679 spectat
2788 4615 2896 4672 alta

2175 4705 2334 4762 Orbis
2363 4710 2505 4766 volvi
2532 4716 2862 4782 machinam,

2170 4804 2372 4870 Solem,
2405 4809 2610 4875 lunata,
2640 4821 2696 4866 et
2729 4812 2944 4883 globosa

2165 4906 2299 4959 Cum
2322 4907 2553 4976 planetis
2581 4911 2776 4968 sidera.

2238 5009 2476 5079 Christe,
2501 5013 2680 5083 palma
2706 5017 3050 5092 bellatorum,

2168 5108 2278 5166 Hoc
2304 5112 2356 5166 in
2389 5115 2738 5188 municipium

2161 5209 2417 5268 Introduc
2449 5230 2535 5270 me
2561 5227 2684 5286 post
2718 5221 2951 5278 solutum

2158 5310 2386 5370 Militare
2416 5316 2686 5388 cingulum
2717 5340 2732 5377 :

2158 5414 2264 5471 Fac
2289 5431 2595 5476 consortem
2623 5424 2866 5483 donativi

2153 5514 2444 5572 Beatorum
2476 5521 2696 5579 civium.

2222 5613 2408 5673 Prmbe
2427 5621 2573 5678 vires
2604 5625 2930 5686 inexhausta

2144 5710 2438 5774 Laboranti
2461 5721 2649 5791 prelio
2675 5740 2694 5781 :

3441 359 3548 416 982
