4028 6168
519 195 620 250 885
1004 207 1501 266 COLLECTANEA
1532 210 1598 264 1N
1638 207 1864 264 VETUS
1897 205 2435 263 TESTAMENTUM.
2469 241 2536 249 —
2576 209 2902 264 CAJETANI
2935 209 3325 265 Pii/EFATIO.
3653 205 3760 259 986
3819 249 3826 258 .

803 316 980 381 Falso,
1010 328 1062 371 ut
1093 335 1218 375 vero
1247 322 1434 391 patuit.
2113 331 2188 384 Α·
2549 319 2612 373 Ut
2651 321 2805 372 fidem
2837 320 2916 372 eis
2949 332 3263 386 congruam,

871 407 1038 470 Unus,
1077 411 1164 476 qui
1196 427 1298 464 non
1331 411 1620 479 superfuit,
2479 413 2535 464 Si
2566 423 2621 466 et
2646 427 2830 479 pacem
2859 411 3166 464 continuam

801 495 932 550 Cum
961 500 1185 562 audivit,
1213 501 1434 556 indoluit
2481 507 2736 558 Servaret
2760 503 2903 556 omni
2935 509 3175 570 tempore
3195 541 3208 563 ,

802 586 1133 644 Occubuisse
1159 594 1362 646 socium
2479 594 2612 647 Dum
2644 594 2846 646 viveret
2877 591 2928 644 iu
2961 606 3208 658 corpore.

808 676 1006 731 Natura
1038 680 1140 734 sibi
1171 683 1497 750 proximum.
2552 685 2606 736 Si
2636 683 2788 736 ﬁrma
2815 689 2954 734 stent
2989 682 3100 733 haec
3125 679 3230 733 fma

875 768 1122 823 Palrator
1149 773 1280 826 muti
1304 775 1523 828 sceleris
2482 774 2642 834 Deus,
2668 774 2754 840 qui
2787 773 2934 826 novit
2961 763 3163 834 omuia‘,

800 857 911 911 Sub
943 861 1130 914 umbra
1159 862 1276 915 falsi
1309 863 1497 916 militis
2481 863 2595 933 Ipse
2617 866 2737 928 scit,
2773 863 3129 933 ipsejudicct,

797 947 1050 1004 Promisit
1087 952 1170 1006 his
1209 952 1499 1022 aliquando
2483 953 2548 1008 Ut
2588 955 2688 1008 sibi
2715 955 2907 1024 placet,
2937 954 3192 1007 vindicet.

786 1037 1030 1093 Manibus
1059 1051 1112 1094 et
1141 1043 1398 1112 perjurio.

1438 1196 1504 1250 Et
1539 1197 1822 1252 exsultabit
1850 1197 2032 1265 lingua
2062 1212 2174 1248 mea
2193 1196 2458 1265 justitiam
2485 1201 2628 1246 tuam
2647 1232 2662 1256 ,
2689 1193 2850 1244 Deus.

521 1283 672 1340 Finis
699 1285 830 1340 tomi
878 1289 1054 1354 quarti
1083 1297 1138 1342 et
1159 1289 1333 1344 ultimi
1361 1290 1598 1359 Operum
1639 1290 1700 1344 Β.
1737 1290 1881 1343 Petri
1911 1289 2180 1350 Damiani,
2211 1287 2266 1341 S.
2295 1287 2358 1339 Β.
2389 1287 2450 1359 _E.
2480 1285 2790 1359 cardinalis,
2821 1284 3054 1359 episcopi
3074 1283 3360 1349 Ostiensis,
3392 1297 3458 1338 es
3487 1282 3679 1338 ordine
3707 1281 3766 1337 S.

1377 1355 1436 1412 ΡΖ
1468 1359 1766 1424 Benedicti,
1789 1359 2030 1415 doctoris
2059 1357 2403 1414 disertissimi
2436 1371 2500 1410 ac
2527 1355 2877 1409 sanctissimi.
2903 1395 2924 1408 .

541 1519 1232 1550 mra—a—-—o———_.

781 1538 1232 1547 -—_—-._~————-——

765 1538 1264 1547 .———-.~————-—-———

1915 1524 2214 1533 ———_..———.—-
2221 1521 3082 1531 _—_———————————.—.———.o—————
3091 1519 3506 1528 _.———_-——--—

1915 1533 3374 1543 _.___.—.-__——___—-.-—.————.———_——_—————
3384 1537 3388 1541 .
3401 1533 3506 1542 n—n—

2159 1522 2666 1543 =.==—"—'
2669 1535 2698 1542 α
2701 1535 2734 1542 -ο-
2737 1535 2794 1542 ..-
2797 1535 2904 1542 ..-..
2907 1522 3072 1542 “..--.-.“-¹
3077 1522 3150 1542 --“““
3155 1519 3374 1542 _.___—"-"'"""
3384 1537 3388 1541 .
3401 1521 3554 1543 —_."
3557 1516 3750 1543 =3

2597 1533 3374 1542 _—--—.———._———_—-—————
3384 1537 3388 1541 .
3401 1531 3554 1544 ι--ο-

939 1675 1725 1828 COLLEGTANEA
1827 1675 1964 1824 IN
2039 1671 2398 1826 VETUS
2507 1666 3355 1821 usurum

1751 1971 1875 2047 EX
1924 1966 2496 2046 OPUSCULIS
2791 1961 2816 1974 ”

1285 2186 1458 2294 Β.
1513 2158 2093 2292 PETRI
2189 2178 3014 2291 DAMIANI

1375 2431 1462 2484 AB
1499 2427 1839 2483 ANONYMO
1879 2425 2106 2481 ILLIUS
2147 2422 2508 2478 DISCIPULO
2547 2411 2915 2480 EXCERPTA

1271 1540 1606 1548 m—

2227 1536 2596 1545 m

1877 2601 2040 2642 CURA
2087 2599 2166 2640 ET
2202 2597 2427 2640 STUDIO

1213 2768 1602 2860 DOMNI
1681 2762 2489 2856 CONSTANTINI
2559 2757 3126 2849 CAJETANI

1225 2980 1289 3018 EX
1321 2977 1408 3016 MS.
1440 2974 1625 3013 CODICE
1665 2973 1776 3011 SINE
1819 2969 2180 3009 BIBLIOTII‘EC:E
2214 2969 2472 3008 ANIClAN£
2516 2969 2715 3008 PRIMU.“
2756 2967 3058 3009 ΕνυιϐΛτΑ.

1318 3214 1562 3287 65-70
1644 3227 2206 3319 CAJETANI
2317 3225 2992 3316 PBZEFATIO.

600 3557 802 3612 Habent
846 3557 972 3616 hoc,
1021 3556 1181 3608 lector
1206 3557 1426 3625 optime,
1459 3553 1832 3608 catholicorum
1879 3552 2099 3605 Patrum
2133 3555 2176 3614 Β
2205 3555 2320 3602 dem
2349 3549 2630 3602 beatissimi
2662 3547 2905 3602 avunculi
2937 3547 3190 3616 epistolte,
3219 3549 3429 3603 direxit.
3461 3547 3565 3610 Hic
3590 3563 3664 3606 est
3695 3554 3781 3607 ille

530 3651 722 3718 scripta
753 3648 1095 3716 prtecipuum,
1121 3645 1260 3714 quod
1285 3646 1340 3697 in
1367 3644 1454 3708 iis,
1486 3653 1732 3711 tanquam
1761 3642 1815 3694 in
1865 3641 2104 3694 ammais—
2207 3638 2500 3692 Damianus
2551 3639 2710 3692 abbas
2759 3638 2944 3706 cujus,
2981 3649 3032 3691 ut
3077 3641 3293 3708 opinor,
3335 3641 3396 3695 S.
3445 3641 3675 3707 Brunus,
3717 3659 3782 3697 ea:

526 3740 670 3794 simis
701 3739 887 3800 hortis,
917 3751 1184 3789 sacrarum
1202 3736 1356 3804 ﬂores
1382 3734 1577 3798 passim
1610 3730 1842 3784 redolent
1865 3730 2106 3798 Scriptu-
2208 3729 2389 3784 abbate
2423 3729 2638 3782 etenobii
2663 3727 2964 3784 Casinensis
2993 3731 3264 3800 episcopus
3297 3730 3550 3801 Signinus
3597 3733 3780 3803 (initio

529 3844 706 3880 rarum
743 3841 760 3877 :
790 3828 844 3879 in
886 3827 1072 3895 quibus
1115 3835 1292 3894 postea
1328 3823 1630 3893 colligendis
1651 3861 1664 3883 ,
1694 3831 1741 3874 et
1773 3823 1829 3874 in
1869 3821 2104 3874 ordinem
2207 3835 2420 3872 suorum
2451 3820 2505 3872 in
2535 3819 2902 3886 Apocalypsin:
2946 3819 3481 3885 Commentariorum,
3506 3839 3624 3890 qua:
3657 3833 3780 3876 ante

529 3917 856 3985 redigendis,
904 3925 1230 3985 posterorum
1283 3933 1383 3970 non
1431 3918 1544 3968 sine
1595 3915 1750 3967 laude
1799 3923 2108 3968 exercentur
2209 3911 2406 3980 aliquot
2435 3927 2602 3962 annos
2629 3911 2682 3963 in
2713 3911 3061 3963 vetustissimo
3099 3911 3273 3963 codice
3307 3910 3663 3980 Langobardis
3694 3912 3782 3965 lit-

526 4007 752 4075 ingenia.
787 4004 874 4060 Sic
903 4022 968 4058 ea:
992 4005 1282 4074 Augustino
1318 4006 1528 4058 doctore
1556 4007 1862 4074 gravissimo
1893 4021 1955 4056 ac
1983 4021 2108 4056 san-
2208 4006 2334 4058 teris
2362 4005 2576 4072 scripto,
2608 4005 2748 4072 apud
2799 4003 3081 4056 Horatium
3123 4004 3187 4056 de
3233 4001 3376 4056 Valle
3416 4003 3472 4056 J.
3509 4003 3571 4057 C.
3607 4021 3669 4057 ac
3718 4007 3784 4058 dc

527 4097 778 4158 ctissimo,
820 4095 963 4148 Beda
995 4106 1186 4160 noster,
1215 4097 1296 4148 vir
1337 4097 1492 4148 etiam
1524 4113 1624 4149 non
1656 4096 1828 4148 minus
1861 4094 2108 4163 religione
2211 4111 2290 4148 me
2331 4095 2492 4164 deque
2526 4093 2758 4147 Romana
2789 4095 3111 4168 antiquitate
3158 4095 3346 4164 optimc
3391 4097 3660 4156 meritum,
3709 4097 3788 4148 ui-

527 4201 682 4255 quam
707 4185 949 4238 doctrina
975 4185 1193 4254 insignis
1224 4201 1294 4239 ac.
1311 4185 1588 4237 sanctitate
1612 4183 1808 4246 clarus,
1839 4181 2106 4252 Epistolas
2209 4184 2346 4238 disse
2373 4199 2454 4236 me
2481 4184 2611 4253 scio)
2650 4184 2936 4252 honoriﬁce
2963 4185 3232 4247 meminit,
3264 4185 3478 4253 ejusque
3507 4195 3688 4254 rogatu
3729 4203 3783 4239 se

529 4276 691 4330 Pauli
739 4279 1126 4346 interpretatus,
1155 4293 1270 4347 qua:
1298 4277 1386 4330 ille
1412 4278 1634 4344 sparsim
1679 4275 1856 4330 multis
1897 4277 1950 4328 in
1979 4273 2108 4326 locis
2213 4273 2602 4326 Commentaria
2632 4274 2902 4342 scripsisse
2928 4275 2980 4328 in
3003 4272 3205 4328 Isaiam
3233 4259 3531 4344 prophetam
3561 4291 3784 4328 comme-

528 4367 768 4430 dixerat,
816 4368 948 4420 miro
996 4369 1178 4421 ordine
1225 4369 1278 4420 in
1330 4383 1491 4420 unum
1539 4368 1776 4420 volumen
1831 4365 2106 4434 congessit.
2211 4377 2414 4431 morat;
2449 4367 2602 4420 alteri
2629 4379 2800 4423 tamen
2843 4372 3181 4436 monasterio,
3207 4387 3363 4441 quam
3396 4369 3582 4424 Fontis
3629 4371 3778 4426 Avel-

535 4459 660 4512 Non
714 4459 866 4511 aliter
911 4459 970 4512 S.
1023 4458 1269 4513 Paterius
1296 4500 1310 4523 ,
1356 4461 1624 4527 episcopus
1675 4457 1965 4511 Brixiensis
1993 4497 2008 4519 ,
2060 4463 2108 4506 et
2211 4457 2340 4522 lani,
2369 4459 2536 4526 ipsum
2577 4460 2852 4528 prtefuisse
2877 4477 3078 4514 necesse
3121 4470 3216 4525 est,
3248 4460 3664 4530 quandoquidem
3695 4477 3783 4529 qui

529 4549 785 4616 Alulphus
816 4550 972 4601 etiam
1003 4551 1311 4612 monachus,
1343 4550 1494 4602 ambo
1517 4547 1865 4607 Benedictini,
1900 4561 2017 4614 qua:
2045 4560 2109 4598 ex
2210 4549 2353 4602 illius
2397 4559 2552 4619 caput
2579 4561 2711 4613 erat,
2743 4560 2814 4613 et,
2841 4561 2896 4603 ut
2931 4553 3004 4604 ita
3035 4553 3237 4614 dicam,
3268 4552 3650 4617 ctenobiarclta,
3681 4570 3784 4606 non

531 4639 714 4708 Magni
768 4637 1007 4708 Gregorii
1065 4641 1270 4709 scriptis
1297 4656 1414 4709 qua:
1449 4640 1517 4692 ad
1568 4655 1840 4692 sacrarum
1912 4637 2110 4690 littera-
2213 4641 2416 4693 abbatis
2443 4642 2532 4693 sed
2558 4642 2752 4708 prioris
2775 4643 2980 4696 nomine
3004 4643 3324 4696 vocabatur:
3349 4659 3565 4712 eumque
3590 4661 3782 4697 morem

532 4747 649 4784 rum
677 4731 1076 4800 explicationem
1104 4731 1454 4800 pertinebant,
1497 4731 1784 4799 selegerant
1805 4768 1820 4786 .
1853 4729 1908 4780 in
1940 4736 2111 4795 poste-
2213 4746 2314 4782 non
2341 4729 2510 4782 solum
2535 4731 2736 4782 vivente
2760 4730 2818 4784 S.
2857 4728 3012 4782 Petro
3043 4731 3302 4784 Damiano
3331 4745 3590 4785 servatum
3619 4727 3782 4801 fuisse

534 4837 710 4874 rarum
754 4823 978 4890 gratiam
1024 4820 1445 4889 promulgarunt.
1500 4820 1665 4874 Taceo
1711 4818 1972 4887 reliquos,
2020 4816 2109 4884 qui
2212 4835 2276 4872 ea:
2321 4819 2434 4887 ejus
2478 4819 2687 4888 scriptis
2733 4829 2981 4888 apparet,
3029 4821 3118 4872 sed
3167 4821 3320 4874 etiam
3369 4825 3508 4890 apud
3551 4835 3782 4892 posteros

533 4914 650 4980 pari
690 4929 816 4966 cura
843 4923 888 4965 et
923 4929 1026 4964 non
1057 4911 1302 4965 dissimili
1332 4912 1592 4964 industria
1621 4910 1756 4962 idem
1793 4923 1856 4962 ea:
1883 4908 2108 4960 aliorum
2137 4923 2181 4984 ο
2210 4910 2543 4979 perdurasse,
2568 4919 2752 4962 auctor
2787 4908 2913 4963 Vita:
2941 4909 3000 4965 S.
3030 4909 3222 4963 Ubaldi
3248 4913 3470 4981 episcopi
3495 4911 3782 4982 Eugubim',

535 5005 774 5068 aperibus
819 5003 1195 5072 pra'stiterunt.
1233 5001 1438 5054 Harant
1485 5003 1646 5070 igitur
1692 4999 1982 5069 exemplum
2029 5014 2111 5051 se-
2215 4999 2543 5053 Theobaldns
2579 4999 2693 5066 eius
2715 5015 3001 5064 successor,
3029 5001 3260 5069 ejusdem
3291 5005 3591 5056 monasterii
3617 5006 3784 5070 prior,

535 5103 682 5146 cutus
705 5094 914 5156 quidem
945 5091 1004 5146 S.
1031 5089 1178 5145 Petri
1203 5092 1454 5144 Damiani
1493 5091 1804 5159 discipulus,
1831 5099 1878 5143 et
1914 5089 1968 5142 in
1995 5088 2108 5157 ejus
2211 5098 2449 5158 patenter
2493 5091 2736 5144 ostendit.
2775 5090 3130 5160 I’ra'terquam
3157 5091 3296 5161 quod
3339 5107 3403 5144 ex
3442 5093 3646 5161 scriptis
3677 5109 3786 5147 mo-

535 5185 740 5252 scriptis
765 5185 1009 5246 multum,
1038 5195 1092 5236 ut
1115 5192 1352 5254 apparet,
1378 5197 1628 5247 versatus,
1652 5200 1717 5236 ea:
1743 5184 1806 5236 iis
1831 5185 2108 5249 quemdam
2213 5181 2470 5234 numenlis
2519 5183 2734 5236 rtenobii
2787 5182 3176 5249 Nonantulani,
3223 5184 3278 5236 in
3333 5199 3460 5253 agro
3501 5183 3786 5241 Mutinensi

533 5273 683 5340 quasi
714 5285 979 5328 centonem
1007 5273 1240 5325 locorum
1269 5288 1434 5324 sacra:
1457 5271 1746 5338 Scriptura;
1771 5271 2036 5324 contexuit
2061 5279 2108 5322 et
2213 5272 2483 5336 exstructi,
2533 5271 2854 5325 Damianum
2899 5275 3037 5328 [tunc
3067 5284 3303 5328 nostrum
3331 5273 3563 5342 ejusdem
3605 5291 3789 5330 mona-

533 5359 836 5416 claboravit.
869 5362 983 5416 Hoc
1008 5373 1180 5416 autem
1209 5379 1360 5430 opus,
1385 5372 1438 5412 ut
1466 5378 1529 5414 ea:
1557 5361 1896 5428 inscriptione
1925 5360 2113 5435 liquet,
2221 5361 2363 5412 sterii
2407 5359 2570 5428 fuisse
2613 5362 2870 5426 abbatem,
2911 5365 3392 5429 animadvertimus,
3435 5374 3590 5436 atque
3631 5368 3786 5420 etiam

536 5449 798 5506 Damiano
824 5455 1018 5518 abbati,
1049 5455 1212 5523 ipsius
1235 5453 1554 5506 sanctissimi
1577 5453 1864 5505 cardinalis
1889 5452 2114 5519 episcopi
2223 5449 2278 5502 S.
2313 5449 2380 5502 R.
2411 5449 2475 5502 Ε.
2504 5451 2824 5505 cardinalem
2848 5471 2866 5513 ;
2893 5454 3202 5524 71-72ut
3226 5456 3539 5526 Rangerius,
3567 5459 3789 5526 scriptor

539 5539 784 5593 Damiani
813 5558 876 5594 ea:
908 5559 1082 5596 sorore
1111 5542 1302 5614 nepoti,
1329 5543 1394 5594 ad
1420 5558 1569 5611 quem
1596 5541 1716 5596 dua:
1740 5551 1944 5594 exstant
1973 5540 2110 5606 ejus-
2226 5539 2357 5596 Vita:
2387 5539 2442 5594 S.
2487 5541 2716 5594 Anselmi
2759 5541 2980 5611 episcopi
3012 5543 3282 5612 Lucensis,
3309 5548 3522 5617 ejusque
3555 5549 3608 5600 in
3635 5547 3788 5614 spiri-
