4028 6168
237 5064 276 5241 l

237 5203 246 5241 ἱ

228 5150 253 5227 qi

281 212 383 267 987

1185 204 1680 259 COLLECTANEA
1720 202 1785 255 1N
1825 202 2050 258 VETUS
2088 196 2626 256 TESTAMENTUM.

3422 195 3540 251 988

282 320 508 374 tualibus
551 318 713 387 ﬁlius,
754 319 880 371 dum
927 316 1158 386 ejusdem
1203 316 1372 369 obitus
1420 314 1713 384 parentalia
1762 325 1851 367 ae-
1880 320 1924 377 Α
1954 314 2125 384 gentia
2152 317 2204 367 in
2235 312 2522 365 Romanam
2557 308 2840 361 Ecclesiam
2884 308 3090 361 merita.
3139 306 3268 360 Ila'c
3311 309 3540 362 creviter

282 410 478 468 scribit,
529 417 792 461 testatur:
833 426 850 457 ε
898 405 1114 468 Aderat,
1161 404 1418 471 inquiens,
1465 402 1851 470 Magalonensis

283 497 568 567 episcopus,
604 497 808 548 nomine
844 493 1198 561 Codefredus,
1245 504 1291 545 et
1336 492 1646 545 Benedictus
1693 491 1855 544 Muti—

285 588 456 641 nensis
483 587 767 654 episcopus,
798 596 946 649 atque
968 584 1231 636 Aribertus
1274 582 1520 651 Regcnsis
1559 585 1852 651 episcopus,

284 687 331 730 et
378 677 611 744 ejusdem
659 676 883 727 civitatis
927 678 1216 741 episcopus,
1266 672 1461 725 scilicet
1510 672 1850 734 Mantuanus,

289 762 521 817 Ubaldus
567 772 775 815 vocatus
805 777 824 815 :
866 762 955 814 sed
1000 772 1047 814 et
1095 756 1384 813 Damianus
1421 760 1704 811 cardinalis
1752 759 1855 811 Ro-

285 870 456 905 mana:
494 850 760 915 Ecclesia’,
805 852 894 919 qui
942 860 989 905 et
1024 851 1181 904 abbas
1226 848 1713 902 Nonantulanensis
1757 865 1858 902 ca?—

287 944 445 995 uobii.
479 941 550 994 lli
586 957 760 995 omnes
804 941 873 993 ad
917 940 1234 993 audiendam
1275 939 1387 1007 ejus
1418 939 1761 1006 sapientiam,
1788 936 1856 989 ad

287 1033 591 1102 capiendum
623 1032 786 1100 ipsius
810 1030 1106 1092 consilium,
1131 1032 1262 1082 sicut
1293 1046 1426 1096 sirpe
1472 1029 1570 1097 ipsi
1594 1045 1655 1080 ac
1687 1026 1860 1080 cwteri

286 1125 531 1178 catholici
551 1133 938 1188 consueverant,
961 1124 1297 1175 advenerunt.
1332 1140 1349 1172 ι
1382 1119 1432 1171 Η
1440 1137 1509 1172 (ec
1534 1119 1824 1186 Rangerius
1840 1133 1859 1171 .'

286 1214 376 1284 qui
402 1231 519 1267 cum
549 1214 602 1267 id
647 1213 900 1267 accidisse
942 1222 1156 1265 testetur
1183 1228 1319 1263 anno
1361 1208 1555 1263 Christi
1584 1207 1858 1260 millesimo

289 1306 635 1374 octogesimo,
684 1320 746 1357 ac
795 1304 1057 1371 mensibus
1106 1318 1283 1356 novem
1338 1310 1449 1369 post
1503 1300 1859 1367 felicissimum

289 1392 531 1462 Gregorii
559 1411 708 1462 papa:
747 1393 853 1446 VII
886 1394 1193 1455 transitum,
1227 1391 1367 1444 haud
1408 1390 1614 1459 quidem
1645 1388 1860 1440 dubiant

287 1484 384 1537 erit
443 1483 758 1538 Damianum
801 1484 1033 1536 abbatem
1065 1484 1221 1536 istum
1254 1482 1311 1535 S.
1347 1481 1412 1535 R.
1445 1480 1510 1533 E.
1539 1477 1862 1533 cardinalem

288 1582 519 1625 creatum
553 1572 713 1641 fuisse
748 1573 810 1625 ab
837 1573 1015 1625 eodem
1047 1570 1297 1640 Gregorio
1339 1586 1538 1623 summo
1585 1568 1863 1636 pontiﬁce;

1952 404 2146 456 dixisse
2185 402 2323 455 volui
2347 442 2360 465 ,
2409 411 2463 453 ut
2498 403 2613 468 quis
2659 402 2754 453 iste
2794 399 3087 453 Damianus
3125 399 3284 453 abbas
3334 400 3537 468 fuerit,

1954 494 2128 564 aliquo
2152 494 2303 546 modo
2328 493 2681 545 innotesceret.

2027 585 2130 639 Sed
2173 585 2306 636 enini
2349 584 2613 651 scriptoris
2661 582 2849 652 hujus,
2880 582 2968 651 qui
3013 599 3141 652 opus
3186 582 3328 635 istud
3375 599 3438 635 ex
3467 580 3535 638 S.

1956 670 2103 725 Petri
2146 671 2394 724 Damiani
2436 671 2582 723 libris
2621 672 2957 739 deprompsit,
2990 688 3173 723 nomen
3203 671 3298 723 etsi
3328 672 3536 724 cortices

1958 780 2061 815 non
2105 763 2414 831 exprimant,
2461 761 2801 814 nihilominus
2848 762 3137 813 maximam
3168 761 3355 813 habere
3393 763 3536 813 hunc

1958 852 2099 906 illius
2143 853 2337 905 laboris
2368 852 2665 915 utilitatem,
2712 868 2776 905 ea:
2804 868 2863 906 eo
2901 856 3190 920 prtesertim
3223 861 3362 919 patet
3393 851 3532 920 quod

1958 942 2085 994 dum
2134 956 2201 997 ea:
2246 940 2465 1009 singulis
2516 941 2802 1009 quibusque
2863 940 3180 993 sanctissimi
3243 937 3531 991 cardinalis

1961 1033 2219 1102 opusculis
2262 1033 2557 1085 testimonia
2598 1033 2651 1083 in
2684 1032 2918 1093 medium
2964 1031 3140 1098 affert,
3184 1028 3417 1097 ejusdem
3446 1037 3532 1079 ut-

1960 1134 2075 1194 pote
2123 1122 2432 1191 discipulus,
2483 1132 2733 1191 tanquam
2786 1122 2929 1174 testis
2988 1120 3245 1183 oculatus,
3303 1134 3364 1171 ea
3420 1118 3532 1181 ipsa

1962 1213 2213 1284 opuscula
2258 1216 2322 1266 de
2369 1213 2555 1281 quibus
2604 1212 2782 1278 forsan
2824 1210 3064 1263 dubitare
3094 1218 3293 1278 posset,
3331 1216 3535 1259 tantum

1962 1304 2223 1356 doctorem
2261 1302 2625 1369 conscripsisse
2648 1340 2662 1364 ,
2694 1300 2951 1352 constanti
2978 1298 3081 1366 ﬁde
3113 1297 3256 1349 nobis
3286 1295 3529 1363 aperiret.

1978 1389 2163 1444 Verum
2209 1400 2258 1444 et
2305 1391 2400 1442 hoc
2446 1390 2582 1459 quod
2622 1390 2676 1443 in
2719 1388 2994 1457 pra’sentia
3022 1388 3211 1439 damus
3247 1389 3299 1438 in
3345 1384 3532 1447 lucem,

1963 1492 2010 1534 et
2065 1482 2170 1534 alia
2207 1496 2359 1551 quaz,
2405 1480 2513 1534 Deo
2559 1480 2801 1549 auspice,
2852 1479 3050 1532 edenda
3074 1492 3356 1545 paramus,
3404 1472 3533 1539 tuis,
3621 1518 3637 1531 .

1966 1573 2144 1638 lector,
2195 1574 2383 1625 studiis
2431 1588 2535 1624 non
2581 1572 2789 1624 inutilia
2836 1587 2925 1625 nec
2966 1570 3175 1638 ingrata
3220 1568 3331 1636 fore
3354 1582 3528 1635 spera-

287 1671 442 1730 atque
472 1671 518 1715 et
566 1663 617 1713 in
666 1662 847 1730 primis
895 1661 956 1714 ob
1007 1662 1275 1724 eximiam,
1325 1676 1426 1728 qua
1472 1658 1856 1712 sanctissimum
1890 1668 1933 1725 Β
1962 1681 2093 1717 mus.
2154 1663 2281 1717 Vale
2309 1704 2323 1727 ,
2371 1675 2417 1718 et
2472 1680 2552 1717 me
2599 1662 2804 1717 Christo
2855 1661 3081 1716 Domino
3140 1660 3245 1712 tuis
3299 1656 3533 1727 precibus

288 1749 431 1801 illius
462 1749 773 1803 avunculum
811 1749 1238 1818 prosequebatur,
1271 1748 1703 1811 benevolentiam,
1741 1763 1862 1815 gra-

290 1837 544 1889 tissimam
593 1838 931 1904 memoriam,
976 1838 1284 1907 apostolicus
1327 1839 1537 1891 virtutes
1584 1848 1736 1904 atque
1784 1837 1865 1888 in-

304 1976 551 1987 —.—_._._

1969 1757 2293 1809 commenda.

1193 2100 1253 2141 IN
1292 2100 1534 2143 NOMINE
1572 2097 1824 2140 SANCTE
1864 2096 1943 2137 ET
1982 2095 2338 2138 ιΝυινιουᾸε
2372 2095 2751 2137 ΤιιιΝιΤΑΤιε.

1526 2256 1927 2335 INCIPIT
1996 2256 2296 2334 LIBER

464 2455 1431 2614 TESTIMONIORUM-
1465 2448 1946 2614 VETERIS
2014 2458 2156 2613 All
2252 2457 2522 2613 NW1
2629 2458 3354 2613 TESTAMEN’I‘I

411 2745 542 2806 quis
567 2730 639 2791 de
660 2726 968 2794 schedulis
995 2724 1313 2789 reuere-udi
1365 2722 1539 2784 Petri
1578 2722 1871 2781 Damiani
1907 2721 2161 2860 quitdam
2198 2743 2348 2785 suus
2397 2724 2748 2806 discipulus
2781 2746 3103 2808 excerpere
3137 2727 3411 2790 studiose

1785 2819 2057 2860 curavi.

1785 2819 2057 2861 curavit.

1761 2961 2115 2979 -—_-——

1086 3065 1328 3140 70"”
1402 3086 1864 3175 INCIPIT
1916 3086 2582 3183 PROLOGUS.

370 3388 597 3445 Domino
625 3402 721 3442 suo
758 3397 812 3441 et
848 3386 1018 3452 Patri,
1050 3387 1247 3442 domno
1280 3387 1545 3452 DAHIANO,
1574 3387 1867 3443 reverendo
1895 3394 1938 3454 C
1970 3390 2143 3453 niens,
2167 3404 2383 3443 omnem
2418 3390 2701 3446 insidiandi
2740 3395 2941 3449 aditum
2975 3396 3284 3463 obturabal,
3333 3407 3391 3454 ut
3417 3398 3543 3456 nulli

296 3481 498 3544 abbati,
529 3480 749 3533 ultimus
778 3480 1164 3534 monachorum
1197 3495 1403 3545 servus,
1437 3481 1660 3535 sinceras
1711 3481 1877 3535 devo-

299 3570 462 3625 tionis
496 3571 657 3638 obseq
667 3569 833 3621 nium.

369 3663 504 3715 Dum
536 3671 712 3714 vestra
744 3676 914 3729 nuper
948 3660 1213 3714 industria
1265 3661 1435 3714 beatae
1488 3661 1875 3717 recordationis

296 3750 473 3805 Patris
513 3752 706 3816 nostri,
738 3750 884 3804 Petri
934 3750 1192 3818 episcopi,
1240 3749 1486 3803 avunculi
1535 3750 1697 3803 vestri
1732 3759 1872 3812 acta,

296 3841 442 3894 velut
474 3842 795 3908 quihusdam
854 3840 1120 3895 nectareis
1157 3841 1328 3909 epulis
1356 3839 1643 3905 oblectata,
1686 3841 1874 3895 crebra

295 3930 642 3984 meditatione
670 3946 1063 4000 percurrerem,
1092 3932 1300 4002 insigne
1331 3930 1382 3984 in
1405 3932 1482 3985 eis
1505 3932 1697 4001 reperi,
1728 3932 1871 4002 quod

299 4022 531 4077 utilitate
579 4040 739 4092 quam
794 4025 1026 4078 maxima
1065 4025 1367 4081 rednndare
1421 4028 1680 4095 persensi.
1740 4028 1874 4082 Dum

298 4115 479 4184 itaque
505 4116 587 4170 vir
620 4116 843 4170 illustris
874 4128 1212 4186 arrogantem
1266 4119 1477 4173 illorum
1511 4118 1873 4188 eloquentiam

298 4208 643 4260 temnendam
675 4209 919 4274 duceret,
947 4210 1037 4276 qui
1065 4211 1288 4279 singulis
1312 4210 1724 4278 ingeniifamam
1750 4227 1879 4280 cap-

299 4304 495 4361 tantes,
525 4297 780 4365 quidquid
806 4297 1009 4364 lingunt
1036 4300 1316 4367 multiplici
1346 4300 1581 4368 gestiunt
1606 4302 1875 4368 opacitate

299 4385 546 4449 densare,
581 4386 739 4439 modo
785 4386 1032 4440 videlicet
1062 4389 1452 4443 sententiarum
1505 4392 1869 4459 perplexione,

297 4474 455 4527 modo
482 4474 803 4528 dictionibus
831 4475 1098 4531 inusitatis
1128 4494 1470 4548 summopere
1499 4482 1734 4537 nitentes
1772 4484 1870 4538 oh-

302 4570 524 4626 struere,
552 4578 616 4616 ne
629 4562 872 4633 quilibet,
890 4580 1009 4634 qua:
1023 4567 1227 4633 dicunt,
1245 4569 1545 4625 intellectus
1559 4588 1773 4641 capere,
1789 4574 1871 4627 vel

296 4652 498 4721 absque
532 4653 758 4724 improbi
791 4654 990 4710 laboris
1044 4667 1237 4712 conatu
1288 4659 1499 4715 illorum
1552 4661 1867 4718 suilicientia

1977 3479 2390 3549 prorsusjacalo
2416 3483 2632 3551 pervius
2662 3494 2844 3552 patere
2873 3496 3054 3557 posset
3074 3504 3343 3545 accessus.
3375 3492 3543 3557 Quam

1977 3570 2207 3639 denique
2232 3572 2634 3640 Scripturarum
2667 3574 2920 3629 fulturatn
2958 3578 3092 3633 adeo
3123 3579 3175 3632 in
3206 3582 3317 3633 suis
3368 3590 3544 3634 tenere

1976 3670 2327 3713 censueverat
2357 3662 2509 3724 actis,
2547 3672 2601 3714 ut
2622 3664 2802 3718 verbis
2827 3666 3008 3730 etiam,
3042 3682 3159 3736 qum
3188 3670 3409 3737 prolatis
3434 3672 3542 3740 jam

1976 3748 2277 3802 rationibus
2291 3750 2466 3803 clausa
2484 3750 2718 3818 undique
2742 3761 2795 3806 et
2819 3755 3135 3810 inconcussa
3154 3759 3530 3819 consisterent,

1977 3850 2097 3890 eam
2124 3854 2506 3909 nonnunquam
2545 3841 2901 3897 adhibendam
2928 3846 3261 3902 decerneret.
3299 3847 3363 3901 Ut
3392 3849 3545 3903 sicuti

1977 3928 2107 3981 urbs
2137 3929 2390 3996 quzelibet
2418 3938 2541 3998 post
2562 3930 2820 3985 vallorunt
2854 3934 3133 3999 ambitum,
3160 3945 3280 4004 post
3310 3938 3547 4006 impene-

1976 4019 2171 4075 trabile
2201 4020 2419 4074 fortium
2472 4038 2745 4077 murorum
2778 4027 3188 4091 munimentum,
3236 4029 3543 4082 sublimium

1977 4112 2330 4181 distinguitur
2365 4114 2542 4167 adhuc
2585 4117 3078 4171 constructionibus
3112 4115 3388 4181 moenium,
3442 4134 3544 4171 non

1977 4210 2084 4256 tam
2117 4204 2366 4258 videlicet
2404 4205 2473 4259 ob
2501 4207 2819 4260 necessaria:
2846 4207 3158 4261 munitionis
3182 4206 3544 4261 fortitudinem

1975 4310 2134 4362 quam
2166 4295 2235 4348 ob
2264 4295 2537 4349 inhiandae
2562 4296 2977 4365 pulchritudinis
3000 4298 3279 4351 decorem:
3312 4297 3383 4349 ita
3414 4312 3546 4366 quo-

1974 4403 2078 4457 que
2105 4388 2149 4442 is
2184 4388 2439 4457 pleraque
2469 4388 2869 4459 Scripturarum
2901 4389 3067 4444 solius
3113 4398 3335 4442 ornatus
3374 4388 3540 4458 gratia

1974 4479 2085 4533 suis
2111 4494 2252 4549 sazpe
2281 4480 2444 4561 gestis
2467 4481 2755 4536 inseruisse
2788 4483 3061 4547 videatur;
3093 4496 3186 4536 seu
3217 4481 3374 4546 forte,
3404 4480 3544 4549 quod

1973 4586 2077 4625 non
2101 4571 2333 4625 absurde
2356 4572 2610 4625 aestimari
2635 4582 2832 4643 potest,
2862 4581 2944 4638 ut,
2974 4574 3255 4629 occasione
3278 4588 3441 4643 super
3466 4571 3545 4626 eis

1973 4659 2265 4715 disserendi
2284 4660 2463 4715 taliter
2484 4661 2735 4728 admissa,
2767 4662 2881 4730 ejus
2906 4664 3351 4718 sermocinatione
3376 4662 3545 4717 clare-

300 4744 485 4798 intinta
540 4756 824 4816 penetrare
850 4759 1014 4819 queat
1043 4766 1057 4805 :
1090 4751 1202 4822 ipse
1238 4769 1367 4809 vero
1419 4765 1627 4820 contra,
1659 4768 1869 4813 cunctis
1900 4736 1949 4794 D
1975 4761 2169 4816 sceret,
2201 4753 2326 4820 quia
2352 4753 2648 4808 existerent
2675 4754 2941 4810 introrsus
2972 4755 3197 4810 fecunda
3226 4771 3344 4825 quae
3371 4755 3540 4808 forin-

246 4904 255 4913 .
301 4834 436 4887 viam
452 4834 749 4905 legentibus
775 4841 1011 4909 pandere
1026 4858 1089 4897 ac
1108 4844 1395 4900 enucleare
1417 4848 1658 4917 cupiens,
1674 4849 1866 4904 altiora

244 4918 253 4947 ⁴
295 4940 519 4995 qumque
545 4930 904 4997 complanare,
929 4947 1021 4986 seu
1053 4935 1364 4989 obscuriora
1391 4953 1497 4991 non
1529 4942 1687 4994 modo
1708 4942 1867 4994 ratio-

299 5016 472 5081 nibus,
511 5033 711 5073 veruut
739 5022 903 5075 etiam
936 5022 1334 5092 Scripturarum
1386 5030 1648 5098 exemplis
1680 5030 1868 5085 diluci-

290 5104 421 5156 dare
452 5104 838 5163 instantissime
866 5112 1163 5180 satagebat.
1214 5112 1384 5169 Porro
1418 5127 1596 5172 autem
1651 5120 1693 5173 si
1742 5121 1868 5189 quid

295 5192 522 5258 tulisset,
552 5198 693 5265 quod
725 5199 902 5255 minus
928 5200 1068 5256 forte
1096 5205 1285 5271 peritis
1314 5208 1682 5263 nutabundum
1712 5210 1870 5275 foret,

292 5290 602 5343 earumdem
638 5295 959 5349 testimoniis
990 5292 1749 5369 Scripturarum'velutjactis
1777 5319 1873 5357 an-

292 5377 472 5432 choris
521 5380 734 5438 fortiter
760 5388 1023 5452 ambiens,
1056 5404 1123 5444 ne
1157 5392 1375 5446 cuilibet
1429 5393 1566 5447 ultra
1613 5394 1872 5450 ﬂuctuare

293 5466 516 5535 valeret,
550 5472 807 5529 immobili
854 5480 1143 5535 stabilitate
1171 5481 1388 5553 ﬁgebat,
1421 5491 1582 5552 atque
1610 5485 1869 5539 adversus

242 5600 253 5603 ς
294 5572 483 5615 omnes
512 5558 939 5631 impugnantiutn
988 5569 1222 5639 impetus
1270 5571 1707 5642 insuperabililer
1754 5590 1867 5628 tutt-

1970 4847 2127 4895 séeus
2149 4843 2407 4910 patebant
2435 4844 2635 4897 inania.
2670 4843 2835 4899 Nemo
2860 4860 2989 4899 sane
3017 4847 3106 4916 qui
3138 4846 3540 4914 Scripturaer

1969 4928 2153 4983 limina
2191 4932 2334 4995 terit,
2369 4932 2642 5002 ambigere
2699 4936 3046 5002 permittitur,
3087 4938 3229 5006 quod
3267 4937 3402 5001 hzec,
3434 4946 3541 4990 tam

1970 5016 2281 5088 frequenter
2295 5020 2434 5076 illius
2447 5024 2580 5077 actis
2590 5023 2848 5092 adhibita,
2866 5024 3151 5093 plurimum
3167 5041 3307 5094 smpe
3333 5025 3540 5094 mystici

1970 5111 2220 5177 sacrique
2242 5111 2543 5168 intellectus
2575 5116 2927 5181 occultarent,
2968 5133 3107 5185 qum,
3152 5117 3253 5170 nisi
3299 5124 3538 5170 reserata

1974 5196 2223 5267 fuissent,
2248 5217 2310 5256 ea
2336 5204 2507 5273 magis
2536 5206 2763 5259 obruere
2793 5222 2953 5275 quam
2982 5207 3251 5262 illustrare
3278 5207 3539 5261 valerent.

1973 5292 2211 5358 Quorum
2260 5294 2441 5364 itaque
2481 5296 2735 5351 interiora
2771 5297 2999 5353 luciilua:
3022 5298 3359 5353 dissertionis
3380 5312 3541 5351 manu

1973 5386 2305 5453 penetrando
2341 5388 2657 5454 discutiens,
2684 5398 2844 5458 atque
2882 5390 3061 5444 abdita
3118 5404 3344 5459 quaeque
3373 5388 3485 5443 suis
3512 5402 3542 5440 e

1970 5480 2336 5551 penetralibus
2360 5479 2600 5536 funditus
2620 5497 2837 5547 eruens,
2865 5483 3094 5539 clariora
3134 5485 3250 5539 luce
3272 5481 3541 5553 patefacta

1972 5572 2245 5629 reddebat.
2272 5570 2475 5637 Quibus
2498 5572 2622 5627 dum
2646 5573 2755 5628 sola
2787 5574 3101 5644 plerumque
3131 5573 3351 5630 rationis
3378 5571 3543 5629 verba
