4028 6168
392 180 495 236 989

1831 172 2216 234 PROLOGUS.

3547 179 3654 238 990

391 313 499 350 nun
553 295 602 348 vi
627 295 865 347 lrrentur
912 293 1244 360 sat'sfaccre,
1299 293 1401 347 alia
1437 309 1624 348 rursus
1665 293 1968 348 testimonia
1997 299 2044 355 Α
2072 305 2194 346 rere
2220 289 2368 355 velit,
2394 289 2584 344 eodem
2612 288 2789 344 valeat
2812 288 3000 344 ordine
3025 289 3237 360 singula
3265 291 3524 360 reperire,
3545 310 3654 362 quo

390 383 794 440 delucebantur
821 383 874 436 in
901 383 1152 446 medium.
1177 399 1295 452 quae
1324 399 1444 437 cum
1473 383 1552 438 sui
1577 397 1788 452 quoque
1819 383 1969 436 intel-

393 475 589 527 lectqu
645 474 759 528 sive
785 474 884 527 sub
910 473 1288 544 allegoriarum
1313 483 1459 544 typo,
1483 475 1599 529 sive
1629 476 1728 529 sub
1751 473 1972 544 cujusli-

393 567 481 619 bet
508 565 750 635 mysterii
783 579 924 633 smpe
957 573 1200 633 tegerent
1224 580 1445 628 arcano,
1484 565 1536 619 in
1568 581 1719 619 suam
1771 567 1966 620 iterum

393 655 813 710 declarationem
841 653 1089 708 eumdem
1129 654 1378 709 laborare
1433 658 1728 725 cogebant;
1783 656 1969 724 sicque

391 745 570 800 divina
603 743 908 814 provisione
931 752 1140 812 gestum
1185 753 1352 798 estut
1379 745 1531 814 plura
1564 759 1731 798 sacrm
1759 746 1969 815 paginae

391 832 662 898 abstrusa,
682 833 999 902 illiuSOpera
1026 831 1426 887 evidentissima
1457 842 1724 896 reserata,
1755 835 1969 904 perspi-

391 938 507 978 cua:
533 925 687 978 nobis
717 925 1085 994 intelligentia;
1137 926 1316 980 nitore
1363 925 1763 995 resplendeant.
1828 928 1964 981 Dum

391 1013 564 1068 solers
591 1015 772 1085 itaque
795 1015 878 1070 vir
905 1015 1184 1084 diligentia
1210 1024 1508 1071 memorata
1561 1011 1856 1087 Scriptum
1883 1034 1969 1073 sa—

393 1117 498 1157 crae
515 1103 819 1158 testimonia
848 1114 954 1158 tam
981 1105 1213 1174 eleganti
1231 1103 1622 1159 considerasset
1642 1105 1968 1160 enodatione

390 1193 639 1260 disserta,
669 1195 888 1264 dignum
915 1195 1030 1250 fore
1057 1197 1318 1266 valdeque
1341 1195 1569 1264 perutile
1595 1197 1801 1260 censui,
1835 1211 1969 1264 qua-

389 1295 548 1340 tenus
575 1301 640 1341 ex
672 1287 947 1342 codicibus
978 1287 1082 1344 illis
1104 1298 1357 1358 excerpta
1384 1290 1436 1343 in
1465 1289 1734 1358 singulare
1763 1287 1964 1356 proprii

385 1375 676 1432 voluminis
701 1392 901 1446 corpus
929 1379 1324 1446 redigerentur,
1347 1396 1413 1436 ne
1457 1381 1598 1434 inter
1627 1387 1719 1432 tot
1760 1379 1967 1433 scilicet

385 1464 723 1521 voluminosa
753 1468 1022 1521 condensa
1054 1467 1287 1522 laterent
1309 1468 1630 1523 detrimenta
1669 1469 1962 1538 incognita.

385 1555 500 1621 Qua
560 1557 736 1624 plane
771 1559 1202 1615 consideratione
1256 1575 1562 1629 quanquam
1611 1575 1716 1613 non
1774 1575 1964 1629 parum

2071 383 2182 438 suis
2204 390 2330 438 sunt
2355 382 2456 436 sita
2478 380 2782 447 codicibus;
2808 380 3068 450 istiusque
3089 380 3378 452 diligentiae
3401 397 3498 436 nec
3520 383 3653 451 ipsis

2069 488 2282 544 quoque
2307 473 2603 542 praelibatis
2631 473 2993 528 incidentibus
3022 473 3317 542 abnegans,
3347 475 3648 544 simplicem

2070 565 2229 618 modo
2275 579 2462 618 eorum
2497 573 2702 618 textum
2756 565 2971 619 caeteris
3007 566 3336 629 interserui,
3377 582 3443 620 ne
3490 583 3533 621 δι
3583 583 3648 622 ea

2067 668 2190 708 eum
2217 654 2332 709 suis
2359 655 2430 708 ibi
2455 653 2886 724 expositionibus
2912 669 3187 723 ponerem,
3225 655 3473 710 mihimet
3505 655 3650 711 labo-

2067 759 2180 796 rem
2202 744 2554 812 geminarem,
2579 753 2634 796 et
2661 742 2847 798 lectori
2874 742 3151 798 fastidium
3185 745 3502 810 incuterem,
3522 763 3644 801 cum

2067 835 2254 887 eadem
2278 843 2543 902 repeteret
2590 848 2709 902 qua:
2732 834 2842 902 jam
2872 849 2930 887 se
2961 834 3212 902 superius
3237 834 3431 904 legisse
3453 851 3651 906 cogno-

2068 931 2266 978 sceret.
2297 923 2566 976 Przeterea
2613 923 2690 976 sic
2717 922 2905 976 eadem
2959 923 3289 991 prmtitulare
3341 924 3545 990 studui,
3594 935 3652 980 ut

2066 1028 2186 1084 qua:
2237 1013 2446 1084 singula
2497 1014 2820 1068 schedaruu:
2867 1001 3085 1068 suarum
3115 1013 3232 1068 loca
3269 1021 3504 1080 teneant,
3554 1032 3651 1070 nu-

2069 1102 2310 1156 minatim
2343 1103 2722 1172 expresserim.
2753 1103 2852 1156 Ast
2881 1112 3059 1158 tamen
3118 1113 3306 1158 careat
3353 1105 3524 1160 lector
3561 1123 3646 1172 ne,

2067 1193 2192 1247 dum
2222 1194 2274 1248 in
2300 1179 2602 1263 cuiuspiam
2636 1193 2791 1248 titulo
2820 1193 3012 1262 legerit
3065 1194 3118 1247 in
3150 1193 3376 1264 epistola
3416 1196 3482 1248 ad
3520 1211 3645 1265 per-

2067 1297 2254 1336 sonam
2284 1283 2448 1350 illam,
2481 1285 2593 1338 sive
2629 1284 2682 1336 in
2713 1267 3018 1339 sermonem
3071 1284 3214 1338 illius
3256 1286 3454 1348 sancti,
3502 1295 3556 1340 et
3598 1289 3648 1339 in

2065 1388 2172 1426 una
2203 1373 2451 1442 epistola,
2480 1389 2655 1428 unove
2685 1388 2932 1428 sermone
2975 1375 3197 1428 minime
3243 1375 3424 1429 forsan
3473 1379 3650 1430 reuni-

2067 1463 2170 1516 sita
2224 1465 2504 1533 repererit,
2555 1473 2722 1534 prope
2769 1479 2857 1519 me
2911 1465 3173 1519 mendacii
3219 1467 3646 1540 redarguenduut

2068 1563 2308 1618 censeat,
2335 1569 2454 1608 cum
2477 1563 2531 1609 et
2560 1555 2625 1607 ad
2657 1569 2814 1608 unam
2837 1570 3122 1623 personam
3159 1555 3300 1609 illius
3330 1556 3510 1624 plures
3537 1557 3648 1610 sint

385 1647 652 1701 universis
675 1647 728 1700 in
756 1663 983 1716 quorum
1015 1665 1207 1704 manus
1248 1651 1372 1704 olim
1409 1651 1521 1703 lucc
1550 1657 1777 1703 ventura
1807 1657 1960 1702 erant
1991 1635 2036 1691 Β
2062 1643 2324 1712 epistolae,
2356 1654 2410 1698 et
2441 1645 2492 1698 in
2521 1645 2680 1698 unius
2707 1645 2880 1698 sancti
2918 1644 3189 1713 przeconio
3239 1645 3422 1713 plures
3451 1647 3648 1698 nihilo-

384 1737 718 1805 praestiterit,
737 1737 840 1791 illis
869 1748 1046 1792 tamen
1071 1741 1336 1810 praecipue
1367 1740 1700 1794 consuluisse
1725 1741 1963 1793 cernitur

383 1826 577 1894 quibus
607 1825 758 1896 plura
783 1826 960 1898 legere
986 1845 1090 1883 non
1121 1831 1475 1906 conceditur;
1516 1839 1593 1894 ut,
1623 1831 1746 1884 dum
1774 1831 1840 1884 ad
1871 1845 1962 1884 ca—

381 1917 700 1988 pessendam
730 1921 909 1988 operis
941 1921 1104 1974 totius
1135 1921 1524 1990 plenitudinem
1572 1921 1626 1975 hi
1675 1921 1808 1974 tales
1864 1937 1958 1976 ne-

381 2017 958 2078 queuntconsnrgere,
1011 2011 1095 2064 his
1117 2009 1306 2064 saltem
1347 2011 1575 2065 modicis
1621 2012 1815 2066 intenti
1865 2026 1960 2066 ne-

383 2113 654 2167 quaquam
687 2099 900 2154 valeant
926 2101 1120 2154 illustri
1149 2101 1283 2154 tanti
1317 2102 1417 2154 viri
1448 2101 1700 2154 doctrina
1735 2115 1960 2170 prorsus

380 2189 590 2242 esurire
619 2187 788 2256 jejuni
831 2207 843 2242 :
884 2199 939 2243 et
993 2190 1083 2260 qui
1144 2191 1322 2244 minus
1385 2189 1657 2244 sntIicinnt
1699 2193 1766 2245 de
1819 2196 1958 2246 vasti

378 2279 607 2348 gurgitis
618 2280 768 2334 alveo
791 2278 1017 2334 fertilem
1039 2281 1221 2351 capaci
1236 2297 1430 2349 sagena
1459 2283 1692 2350 prredam
1706 2286 1956 2346 educere,

379 2383 484 2422 non
514 2383 608 2422 cos
662 2369 840 2440 pigeat
869 2369 950 2424 vel
979 2371 1154 2424 tenuis
1185 2372 1330 2425 hami
1364 2379 1480 2425 seta
1518 2387 1582 2424 ex
1630 2388 1799 2441 parvo
1856 2374 1959 2428 isto

380 2457 498 2509 sinu.
522 2471 786 2524 seorsum,
819 2467 1070 2527 tanquam
1100 2460 1152 2513 in
1185 2476 1282 2515 suo
1308 2461 1459 2515 alveo
1477 2463 1718 2526 reducto,
1747 2462 1958 2516 facilem

379 2555 656 2614 capturaut
688 2551 1035 2618 suspendere,
1088 2566 1192 2619 qua
1226 2567 1336 2605 sua:
1379 2551 1690 2606 refectionis
1739 2568 1955 2607 mensu-

381 2651 494 2689 ram
525 2635 914 2694 suﬂicientibus
942 2640 1152 2708 possint
1186 2640 1414 2710 dapibus
1459 2641 1737 2695 infercire.
1789 2641 1958 2708 llujus

380 2743 510 2796 ergo
540 2729 618 2783 rei
644 2730 916 2800 negotium
955 2741 1133 2784 vestra
1175 2732 1306 2786 mihi
1355 2734 1619 2787 sanctitas
1679 2733 1958 2802 injungere

379 2817 594 2886 dignata
624 2829 736 2886 est;
780 2836 884 2875 non
923 2837 1054 2876 sane
1075 2823 1220 2890 quod
1260 2823 1363 2877 mei
1392 2839 1584 2879 sensus
1613 2839 1731 2879 eam
1758 2825 1948 2878 lateret

380 2909 578 2978 inopia,
612 2912 702 2966 sed
736 2912 854 2966 ideo
877 2912 1013 2966 forte
1043 2914 1212 2982 magis
1244 2915 1496 2982 quoniam
1529 2899 1780 2985 idipsum,
1811 2917 1952 2984 quod

373 2999 526 3068 juxta
561 3003 829 3071 propriam
869 3019 953 3056 me
979 3004 1336 3072 capacitatem
1374 3005 1555 3059 valere
1591 3007 1792 3074 putavi,
1822 3006 1954 3060 lide-

381 3087 506 3142 liter
533 3101 942 3158 prosecuturum
974 3091 1091 3145 fore
1112 3093 1322 3161 speravi
1349 3109 1363 3157 ;
1387 3094 1587 3163 quippe
1619 3109 1718 3148 nec
1761 3095 1953 3148 imme-

376 3179 503 3244 rito,
528 3195 646 3248 qua:
668 3181 866 3236 dudum
888 3198 972 3237 me
991 3183 1230 3237 functum
1255 3193 1549 3254 agnoverat
1567 3186 1796 3253 quadam
1813 3186 1946 3240 dile-

376 3269 572 3324 ctionis
584 3268 824 3337 ejusdem
849 3271 1024 3326 Patris
1042 3276 1395 3343 praeregativa
1422 3274 1537 3328 sola
1562 3275 1731 3344 ipsius
1751 3277 1952 3343 pietate

376 3363 630 3432 gratuita.
650 3362 801 3417 Unde
816 3371 870 3417 et
892 3373 1127 3432 egometu,
1153 3364 1276 3417 licet
1291 3364 1560 3418 ariditatis
1575 3380 1707 3420 mete
1727 3366 1832 3436 '75
1847 3383 1950 3422 non

379 3453 666 3504 immemor
691 3453 939 3507 idoneum
965 3467 1050 3507 me
1071 3451 1186 3507 fore
1209 3468 1552 3524 nequaquam
1585 3455 1652 3508 ad
1685 3456 1829 3508 istud
1853 3457 1950 3510 ad-

377 3549 669 3604 verterem,
701 3543 852 3596 oneri
892 3551 1070 3597 tamen
1123 3544 1248 3597 huic
1295 3543 1616 3600 obedientiae
1669 3545 1950 3600 humerum

377 3633 520 3688 nulla
549 3633 851 3689 subducere
898 3635 1248 3689 excusatione
1301 3637 1533 3701 tentavi;
1567 3651 1672 3692 non
1701 3637 1950 3705 equidem

375 3725 503 3794 quia
535 3725 822 3780 temerarie
851 3725 916 3780 de
931 3726 1162 3795 propriae
1185 3725 1456 3781 facultatis
1476 3742 1859 3797 praesumerem
1875 3728 1952 3782 vi-

374 3815 545 3880 ribus,
601 3815 694 3870 sed
739 3815 956 3884 quando
1020 3825 1072 3870 et
1115 3817 1460 3882 obedientite,
1506 3833 1611 3886 qua
1660 3817 1952 3887 gestiebam

377 3917 572 3961 vestrae
601 3922 792 3976 parere
813 3906 1064 3974 jussioni,
1097 3923 1160 3961 ae
1188 3909 1459 3977 saepedicti
1485 3909 1664 3963 Patris
1714 3909 1947 3973 meritis,

373 3997 526 4064 cujus
554 3999 809 4052 nimirum
842 3999 1114 4066 praeconio
1147 3999 1336 4053 deesse
1367 4015 1472 4053 non
1519 4008 1730 4069 poterat
1797 3999 1950 4067 quid-

372 4088 500 4158 quid
531 4089 582 4141 in
609 4090 710 4142 hoc
739 4089 868 4142 mihi
894 4103 1056 4157 opere
1081 4089 1410 4157 proveniret,
1427 4090 1622 4142 obnixe
1647 4104 1732 4142 me
1752 4087 1952 4142 suffra-

372 4179 941 4250 gandumspcraham.
991 4177 1105 4231 Huc
1132 4177 1340 4232 accedit
1387 4177 1526 4246 quod
1581 4177 1722 4230 idem
1777 4177 1949 4245 ipsum

371 4285 524 4339 opus,
548 4269 698 4336 cujus
719 4279 862 4324 esset
889 4267 1232 4331 dillicultatis,
1259 4269 1496 4323 nondum
1526 4268 1788 4332 clarebat,
1819 4267 1944 4322 dum

371 4375 436 4414 eo
476 4360 648 4414 solum
673 4361 920 4414 videlicet
944 4359 1134 4414 ordine
1157 4358 1382 4428 prmfata
1414 4359 1667 4412 suaderet
1695 4359 1949 4427 excipere

373 4451 705 4514 testimonia,
743 4467 848 4518 quo
874 4451 946 4504 ita
993 4450 1104 4504 suis
1143 4449 1511 4518 reperirentur
1551 4450 1602 4502 in
1648 4450 1946 4504 schedulis.

370 4547 443 4598 At
467 4559 598 4598 vero
617 4553 924 4613 postquam,
958 4543 1072 4610 jam
1107 4553 1260 4612 parte
1291 4545 1370 4597 sic
1401 4545 1654 4606 decursa,
1704 4543 1950 4597 consulto

372 4635 727 4688 advertissent
758 4635 897 4701 quod
928 4642 1105 4702 empto
1159 4641 1342 4688 tenore
1373 4634 1544 4703 magis
1592 4633 1771 4702 Operis
1817 4633 1950 4686 ordo

369 4727 788 4782 confunderetur
851 4741 1010 4794 quam
1084 4725 1407 4788 clarelieret,
1439 4726 1638 4794 quique
1691 4726 1947 4780 lectorem

373 4819 544 4888 magis
569 4819 634 4872 ad
681 4807 930 4886 soporem
981 4833 1140 4885 quam
1175 4817 1241 4870 ad
1273 4817 1642 4870 meditandum
1694 4818 1946 4886 excipere

371 4917 571 4978 posset.
602 4917 748 4961 ratus
770 4923 887 4961 sum
919 4907 1081 4974 longe
1101 4907 1272 4960 satius
1300 4905 1632 4960 fruetuosum
1664 4922 1748 4960 me
1767 4922 1947 4974 quan-

372 4999 922 5056 taellbetdiﬂicultatis
963 5000 1201 5054 laborem
1251 5000 1512 5068 arripere.
1562 5015 1721 5068 quam
1774 4998 1948 5052 infru—

373 5101 614 5147 ctuosam
633 5091 778 5144 illam
792 5089 1165 5160 amplectendo
1181 5089 1492 5143 facilitatem
1507 5089 1722 5142 sectari.
1743 5087 1946 5142 Relicta

375 5183 536 5253 igitur
567 5183 727 5252 coepti
763 5183 962 5236 tenoris
989 5181 1382 5250 prosecutione,
1417 5195 1523 5248 qua
1551 5189 1734 5233 vetera
1767 5179 1941 5244 novis,

363 5271 854 5340 hagiographa,seu
883 5288 1068 5344 regum
1119 5281 1238 5326 acta
1291 5273 1784 5327 commiscebantur
1817 5287 1944 5342 pro-

373 5364 500 5433 pluet
523 5365 589 5428 is,
618 5380 680 5418 ea
711 5365 788 5418 sie
821 5365 996 5418 denuo
1047 5363 1305 5416 ordinare
1361 5379 1650 5432 aggressus
1701 5379 1842 5425 sum,
1883 5369 1944 5414 ut

369 5471 708 5524 unaquzeque
742 5456 1044 5512 testimonia
1093 5471 1190 5525 per
1219 5471 1344 5510 suos
1373 5455 1540 5512 libros
1569 5455 1940 5524 componendo

374 5544 780 5615 distinguerem,
807 5555 1067 5614 quatenus
1094 5547 1335 5616 quisquis
1364 5563 1422 5600 ea
1448 5546 1735 5602 studiosius
1766 5546 1943 5615 requi-

2065 1736 2243 1790 minus
2272 1735 2474 1790 elimati
2515 1751 2808 1789 sermones.
2845 1734 3108 1800 Quocirca
3144 1750 3263 1804 qua:
3299 1736 3645 1789 inveniuntur

2063 1824 2116 1878 in
2134 1825 2238 1890 his,
2262 1825 2576 1894 reperienda
2601 1840 2706 1878 non
2722 1825 2996 1879 dubitetur
3011 1826 3063 1878 in
3081 1825 3231 1891 aliis;
3256 1841 3560 1895 quanquam
3580 1835 3636 1880 et

2062 1931 2224 1984 super
2251 1917 2350 1969 hoc
2373 1915 2689 1986 plerumque
2705 1915 2884 1970 valeat
2905 1917 2958 1970 in
2978 1918 3108 1985 ipsis
3130 1917 3640 1987 praetitulationibns

2059 2006 2307 2061 edocere.
2329 2007 2441 2060 Hoc
2454 2021 2666 2076 quoque
2687 2007 3068 2062 attendendum
3083 2007 3226 2076 quia,
3243 2007 3366 2060 dum
3391 2007 3642 2061 nonnulla

2059 2099 2288 2154 diversis
2324 2100 2432 2170 76
2461 2098 2590 2153 locis
2612 2099 2713 2152 sita
2745 2097 3059 2166 repererim,
3091 2107 3250 2166 atque
3293 2098 3416 2151 alibi
3463 2098 3638 2160 latius,

2059 2188 2185 2240 alibi
2214 2188 2645 2254 compendiosius
2671 2187 2932 2255 exposita,
2957 2186 3040 2240 vel
3069 2186 3232 2240 etiam
3259 2187 3382 2256 styli
3412 2202 3632 2255 permu-

2062 2281 2284 2346 tatione,
2319 2296 2412 2335 seu
2435 2282 2660 2346 ordinis,
2677 2282 2909 2336 licetsuh
2931 2281 3118 2336 eodem
3135 2271 3432 2346 intellectu,
3463 2291 3638 2334 tamen

2058 2371 2397 2437 aliquatenus
2414 2371 2717 2440 disparata;
2740 2373 3044 2441 aliquoties,
3076 2387 3194 2440 qua:
3227 2385 3532 2440 competere
3561 2373 3640 2424 vi-

2057 2465 2307 2526 deantur,
2334 2465 2654 2520 altrinsecus
2683 2465 2974 2536 elegi,elin
3007 2466 3164 2520 unius
3185 2466 3464 2519 sententia:
3511 2464 3623 2518 for-

2060 2572 2200 2610 mam
2233 2555 2459 2610 deducta
2499 2556 2796 2624 composui.
2849 2555 3147 2622 Aliquoties
3191 2569 3317 2607 vero
3349 2563 3632 2620 utramque

2060 2634 2472 2717 expositionem,
2503 2662 2623 2702 cum
2655 2663 2740 2702 res
2761 2646 3010 2701 videlicet
3034 2653 3370 2714 exposceret,
3395 2644 3534 2698 sicut
3563 2644 3636 2697 ibi

2061 2740 2320 2808 comperi,
2355 2740 2428 2793 ita
2451 2739 2798 2794 nihilominus
2831 2739 2918 2792 hic
2945 2739 3210 2807 integram
3239 2735 3508 2806 sigillatim
3534 2750 3624 2803 ap-

2055 2829 2229 2898 posui.
2261 2828 2431 2884 Porro
2455 2844 2555 2883 nec
2581 2829 2724 2882 istud
2769 2828 3197 2898 praetereundum
3225 2827 3480 2894 quoniam
3507 2825 3631 2894 qui-

2057 2917 2283 2974 busdam
2337 2919 2623 2974 sententiis
2665 2929 2772 2973 tam
2825 2903 3169 2988 congruentia
3207 2917 3316 2972 illic
3361 2917 3636 2986 proposita

2060 3011 2256 3080 reperi,
2291 3026 2409 3080 quae
2436 3012 2548 3064 suis
2575 3011 2626 3063 in
2654 2987 3061 3080 praefatibnibus
3089 3010 3177 3063 hic
3216 3009 3440 3062 minime
3469 3008 3636 3082 debe-I

2057 3113 2180 3158 rent
2205 3102 2432 3164 mutari;
2457 3101 2778 3170 quihusdam
2806 3115 2934 3154 vero
2957 3115 3061 3154 non
3089 3099 3247 3152 modo
3270 3113 3334 3154 ex
3359 3098 3635 3166 aliquanto

2055 3193 2265 3262 longius
2316 3190 2574 3259 praefatis,
2618 3205 2804 3242 verum
2853 3189 3014 3242 etiam
3050 3203 3116 3242 ex
3167 3187 3634 3255 subsequentibus.

2053 3298 2174 3352 qua:
2203 3282 2380 3335 forent
2405 3279 2658 3347 aptanda,
2688 3293 2901 3332 sumere
2927 3291 3147 3333 necesse
3177 3277 3372 3350 habui;
3402 3277 3523 3330 aliis
3546 3271 3634 3330 dé—

2059 3375 2218 3442 nique
2249 3370 2457 3426 noviter
2481 3369 2652 3422 solum
2683 3367 2824 3421 edita
2853 3375 3106 3434 coaptare
3135 3366 3385 3435 cogebar.
3418 3364 3526 3418 Nec
3555 3375 3631 3418 ta-

2058 3475 2179 3515 men
2205 3460 2326 3528 quis
2357 3473 2518 3527 super
2543 3457 2646 3510 hoe
2669 3455 2972 3508 mirandum
3017 3455 3197 3520 ducat,
3234 3455 3359 3509 dum
3403 3455 3628 3508 istarum

2056 3550 2411 3622 praecedentia
2469 3547 2861 3602 sententiarum
2911 3561 3248 3616 nequaquam
3302 3546 3502 3615 passim
3559 3545 3628 3597 ad

2055 3644 2203 3712 ipsas
2224 3650 2476 3710 tanquam
2502 3639 2808 3696 necessario
2834 3639 3216 3694 subsecuturas
3241 3638 3623 3709 spectaverint,

2055 3733 2181 3788 licet
2211 3733 2475 3787 rationem
2507 3747 2602 3786 eas
2641 3729 3013 3784 introducendi
3055 3729 3427 3799 praestiterint.
3469 3727 3625 3784 Unde

2023 3839 2164 3880 vnon
2197 3821 2562 3877 necessarium
2593 3819 2761 3874 fuisse
2785 3819 3134 3889 perpenditur
3171 3826 3227 3871 ut
3257 3818 3510 3886 quaelibet
3537 3819 3622 3874 his

2057 3915 2256 3983 ubique
2278 3911 2562 3968 sententiis
2581 3910 2876 3972 haererent,
2903 3923 3020 3978 quae
3045 3909 3158 3964 suis
3181 3908 3270 3964 hic
3298 3909 3472 3978 aptari
3495 3924 3632 3979 prae-

2057 4003 2418 4058 locutionibus
2440 4010 2680 4070 possent.
2705 3998 2810 4054 Sed
2833 3998 2942 4068 jam
2980 4015 3101 4052 cum
3129 3997 3386 4052 extremis
3415 3997 3628 4066 propin-

2053 4109 2180 4162 quo,
2217 4108 2334 4148 mea
2363 4093 2431 4146 ad
2462 4101 2532 4156 te,
2560 4091 2743 4156 Pater,
2768 4091 2930 4145 verba
2959 4098 3238 4153 converto,
3267 4099 3348 4154 ut,
3383 4088 3468 4144 cui
3497 4089 3633 4144 milio

2055 4185 2382 4254 tautprima,
2401 4185 2522 4254 jure
2547 4197 2760 4252 quoque
2783 4181 3110 4234 famulentur
3131 4180 3340 4234 ultima.
3365 4177 3418 4232 In
3445 4179 3634 4247 primis

2057 4275 2236 4344 itaque
2261 4275 2476 4328 veniam
2506 4286 2668 4342 super
2689 4271 2907 4335 erratis,
2948 4268 3144 4338 quibus
3185 4267 3240 4322 in
3277 4269 3379 4322 hoc
3399 4265 3624 4321 forsitan

2051 4363 2238 4418 videor
2279 4363 2567 4432 deliquisse
2617 4361 2850 4430 negotio,
2898 4359 3164 4414 submisse
3213 4372 3395 4413 coram
3435 4365 3630 4412 vestra:

2053 4453 2359 4508 sanctitatis
2389 4452 2760 4523 magnitudine
2794 4450 3054 4520 imploro;
3083 4464 3246 4518 quam
3286 4447 3449 4502 simul
3496 4461 3631 4516 quo—

2051 4559 2156 4613 que
2186 4545 2461 4598 mihicum
2486 4544 2588 4597 hoc
2617 4543 2827 4596 {tenore
2856 4542 3040 4612 largiri
3081 4542 3332 4610 deposco,
3363 4549 3631 4610 quatenus

2051 4649 2171 4702 quae
2185 4633 2503 4702 corrigenda
2524 4639 2652 4685 sunt
2675 4631 2982 4685 nullatenus
2999 4630 3299 4683 incorrecta
3327 4629 3626 4696 relinquat;

2060 4737 2128 4776 ne
2169 4723 2295 4792 quid
2320 4731 2470 4775 extra
2502 4722 2567 4774 de
2593 4729 2788 4774 caetero
2811 4733 3005 4772 manus
3043 4718 3281 4770 inveniat
3326 4717 3469 4784 quod
3523 4729 3630 4768 met

2048 4829 2171 4868 cum
2203 4809 2841 4876 insultationeldecerpat.
2865 4807 3212 4875 Nequaquam
3233 4807 3376 4858 enim
3399 4820 3521 4859 reor
3548 4805 3627 4859 sic

2050 4918 2136 4957 me
2175 4901 2478 4956 cucurrisse
2508 4907 2566 4952 ut
2599 4913 2694 4968 per
2716 4896 2896 4951 omnia
2921 4893 3412 4964 irreprehensibilis
3431 4907 3626 4962 usque-
3663 4935 3666 4940 .

2050 5007 2265 5063 quaque
2291 4990 2550 5059 reperiar.
2583 4989 2639 5043 ln
2669 4988 2866 5057 quibus
2913 5003 3040 5058 ergo
3069 4987 3394 5056 quandoque
3441 4985 3626 5038 redar-

2053 5085 2293 5154 guendus
2317 5095 2567 5152 apparco,
2599 5079 2848 5151 propriae,
2881 5079 3110 5148 ipsemet
3136 5077 3422 5140 confitens,
3457 5074 3626 5142 impe-

2053 5177 2193 5231 ritiae
2222 5177 2482 5244 deputare
2515 5189 2675 5242 quam
2710 5172 3012 5242 procaciter
3048 5168 3335 5224 defendere
3359 5165 3519 5220 male.
3567 5164 3625 5218 Si

2051 5268 2176 5337 quid
2214 5282 2362 5330 vero,
2395 5265 2536 5335 quod
2565 5265 2704 5318 forte
2735 5263 2963 5331 placeat,
2996 5259 3277 5330 gesserim,
3309 5255 3630 5310 obedientiau

2049 5369 2243 5414 vestrae
2273 5357 2546 5412 sanctitati
2575 5355 2851 5417 exhibitte,
2900 5351 3246 5420 ejusdemque
3277 5364 3420 5418 stupe
3475 5362 3622 5402 reco-

2049 5452 2193 5507 leudi
2235 5452 2404 5520 patris
2459 5447 2685 5510 meritis,
2724 5455 2845 5516 post
2888 5445 3076 5506 Deum,
3135 5442 3217 5497 sui
3259 5441 3627 5510 principaliter

2050 5550 2262 5608 cuncta,
2288 5555 2404 5609 quae
2431 5539 2542 5606 ipse
2570 5535 2864 5597 distribuit,
2892 5535 3029 5590 dona
3055 5533 3324 5590 reddenda
3365 5539 3508 5597 sunt,
3539 5529 3626 5583 de-
