4028 6168
400 193 494 246 991
1302 183 1792 240 COLLECTANEA
1834 181 1897 236 ΞΝ
1944 183 2171 239 VETUS
2210 171 2745 236 TESTAMENTUM.

3534 175 3644 232 99%

402 320 554 361 minus
584 305 836 359 attribuo.
885 301 1036 371 Apud
1070 299 1238 367 cujus,
1289 314 1488 367 quaeso,
1524 297 1818 366 maiestatis
1858 296 1967 349 cle-
2005 301 2050 358 Α
2078 297 2181 350 ctis
2216 310 2426 365 quoque
2479 295 2672 362 quibus
2704 294 2802 346 hoc
2834 308 3010 346 meum
3040 291 3180 344 forte
3232 291 3469 346 studium
3509 289 3640 346 (lim

404 401 679 461 mentium,
706 407 992 450 vcstrntnc
1039 393 1209 461 pietas
1253 393 1364 446 suis
1407 391 1582 460 dignis
1629 389 1964 443 orationibus

406 488 782 541 commendare
810 486 1072 554 dignetur.
1105 482 1256 548 Quod
1301 495 1429 536 sane
1462 480 1724 534 mercedis
1762 495 1790 532 a
1831 494 1963 532 cun-

2076 385 2357 456 proluerit,
2384 383 2568 440 humili
2591 382 2977 452 supplicatione
3007 383 3262 450 deposco.

1734 612 1962 682 Explicit
1989 607 2273 676 Prologus.

1233 895 1520 969 77—78
1556 890 1892 946 INCIPIUNT
1928 874 2266 942 (JAPili'ULA
2299 883 2471 938 LIBRI
2507 880 2811 942 GENESIS.

483 1048 494 1060 .
533 1008 677 1062 Dixit
711 1007 843 1062 Deus
872 1023 888 1059 :
921 1007 1042 1062 Fiat
1071 1009 1184 1071 lux,
1215 1009 1297 1061 die
1325 1007 1512 1075 prima.

487 1325 499 1337 .
540 1283 689 1349 Quod
715 1279 892 1351 quinia
923 1286 1004 1338 die
1025 1279 1186 1354 pisces
1212 1296 1258 1338 et
1286 1284 1513 1337 volucres
1545 1282 1644 1333 sint
1670 1279 1849 1330 creati.

537 1354 688 1417 Quod
719 1365 862 1408 sexto
886 1356 968 1407 die
998 1367 1198 1409 creatus
1237 1364 1309 1407 est
1344 1354 1514 1404 homo.

443 1010 494 1063 1.

440 1080 493 1132 2.

441 1149 496 1201 5.

440 1217 499 1270 4.

445 1285 499 1340 5.

442 1355 495 1408 6.

446 1425 498 1478 7.

443 1493 498 1548 8.

445 1564 500 1615 9.

412 1631 500 1686 10.

412 1703 434 1753 1

455 1701 472 1753 l

490 1808 502 1820 .
548 1769 619 1819 De
648 1785 887 1820 mensura
920 1785 1057 1819 arca:
1086 1769 1285 1820 diluvii.

413 1770 437 1822 1

415 1840 436 1890 1

414 1905 439 1959 1

450 1769 502 1821 2.

450 1840 502 1890 3.

450 1907 502 1960 1.

417 1979 436 2026 1

450 1975 482 2027 5

454 2045 481 2060 ..

489 2083 502 2097 .
539 2042 790 2097 Decorvo
813 2054 859 2095 et
890 2043 1124 2096 columba
1152 2061 1213 2096 ex
1235 2060 1356 2095 arca
1386 2042 1632 2092 dimissis.

416 2047 438 2096 1

419 2120 440 2165 1

417 2185 440 2234 1

417 2254 439 2303 1

451 2048 502 2097 li.

454 2115 502 2164 7.

453 2183 502 2233 8.

452 2251 502 2304 9.

594 2322 795 2388 regibus
818 2321 1067 2384 superati.

416 2388 450 2439 ’Ξ

418 2458 452 2508 ‘2

418 2526 452 2577 2i

412 2596 447 2648 i2

453 2388 485 2441 0

451 2457 477 2508 cl

451 2526 484 2577 “2

454 2596 485 2648 3

591 2668 773 2717 sciant.

537 1078 687 1143 Quod
713 1080 940 1131 secunda
972 1079 1053 1130 die
1083 1080 1200 1145 fecit
1223 1072 1606 1145 ﬁrmamentum
1635 1080 1687 1145 et
1707 1072 1977 1145 diuisiones
2006 1081 2286 1133 aquarum.
2490 1140 2500 1145 _
2600 1131 2612 1142 ⁸

537 1130 920 1216 Eorigregentur
942 1130 1094 1216 aqua."
1114 1130 1234 1216 quis:
1256 1143 1501 1216 subcon
1526 1152 1642 1216 sunt
1670 1143 1722 1216 in
1753 1140 1924 1216 locum
1951 1130 2135 1196 unum,
2167 1145 2214 1216 et
2252 1140 2501 1202 appareat
2533 1130 2702 1185 arida.

484 1255 499 1269 .
540 1205 690 1285 Quod
717 1205 900 1283 quarto
926 1205 1009 1268 die
1035 1205 1173 1285 facla
1202 1226 1319 1270 sunt
1352 1213 1632 1285 luminaria
1664 1210 1714 1261 in
1737 1211 2062 1285 ﬁrmamento
2090 1205 2228 1265 estli-

991 1404 1657 1489 Domiiiits,consummatis
1682 1416 1940 1489 omnibus,
1963 1411 2227 1489 _requievit
2257 1421 2304 1463 et
2329 1411 2595 1489 hominem
2627 1407 2944 1489 requiescere
2967 1404 3231 1489 prmcepit.

538 1479 759 1545 immisit
794 1493 1044 1545 Dominus
1069 1479 1299 1549 sonorem
1324 1494 1378 1543 in
1406 1489 1608 1549 Adam;
1633 1501 1847 1553 cumque
1875 1479 2237 1553 obdormisset,
2263 1481 2377 1532 tulit
2415 1495 2573 1532 unam
2605 1479 2667 1553 de
2696 1480 2848 1553 cost-is
2877 1479 3011 1543 ejus,
3043 1485 3145 1528 etc.

544 1560 696 1624 Quod
721 1561 1081 1614 deambulante
1110 1547 1328 1614 Domino
1359 1562 1410 1611 in
1438 1547 1703 1624 paradiso,
1735 1547 1923 1624 Adam,
1963 1552 2087 1624 quia
2117 1551 2286 1603 nudus
2317 1560 2468 1624 esset,
2500 1565 2552 1601 se
2583 1547 2874 1624 abscondit.

543 1618 691 1692 Quod
717 1632 779 1683 de
805 1630 935 1683 Cain
959 1632 1244 1696 septuplum
1273 1630 1396 1681 ultio
1428 1618 1667 1696 dabitur;
1699 1626 1760 1676 de
1782 1623 2211 1696 Lamechautein
2236 1619 2523 1686 septuagies
2555 1618 2758 1696 septies.

487 1740 498 1752 .
545 1691 653 1750 Fac
685 1700 774 1751 tibi
802 1716 974 1750 arcam
1005 1691 1066 1751 de
1093 1691 1244 1765 lignis
1272 1697 1543 1764 lwvigatis,
1572 1705 1618 1747 el
1644 1694 1890 1746 bitumine
1918 1691 2398 1744 liniesintrinsecus
2425 1698 2470 1740 et
2495 1691 2835 1740 extrinsecus.

547 1837 850 1900 Quindecim
878 1837 1060 1889 cubitis
1092 1838 1246 1889 altior
1274 1835 1371 1903 fuit
1395 1848 1528 1902 aqua
1559 1848 1712 1888 super
1734 1847 1907 1903 omnes
1931 1838 2148 1903 montes,
2177 1843 2304 1903 quos
2333 1836 2624 1893 operuerat.

545 1897 695 1968 Quod
718 1906 964 1957 diluvium
993 1917 1102 1964 post
1126 1897 1327 1957 centum
1351 1897 1722 1973 quinquaginta
1747 1901 1856 1953 dies
1871 1899 2028 1973 coepi:
2059 1897 2317 1949 imminui.

490 2015 502 2026 .
544 1965 802 2044 Requievit
826 1991 947 2027 arca
964 1991 1140 2044 mense
1165 1965 1692 2044 septinio,xx'vtt_'die
1719 1969 1928 2032 mensis,
1953 1983 2106 2036 super
2128 1976 2323 2018 montes
2350 1965 2628 2017 Armenia'.

493 2151 504 2164 .
550 2113 872 2181 Exspectatis
898 2124 1067 2164 autem
1095 2123 1283 2180 septem
1305 2110 1480 2163 diebus
1507 2110 1645 2171 aliis,
1679 2123 1881 2181 rursum
1913 2105 2107 2181 dimisit
2141 2104 2254 2157 Noe
2277 2103 2659 2181 col‘ttntbanrex
2688 2119 2828 2181 arca.

491 2221 503 2233 .
557 2172 752 2242 Venite.
779 2183 1034 2250 faciamus
1078 2172 1222 2234 nobis
1248 2182 1521 2250 civitatem,
1549 2190 1594 2231 et
1622 2177 1806 2250 turrim
1837 2175 1986 2250 cujus
2010 2174 2213 2227 culmen
2233 2173 2587 2250 pertingat‘ad
2611 2172 2815 2223 caelum.

542 2251 618 2304 De
642 2240 866 2321 quiaque
890 2253 1110 2318 regibus,
1140 2250 1384 2304 δοιίοηιω
1410 2248 1600 2300 scilicet
1624 2256 1670 2298 et
1689 2240 1996 2298 Gomorrhte
2025 2254 2070 2296 et
2101 2240 2405 2297 cretei-arum
2430 2241 2792 2295 subversarum
2833 2241 3058 2305 urbium,
3082 2240 3170 2309 qui
3204 2256 3236 2290 a
3266 2248 3492 2306 quatuor
3531 2250 3646 2292 sunt

494 2427 505 2440 .
551 2379 702 2453 Quod
734 2379 1015 2450 Abraham,
1042 2405 1156 2440 cum
1195 2386 1414 2439 Domino
1441 2385 1758 2452 sacriﬁcium
1790 2383 2020 2453 o/ferret,
2047 2398 2238 2453 pecora
2267 2397 2359 2453 per
2379 2381 2603 2433 medium
2628 2379 2825 2444 divisit,
2849 2397 2963 2433 aves
2987 2395 3100 2433 vero
3123 2395 3224 2432 non
3254 2379 3442 2432 divisit.

494 2497 506 2510 .
550 2451 701 2522 Quod
733 2458 990 2510 Abraham
1025 2459 1253 2510 volucres
1274 2473 1428 2524 super
1456 2451 1772 2522 sacriﬁcium
1804 2452 2166 2524 descendentes
2191 2451 2447 2524 abigebat.

493 2567 503 2578 .
547 2518 774 2594 Cumque
800 2527 877 2580 sol
904 2528 1245 2589 occumberet,
1277 2518 1426 2593 sopor
1454 2518 1640 2590 irrupit
1664 2539 1817 2582 super
1841 2522 2122 2594 Abraham,
2156 2531 2200 2594 et
2222 2520 2409 2572 horror
2438 2533 2655 2589 magnus
2685 2529 2730 2571 et
2761 2519 3056 2594 tenebrosus
3083 2518 3267 2570 invasit
3293 2533 3426 2570 eum.

491 2635 504 2648 .
546 2587 884 2661 Descendunt,
926 2606 970 2647 et
1021 2595 1196 2649 videbo
1232 2587 1417 2647 rutrum
1455 2587 1761 2652 clamorem,
1801 2592 1889 2661 qui
1938 2593 2070 2645 venit
2121 2591 2188 2641 ad
2240 2605 2318 2641 me
2348 2629 2362 2654 ,
2405 2587 2554 2658 opere
2609 2588 2966 2657 compleverint
2998 2628 3011 2651 ,
3056 2605 3124 2640 an
3161 2603 3262 2640 non
3309 2598 3380 2639 est
3429 2587 3500 2640 ita
3530 2627 3544 2649 ,
3597 2597 3648 2638 ut

417 2735 508 2787 ΞΗ.
552 2735 702 2796 Quod
727 2734 1034 2796 Sodomitaz,
1068 2735 1190 2786 dum
1220 2745 1536 2786 conarentur
1559 2733 1623 2784 ad
1653 2729 1862 2798 angelos
1892 2729 2135 2782 violenter
2161 2730 2467 2792 irrumpere,
2501 2729 2731 2782 cmcitate
2758 2743 2985 2796 percussi
3009 2736 3146 2780 sunt.

417 2804 508 2857 25.
552 2803 702 2866 Quod
727 2803 990 2854 Abraham
1020 2805 1229 2856 unicum
1259 2803 1354 2855 sibi
1385 2802 1553 2868 ﬁlium
1575 2800 1976 2868 sacriﬁcandum
2011 2798 2116 2850 Deo
2144 2798 2351 2850 obtulit.

415 2875 503 2925 E26.
548 2873 622 2924 De
652 2873 743 2924 Lia
765 2882 810 2923 et
841 2871 1048 2934 Rachel,
1075 2873 1320 2926 uxoribus
1348 2871 1530 2924 Jacob.

415 2942 508 2994 ‘27.
551 2941 623 2992 De
652 2940 784 2992 Bala
808 2951 856 2992 et
879 2939 1071 3008 Zelpha
1099 2941 1323 2994 ancillis.

416 3010 506 3061 98.
549 3008 701 3072 Quod
735 3008 927 3061 Rachel
953 3003 1133 3062 nomen
1162 3010 1257 3076 ﬁlii
1283 3009 1363 3062 sui
1393 3008 1588 3062 Πρηοηί
1616 3007 1841 3069 vocavit;
1870 3017 2016 3067 pater
2039 3022 2154 3059 vero
2182 3005 2456 3074 appellavit
2489 3023 2603 3060 eum
2629 3003 2923 3076 Benjamin.

423 3080 512 3132 29.
557 3078 665 3131 Iste
689 3088 762 3131 est
787 3079 921 3141 Ana,
948 3081 1035 3144 qui
1066 3073 1255 3130 invenit
1278 3095 1441 3146 aquas
1469 3077 1668 3129 calidas
1689 3077 1742 3129 in
1767 3076 2064 3139 solitudine,
2090 3073 2222 3146 dum
2238 3086 2466 3146 pasceret
2486 3077 2662 3128 asinos
2692 3073 2890 3146 Sebeon
2922 3074 3083 3146 patris
3115 3076 3215 3126 sui.

422 3149 510 3200 '50.
555 3147 826 3200 Descendit
854 3142 1022 3199 ludas
1048 3151 1100 3199 in
1133 3142 1366 3200 'I'hamna
1389 3149 1457 3199 ad
1480 3146 1766 3199 tondendas
1794 3161 1927 3205 oves,
1955 3160 2070 3198 cum
2097 3142 2476 3213 Hiraropilione
2496 3146 2660 3214 gregis
2688 3145 2768 3196 sui
2795 3142 3128 3214 Odolamitw.

421 3216 508 3270 3|.
551 3215 930 3278 JussitJose/th
974 3218 1222 3269 ministris
1251 3228 1304 3268 ut
1332 3217 1598 3283 implerent
1621 3231 1797 3267 saccos
1823 3215 2046 3282 fratrum
2069 3215 2264 3276 tritico,
2290 3223 2336 3266 et
2368 3212 2664 3282 reponerent
2704 3213 2973 3280 pecuniam
3021 3213 3343 3282 singulorum
3386 3212 3438 3266 in
3484 3213 3643 3265 saccis

593 3288 735 3348 suis;
759 3287 811 3337 in
840 3285 1116 3354 Benjamin
1145 3302 1262 3339 vero
1287 3302 1436 3338 sacco
1460 3285 1706 3354 scyphum
1733 3300 1932 3352 quoque
1960 3300 2074 3336 cum
2099 3284 2316 3350 pecunia
2345 3284 2688 3336 includerent.

1793 3392 2005 3447 Finiunt
2033 3393 2283 3463 capitula.

823 3585 1453 3674 INCIPIUNT
1507 3559 2244 3673 TESTIMONIA
2318 3583 2643 3668 LIBRI
2723 3583 3253 3671 GENESIS.

929 3795 1152 3862 CAPUT
1187 3796 1478 3852 PRIMUM.
1593 3859 1602 3873 ι

422 3885 490 3942 In
515 3887 735 3956 epistola
755 3885 823 3940 ad
851 3885 1265 3958 llildebrandum
1303 3899 1350 3942 et
1393 3888 1710 3957 Stephanum
1739 3889 1984 3942 cardina-

490 3979 562 4031 les
604 3980 654 4030 in
688 3995 789 4047 qua
833 3979 980 4031 docet
1013 3979 1235 4047 qualiter
1265 3979 1537 4034 rationalis
1565 3981 1742 4033 anima
1774 3980 1842 4034 ad
1864 3997 1983 4048 per—

491 4065 763 4134 fectionem
778 4068 967 4120 veniat.

492 4157 734 4222 Qualiter
789 4158 952 4211 homo
1018 4158 1192 4213 valeat
1264 4160 1663 4224 consummari,
1716 4158 1984 4227 quomodo

421 4247 614 4308 debeat
640 4248 845 4314 perlici,
875 4249 1000 4302 libet
1032 4251 1304 4304 succincte
1344 4251 1722 4318 perstringere,
1749 4260 1904 4318 prout
1931 4251 1982 4302 in

423 4337 538 4402 ipso
589 4337 869 4390 mandante
923 4338 1212 4392 creationis
1261 4337 1421 4392 datur
1482 4338 1669 4393 ordine
1737 4337 1979 4406 reperiri.

423 4424 557 4476 Nam
585 4425 706 4492 quia
746 4425 906 4478 homo
939 4426 1340 4486 microcosmus,
1369 4428 1469 4479 hoc
1498 4435 1598 4488 est,
1625 4428 1800 4480 minor
1826 4441 1980 4481 mon--

417 4511 519 4565 dus
548 4512 824 4572 asseritur.
853 4528 1075 4569 necesse
1099 4523 1182 4569 est
1205 4524 1283 4580 ut,
1307 4516 1371 4568 ad
1395 4531 1504 4569 sua:
1526 4515 1874 4585 plenitudinis
1901 4520 1981 4571 in-

418 4609 689 4654 crementa
723 4603 1073 4667 contendens,
1130 4605 1300 4673 ipsam
1345 4607 1623 4659 mundana:
1664 4609 1984 4663 conditionis

419 4690 650 4757 speciem
681 4691 936 4755 imitetur,
969 4702 1048 4758 ut,
1081 4695 1222 4748 sicut
1250 4695 1475 4750 visibilis
1495 4705 1658 4765 atque
1692 4714 1982 4766 corporeus

421 4782 508 4836 bic
553 4784 780 4837 mundus
826 4799 921 4852 per
963 4801 1178 4839 suarum
1235 4788 1426 4840 molem
1475 4804 1537 4841 ac
1589 4788 1980 4844 multitudinem

419 4883 825 4926 consummatus
853 4882 932 4927 est
962 4875 1208 4942 partium,
1242 4877 1319 4930 sic
1357 4886 1408 4929 et
1439 4877 1599 4931 homo
1629 4891 1811 4932 noster
1842 4881 1980 4933 inte-

427 4961 539 5014 rior
592 4961 845 5027 paulatim
891 4964 954 5015 ad
1000 4964 1080 5015 sui
1115 4963 1498 5030 plenitudinem
1543 4967 1720 5020 veniat
1765 4983 1859 5036 per
1887 4985 1983 5021 au-

423 5060 638 5116 gmenta
670 5051 944 5103 virtutum.
981 5051 1051 5105 De
1081 5068 1185 5120 qua
1216 5053 1467 5106 nimirum
1511 5055 1835 5122 plenitudine
1858 5072 1976 5124 spe-

2010 3802 2054 3860 n
2084 3795 2296 3866 fulgeat.
2341 3793 2520 3850 Prima
2573 3796 2768 3863 quippe
2815 3797 3009 3852 mentis
3037 3797 3147 3860 lux.
3180 3799 3311 3852 ﬁdes
3345 3809 3450 3852 est.
3504 3796 3650 3851 Unde

2080 3880 2197 3951 jam
2248 3885 2496 3940 ﬁdelibus
2540 3886 2670 3939 dicit
2698 3886 3028 3953 Apostolus:
3066 3904 3082 3936 ί
3122 3886 3322 3940 Fuistis
3370 3887 3651 3955 aliquando

2087 3976 2342 4038 tenebrm,
2395 3990 2534 4030 nunc
2561 3989 2738 4029 autem
2782 3977 2870 4029 lux
2902 3977 2954 4030 in
2993 3977 3218 4030 Domino
3254 3975 3468 4046 (Ep/tes.
3504 3980 3576 4045 ν).
3628 3996 3644 4025 ι

2083 4064 2150 4119 Et
2179 4065 2281 4118 hoc
2310 4073 2390 4120 est
2425 4068 2654 4135 primum
2684 4066 2736 4118 in
2771 4066 2885 4136 lege
2911 4078 3234 4135 prmceptum
3271 4087 3282 4120 :
3321 4087 3338 4116 ι
3371 4065 3536 4125 Audi,
3579 4065 3654 4118 ls-

2084 4155 2226 4206 rael'
2259 4156 2514 4210 Dominus
2536 4155 2675 4210 Deus
2705 4165 2826 4209 tuus
2853 4157 2991 4210 Deus
3019 4174 3155 4212 unus
3187 4167 3266 4210 est
3287 4156 3462 4226 (Deut.
3496 4157 3584 4223 τι).
3628 4179 3643 4203 ο

2083 4247 2232 4302 Tunc
2265 4249 2443 4317 itaque
2479 4249 2529 4302 in
2561 4249 2778 4304 homine
2825 4249 2996 4318 prima
3036 4251 3149 4304 dies
3186 4249 3275 4312 ﬁt,
3312 4264 3434 4302 cum
3482 4263 3652 4302 novus

2083 4337 2147 4390 ad
2179 4335 2336 4391 [idem
2366 4340 2530 4392 venit.

2701 4427 2928 4484 CAPUT
2965 4430 3026 4484 ll.

2616 4517 2678 4571 In
2715 4520 2892 4572 eadem
2923 4520 3158 4588 epistola.

2154 4604 2402 4661 Secundo
2449 4606 2534 4660 die
2585 4605 2708 4660 fecit
2751 4608 2892 4664 Deus
2937 4609 3356 4673 ﬁrmamentum,
3402 4613 3542 4679 quod
3573 4622 3654 4663 est

2082 4693 2300 4754 etelum,
2324 4692 2556 4763 fecitque
2581 4695 2870 4751 divisiones
2897 4714 3180 4766 aquarum,
3210 4709 3266 4751 ut
3304 4701 3421 4754 alia:
3446 4717 3541 4769 per
3567 4702 3651 4752 in-

2082 4781 2278 4836 feriora
2329 4782 2658 4849 deﬂuerent,
2711 4786 2826 4838 alia:
2875 4788 2926 4840 in
2979 4789 3350 4856 superioribus
3402 4805 3650 4843 remane-

2084 4881 2224 4926 rent.
2253 4872 2392 4938 Quid
2445 4883 2626 4928 autem
2691 4875 3086 4930 firmamentum
3119 4920 3133 4941 ,
3193 4880 3295 4932 nisi
3353 4881 3518 4933 robur
3569 4888 3650 4933 est

2083 4959 2517 5028 Scripturarum?
2550 4961 2702 5017 Unde
2734 4964 2962 5035 legitur:
2995 4986 3012 5017 ι
3051 4968 3185 5033 Quia
3238 4969 3434 5022 cmlum
3476 4970 3528 5022 in
3567 4969 3650 5022 die

2074 5048 2261 5116 judicii
2318 5050 2606 5120 plicabitur
2653 5055 2794 5106 sicut
2838 5055 2973 5108 liber
3025 5057 3154 5126 (lsa.
3197 5058 3400 5126 xxxrv).
3450 5077 3470 5109 ι
3513 5058 3650 5123 Quid

413 5140 535 5193 ciali
566 5141 694 5193 dicit
715 5139 1002 5207 Apostolus
1037 5158 1048 5194 τ
1085 5161 1101 5190 ι
1143 5143 1320 5196 Donec
1345 5159 1690 5198 occari-amns
1706 5163 1893 5200 omnes
1927 5148 1978 5200 in
2009 5151 2051 5210 ρ
2083 5150 2260 5193 autem
2293 5156 2445 5209 aqua:
2474 5142 2771 5206 inferiores,
2809 5147 2908 5198 nisi
2937 5148 3306 5201 multitudines
3341 5148 3650 5202 hominum?

411 5227 589 5282 virum
616 5227 933 5296 perlectum,
976 5228 1026 5282 in
1077 5245 1383 5284 mensuram
1415 5234 1590 5288 anatis
1627 5234 1975 5302 plenitudinis

411 5313 614 5370 Christi
644 5317 856 5385 (Ep/tes.
899 5318 997 5387 tv).
1038 5337 1056 5369 ι
1093 5321 1202 5388 Age
1227 5321 1405 5390 igitur,
1434 5323 1566 5376 dixit
1593 5323 1769 5378 Deus:
1805 5343 1822 5374 ‹
1855 5324 1976 5376 Fiat

412 5401 528 5457 Lux
553 5403 704 5474 (Cen.
731 5406 792 5472 ι).
832 5426 848 5456 ι
881 5406 1030 5462 Tunc
1060 5418 1237 5462 autem
1261 5412 1312 5464 in
1337 5403 1554 5467 homine
1576 5414 1772 5467 dicitur
1802 5424 1860 5467 ut
1888 5414 1971 5468 lux

414 5490 528 5555 ﬁat,
561 5509 680 5547 curn
727 5495 883 5548 datur
914 5513 965 5553 ut
999 5498 1314 5554 illuminatio
1365 5500 1464 5554 sibi
1515 5501 1846 5558 credulitatis
1894 5504 1972 5557 in-

2083 5229 2210 5296 quid
2242 5231 2567 5298 superiores,
2609 5232 2710 5285 nisi
2741 5234 2889 5288 chori
2930 5245 3053 5287 sunt
3084 5236 3432 5304 angelorum?
3461 5235 3648 5305 Angeli

2082 5319 2223 5371 enim
2252 5318 2649 5388 Scripturarum
2679 5322 2785 5392 79
2805 5323 2997 5378 cmlum
3028 5340 3134 5378 non
3162 5325 3364 5378 habent
3385 5340 3546 5393 super
3572 5340 3646 5388 sc,

2081 5411 2173 5465 sed
2215 5413 2314 5466 sub
2339 5428 2424 5477 se;
2462 5416 2584 5481 quia
2617 5430 2723 5469 non
2750 5426 2908 5485 egent
2953 5426 3011 5470 ut
3044 5419 3262 5471 verbum
3295 5417 3386 5470 Dei
3416 5417 3648 5484 legentes

2082 5504 2321 5569 audiant,
2355 5505 2478 5574 quin
2509 5501 2678 5575 ipsum
2709 5507 2987 5562 Dominum
3019 5520 3332 5578 praesentem
3367 5507 3648 5561 manifesto

3375 5739 3392 5772 I
