4028 6168
338 299 440 356 993

1621 301 1686 354 IN
1727 299 1984 354 LIBRUM
2025 299 2064 352 (ἶ
2077 296 2336 351 ENESIS.

3476 289 3576 342 9M

329 410 689 480 conspiciunt,
715 420 768 464 et
809 410 861 466 in
904 410 1020 480 ejus
1050 429 1262 483 semper
1291 427 1474 468 amore
1505 413 1896 466 ﬂammescunt.
1929 415 1972 472 Α
2003 424 2099 478 per
2125 422 2306 461 aerem
2341 405 2507 470 volat,
2543 420 2688 474 quia,
2729 413 2941 458 terrena
2975 415 3200 472 qumque
3253 399 3572 468 despiciens.

328 501 462 559 Cum
517 502 679 568 igitur
719 503 884 556 homo
923 519 1018 572 per
1066 503 1485 568 (irritamentum,
1527 505 1627 558 hoc
1674 514 1776 566 est,
1805 519 1901 573 per

241 643 268 664 ε
329 590 570 648 caelestis
602 589 796 658 eloquii
830 591 1233 656 documentum,
1255 591 1367 660 jam
1400 593 1584 660 incipit
1620 593 1902 646 inferiores

331 697 500 752 aquas
525 683 936 750 superioresque
961 683 1164 746 videre,
1199 685 1250 736 id
1279 694 1378 746 est,
1411 685 1648 737 carnalia
1681 701 1708 736 a
1742 685 1900 753 spiri-

338 775 594 840 tualihus,
641 783 856 826 terrena
904 791 934 826 a
965 775 1278 830 cmlestibus
1307 791 1576 846 separare,
1610 783 1718 828 tum
1758 776 1809 827 in
1839 789 1903 828 eo

329 865 597 920 secundus
633 863 692 915 ﬁt
721 863 872 916 dies:
906 865 1030 932 quia
1065 879 1168 918 non
1207 865 1365 917 modo
1414 863 1532 917 fidei
1583 864 1777 926 lucem,
1809 863 1902 916 sed

328 963 390 1012 et
409 969 590 1010 rerum
621 953 808 1023 incipit
831 953 1030 1006 habere
1058 953 1458 1007 discretionem.

934 1042 1160 1097 CAPUT
1199 1043 1282 1096 lll.

843 1133 910 1186 In
947 1132 1126 1185 eadem
1159 1131 1396 1200 epistola.

401 1228 600 1282 Deinde
626 1227 762 1280 dixit
791 1225 931 1281 Deus
955 1243 969 1278 :
1005 1246 1022 1276 ι
1051 1225 1461 1294 Congregcntur
1483 1239 1636 1293 aqum
1661 1239 1778 1291 qua:
1805 1222 1904 1276 sub

329 1318 468 1372 ccclo
497 1327 643 1380 sunt,
675 1316 728 1370 in
759 1333 922 1370 unum
960 1316 1160 1380 locum,
1190 1324 1244 1368 et
1282 1323 1540 1382 appareat
1568 1315 1715 1366 arida
1750 1311 1898 1382 (Gen.

331 1413 394 1480 l.)
435 1429 452 1460 ι
487 1408 648 1462 Facta
681 1409 845 1477 igitur
880 1407 1142 1461 divisione
1178 1407 1318 1460 inter
1349 1417 1564 1458 terrena
1589 1445 1602 1468 ,
1651 1405 1790 1457 sicut
1825 1404 1902 1456 die

325 1508 468 1552 ctum
487 1507 588 1562 est,
608 1507 767 1566 atque
791 1496 1051 1559 coelestia,
1075 1509 1292 1550 necesse
1315 1503 1397 1549 est
1416 1503 1468 1548 ut
1499 1495 1729 1548 humana
1752 1509 1904 1568 incus

333 1587 444 1640 haec
464 1588 652 1641 eadem
685 1598 898 1640 terrena
926 1587 1103 1640 adlme
1137 1586 1275 1640 inter
1305 1601 1362 1639 se
1393 1584 1651 1638 minutius
1676 1583 1896 1644 dividat,

324 1683 380 1730 ct
400 1676 478 1730 sic
501 1677 760 1745 reprobos
780 1675 1042 1736 homines,
1069 1674 1224 1742 hujus
1253 1681 1478 1728 terrena:
1495 1671 1770 1741 sapientia:
1799 1671 1902 1726 sal-

2003 514 2072 556 au
2119 499 2354 554 emlestia
2383 498 2688 552 sitibundus
2719 496 2930 550 anhelat
2959 513 3018 558 :_t
3056 493 3258 558 Sitivit,
3294 495 3574 562 inquiens,

2003 593 2183 645 anima
2218 606 2334 646 mea
2365 591 2430 644 ad
2459 589 2626 642 Deum
2659 589 2872 652 vivum;
2897 587 3109 656 quando
3139 587 3371 650 veniam,
3402 595 3456 638 et
3486 603 3580 654 ap~

2001 681 2200 750 parebo
2227 690 2352 734 ante
2378 679 2566 733 faciem
2601 679 2691 732 Dei
2723 677 2893 748 (Psal.
2929 676 3076 744 xu)?
3114 695 3131 726 ι
3159 675 3257 728 llic
3295 690 3425 744 ergo
3447 691 3578 743 qua-

2001 771 2046 822 si
2075 771 2155 822 vir
2191 767 2462 837 perfectus
2491 768 2553 821 ad
2585 766 2892 820 Conditoris
2925 765 3114 817 merito
3155 763 3416 816 formatur
3445 765 3576 816 ima-

2001 861 2214 928 ginem;
2250 859 2500 911 nimirum
2530 857 2620 926 qui
2653 867 2852 910 lautam
2877 853 3234 924 Spiritualium
3280 853 3580 906 charisma-

2005 955 2114 1000 tum
2158 947 2396 1015 possidet
2445 946 2782 1016 dignitatem,
2841 953 2898 996 ut
2951 959 3056 996 non
3099 940 3208 1009 jam
3244 941 3580 995 solummodo

2002 1035 2368 1104 quorumlibet
2399 1049 2642 1087 normam
2672 1031 3018 1101 prtecipiatur
3041 1040 3220 1083 tenere
3245 1039 3576 1092 sanctorum,

2003 1124 2098 1177 sed
2127 1133 2180 1176 et
2208 1125 2402 1192 ipsum,
2437 1125 2490 1176 in
2521 1131 2784 1190 quantum
2821 1121 2902 1174 fas
2951 1129 3057 1184 est,
3113 1119 3314 1172 imitari
3355 1129 3580 1173 conetur

2003 1213 2337 1282 exemplum;
2367 1215 2504 1268 sicut
2537 1214 2664 1268 dicit
2687 1212 2974 1282 Apostolus
3011 1231 3022 1264 :
3067 1229 3085 1262 ι
3119 1212 3306 1266 Estotc
3345 1212 3575 1265 imitato-

2007 1320 2090 1360 res
2117 1306 2228 1370 Dei,
2264 1306 2402 1360 sicut
2435 1305 2526 1358 lilii
2565 1305 2904 1368 charissimi,
2941 1313 2994 1357 et
3029 1303 3300 1357 ambulate
3347 1303 3400 1356 in
3450 1303 3579 1357 dile—

2004 1395 2204 1458 ctione,
2237 1395 2376 1448 sicut
2419 1407 2471 1448 ct
2519 1395 2768 1449 Christus
2813 1395 3002 1448 dilexit
3045 1409 3144 1449 nos
3195 1394 3411 1464 (Ephes.
3445 1393 3518 1465 v).
3553 1415 3571 1445 ι

2005 1483 2312 1539 Βίσθιθιιιίιι
2345 1485 2541 1554 quippe
2572 1495 2688 1538 erat
2723 1485 2864 1538 inter
2889 1485 3133 1548 Paulum,
3188 1485 3278 1552 qui
3329 1483 3576 1537 imitaba-

2007 1585 2092 1628 tur
2119 1575 2414 1642 Christum,
2456 1587 2510 1632 ct
2561 1593 2654 1632 eos
2693 1593 2828 1648 quos
2877 1577 3105 1630 vocabat
3148 1578 3214 1630 ad
3263 1577 3575 1630 imitandum

2003 1667 2238 1735 seipsum
2273 1685 2285 1720 :
2317 1687 2334 1717 ι
2369 1669 2692 1732 lmitatores,
2728 1669 2922 1738 inquit,
2957 1668 3061 1721 mei
3096 1677 3291 1730 estote,
3341 1669 3478 1722 sicut
3526 1680 3579 1720 ct

325 1765 511 1834 sugine
549 1766 874 1834 prurientes,
905 1779 934 1817 a
960 1765 1150 1834 jnstis,
1181 1763 1386 1818 fontem
1413 1761 1535 1814 fidei
1568 1760 1892 1824 sitientibus,
1929 1755 1968 1812 Β
1997 1773 2096 1827 ego
2122 1758 2316 1812 Christi
2352 1758 2369 1826 (
2397 1759 2422 1810 Ι
2457 1759 2578 1814 Cor.
2607 1758 2704 1829 χι).
2742 1777 2759 1811 ι

330 1869 582 1923 tanquam
612 1858 680 1909 ab
707 1855 856 1908 arida
889 1868 1056 1918 mare,
1108 1854 1402 1907 discernat.
1441 1850 1687 1904 lntideles
1717 1851 1892 1914 enim,

321 1943 436 1998 sive
461 1943 733 2007 carnales,
761 1941 984 2010 quilibet
1011 1942 1214 1994 amaris
1259 1940 1616 1994 teutationum
1649 1937 1897 1992 fluctibus

319 2031 651 2100 quatiuntur,
691 2040 745 2084 et
775 2039 1032 2100 tanquam
1065 2029 1381 2098 procellosis
1407 2027 1766 2097 cupiditatum
1813 2025 1898 2080 vel

321 2119 644 2188 arrogantiae
685 2117 1094 2188 tempestatibus
1129 2120 1517 2172 intumescunt.
1553 2117 1750 2184 Sancti
1771 2131 1898 2172 vero

319 2211 520 2278 quique
547 2223 612 2262 ac
646 2208 797 2278 justi,
837 2209 984 2262 velut
1026 2209 1198 2272 arida,
1253 2208 1538 2262 Dominum
1589 2207 1802 2269 sitiunt,
1845 2215 1901 2258 et

323 2310 584 2370 tanquam
633 2299 787 2354 ferax
843 2307 988 2353 terra
1049 2299 1290 2354 virentes
1355 2297 1618 2352 bonorum
1675 2311 1898 2366 operum

320 2391 529 2446 fructus
583 2390 888 2458 germinare
941 2390 1292 2444 contendunt.
1349 2387 1582 2455 Ideoque
1641 2387 1900 2456 prmcepit

321 2483 462 2536 Deus
487 2491 545 2534 ut
573 2481 764 2535 eodem
796 2481 880 2534 die
905 2480 1240 2550 germinaret
1279 2486 1422 2532 terra
1467 2478 1690 2532 herbam
1719 2477 1897 2530 viren-

321 2580 450 2637 tem,
483 2571 770 2626 facientem
815 2586 1023 2635 semen,
1077 2578 1130 2624 et
1171 2569 1374 2640 lignum
1417 2561 1764 2638 pomiferum,
1815 2565 1900 2618 fa-

319 2664 472 2720 ciens
519 2663 752 2716 fructum
791 2661 944 2730 (Gen.
977 2665 1038 2731 ι).
1071 2661 1324 2729 Quisquis
1363 2675 1490 2730 ergo
1532 2660 1634 2713 hoc
1673 2658 1902 2712 solerter

319 2757 657 2824 exsequitur,
677 2754 924 2824 quisquis
967 2755 1068 2808 lme
1115 2754 1383 2808 subtiliter
1435 2751 1746 2814 meditatur,
1779 2749 1901 2803 huic

323 2846 512 2916 procul
543 2846 705 2900 dubio
733 2845 920 2898 tertius
943 2845 1055 2914 jam
1087 2844 1200 2898 dies
1229 2844 1488 2898 exoritur.
1523 2841 1900 2909 Unusquisque

320 2951 448 3006 ergo
491 2951 548 2990 se
587 2935 660 3006 ψ
709 2951 891 2988 amara
937 2934 1232 2988 carnaliter
1271 2933 1596 3002 sapientium
1631 2929 1900 3000 salsugine

321 3025 554 3090 dividat;
583 3016 784 3078 fd'ntem
816 3024 940 3078 vita:
971 3023 1275 3088 Dominum,
1305 3023 1481 3076 factus
1501 3021 1671 3080 arida,
1695 3016 1900 3073 medul-

2617 1849 2844 1904 CAPUT
2883 1849 2966 1902 Vl.

2520 1939 2584 1992 In
2614 1939 2791 1992 eadem
2819 1941 3053 2008 epistola.

2073 2029 2224 2086 Unde
2255 2040 2404 2085 sexta
2427 2031 2513 2086 die
2539 2040 2754 2086 creatus
2777 2042 2860 2086 est
2891 2033 3052 2086 homo
3075 2035 3140 2086 ad
3163 2046 3243 2086 sui
3277 2031 3576 2086 similitudi-

2001 2145 2014 2172 ι
2038 2137 2121 2174 em
2157 2120 2455 2176 Creatoris.
2491 2123 2646 2189 Quod
2683 2122 2868 2192 utique
2909 2123 3050 2177 sicut
3099 2131 3224 2176 tunc
3273 2123 3470 2176 factum
3498 2131 3581 2176 est

1999 2229 2094 2280 per
2117 2212 2365 2268 humanre
2393 2214 2715 2270 conditionis
2738 2214 3048 2278 exordium,
3069 2213 3162 2274 .ita
3207 2229 3350 2268 nunc
3385 2213 3576 2284 «igitur

1999 2315 2095 2368 per
2113 2301 2524 2356 restaurationis
2547 2303 2746 2356 intimae
2767 2313 3192 2357 sacramentum.
3223 2302 3320 2358 Hic
3347 2313 3574 2372 prteter-

1999 2407 2065 2446 ca
2119 2397 2260 2448 inter
2287 2393 2466 2445 omnia
2497 2401 2676 2457 terrai,
2721 2408 2893 2461 aquae,
2927 2393 3170 2448 similiter
3200 2403 3252 2447 et
3286 2395 3426 2446 aeris
3457 2395 3545 2447 ani

2001 2485 2204 2537 mantia
2254 2485 2406 2554 quasi
2459 2485 2830 2538 monarchiam
2875 2485 3118 2553 accipit,
3171 2495 3228 2538 ct
3283 2488 3569 2554 quemdam

2000 2573 2328 2627 sublimioris
2365 2572 2700 2628 excellentiae
2739 2574 3128 2642 principatum;
3159 2575 3284 2641 quia
3317 2577 3398 2627 vir
3425 2577 3588 2643 quis-.

2001 2678 2104 2732 que
2128 2663 2419 2732 perfectus,
2455 2679 2518 2716 ac
2551 2663 2838 2718 virtutibus
2869 2673 3294 2729 consummatus,
3321 2665 3470 2718 novit
3510 2667 3577 2720 de

1999 2753 2224 2824 singulis
2253 2763 2456 2808 rectum
2487 2753 2732 2823 proferre
2776 2755 3058 2823 judicium,
3111 2755 3250 2809 sicut
3288 2755 3578 2824 Apostolus

2001 2848 2076 2900 ait
2109 2867 2119 2900 :
2154 2867 2170 2897 ι
2204 2845 2514 2914 Spirilualis
2549 2857 2726 2900 autem
2751 2847 2960 2914 judicat
3005 2847 3206 2910 omnia,
3253 2847 3364 2916 ipse
3394 2857 3573 2902 autem

2001 2955 2030 2992 ιι
2103 2939 2318 2992 nemine
2357 2936 2630 3004 judicatur
2677 2931 2727 3008 (1
2787 2937 2910 2990 Cor.
2957 2939 3036 3006 ιι).
3096 2957 3113 2987 ι
3183 2923 3334 2991 Hunc
3393 2939 3575 3008 itaque

2003 3028 2142 3081 Deus
2165 3027 2503 3096 omnipotens
2541 3027 2838 3096 perfectum
2889 3027 3086 3088 virum.
3135 3027 3332 3080 mundo
3373 3027 3580 3081 scilicet

321 3117 446 3171 litus
465 3118 608 3171 sitiat
633 3133 647 3181 ;
676 3117 940 3172 bonorum
967 3115 1238 3172 fructuum
1279 3115 1523 3183 germina
1543 3113 1804 3184 proferat,
1835 3121 1892 3166 ut
1921 3095 1970 3158 (ἶ
2003 3127 2272 3172 mortuum
2319 3095 2553 3186 rsibiquei
2579 3117 2870 3178 viventem,
2913 3130 3071 3170 suum
3101 3116 3386 3171 constituit
3433 3118 3580 3170 thro-

319 3209 424 3265 sibi
460 3210 572 3264 dies
604 3210 792 3264 tertius
823 3209 1114 3263 illucescat.

916 3299 1144 3353 CAPUT
1179 3297 1271 3352 ιν.

838 3389 906 3443 In
932 3391 1112 3443 eadem
1141 3387 1378 3456 epistola.

387 3477 486 3536 His
547 3481 693 3536 enim
744 3479 817 3532 ita
873 3479 1186 3546 compositis
1209 3486 1262 3532 et
1287 3477 1576 3532 salubriter
1603 3477 1888 3540 ordinatis,

321 3571 508 3626 anima
541 3570 798 3634 hominis,
829 3569 980 3638 quasi
1009 3568 1225 3638 dimotis
1251 3579 1412 3637 atque
1449 3567 1639 3636 sopitis
1666 3567 1898 3620 tenebris

323 3663 600 3728 vitiorum,
631 3663 820 3732 incipit
849 3662 1058 3714 radiare
1085 3661 1558 3716 nitore.virtutmn.
1583 3661 1758 3726 Atque
1781 3659 1899 3712 ideo

321 3755 517 3810 dicitur
537 3755 662 3824 quia
693 3765 888 3822 quarto
910 3753 996 3806 die
1027 3753 1170 3806 facta
1213 3734 1338 3806 sunt
1367 3749 1658 3804 luminaria
1703 3749 1758 3802 in
1801 3749 1896 3800 fir-

319 3855 596 3900 mamento
639 3843 762 3898 coeli
795 3843 946 3913 (Gen.
974 3843 1036 3910 i).
1071 3841 1210 3908 Quid
1262 3851 1344 3896 est
1391 3841 1536 3894 enim
1582 3839 1706 3908 quia
1749 3841 1898 3907 prius

317 3939 590 4010 germinat
633 3947 776 3992 terra
825 3945 880 3992 et
919 3935 1162 4004 protinus
1203 3933 1488 3986 luminaria
1528 3941 1650 3985 sunt
1692 3941 1897 3995 creata,

323 4030 427 4083 nisi
460 4029 623 4098 quod,
677 4027 980 4097 prodeunte
1017 4026 1258 4096 germine
1285 4025 1412 4078 boni
1457 4024 1659 4092 operis,
1711 4023 1796 4076 lux
1843 4025 1896 4076 in

323 4120 503 4174 anima
535 4119 804 4188 copiosior
838 4119 1032 4180 oritur,
1070 4125 1130 4170 ut
1171 4117 1372 4170 imitari
1408 4115 1586 4170 valeat
1615 4116 1694 4170 sui
1739 4117 1898 4170 vesti-

323 4213 410 4282 gia
438 4209 1153 4279 Redemptoris?Acceleret
1177 4223 1308 4277 ergo
1353 4216 1496 4262 terra
1549 4208 1746 4262 mentis
1794 4207 1896 4260 liu-

327 4319 504 4358 tnanae
535 4302 892 4372 spiritualium
917 4310 1156 4369 segetum
1204 4301 1508 4370 germinare
1549 4306 1895 4368 proventura,

324 4405 386 4451 ut
415 4393 757 4448 rutilantibus
779 4393 979 4446 intima:
1011 4392 1144 4446 lucis
1177 4391 1340 4444 radiis
1363 4389 1683 4453 illustretur,
1713 4396 1899 4456 quate-

321 4499 445 4550 nus,
471 4485 597 4538 dum
627 4481 804 4551 quarti
835 4483 938 4535 dici
975 4483 1093 4536 luce
1122 4479 1436 4550 perfruitur,
1471 4480 1632 4534 etiam
1659 4479 1728 4532 ad
1765 4492 1894 4532 cou-

325 4577 628 4646 templanda
654 4575 896 4630 coelestia
921 4589 1070 4628 more
1105 4572 1466 4641 spiritualium
1495 4572 1772 4626 volucrum
1811 4585 1896 4624 ra-

323 4668 522 4736 piatur.
941 4655 956 4660 ’

872 4754 984 4824 so
1020 4752 1245 4807 CAPUT
1283 4751 1346 4805 γ.

845 4843 912 4896 In
934 4845 1114 4896 eadem
1133 4841 1364 4912 epistola.

399 4933 548 4990 Unde
583 4944 668 4988 est
693 4936 836 5002 quod
879 4935 930 4987 in
959 4934 1148 5002 quinta
1198 4934 1284 4986 die
1320 4932 1488 4986 creati
1531 4941 1657 4984 sunt
1687 4931 1894 5001 pisces,

323 5039 422 5096 per
449 5041 584 5095 quos
599 5028 954 5096 designantur
997 5027 1048 5079 hi
1081 5026 1171 5094 qui
1193 5023 1534 5093 baptismatis
1558 5033 1894 5078 sacramenta

325 5117 665 5186 suscipiunt;
701 5115 942 5171 voiucres
978 5116 1140 5168 etiam
1163 5155 1177 5178 ,
1215 5129 1336 5182 quae
1360 5115 1664 5184 significant
1689 5127 1784 5168 eos
1805 5113 1896 5181 qui

327 5203 582 5259 virtutum
609 5207 797 5274 pennis
817 5206 882 5257 ad
911 5203 1150 5258 coelestia
1173 5209 1230 5258 se
1245 5203 1648 5272 contemplanda
1673 5215 1898 5270 suspen—

327 5289 483 5353 dum.
542 5297 798 5364 Quintum
850 5312 977 5366 ergo
1021 5297 1161 5350 diem
1212 5311 1334 5348 eum
1387 5295 1694 5349 volucribus
1737 5295 1897 5350 habet

315 5385 598 5458 quisquis,
619 5387 796 5442 smculi
826 5385 982 5455 hujus
1003 5402 1187 5440 amore
1209 5395 1538 5454 contempto,
1567 5385 1717 5453 quasi
1749 5384 1894 5438 dedi-

325 5485 525 5545 gnatur
567 5491 783 5530 coenam
832 5477 1042 5531 calcare
1091 5487 1360 5532 terrenum
1389 5517 1402 5540 ,
1434 5491 1498 5530 ac
1529 5491 1624 5544 per
1655 5485 1894 5530 contem-

327 5567 583 5638 plationis
607 5565 834 5633 gratiam
859 5568 924 5619 ad
959 5567 1194 5620 cmlestis
1218 5567 1402 5635 gloria:
1437 5581 1495 5620 se
1526 5567 1776 5635 provehit
1800 5581 1894 5633 ap-

329 5661 574 5732 petitum.
600 5658 696 5713 llic
725 5659 902 5726 itaque
927 5659 1038 5727 jam
1067 5675 1170 5713 non
1215 5661 1264 5713 in
1304 5671 1442 5713 terra
1495 5657 1763 5728 graditur,
1799 5657 1890 5711 sed

1997 3224 2145 3274 num,
2172 3223 2232 3262 ac
2266 3222 2360 3275 per
2389 3221 2509 3260 cum
2555 3222 2695 3276 scepc
2721 3206 2944 3276 justitize
2973 3223 3084 3259 sua:
3137 3207 3440 3277 promulgat
3467 3207 3578 3260 edi-

1996 3309 2163 3352 ctum.
2197 3297 2336 3352 llinc
2366 3308 2448 3352 est
2476 3307 2526 3352 et
2553 3299 2695 3367 quod
2724 3297 2958 3351 ordoille
2981 3298 3274 3366 angelicas,
3305 3315 3400 3367 per
3421 3315 3578 3370 quem

1997 3385 2331 3455 frequentius
2358 3387 2560 3456 judicia
2597 3403 2690 3440 sua
2733 3387 2974 3440 decernit
3016 3388 3357 3457 omnipotens
3415 3389 3576 3452 Deus,

1997 3481 2246 3533 Thronus
2275 3489 2532 3540 vocatur;
2565 3479 2690 3547 quia
2723 3479 2776 3532 in
2807 3479 2886 3532 eis
2921 3493 3164 3532 summus
3207 3480 3410 3534 arbiter
3441 3496 3578 3550 pra:-

1999 3569 2158 3634 sidet,
2187 3583 2306 3622 cum
2323 3567 2523 3638 judicia
2555 3583 2650 3638 per
2672 3583 2764 3622 eos
2793 3569 3071 3638 aequitatis
3088 3579 3326 3625 exercet.
3365 3571 3580 3626 Perfec-

2002 3669 2114 3712 tum
2139 3660 2318 3728 itaque
2343 3659 2519 3712 virum
2551 3659 2691 3713 Deus
2719 3675 2874 3714 suum
2897 3661 3174 3714 constituit
3199 3660 3416 3724 solium,
3447 3661 3578 3715 utin

1999 3767 2064 3804 co
2088 3753 2330 3805 suaviter
2365 3751 2686 3820 requiescat.
2715 3749 2866 3806 Unde
2905 3766 3004 3820 per
3032 3751 3354 3820 Prophetam
3385 3769 3397 3804 :
3429 3769 3448 3802 ι
3480 3751 3580 3806 διιο-

1999 3856 2096 3909 per
2125 3855 2306 3908 quem,
2333 3841 2528 3908 inquit,
2559 3842 2853 3908 requiescit
2877 3841 3109 3910 Spiritus
3143 3857 3317 3903 meus,
3351 3841 3454 3896 nisi
3485 3858 3577 3895 su-

2003 3941 2098 4002 per
2123 3933 2400 3996 humilem,
2429 3943 2484 3988 et
2511 3943 2878 3996 mansuetum,
2929 3940 2982 3986 et
3029 3942 3346 3987 trementem
3375 3949 3582 3987 sermo-

2001 4041 2096 4080 ncs
2117 4025 2299 4079 meos?
2323 4045 2340 4076 ι
2376 4025 2682 4096 (Ιεσ.ι.χνι.)
2709 4025 2772 4078 Ει
2795 4025 3086 4078 notandum
3111 4027 3252 4092 quod
3274 4038 3370 4092 per
3391 4039 3581 4078 unum-

1999 4129 2266 4184 quemque
2303 4114 2442 4167 diem
2483 4114 2725 4168 dicitur:
2767 4131 2783 4162 ι
2822 4111 3047 4167 Factum
3097 4121 3178 4166 est
3232 4127 3473 4180 vespere,
3529 4122 3581 4166 et

2001 4219 2178 4259 mane.
2211 4223 2228 4254 ι
2267 4203 2498 4274 Vespere
2533 4205 2762 4268 scilicet,
2791 4204 2904 4272 ipsa
2947 4204 3072 4258 boni
3115 4203 3296 4273 operis
3345 4214 3422 4257 est
3457 4219 3580 4272 pcr-

2001 4294 2194 4358 fectio;
2230 4311 2386 4348 mane
2412 4309 2538 4348 vero
2561 4295 2647 4346 lux
2675 4295 2888 4349 mentis.
2915 4291 3048 4346 Nam
3077 4309 3197 4346 cum
3225 4293 3421 4348 bonum
3446 4309 3581 4362 opus

2001 4387 2243 4456 pervenit
2295 4387 2362 4440 ad
2415 4385 2822 4456 perfectionem,
2877 4395 3002 4440 tunc
3051 4387 3104 4439 in
3150 4386 3256 4455 Β]
3307 4387 3582 4456 open-antis

2005 4487 2184 4533 mente
2205 4477 2293 4532 lux
2315 4479 2498 4549 gratiae
2527 4478 2826 4547 spiritualis
2850 4478 3121 4542 exoritur;
3173 4490 3252 4541 ut,
3295 4477 3418 4532 dum
3453 4477 3520 4529 Ιιιι
3543 4479 3583 4530 i-

2004 4571 2130 4624 dum
2162 4585 2298 4639 opus
2322 4569 2456 4624 foris
2494 4570 2828 4638 exsequitur,
2879 4569 3203 4623 intrinsecus
3250 4567 3362 4636 ipsa
3406 4565 3584 4636 gratia

2006 4659 2241 4728 Spiritus
2278 4658 2594 4712 illustretur.

2604 4746 2830 4801 CAPUT
2875 4745 2980 4802 VII.

2515 4840 2578 4893 In
2617 4839 2797 4892 eadem
2825 4839 3065 4908 epistola.

2075 4935 2164 4988 Sic
2196 4934 2374 5001 itaque
2405 4932 2713 5002 pervenitur
2761 4930 2828 4984 ad
2861 4931 3154 4984 Sabbatum
3177 4970 3192 4994 ,
3225 4946 3276 4983 In
3307 4946 3413 5000 quo
3441 4931 3581 4984 Deus

2002 5034 2056 5080 et
2103 5027 2218 5095 ipse
2253 5025 2642 5078 consunnuatis
2675 5023 2923 5078 omnibus
2951 5022 3264 5092 requiescit,
3311 5032 3366 5075 et
3403 5023 3580 5076 homi-

1979 5113 2124 5172 ‘nem
2156 5117 2492 5184 requiescere
2518 5115 2782 5184 prmeipit.
2807 5113 2920 5168 Hoc
2947 5114 3128 5182 itaque
3153 5115 3312 5168 modo
3339 5123 3392 5168 et
3417 5113 3577 5166 homo
3669 5103 3676 5106 ’

2004 5207 2062 5259 fit
2083 5205 2378 5260 Sabbatunt
2405 5204 2590 5274 Dci,et
2613 5205 2754 5258 Deus
2781 5203 3074 5258 Sahbatum
3099 5204 3354 5268 hominis,
3380 5217 3500 5256 cum
3528 5213 3583 5256 et

2001 5298 2114 5366 ipse
2146 5297 2198 5349 in
2245 5295 2370 5357 Deo,
2403 5305 2456 5346 et
2486 5297 2626 5348 Deus
2661 5293 2947 5362 requiescit
2973 5293 3026 5346 in
3057 5307 3142 5346 eo.
3181 5311 3198 5344 ι
3229 5291 3464 5354 Mauete,
3493 5291 3576 5343 in-

1999 5387 2134 5455 quit,
2189 5386 2239 5438 in
2283 5399 2386 5450 me,
2441 5397 2494 5438 et
2537 5399 2635 5454 ego
2673 5385 2723 5437 in
2773 5384 2925 5438 vobis
2987 5383 3192 5453 (Joan.
3247 5381 3360 5454 xv).
3391 5401 3412 5434 ι
3463 5383 3580 5452 Ipse

2001 5477 2194 5544 quippe
2235 5477 2388 5528 nobis
2415 5483 2469 5528 et
2499 5473 2856 5544 intemporale
2892 5485 3124 5543 tempus,
3157 5484 3210 5526 et
3243 5473 3468 5528 illocalis
3495 5485 3578 5528 est

1999 5567 2166 5621 locus.
2193 5565 2421 5620 lllocalis
2450 5565 2654 5619 scilicet
2679 5565 2803 5634 quia
2836 5581 2940 5620 non
2970 5565 3463 5632 circumscribitur;
3490 5566 3576 5620 in-

2004 5655 2339 5725 temporalis,
2391 5657 2516 5723 quia
2550 5669 2818 5722 nunquam
2854 5654 3057 5707 finitur.
3107 5653 3341 5724 Tempus
3394 5656 3578 5724 itaque
