4028 6168
502 303 604 359 995

1390 290 1878 347 COLLECTANEA
1921 289 1984 343 IN
2032 290 2252 344 VETUS
2294 288 2829 343 TESTAMEN'I'UM.

3636 289 3735 346 996

506 410 658 465 nobis
686 418 793 472 est,
821 408 943 461 dum
976 405 1142 459 dicit:
1198 419 1215 451 ι
1246 400 1430 455 Nonne
1462 402 1738 454 duodecnm
1771 401 1912 452 horae
1941 408 2067 453 sunt
2094 411 2138 465 Α
2169 402 2436 464 firmaret;
2478 400 2543 451 ad
2595 401 2695 452 hoc
2734 398 3036 452 sublimitas
3078 398 3332 453 inclinata
3386 409 3487 463 est,
3534 412 3593 456 ut
3641 404 3735 453 de-

508 500 658 554 diei?
688 516 708 550 ι
749 495 929 565 (Joan.
959 494 1039 560 xl)
1088 492 1157 545 Se
1186 491 1391 545 scilicet
1437 491 1607 553 diem;
1648 489 1924 541 duodecim
1979 504 2073 540 au-

507 604 611 645 tem
642 592 819 652 horas,
852 586 1070 640 totidem
1125 584 1255 637 dicit
1291 582 1578 651 apostolos.
1610 580 1783 635 Locus
1812 596 1937 634 vero
1966 581 2072 635 illic

507 680 871 735 indubitanter
901 674 1243 745 exprimitur,
1285 672 1373 725 ubi
1416 672 1712 741 Propheta,
1764 685 1885 723 cum
1932 684 2070 737 prae-

508 770 745 824 misisset
771 785 784 819 :
827 786 845 816 ι
873 766 949 819 Tu
980 775 1157 818 autem
1196 765 1335 817 idem
1366 763 1477 832 ipse
1514 778 1601 827 es,
1630 773 1684 816 et
1707 762 1827 819 anui
1860 761 1933 813 tui
1965 776 2071 813 non

504 859 780 921 deficient,
829 876 847 908 ι
927 856 1173 924 protinus
1237 854 1492 907 addidit:
1551 872 1567 903 ‹
1620 853 1737 907 Filii
1791 868 2071 907 servorum

506 961 717 1004 tuorum
761 948 1082 1001 habitabunt
1126 944 1296 1016 (Psal.
1326 947 1433 1017 c1);
1466 965 1484 997 ι
1538 946 1607 998 ibi
1655 946 1795 999 haud
1817 945 2069 1008 dubium,

501 1040 713 1111 quando
751 1039 802 1092 in
836 1049 905 1092 te.
938 1038 1088 1092 Fecit
1120 1039 1300 1105 itaque
1335 1037 1473 1090 Deus
1503 1035 1696 1091 caelum
1728 1046 1782 1089 et
1833 1044 2066 1101 terram;

502 1140 555 1183 et
592 1128 918 1198 requievisse
949 1142 1053 1180 non
1103 1127 1319 1180 dicitur.
1374 1125 1526 1179 Fecit
1579 1125 1759 1177 omnia
1810 1138 1928 1192 quae
1974 1139 2071 1193 pa-

502 1232 726 1276 scuntur
758 1223 810 1274 in
845 1221 1029 1285 terris,
1058 1228 1112 1273 et
1159 1234 1276 1287 qua“:
1309 1227 1595 1271 moventur
1624 1218 1679 1271 in
1720 1218 1902 1285 aquis;
1936 1224 1990 1269 et
2018 1215 2073 1269 in

507 1315 759 1367 omnibus
810 1313 893 1366 his
940 1326 1208 1379 nunquam
1273 1310 1467 1379 legitur
1537 1309 1860 1378 requievisse
1900 1322 1913 1359 :
1956 1307 2069 1373 sed,

506 1403 769 1474 plasmate
822 1403 888 1456 ad
938 1401 1224 1470 imaginem
1279 1414 1429 1453 suam
1485 1398 1733 1462 homine,
1778 1396 2073 1451 Sabhatum

504 1493 752 1562 protinus
787 1490 984 1560 quietis
1015 1489 1209 1565 illuxit,
1242 1497 1296 1541 et
1343 1486 1420 1540 sic
1462 1486 1831 1540 universitatis
1873 1485 2071 1541 Condi-

504 1594 588 1637 tor
628 1583 909 1653 requievit.
957 1581 1017 1634 ΕΙ
1051 1596 1172 1635 cum
1224 1580 1335 1649 ipse
1379 1592 1476 1647 per
1524 1578 1839 1646 prophetam
1886 1577 2069 1630 dicat:

509 1693 529 1726 ι
562 1673 767 1728 ΟωΙιιιιι
822 1671 952 1724 mihi
1007 1670 1161 1724 sedes
1203 1677 1305 1731 est,
1352 1676 1493 1719 terra
1546 1675 1723 1720 autem
1780 1665 2071 1720 scabellum

502 1765 695 1834 pedmn
727 1778 964 1816 meorum
989 1756 1323 1832 (Ιδαηιιγι),
1357 1775 1375 1808 ι
1398 1757 1536 1824 quod
1568 1756 1619 1808 in
1650 1754 1855 1807 illorum
1883 1754 2071 1808 condi-

510 1855 653 1907 tione
680 1867 783 1905 non
814 1852 1033 1913 dicitur,
1082 1849 1133 1901 in
1176 1847 1287 1902 sola
1319 1847 1551 1900 hominis
1580 1845 1885 1898 conditione
1912 1844 2091 1912 quie--

506 1946 648 1999 visse
689 1943 1015 2012 perhibetur.
1068 1938 1135 1993 Et
1169 1946 1227 1991 ut
1260 1936 1429 2006 magis
1474 1951 1537 1989 ac
1588 1935 1759 2004 magis
1807 1934 2068 2003 insignem

504 2034 664 2101 hujus
727 2032 838 2086 diei
905 2040 1123 2099 stupeas
1187 2028 1524 2098 dignitatem,
1566 2027 1698 2080 dicit
1757 2025 2070 2094 Scriptura:

510 2144 528 2174 ι
563 2123 696 2189 Quia
728 2120 999 2176 benedixit
1032 2120 1170 2173 Deus
1214 2117 1318 2170 diei
1351 2116 1601 2186 septimo,
1633 2124 1687 2169 et
1718 2114 2075 2169 sanctifieavit

502 2215 672 2278 illum,
713 2212 835 2281 quia
869 2211 980 2280 ipse
1011 2218 1315 2263 cessaverat
1365 2207 1431 2260 ab
1480 2206 1733 2259 universo
1763 2219 1924 2274 opere
1976 2218 2073 2257 suo

502 2305 654 2375 (Gen.
707 2304 803 2373 n);
834 2324 853 2355 ι
908 2302 1048 2371 quod
1100 2301 1153 2353 in
1185 2300 1398 2354 caeteris
1440 2299 1632 2353 diebus
1680 2297 1873 2351 fecisse
1926 2296 2072 2350 nullo

500 2397 659 2450 modo
725 2393 1012 2462 reperitur.
1078 2390 1217 2457 Quid
1275 2398 1358 2443 est
1413 2389 1555 2442 enim
1613 2387 1721 2441 Deo
1777 2386 2070 2440 Sabbatum

438 2496 441 2501 ‘
498 2485 862 2546 sanctificare,
900 2484 1001 2538 nisi
1036 2482 1290 2549 templum
1348 2480 1563 2534 sibimet
1602 2478 1656 2532 in
1686 2478 1857 2531 sancti
1911 2488 2073 2545 atque

500 2577 721 2645 perfecti
752 2576 852 2629 viri
882 2584 1058 2629 mente
1083 2571 1442 2627 construere?
1473 2570 1624 2625 Sicut
1660 2579 1714 2624 et
1740 2568 2027 2637 Apostolus
2053 2584 2065 2618 :

506 2687 522 2717 ι
563 2666 865 2735 Templum,
905 2666 999 2728 ait,
1050 2664 1142 2717 Dei
1183 2672 1425 2715 sanctum
1458 2670 1562 2725 est,
1593 2661 1736 2730 quod
1780 2659 1911 2713 estis
1950 2672 2067 2721 vos,

503 2767 558 2807 et
604 2756 835 2822 Spiritus
873 2761 1090 2806 sanctus
1124 2751 1331 2803 habitat
1380 2750 1432 2802 in
1465 2750 1615 2802 vobis
1664 2747 1711 2817 (I
1750 2746 1871 2800 Cor.
1904 2746 2005 2807 In).
2047 2767 2064 2797 ι

500 2848 668 2903 Porro
686 2857 882 2912 autem,
903 2846 1039 2901 sicut
1057 2845 1117 2899 de
1135 2843 1369 2899 Sabbalo
1386 2842 1640 2910 diximus,
1660 2841 1727 2897 ita
1744 2855 1954 2914 quoque
1983 2856 2072 2898 ra-

503 2954 577 2995 ιιι)
638 2942 804 3008 exigit
856 2950 912 2992 ut
952 2940 1018 2992 de
1088 2939 1284 3006 templo
1346 2938 1586 2991 dicamus
1643 2938 1769 3004 quia
1824 2946 1878 2991 et
1932 2938 2072 2991 Deus

501 3030 756 3099 templum
798 3028 1051 3091 hominis,
1085 3037 1140 3080 et
1168 3028 1329 3080 homo
1358 3037 1443 3081 est
1488 3027 1739 3094 templum
1779 3027 1901 3092 Dei;
1929 3028 2069 3080 sicut

2168 491 2341 559 jectos
2383 492 2652 559 erigeret;
2688 490 2752 542 ad
2804 490 2905 542 hoc
2952 490 3059 542 vita
3103 490 3236 543 mori
3273 491 3488 559 dignata
3530 501 3634 555 est,
3680 504 3735 547 ut

2175 579 2361 631 mortis
2409 578 2690 646 imperium
2735 579 3018 631 destruens
3063 579 3127 631 ad
3182 581 3343 631 vitam
3378 590 3617 635 mortuos
3643 597 3731 636 re-

2172 676 2409 722 vocaret.
2454 667 2603 733 Qnod
2652 667 2905 720 nimirum
2934 667 3097 721 etiam
3152 670 3201 721 in
3234 670 3347 738 ipso
3399 673 3612 740 generis
3637 674 3735 726 ιιιι⁴

2173 759 2315 812 mani
2344 759 2649 812 declaratur
2676 759 2916 812 exordio.
2947 758 3221 827 Scriptum
3246 770 3329 814 est
3348 763 3492 815 enim
3518 781 3530 814 :
3567 764 3730 830 «Quia

2172 850 2316 903 misit
2348 849 2603 903 Dominus
2650 864 2897 918 seporem
2944 850 2994 901 in
3024 850 3192 902 Adam
3220 866 3234 915 ;
3282 867 3514 921 cmnque
3542 855 3732 909 obdor-

2172 940 2379 1005 misset,
2413 940 2529 993 tulit
2561 954 2718 992 unam
2766 940 2831 992 de
2876 939 3042 993 costis
3083 941 3221 1009 ejus,
3268 950 3322 994 et
3362 943 3582 1011 replevit
3615 959 3733 996 car-

2175 1048 2295 1086 nem
2338 1047 2432 1100 pro
2479 1045 2577 1095 ea;
2610 1040 2661 1084 et
2704 1030 2989 1083 aedificavit
3032 1029 3287 1085 Dominus
3337 1031 3477 1087 Deus
3504 1042 3733 1090 costam.

2172 1140 2331 1192 quam
2380 1128 2572 1177 tulerat
2620 1124 2686 1177 de
2730 1123 2927 1185 Adam,
2976 1123 3355 1178 in‘mulierem
3403 1125 3552 1197 (Cen.
3587 1129 3667 1195 ιι).
3709 1148 3727 1178 ο

2172 1214 2348 1283 Super
2409 1230 2516 1283 quo
2573 1229 2695 1268 cum
2755 1214 3066 1283 loqueretur
3126 1216 3450 1284 Apostolus,
3504 1219 3728 1272 dicens:

2177 1324 2196 1356 ι
2238 1303 2527 1373 Relinquet
2578 1304 2736 1356 homo
2788 1313 3030 1373 patrem,
3073 1314 3128 1358 et
3182 1315 3407 1358 matrem
3450 1321 3623 1371 suam,
3674 1317 3734 1361 et

2174 1394 2466 1449 adh:erebit
2520 1394 2673 1446 uxori
2730 1409 2885 1456 sum,
2960 1402 3015 1447 ct
3077 1404 3238 1447 erunt
3298 1395 3402 1449 duo
3462 1395 3514 1449 in
3566 1412 3735 1452 carne

2172 1500 2303 1550 una,
2348 1504 2366 1536 ι
2402 1495 2597 1554 prtesto
2630 1484 2906 1554 subjnnxit
2936 1503 2948 1537 :
2989 1504 3005 1535 ι
3040 1484 3449 1539 Sacramentum
3478 1488 3577 1542 hoc
3614 1504 3729 1542 ma-

2171 1589 2332 1646 gnum
2365 1584 2478 1639 est;
2511 1588 2612 1643 ego
2641 1584 2821 1627 autem
2851 1575 2970 1628 dico
3001 1575 3051 1628 in
3088 1576 3304 1629 Christo
3352 1586 3405 1630 et
3452 1577 3505 1631 in
3550 1579 3730 1633 Eccle-

2173 1668 2251 1721 sia
2283 1664 2498 1737 (Ephes.
2529 1666 2601 1739 v).
2638 1685 2655 1717 ι
2702 1666 2768 1721 Ει
2812 1682 2936 1722 vere
2981 1684 3187 1737 magna:
3213 1670 3427 1743 virtutis
3458 1670 3727 1732 indicium,

2104 1755 2144 1811 Β
2175 1757 2431 1810 mirandae
2461 1754 2842 1825 profunditatis
2872 1764 2955 1811 est
2981 1768 3401 1811 sacramentum.
3434 1757 3534 1812 Per
3560 1761 3730 1812 Adam

2173 1847 2437 1915 siquidem
2484 1845 2763 1910 Christus,
2792 1861 2885 1915 per
2918 1846 3079 1901 Evam
3128 1848 3439 1916 designatur
3476 1849 3728 1903 Ecclesia.

2172 1936 2312 2003 Quid
2343 1943 2425 1990 est
2458 1943 2634 1989 autem
2663 1935 2805 2004 quod
2837 1936 2988 2005 prius
3014 1935 3184 1989 Adam
3214 1936 3467 1991 Dominus
3510 1953 3729 2007 sapora-

2174 2026 2272 2089 vit,
2299 2025 2489 2080 deinde
2520 2033 2725 2079 costam
2752 2041 2817 2080 ex
2845 2026 2962 2097 ejus
2998 2025 3189 2091 latere,
3216 2029 3358 2079 unde
3400 2028 3589 2081 mulier
3626 2030 3732 2081 for-

2174 2125 2431 2180 maretur,
2478 2116 2818 2180 eduxit,nisi
2864 2116 2986 2184 quia
3016 2117 3168 2187 prius
3196 2116 3521 2186 Redemptor
3552 2128 3733 2171 noster

2176 2206 2227 2260 in
2260 2202 2432 2260 m'orte
2477 2206 2748 2273 dormivit,
2781 2206 2964 2275 sicque
3003 2206 3068 2259 de
3112 2206 3281 2261 latere
3308 2205 3421 2273 ejus
3452 2208 3501 2261 in
3549 2207 3731 2262 Eccle-

2174 2296 2266 2350 sia:
2292 2306 2687 2351 sacramentum
2714 2296 2932 2365 sanguis
2978 2304 3033 2350 et
3062 2311 3199 2365 aqua
3228 2295 3511 2366 proﬂuxit?
3536 2296 3732 2351 Trans-

2174 2386 2281 2439 lata
2329 2396 2412 2441 est
2445 2388 2553 2440 Eva
2583 2388 2647 2440 de
2672 2386 2772 2439 viri
2796 2386 2963 2440 latere
2988 2386 3322 2449 dormientis,
3356 2387 3519 2441 exivit
3549 2387 3731 2441 Eccle-

2174 2477 2254 2531 sia
2280 2478 2344 2531 de
2375 2477 2541 2531 latere
2582 2476 2786 2532 Christi
2828 2476 2880 2530 in
2926 2492 3087 2531 cruce
3124 2479 3428 2548 pendentis.
3468 2478 3573 2533 Sed
3605 2479 3733 2548 quid

2174 2568 2432 2638 estquod
2463 2569 2808 2637 omnipotens
2856 2568 3136 2634 Conditor,
3176 2583 3298 2623 cum
3346 2568 3621 2624 mulierem
3672 2569 3733 2622 de

2175 2658 2315 2723 viro,
2342 2658 2393 2712 id
2425 2666 2526 2725 est,
2555 2658 2799 2730 fragilem
2829 2674 3019 2713 sexum
3062 2658 3126 2714 de
3172 2659 3397 2713 fortiore
3440 2673 3731 2730 pr0pagare

2175 2749 2504 2817 disponeret,
2526 2764 2631 2803 non
2656 2749 2756 2802 viri
2780 2764 3024 2814 carnem,
3047 2749 3138 2803 sed
3163 2764 3223 2803 os
3244 2749 3420 2819 potius
3448 2750 3512 2803 ad
3537 2748 3730 2804 facien-

2174 2841 2296 2899 datu
2327 2841 2579 2901 feminam
2609 2841 2707 2895 sibi
2734 2840 2901 2894 voluit
2931 2842 3211 2895 materiam
3239 2842 3528 2896 exhibere?
3556 2841 3732 2895 Potuit

2173 2937 2315 2989 enim
2358 2938 2498 2991 Deus
2530 2936 2729 2991 homini
2759 2948 2975 2991 carnem
3006 2932 3322 2997 detrahere,
3353 2932 3495 2990 unde
3538 2932 3732 2988 femina

2140 3026 2517 3091 ,formaretur,
2564 3036 2619 3081 et
2662 3028 2762 3081 hoc
2812 3039 2957 3081 certe
3004 3027 3386 3095 congruentius
3431 3026 3727 3091 videretur;

500 3120 552 3171 in
588 3118 901 3188 Apocalypsi
931 3118 1165 3172 Joannes
1216 3118 1328 3170 ait:
1369 3136 1387 3167 ι
1418 3116 1692 3185 Templum
1726 3133 1829 3171 non
1886 3118 1984 3172 vidi
2017 3118 2067 3171 in
2098 3118 2140 3177 C
2173 3116 2335 3170 ﬁebat
2379 3117 2519 3170 enim
2567 3132 2727 3171 sexus
2786 3116 3041 3179 debilior,
3096 3118 3186 3185 qui
3241 3117 3494 3170 nimirum
3544 3130 3732 3170 conse-

496 3226 596 3263 ea:
648 3211 786 3262 Deus
812 3209 952 3263 enim
1003 3210 1344 3277 omnipotens
1394 3209 1651 3277 templum
1698 3210 1841 3264 illius
1889 3220 1971 3264 est
2016 3221 2070 3266 et

498 3302 681 3368 Agnus
703 3299 885 3368 (Apoc.
918 3298 1052 3367 xxi).
1081 3318 1097 3347 ι
1136 3297 1413 3366 Templum
1441 3299 1621 3367 itaque
1646 3298 1879 3353 hominis
1906 3298 2065 3365 Deus;

501 3391 757 3459 templum
807 3390 898 3443 Dei
934 3391 990 3441 lit
1022 3390 1202 3442 homo.
1234 3388 1348 3441 Hoc
1383 3388 1616 3443 hominis
1645 3388 1923 3456 templum,
1956 3390 2067 3457 spi-

501 3480 712 3533 ritualis
754 3487 836 3532 est
880 3477 1205 3546 paradisus:
1239 3490 1389 3530 mens
1421 3476 1626 3530 scilicet
1670 3485 1878 3538 sancta,
1920 3492 2071 3532 mens

500 3567 763 3636 perfecta,
791 3582 941 3619 mens
972 3568 1190 3630 munda,
1224 3575 1383 3633 atque
1406 3565 1471 3618 ad
1494 3566 1575 3618 sui
1606 3565 1911 3620 Conditoris
1942 3566 2072 3618 ima-

501 3658 678 3723 ginem
713 3658 987 3724 signanter
1019 3670 1295 3724 expressa.
1316 3654 1461 3719 llzec,
1495 3656 1732 3723 inquam,
1756 3672 1925 3722 mens,
1957 3658 2070 3710 sive

497 3746 782 3798 rationalis
809 3745 1011 3807 anima,
1034 3743 1156 3811 jure
1182 3744 1377 3796 dicitur
1399 3744 1701 3811 paradisus,
1730 3760 1848 3812 qua:
1876 3754 1929 3799 et
1954 3758 2067 3800 ca:-

494 3835 709 3889 lestitun
754 3835 1140 3888 charismatum
1186 3846 1271 3888 est
1318 3832 1532 3888 fluentis
1576 3834 1809 3904 irrigua,
1845 3845 1901 3890 et
1949 3846 2067 3889 tunc

494 3942 655 3994 quam
685 3924 939 3978 fertiliutn
998 3926 1251 3979 arborum
1296 3924 1378 3978 vel
1423 3912 1853 3989 herbarumfsic
1884 3926 2067 3980 viren-

496 4019 639 4071 tibus
676 4027 983 4071 sanctarum
1016 4018 1273 4072 virtutum
1316 4028 1506 4070 vernat
1534 4018 1869 4087 germinibns
1912 4019 2068 4072 ador-

495 4119 641 4163 nata.
685 4107 829 4162 Fons
866 4109 1011 4161 enim
1072 4109 1161 4163 ille
1198 4110 1310 4163 sive
1346 4107 1563 4173 fluvius,
1594 4110 1685 4177 qui
1734 4109 1842 4162 illic
1875 4110 2069 4164 dicitur

497 4200 677 4269 egredi
730 4200 794 4253 de
824 4200 941 4254 loco
971 4199 1257 4268 voluptatis
1286 4200 1351 4252 ad
1384 4199 1707 4267 irrigandum
1738 4199 2064 4266 paradisum,

496 4290 697 4358 quique
725 4289 982 4342 dividitur
1012 4288 1063 4341 in
1094 4297 1326 4357 quatuor
1355 4290 1554 4357 capita,
1580 4290 1717 4342 ratio
1741 4291 1936 4344 mentis
1961 4300 2064 4356 est,

492 4396 559 4433 ex
598 4396 701 4447 qna
729 4379 872 4431 velut
900 4378 1147 4446 originali
1176 4379 1322 4431 fonte
1350 4388 1582 4445 quatuor
1618 4380 1866 4443 virtutes,
1898 4378 2059 4445 justi-

494 4472 567 4524 tia
619 4469 889 4533 videlicet,
918 4468 1177 4522 fortitudo
1229 4468 1811 4537 prudentia,similiter
1850 4470 1959 4539 82
2009 4479 2063 4524 et
2092 4447 2141 4506 Ῑ)

497 4561 873 4645 temperantia,
926 4560 1076 4628 quasi
1122 4560 1342 4614 totidem
1380 4559 1639 4614 salutiferi
1670 4562 1908 4631 gurgites
1938 4575 2060 4630 pro-
2107 4568 2125 4585 ’

494 4653 698 4715 ﬂuunt,
749 4652 839 4719 qui
880 4660 1077 4704 terram
1133 4651 1300 4705 nostri
1334 4650 1512 4705 cordis
1540 4651 1765 4705 fertilem
1809 4653 2056 4707 reddunt.

493 4742 716 4815 Lignuin
758 4758 886 4797 vero
919 4742 1061 4807 vita),
1095 4743 1207 4813 ipsa
1243 4743 1504 4797 bonorum
1547 4754 1719 4796 mater
1747 4744 2059 4812 estsapien-

492 4839 598 4903 tia;
632 4839 698 4891 de
723 4853 825 4905 qua
856 4846 911 4891 et
941 4835 1195 4891 Salomon
1227 4837 1341 4890 ait:
1380 4854 1397 4886 ι
1430 4836 1655 4906 Liguum
1684 4836 1804 4889 vita:
1835 4845 1917 4890 est
1972 4837 2058 4891 his

493 4930 583 4998 qui
608 4927 1055 4997 apprehenderint
1082 4943 1223 4989 eam,
1252 4938 1306 4980 et
1331 4928 1418 4994 qui
1450 4928 1677 4979 tenuerit
1702 4942 1842 4991 eam,
1870 4927 2059 5001 beatus

490 5013 828 5089 (Ρι-ου,ιίι).ι
883 5018 1109 5087 Lignum
1158 5032 1286 5071 vero
1335 5010 1575 5070 scientia:
1627 5017 1750 5081 boni
1805 5027 1859 5071 et
1911 5018 2056 5081 mali,

495 5107 852 5177 transgressio
882 5115 965 5159 est
996 5106 1129 5174 legis
1160 5106 1371 5159 indicta:
1399 5105 1937 5174 experimentumque
1964 5107 2062 5159 mi-

492 5197 664 5249 serim.
700 5194 803 5249 Sed
833 5195 958 5262 quia
1002 5195 1155 5249 nobis
1187 5195 1518 5264 propositum
1553 5211 1656 5249 non
1688 5204 1771 5249 est
1794 5211 2062 5265 exponere

494 5294 684 5337 cuncta
719 5299 810 5351 per
839 5282 1106 5346 ordinem,
1130 5282 1358 5337 sufﬁciat
1388 5283 1476 5337 hic
1499 5284 1770 5339 succincte
1793 5301 1911 5353 qua:
1938 5283 2060 5339 huic

491 5374 706 5444 negotio
735 5382 1042 5443 competunt
1070 5373 1398 5442 pra-libasse.

1074 5466 1299 5521 CAPUT
1340 5466 1469 5521 VIII.

868 5555 931 5609 In
962 5572 1195 5609 sermone
1224 5556 1285 5609 de
1314 5554 1370 5609 S.
1408 5554 1675 5608 Columba.

562 5646 640 5699 Ad
666 5646 764 5699 hac
798 5645 887 5701 Dci
917 5648 1085 5700 virtus
1115 5647 1385 5700 exinanita
1414 5655 1510 5704 est,
1538 5657 1593 5698 ιιι
1634 5646 1843 5699 infirma
1875 5657 2052 5702 nostra

2171 3212 2423 3279 quentius
2468 3211 2534 3265 de
2574 3212 2755 3265 carnis
2798 3211 3111 3266 infirmitate
3141 3227 3301 3281 quam
3332 3226 3397 3265 ex
3431 3211 3567 3265 ossis
3613 3226 3732 3280 pro-

2170 3301 2382 3353 cederet
2407 3299 2722 3355 fortitudine
2751 3318 2765 3353 :
2796 3311 2871 3368 et,
2901 3312 2958 3354 ut
2984 3302 3152 3372 magis
3178 3311 3392 3372 stupeas
3414 3300 3578 3355 divini
3608 3290 3732 3370 ope-~

2174 3388 2246 3441 ris
2294 3397 2721 3455 sacramentum,
2772 3405 2877 3445 non
2925 3406 3023 3460 pro
3068 3406 3189 3446 osse
3226 3407 3287 3447 os
3332 3392 3590 3458 redditur,
3636 3394 3731 3447 sed

2170 3496 2332 3534 carne
2354 3483 2550 3550 potius,
2587 3484 2727 3551 quod
2768 3483 2819 3536 in
2851 3482 2947 3537 viri
2980 3498 3207 3554 corpore
3235 3485 3491 3549 vacabat,
3541 3486 3728 3553 imple-

2170 3568 2263 3621 vit.
2316 3569 2466 3624 Unde
2510 3569 2958 3640 Scriptura,euin
3004 3574 3172 3627 dicit:
3227 3594 3247 3623 ‹
3275 3573 3419 3628 Tulit
3466 3590 3621 3628 unam
3669 3575 3734 3628 de

2170 3659 2336 3712 costis
2366 3660 2516 3728 ejus,
2554 3679 2568 3710 ι
2607 3678 2731 3715 mox
2773 3663 2959 3715 addit:
2997 3681 3013 3713 ι
3040 3673 3093 3717 ει
3120 3650 3341 3733 replevit
3381 3680 3597 3719 carnem
3635 3680 3733 3734 pro

2168 3764 2230 3801 ea
2262 3748 2415 3816 (Cen.
2445 3752 2525 3818 ιι).
2550 3768 2575 3818 ,ι
2605 3750 2822 3805 Poterat
2852 3767 3040 3822 nempe
3068 3754 3135 3807 ad
3160 3754 3435 3807 mulierem
3465 3754 3729 3823 plasmau-

2168 3841 2291 3891 dam
2340 3854 2557 3894 carnem
2620 3841 2737 3895 viro
2785 3843 3103 3907 detrahere,
3167 3852 3379 3912 poterat
3425 3859 3548 3899 osse
3596 3846 3733 3899 ossis

2169 3930 2503 3998 dispendium
2539 3931 2860 3987 immutilato
2907 3948 3131 4005 corpore
3180 3943 3522 4000 restaurare;
3552 3935 3645 3989 sed
3672 3952 3731 3990 os

2171 4020 2308 4087 tulit,
2336 4029 2392 4075 et
2417 4037 2634 4076 carnem
2667 4024 2914 4088 reddidit,
2947 4025 3130 4094 sicque
3162 4025 3403 4095 fragilem
3443 4027 3509 4080 de
3539 4028 3733 4080 virtute

2170 4108 2440 4164 formavit.
2467 4112 2669 4168 Debilis
2694 4114 2873 4183 itaque
2901 4116 3074 4170 factus
3108 4126 3189 4170 est
3228 4117 3422 4182 Adam,
3474 4126 3529 4170 ut
3579 4117 3733 4171 fortis

2168 4198 2322 4253 fieret
2350 4199 2454 4255 Eva
2484 4220 2497 4254 :
2534 4203 2833 4281 infirmatus
2860 4212 2943 4259 est
2968 4204 3240 4270 Christus,
3291 4215 3350 4259 ut
3388 4206 3735 4259 roboraretur

2166 4287 2442 4355 Ecclesia;
2492 4291 2637 4347 illius
2682 4294 2826 4347 enim
2876 4295 3183 4360 infirmitas,
3232 4306 3415 4351 nostra
3461 4307 3545 4351 est
3587 4296 3735 4351 forti-

2168 4381 2327 4445 tudo,
2380 4391 2434 4435 et
2461 4383 2527 4435 ad
2573 4384 2674 4438 hoc
2706 4384 2793 4438 ille
2822 4395 3058 4439 nostram
3096 4386 3315 4454 per.nlit
3345 4386 3733 4448 infirmitatem,

2168 4481 2226 4525 ut
2257 4473 2323 4524 ad
2351 4488 2502 4526 suam
2535 4488 2634 4528 nos
2662 4482 2923 4529 statueret
2957 4476 3349 4530 fortitudinem.
3382 4494 3401 4527 ι
3448 4476 3601 4543 Quod
3625 4478 3733 4547 83

2169 4564 2439 4617 inlirmum
2477 4572 2560 4618 est
2591 4565 2708 4629 Dei,
2741 4567 2816 4619 ait
2852 4566 3158 4635 Apostolus,
3193 4567 3387 4621 fortius
3430 4578 3514 4622 est
3565 4569 3737 4622 homi-

2168 4653 2324 4708 nibus
2357 4653 2404 4724 (Ι
2435 4652 2557 4707 Cor.
2592 4658 2628 4725 ι)
2657 4674 2677 4705 ι
2730 4656 2797 4709 Ει
2840 4655 2964 4709 alibi
2996 4674 3008 4709 :
3044 4675 3061 4706 ι
3092 4655 3225 4711 Nam
3256 4657 3298 4711 si
3329 4659 3621 4711 crueilixus
3654 4669 3738 4712 est

2120 4788 2129 4801 ,.
2166 4744 2411 4798 Christus
2457 4761 2523 4799 ex
2577 4745 2917 4809 infirmitate,
2957 4750 3050 4801 sed
3082 4748 3211 4801 vivit
3257 4764 3322 4802 ex
3354 4749 3549 4803 virtute
3572 4749 3730 4804 θεῖ..

2165 4830 2298 4885 Nam
2332 4842 2385 4887 et
2431 4835 2474 4887 si
2505 4850 2601 4888 nos
2647 4834 2843 4888 infirmi
2888 4850 3072 4887 sumus
3116 4836 3165 4888 in
3220 4836 3330 4899 illo,
3384 4837 3476 4890 sed
3506 4838 3737 4893 vivimus

2166 4923 2218 4974 in
2249 4937 2312 4975 eo
2340 4938 2405 4976 ex
2423 4924 2619 4977 virtute
2644 4924 2731 4975 Dei
2760 4922 2844 4985 (II
2882 4921 3006 4976 Cor.
3036 4926 3208 4995 xm)»
3239 4925 3528 4981 Enimvero
3553 4928 3737 4980 saeculi

2165 5014 2323 5082 hujus
2354 5014 2617 5079 homines,
2652 5016 2741 5083 qui
2778 5015 3039 5069 bellorum
3087 5017 3331 5069 ambiunt
3378 5016 3578 5070 virtute
3628 5018 3743 5071 cla-

2164 5120 2397 5169 rescere,
2424 5106 2515 5173 qui
2563 5122 2659 5173 per
2695 5120 2788 5160 ora
2822 5106 2961 5176 vulgi
2990 5122 3115 5159 suas
3149 5115 3337 5174 optant
3362 5108 3621 5161 victorias
3650 5122 3740 5161 ce-

2163 5195 2380 5260 lebrari,
2428 5212 2548 5250 cum
2598 5197 2886 5265 ingressuri
2939 5206 3067 5250 sunt
3114 5196 3376 5264 prtelium,
3412 5197 3466 5249 in
3508 5212 3743 5266 corpore

2166 5302 2263 5340 suo
2302 5289 2443 5355 quod
2491 5289 2762 5341 infirmum
2810 5297 2894 5340 est
2926 5297 2979 5340 et
3004 5287 3185 5349 molle,
3228 5286 3548 5353 subjiciunt;
3592 5288 3740 5357 quod

2168 5377 2355 5431 durum
2394 5385 2476 5429 est
2518 5388 2673 5445 atque
2702 5377 2767 5430 ad
2798 5379 3185 5445 penetrandum
3215 5376 3447 5437 dillieile,
3478 5394 3743 5445 superpo-

2164 5478 2326 5521 nunt:
2362 5468 2540 5521 loricis
2579 5469 2775 5536 quippe
2810 5483 2869 5521 se
2904 5468 3093 5528 ferreis
3123 5468 3369 5530 induunt,
3396 5478 3450 5521 et
3492 5483 3737 5534 carnem,

2159 5572 2279 5623 qua:
2308 5558 2465 5609 facile
2487 5556 2630 5609 redit
2657 5556 3098 5616 ictui,cnstodire
3129 5558 3496 5617 contendunt;
3522 5563 3579 5606 ut
3605 5555 3738 5608 illud

2162 5646 2351 5699 durum
2380 5661 2438 5697 ac
2470 5646 2628 5710 forte,
2663 5646 2801 5715 quod
2830 5644 2960 5699 foris
2985 5653 3086 5711 est,
3116 5643 3366 5698 defendat
3392 5642 3737 5711 nmlle,quu.l
