4028 6168
428 301 527 357 99⁸7

425 525 673 578 campum
701 519 1036 580 pugnaturus
1064 508 1383 578 ingreditur,
1413 525 1534 563 cum
1564 510 1627 563 ad
1657 509 2001 565 debellandas

383 639 398 644 -
428 601 570 654 aeris
594 601 752 670 hujus
784 599 1052 668 nequitias
1078 597 1234 653 fortis
1258 600 1531 668 prmliator
1560 609 1806 653 armatur
1828 641 1841 663 ,
1876 601 2001 670 quia

427 707 622 772 novpm
670 690 900 745 debebat
937 690 1221 744 instituere
1267 689 1540 757 praelium,
1598 705 1792 743 novum
1830 689 2006 744 induit

429 797 597 854 genus
646 797 956 836 armorum:
999 783 1249 836 videlicet
1307 793 1365 835 ut
1412 783 1554 852 quod
1603 781 1874 836 infirmum
1922 790 2006 836 est

430 885 838 945 superponeret,
864 885 917 928 et
959 875 1100 944 quod
1127 877 1408 928 robustum
1433 885 1516 928 est
1564 875 1881 929 occultaret.
1905 874 2008 928 Lo-

431 964 598 1020 ricam
637 965 899 1034 siquidem
946 964 1229 1018 imbecilla:
1259 964 1442 1035 carnis
1473 964 1666 1026 induit,
1704 974 1759 1018 et
1789 965 2009 1034 insupe-

435 1057 654 1111 rabilcm
685 1057 984 1111 divinitatis
1026 1056 1736 1111 fortitudinem"occultavit.
1785 1055 1896 1120 Sic,
1929 1055 2009 1109 sic

433 1164 528 1218 per
554 1165 768 1204 carnem
795 1150 1041 1204 diabolus
1067 1166 1094 1202 a
1125 1151 1361 1204 secundo
1388 1150 1608 1204 homine
1636 1149 1888 1218 perdidit,
1917 1152 2006 1216 qui

435 1252 531 1308 per
553 1253 767 1292 carnem
795 1239 993 1292 dudum
1024 1239 1256 1308 primum
1288 1239 1562 1293 hominem
1588 1238 1894 1307 superavit;
1923 1253 2010 1291 ea-

438 1328 664 1396 demque
712 1327 813 1382 sibi
847 1344 987 1383 nunc
1021 1328 1186 1382 ruina:
1234 1327 1374 1383 facta
1406 1335 1489 1382 est
1529 1342 1714 1392 causa,
1747 1341 1868 1396 quae
1899 1326 2012 1380 vic-

439 1427 588 1474 torta:
617 1417 793 1474 fuerat
818 1420 884 1474 de
911 1420 1083 1490 primo
1113 1429 1334 1490 parente
1363 1421 1608 1475 materia.

1037 1530 1263 1587 CAPUT
1315 1531 1402 1585 IX.

436 1617 505 1675 In
531 1620 748 1692 epistola
795 1621 864 1674 ad
893 1623 1272 1693 Aripﬁrandnm,
1306 1624 1360 1676 in
1389 1641 1492 1693 qua
1524 1625 1765 1677 hortatur
1795 1633 1873 1688 ut,
1911 1623 2010 1677 Dei

648 1709 844 1757 servus,
867 1692 1206 1746 sa’cularibus
1229 1710 1332 1746 non
1360 1695 1564 1748 studeat
1593 1694 1798 1748 litteris.

1721 302 1785 355 IN
1826 301 2086 356 LIBRUM
2119 298 2408 359 GENESIS

423 426 568 480 intus
595 427 698 474 est.
723 419 1050 490 Redemptor
1083 428 1262 473 autem
1292 429 1473 474 noster
1523 436 1645 475 eum
1699 420 2002 492 hujusrnodi
2033 418 2081 474 A

3581 311 3682 369 998

2705 419 2932 478 CAPUT
2974 420 3063 477 XI.

2348 508 2416 562 In
2441 509 2572 564 libro
2603 511 2666 564 de
2693 512 3008 580 perfectione
3032 514 3430 570 monac/torum.

2174 599 2390 664 Arcam,
2425 616 2544 669 quae
2570 610 2690 656 octo
2718 602 2926 657 animas
2967 604 3110 658 inter
3141 606 3453 678 cataclysmi
3485 607 3683 666 ﬂuenta

2107 690 2394 754 continuit,
2437 691 2762 746 intrinsecus
2790 701 2842 745 et
2874 692 3212 748 extrinsecus
3243 695 3384 750 liniri
3426 698 3687 755 bitumine

2107 795 2209 834 vox
2240 782 2418 835 divina
2451 784 2724 852 praecepit.
2772 782 2969 838 Sancta
3002 784 3211 840 scilicet
3253 786 3523 853 Ecclesia,
3565 805 3689 858 qua:

2109 870 2176 923 ad
2208 873 2619 927 resurrectionis
2647 873 2874 942 gloriam
2932 868 3134 940 tendit,
3162 876 3241 930 sic
3281 876 3418 930 intra
3450 887 3505 932 et
3532 887 3688 934 extra

2109 960 2373 1014 bitumine
2389 961 2595 1025 linitur,
2615 973 2671 1014 ut
2695 971 2748 1015 et
2770 960 2904 1016 foris
2920 963 3222 1018 blandiatur
3245 965 3296 1017 in
3315 965 3686 1022 fraternadul-

2109 1052 2316 1114 cedine,
2346 1061 2399 1105 et
2438 1053 2580 1106 intus
2617 1053 2890 1107 cohaereat
2920 1054 2973 1106 in
3011 1054 3313 1109 dilectionis
3350 1066 3551 1112 mutua:
3589 1073 3686 1112 ve-

2111 1146 2291 1200 ritate.
2325 1145 2579 1216 Quisquis
2607 1148 2750 1201 enim
2783 1149 2928 1202 intus
2955 1159 3124 1213 amat,
3157 1150 3250 1203 sed
3278 1148 3411 1204 foris
3443 1167 3471 1204 a
3501 1152 3688 1206 fratri-

2109 1235 2209 1290 bus
2242 1252 2448 1290 morum
2476 1238 2771 1291 iuconsona
2810 1238 3104 1307 asperitate
3149 1239 3440 1305 discordat,
3492 1241 3692 1295 intriua

2111 1343 2268 1384 secus
2311 1329 2527 1398 quidem
2565 1330 2804 1384 bitumen
2845 1331 3025 1396 habet,
3075 1332 3169 1386 sed
3216 1332 3553 1388 extrinsecus
3581 1348 3687 1387 non

2113 1419 2297 1472 habet.
2335 1417 2590 1488 Quisquis
2621 1435 2751 1475 vero
2780 1435 2840 1474 se
2862 1421 3042 1490 specie
3071 1432 3224 1476 tenus
3253 1421 3519 1476 ati‘ahilem
3547 1438 3687 1492 prae-

2113 1508 2226 1573 bet,
2255 1509 2547 1563 amicitiam
2578 1510 2812 1576 simulat,
2844 1512 2936 1566 sed
2984 1512 3036 1565 in
3083 1513 3268 1568 cordis
3305 1514 3521 1568 occulto
3546 1515 3677 1567 veri-

2114 1607 2278 1654 tatem
2318 1601 2569 1657 amicitia:
2611 1618 2717 1657 non
2761 1613 3073 1669 conservat,
3120 1605 3499 1659 damuabiliter
3543 1605 3690 1660 intus

2114 1691 2251 1755 hiat,
2299 1705 2419 1744 cum
2465 1691 2764 1749 forinsecus
2785 1694 3096 1762 superducti
3147 1695 3427 1750 bituminis
3469 1695 3690 1749 simula-
3784 1756 3786 1758 τ

501 1780 695 1851 Frigus
725 1788 1043 1852 conceptum
1075 1792 1296 1853 pectore
1316 1800 1500 1840 vocem
1531 1786 1853 1856 intercipere
1885 1800 2010 1840 con-
2038 1755 2087 1815 Β
2119 1783 2263 1838 tione
2309 1784 2600 1839 cohaereat.
2633 1785 2870 1851 Quorum
2912 1785 3161 1840 videlicet
3198 1804 3226 1840 a
3270 1787 3506 1842 diluviali
3552 1803 3688 1840 nau-

435 1873 624 1928 suevit.
658 1872 768 1928 Hoc
808 1875 1039 1943 denique
1069 1873 1240 1944 frigus
1263 1873 1374 1943 jam
1405 1884 1531 1930 tunc
1558 1876 1644 1930 ille
1671 1883 2004 1944 conceperat,

435 1963 524 2031 qui
575 1963 944 2017 deambulanti
988 1964 1215 2018 Domino
1257 1965 1322 2018 ad
1369 1980 1556 2018 auram
1606 1964 1836 2032 paradisi
1889 1971 2011 2033 post

435 2053 712 2109 meridiem
741 2055 922 2108 raucis
945 2055 1343 2123 quodammodo
1363 2055 1586 2109 vocibus
1618 2054 2004 2122 respondebat:

441 2143 684 2209 «Audivi,
710 2145 1106 2214 inquit,vocem
1130 2153 1297 2210 tuam,
1314 2153 1367 2199 et
1389 2145 1540 2199 timui
1560 2160 1652 2208 ,eo
1675 2145 1816 2215 quod
1835 2145 2008 2200 nudus

436 2250 633 2300 essem,
667 2245 718 2291 et
744 2236 1000 2290 abscondi
1032 2235 1281 2305 me(Gen.
1305 2235 1440 2305 111).)
1473 2235 1664 2300 Porro,
1696 2237 1819 2305 quia
1847 2235 2010 2290 meri-

435 2326 629 2381 dianus
667 2326 736 2381 ab
766 2325 856 2380 illo
881 2325 993 2395 jam
1027 2324 1207 2379 fervor
1233 2325 1464 2388 abierat,
1497 2338 1649 2387 aura,
1678 2338 1799 2392 quae
1842 2324 2008 2395 frigo-

436 2417 512 2474 ris
537 2429 621 2475 est
643 2418 878 2482 alumna,
902 2419 1008 2472 huc
1034 2417 1353 2480 accedebat;
1381 2417 1506 2485 quia
1530 2425 1585 2470 et
1614 2417 1762 2470 illum
1785 2414 1898 2485 jam
1931 2418 2012 2470 iu-

434 2512 684 2569 nocentia
723 2511 935 2566 sublata
967 2511 1285 2565 nudaverat.
1319 2509 1444 2564 Haec
1483 2509 1660 2564 omnia
1695 2509 1825 2579 quid
1865 2509 2009 2562 aliud

435 2605 667 2658 innuunt
714 2618 873 2671 quam
920 2603 1061 2671 quod
1091 2601 1231 2656 illius
1271 2601 1482 2654 viscera
1520 2598 1772 2654 exstincti
1807 2597 2010 2652 amoris

433 2695 583 2765 algor
611 2694 1000 2758 obstrinxerat,
1039 2701 1201 2762 atque
1242 2691 1444 2746 idcirco
1473 2706 1578 2745 vox
1611 2689 1752 2744 illius
1782 2689 1834 2742 in
1865 2688 2010 2742 auri-

434 2787 536 2840 bus
566 2784 775 2838 Domini
809 2799 1030 2838 raucum
1061 2784 1325 2838 sonabat?
1351 2783 1433 2838 Ab
1479 2783 1580 2837 hoc
1624 2782 1782 2852 plane
1807 2779 2009 2851 frigore

431 2878 703 2933 Abraham
733 2879 942 2932 alienus
974 2877 1277 2942 exstiterat,
1310 2877 1375 2933 de
1414 2892 1522 2946 quo
1563 2875 1841 2945 Scriptura
1886 2888 2010 2943 pro-

433 2967 685 3020 nuntiat:
725 2986 742 3019 ‹
775 2965 1037 3034 Quoniam
1090 2966 1338 3036 apparuit
1383 2967 1432 3021 ei
1484 2954 1745 3020 Dominus
1792 2963 1844 3017 in
1893 2963 2009 3031 ipso

433 3056 646 3112 fervore
677 3057 779 3112 diei
810 3055 964 3129 (Gen.
997 3059 1150 3128 xvm)
1175 3075 1190 3124 ;
1215 3077 1233 3109 ι
1267 3067 1320 3112 et
1349 3057 1593 3125 Sponsus
1625 3055 1712 3109 ille
1743 3053 2001 3118 caelestis,
2032 3094 2080 3157 Ε

432 3149 572 3204 sicut
595 3151 646 3203 in
675 3150 914 3205 Canticis
947 3149 1180 3219 legitur:
1215 3168 1233 3200 ι
1261 3150 1441 3206 Pascit
1485 3157 1541 3204 et
1578 3147 1738 3204 cubat
1765 3147 1819 3202 in
1846 3147 2006 3202 meri-

430 3239 522 3297 die
557 3240 733 3314 (Cant.
765 3244 823 3314 ι).
858 3262 878 3296 ι

641 3324 652 3336 “
1031 3334 1258 3390 CAPUT
1298 3334 1364 3388 x.

891 3424 959 3478 In
987 3442 1220 3480 sermone
1251 3426 1310 3481 S.
1352 3425 1519 3479 Luem.

501 3515 570 3569 Et
597 3516 784 3570 beatus
827 3515 1024 3579 Lucas,
1053 3524 1115 3569 ut
1156 3517 1360 3584 expiari
1395 3531 1492 3570 nos
1530 3531 1560 3570 a
1592 3517 1792 3571 nostris
1835 3515 2007 3570 scele—

431 3605 581 3660 ribus
611 3620 706 3674 per
733 3607 1021 3660 adventum
1058 3606 1226 3660 nostri
1260 3605 1558 3662 Salvatoris
1589 3607 1859 3668 ostendat,
1900 3621 2006 3658 non

431 3693 499 3750 ab
537 3697 857 3767 evangelicm
902 3697 1228 3752 narrationis
1275 3697 1519 3763 exordio,
1562 3697 1656 3751 sed
1686 3712 1716 3751 a
1741 3696 2007 3765 baptismo

431 3787 696 3843 duntaxat
771 3788 969 3844 Christi
1035 3789 1375 3858 cognationis
1440 3787 1686 3842 ordinem
1751 3786 2002 3850 inchoat;

431 3893 591 3949 quem
642 3894 738 3948 per
784 3895 963 3933 Lxxvn
995 3879 1374 3949 cognationum
1417 3878 1617 3948 gradus
1665 3875 2007 3931 ascendendo

427 3970 708 4026 describit.
757 3971 908 4038 Quod
961 3972 1123 4026 etiam
1166 3972 1218 4026 in
1249 3972 1388 4026 libro
1425 3968 1699 4025 Geneseos
1727 3965 2008 4024 evidenter

430 4062 756 4127 ostenditur,
788 4064 877 4116 ubi
908 4061 1140 4116 Lamech
1190 4062 1450 4116 uxoribus
1499 4061 1612 4116 suis
1643 4059 1844 4114 dixisse
1882 4073 2008 4112 nar-

432 4166 616 4212 ratur:
637 4178 653 4208 (
693 4158 1006 4229 Septuplum
1028 4157 1158 4212 ultio
1187 4155 1404 4213 dabitur
1418 4156 1484 4210 de
1513 4154 1644 4210 Cain
1677 4153 1827 4226 (Gen.
1853 4152 1958 4221 iv);
1983 4171 2000 4203 ι

430 4250 496 4306 de
509 4250 866 4323 Lamech“
883 4267 1008 4306 vero
1029 4252 1334 4322 septuagies
1357 4251 1554 4320 septies
1578 4249 1750 4303 danda
1785 4248 2004 4312 dicitur,

429 4342 555 4412 quia
595 4358 779 4399 Lxxvn
819 4336 1052 4399 heminis
1084 4346 1148 4399 de
1182 4343 1476 4399 femoribus
1506 4341 1621 4410 ejus
1652 4337 2005 4410 perhibentur

2114 1873 2287 1942 fragio
2315 1885 2508 1928 neuter
2532 1875 2782 1942 eripitur,
2810 1876 2935 1944 quia
2962 1876 3157 1944 duplici
3209 1875 3491 1930 charitatis
3539 1877 3685 1931 bitu-

2112 1965 2278 2030 mine,
2316 1973 2376 2019 ut
2423 1965 2680 2021 divinitus
2737 1977 3064 2037 praeceptum
3115 1977 3218 2029 est,
3265 1983 3372 2022 non
3423 1969 3685 2022 munitur.

2112 2055 2213 2122 Qui
2265 2065 2447 2111 autem
2487 2066 2541 2112 et
2581 2073 2639 2112 se
2684 2057 2817 2112 foris
2857 2060 3059 2128 praebet
3104 2058 3392 2114 amabilem
3440 2067 3496 2113 ct
3546 2059 3692 2114 intus

2111 2157 2401 2202 conservat
2433 2163 2707 2214 amorem,
2753 2148 2886 2204 foris
2929 2139 3052 2205 cum
3097 2152 3262 2206 ramis
3299 2150 3692 2206 verbifructus

2110 2237 2327 2292 exhibet
2368 2237 2648 2304 beneﬁcii,
2695 2240 2842 2294 intus
2885 2241 3050 2294 altam
3099 2241 3336 2295 radicem
3373 2240 3525 2311 ﬁgit,
3562 2241 3688 2309 quia

2112 2329 2421 2384 medullitus
2451 2329 2618 2400 diligit
2643 2348 2657 2396 ;
2692 2331 2780 2386 hic
2804 2331 3048 2399 profecto
3086 2342 3141 2386 et
3167 2333 3312 2389 intus
3341 2342 3396 2386 et
3425 2341 3578 2385 extra
3611 2331 3696 2385 bi-

2112 2419 2315 2473 tumine
2353 2418 2556 2483 linitur,
2587 2419 2710 2488 quia
2734 2419 2931 2488 duplici
2983 2421 3271 2475 charitatis
3315 2420 3524 2490 glutino
3565 2436 3690 2474 cum

2110 2510 2371 2579 proximis
2402 2508 2720 2564 federatur.
2746 2509 2920 2564 Porro
2949 2520 3128 2564 autem
3162 2512 3287 2580 quia
3317 2512 3383 2565 de
3411 2510 3571 2579 lignis
3603 2510 3694 2565 lae-

2112 2600 2304 2670 vigatis
2338 2615 2487 2669 prius
2527 2600 2642 2653 ﬁeri
2678 2613 2803 2652 arca
2836 2599 3167 2669 praccipitur,
3199 2609 3254 2654 et
3293 2601 3372 2655 sic
3436 2601 3692 2670 deinceps

2111 2702 2170 2747 ut
2198 2693 2460 2746 bitumine
2498 2691 2740 2755 liniatur,
2762 2705 2860 2759 per
2892 2692 2994 2746 hoc
3024 2702 3212 2761 aperte
3259 2693 3415 2747 nobis
3443 2693 3690 2747 innuitur

2110 2794 2169 2838 ut
2201 2785 2342 2854 ligna
2369 2793 2574 2848 nostra,
2599 2785 2717 2838 duri
2748 2784 2997 2838 videlicet
3029 2800 3206 2838 mores
3233 2794 3285 2839 et
3318 2785 3694 2854 inculti,prius

2110 2875 2344 2931 debeant
2371 2875 2527 2944 poliri
2560 2892 2655 2944 per
2691 2875 2989 2944 spiritualis
3027 2877 3273 2930 exercitii
3321 2876 3690 2946 disciplinam,

2109 2976 2170 3021 ut
2200 2975 2494 3035 compacta:
2513 2967 2710 3021 dehinc
2733 2966 2952 3020 fabrica:
2979 2967 3219 3021 bitumen
3243 2968 3486 3022 accedat.
3509 2967 3694 3020 Enim-

2110 3075 2238 3114 vero
2260 3059 2499 3129 quaudiu
2529 3074 2707 3113 mores
2737 3059 3018 3112 hominum
3045 3060 3222 3129 asperi
3248 3069 3375 3114 sunt
3398 3069 3451 3114 et
3484 3059 3691 3125 inculti,

2112 3153 2347 3208 inaniter
2383 3151 2463 3206 eis
2509 3150 2797 3206 charitatis
2845 3151 3028 3222 gluten
3077 3151 3389 3220 apponitur,
3436 3150 3692 3219 quoniam

2111 3243 2178 3298 ab
2201 3242 2430 3296 invicem
2462 3241 2572 3296 cito
2604 3242 2898 3305 dissiliunt,
2932 3242 3060 3295 dum
3094 3242 3148 3295 in
3177 3242 3256 3295 eis
3283 3241 3462 3311 polita:
3491 3248 3694 3297 morta-

2111 3337 2276 3391 litatis
2302 3345 2514 3405 mquata
2544 3335 2936 3389 confoederatio
2966 3350 3073 3388 non
3103 3343 3334 3389 tenetur.

2709 3445 2938 3500 CAPUT
2981 3443 3092 3499 XII.

2287 3537 2353 3590 In
2381 3553 2616 3592 sermone
2642 3536 2706 3589 de
2735 3535 3056 3589 exultatione
3085 3544 3282 3594 sancta:
3313 3534 3503 3589 crucis.

2181 3628 2371 3683 Crucis
2405 3628 2720 3699 mysterium
2749 3627 2836 3682 illa
2865 3627 2920 3680 in
2954 3641 3011 3682 se
3032 3611 3216 3680 diluvii
3242 3641 3366 3681 arca
3396 3626 3688 3692 continuit,

2109 3719 2262 3789 cujus
2315 3720 2702 3791 longitudinem
2758 3727 3122 3773 trecentorum
3168 3716 3337 3771 fuisse
3379 3716 3686 3771 cubitorum

2111 3812 2392 3882 Scriptura
2445 3810 2654 3866 delinit.
2685 3809 2785 3877 Qui
2823 3809 3074 3863 videlicet
3120 3823 3379 3862 numerus
3429 3808 3482 3862 in
3537 3806 3689 3860 Thau

2109 3903 2311 3967 littera,
2346 3917 2466 3970 qua:
2517 3901 2696 3954 crucis
2743 3899 3000 3967 exprimit
3044 3899 3305 3967 speciem,
3359 3897 3686 3952 continetur.

2107 3995 2276 4050 Porro
2315 3992 2595 4049 sicutNoe
2648 4008 2769 4047 cum
2809 3992 2922 4046 suis
2961 4006 3058 4061 per
3105 4005 3298 4059 aquam
3375 3990 3689 4060 lignumque

2107 4089 2376 4152 salvator,
2411 4089 2521 4159 85
2553 4089 2632 4142 sic
2675 4094 2730 4139 et
2776 4084 2977 4138 Christi
3008 4083 3212 4136 familia
3259 4097 3397 4150 aqua
3449 4082 3689 4136 salvatur

2106 4188 2161 4234 et
2189 4180 2352 4247 ligno,
2387 4187 2511 4234 dum
2542 4186 2596 4231 et
2625 4175 2893 4243 baptismo
2940 4172 3130 4227 salutis
3161 4171 3418 4236 abluitur,
3451 4181 3505 4227 et
3545 4173 3684 4226 vivi-

2106 4270 2220 4324 ἥρω
2267 4269 2445 4324 crucis
2505 4265 2859 4335 impressione
2924 4262 3186 4332 signatur.
3251 4262 3380 4327 Quae
3438 4262 3689 4317 videlicet

2105 4376 2230 4416 arca
2262 4400 2277 4424 ,
2324 4366 2382 4412 ut
2441 4357 2495 4412 in
2532 4361 2873 4411 sacramento
2929 4351 3127 4407 Christi
3177 4351 3395 4406 humani
3447 4353 3688 4421 corporis

429 4436 664 4504 egressi,
712 4451 777 4490 ac
804 4437 1147 4505 postmodum
1193 4436 1394 4492 diluvio
1434 4443 1661 4490 vorante
1697 4433 2006 4488 referuntur

2108 4454 2354 4507 videatur
2380 4448 2717 4518 aequiparare
2747 4461 3074 4510 mensuram,
3119 4452 3390 4500 trecentos
3438 4444 3688 4499 habuisse

429 4526 689 4596 absorpti.
715 4528 818 4582 Sed
844 4530 969 4597 quia
997 4527 1228 4586 Lamech
1275 4529 1564 4600 percutiens
1589 4527 1702 4582 sive
1724 4543 2001 4596 percussus

429 4602 786 4683 exprimitur,
817 4617 946 4685 quid
990 4632 1087 4686 per
1128 4619 1254 4681 hoc,
1290 4618 1389 4672 nisi
1436 4617 1644 4686 primus
1672 4631 1868 4685 parens
1896 4615 2001 4669 hu-

431 4707 575 4759 mani
604 4707 818 4776 generis
858 4707 1150 4777 figuratur?
1177 4708 1266 4777 qui
1296 4708 1548 4762 nimirum
1577 4706 1786 4776 peccati
1813 4706 1998 4770 telum,

431 4810 539 4864 quo
566 4795 770 4864 primus
799 4796 911 4866 ipse
937 4812 1225 4866 percussus
1251 4797 1480 4860 interiit,
1504 4797 1758 4852 universo
1785 4811 2001 4866 quoque

429 4885 613 4955 generi
645 4901 972 4941 successore:
1012 4887 1344 4957 posteritatis
1376 4885 1588 4940 inﬂixit.
1631 4886 1706 4940 De
1743 4887 1845 4940 hoc
1869 4899 1999 4954 ergo

430 4977 668 5037 Lamech
697 4981 998 5051 septuagies
1024 4982 1222 5050 septies
1249 4981 1383 5034 ultio
1428 4982 1550 5034 data
1588 4989 1693 5044 est,
1719 4978 1846 5048 quia
1877 4992 2002 5047 pec-

430 5082 633 5137 catum,
667 5073 809 5143 quod
837 5073 1044 5142 primus
1073 5073 1234 5127 homo
1267 5073 1555 5133 contraxit,
1586 5086 1682 5140 per
1706 5086 1885 5124 Lxxvu
1912 5084 2002 5140 ge-

432 5163 740 5218 nerationes
773 5165 824 5218 iu
855 5164 1089 5216 humano
1124 5177 1324 5231 genere
1355 5161 1524 5231 viguit
1552 5175 1721 5230 usque
1751 5159 1816 5212 ad
1847 5159 2000 5224 Chri-

431 5264 574 5309 Stum
592 5296 606 5320 ,
635 5255 898 5324 siquidem
927 5262 1205 5321 peccatum
1229 5253 1490 5323 originale
1515 5250 1832 5321 permansit,
1857 5251 2001 5318 quod

432 5345 548 5415 ipse
585 5360 680 5415 per
714 5346 963 5416 baptismi
1013 5346 1119 5410 sui,
1173 5345 1314 5399 unde
1333 5343 1510 5398 Lucas
1557 5341 1766 5411 incipit,
1816 5356 1999 5396 sacra-

430 5446 612 5491 menta
649 5437 881 5494 delevit:
915 5437 1006 5492 ubi
1037 5437 1289 5492 videlicet
1319 5437 1383 5491 de
1422 5432 1511 5490 illo
1538 5435 1775 5489 dicitur:
1811 5451 1828 5483 ι
1862 5433 2002 5487 Ecce

428 5525 614 5597 Agnus
642 5526 758 5592 Dei,
788 5541 914 5601 ecce
941 5526 1032 5597 qui
1065 5526 1202 5582 tollit
1227 5535 1446 5598 peccata
1478 5523 1662 5578 mundi
1694 5521 1873 5592 (Joan.
1902 5521 1993 5591 1).»

2108 4547 2318 4603 cubitos
2347 4545 2397 4598 in
2426 4542 2759 4620 longitudine
2783 4583 2796 4604 ,
2827 4540 3215 4610 quinquaginta
3262 4541 3316 4594 in
3362 4538 3642 4594 latitudine
3668 4579 3684 4604 ,

2111 4641 2326 4710 triginta
2374 4653 2504 4691 vero
2573 4637 2627 4690 in
2688 4634 2971 4688 altitudine
3046 4633 3380 4702 perhibetur.
3435 4635 3686 4695 Trecenti

2108 4745 2338 4798 namque
2371 4726 2890 4797 quinquagenarium
2931 4740 3211 4779 numerum
3251 4727 3428 4781 sexies
3452 4767 3468 4791 ,
3509 4739 3568 4796 et
3591 4731 3687 4783 tri-

2109 4825 2382 4880 cenarium
2427 4824 2480 4876 in
2510 4837 2569 4875 se
2597 4821 2776 4874 decies
2810 4818 3118 4882 includunt;
3156 4827 3212 4872 et
3238 4819 3458 4874 humani
3493 4837 3685 4891 corpo-

2106 4917 2180 4970 ris
2211 4913 2485 4984 longitudo
2507 4948 2524 4975 ,
2555 4925 2584 4964 a
2633 4908 2834 4964 vertice
2884 4907 3136 4962 videlicet
3167 4923 3335 4977 usque
3369 4911 3435 4964 ad
3476 4911 3638 4981 pedes
3665 4952 3680 4974 ,

2102 5007 2278 5063 sexies
2329 5011 2534 5058 tantum
2582 5002 2784 5064 habet,
2829 5015 2991 5069 quam
3038 4999 3266 5055 latitudo
3322 5017 3442 5071 quae
3481 5012 3565 5057 cst
3613 5004 3681 5057 ad

2104 5099 2382 5153 dexteram
2435 5107 2604 5161 usque
2657 5093 2722 5146 ad
2771 5092 3086 5157 sinistram,
3145 5099 3198 5146 et
3247 5093 3424 5147 decies
3473 5102 3679 5147 tantum

2102 5207 2262 5260 quam
2291 5187 2514 5241 altitudo
2559 5201 2678 5256 qua:
2705 5193 2788 5240 est
2817 5195 2943 5240 ante
2980 5195 3033 5239 et
3085 5197 3250 5239 retro.
3299 5185 3390 5239 Sic
3425 5185 3677 5238 nimirutn

2105 5296 2228 5336 arca
2274 5288 2328 5335 et
2371 5278 2422 5332 in
2456 5278 2852 5333 trecentenario
2902 5277 3250 5346 longitudinis
3297 5292 3406 5331 sum
3453 5291 3679 5331 numero

2105 5373 2338 5443 speciem
2370 5371 2566 5433 crucis,
2607 5379 2661 5424 et
2703 5369 2756 5422 in
2810 5362 2971 5422 totius
3014 5384 3124 5422 suae
3150 5363 3500 5424 dimensionis
3527 5369 3680 5424 habi-

2103 5468 2289 5523 tudine
2339 5465 2560 5534 liguram
2614 5470 2761 5515 tenet
2812 5460 3073 5515 Dominici
3120 5461 3505 5529 corporis;ct,
3539 5462 3680 5517 sicut

2103 5565 2307 5627 septem
2339 5555 2532 5608 animze
2561 5553 2830 5605 donantur
2867 5549 2978 5604 Noe
3000 5591 3013 5612 ,
3044 5558 3099 5601 ut
3125 5565 3221 5620 per
3243 5549 3439 5619 lignum
3465 5549 3677 5606 salven-

2106 5656 2191 5700 tur
2220 5647 2270 5699 in
2308 5644 2486 5706 undis,
2512 5644 2591 5697 sic
2626 5651 2830 5711 septem
2864 5640 3116 5695 Ecclesia:
3138 5640 3436 5710 scptiformi
3470 5639 3674 5712 Spiritu

3547 5748 3572 5774 ο
