4028 6168
415 275 519 327 999

418 389 632 456 repletae
677 386 951 438 salvantur
992 386 1040 438 in
1072 384 1284 438 Christo
1313 399 1408 452 per
1459 372 1661 453 lignum
1714 384 1892 439 crucis
1929 393 1982 438 et
2011 393 2058 446 Α

418 492 610 544 aquam
641 475 993 543 baptismatis.
1026 473 1127 527 Per
1156 473 1357 541 lignum
1379 468 1586 541 itenipe
1611 489 1709 528 nos
1738 472 1984 528 servituti

418 569 667 636 princeps
699 565 958 634 superbia:
996 564 1271 628 subdidit;
1299 578 1392 631 per
1433 563 1631 631 lignum
1665 565 1766 618 hoc
1808 565 1984 618 Immi—

419 659 586 713 litatis
611 658 814 712 Auctor
834 657 887 709 in
920 656 1183 709 libertatis
1212 655 1392 708 titulos
1415 656 1702 708 revocavit.

1010 745 1234 800 CAPUT
1274 744 1406 797 XIII.

844 837 904 890 In
933 855 1166 891 sermone
1196 838 1256 889 de
1285 845 1463 889 sancto
1500 834 1564 888 P.

495 954 512 986 α
543 932 858 1000 Quindecim
885 931 1080 986 cubitis
1109 931 1266 983 altior
1305 929 1406 982 fuit
1446 945 1580 997 aqua
1615 943 1774 996 super
1802 943 1988 982 omnes

419 1035 647 1087 montes,
697 1038 831 1092 quos
875 1029 1161 1091 operuerat
1189 1018 1339 1086 (Gen.
1373 1020 1499 1089 vn).
1543 1039 1560 1068 ›
1594 1017 1988 1083 Quindenarius

419 1113 576 1184 plane
622 1126 918 1173 numerus,
968 1110 1089 1177 quia
1138 1125 1201 1162 ex
1231 1116 1434 1176 septem
1487 1115 1695 1160 constat
1722 1115 1776 1158 et
1823 1114 1984 1166 octo,

422 1206 733 1276 mysterium
766 1205 816 1257 in
861 1217 919 1256 se
966 1202 1204 1256 continet
1238 1200 1404 1253 beatae
1452 1197 1648 1266 quietis
1702 1206 1751 1249 et
1799 1195 1988 1248 futurae

421 1293 851 1355 resurrectionis,
881 1291 1133 1359 quoniam
1165 1289 1500 1357 omnipotens
1538 1288 1676 1341 Deus
1711 1295 1762 1339 et
1799 1293 1989 1339 octavo

421 1387 506 1440 die
528 1401 648 1438 cum
676 1384 930 1437 mumlum
955 1381 1230 1442 conderet,
1257 1380 1548 1448 requievit.
1577 1388 1626 1431 et
1652 1387 1842 1430 octavo
1867 1389 1987 1428 cum

424 1478 730 1538 redimeret,
760 1475 1050 1530 resurrein
1073 1475 1374 1541 ;virtusque
1391 1470 1550 1538 hujus
1576 1470 1782 1524 numeri
1812 1482 1990 1522 sacra-

425 1577 661 1620 mentum
689 1567 930 1620 continet
955 1564 1260 1632 specialiter
1287 1563 1336 1616 in
1361 1562 1646 1630 baptismo,
1670 1559 1759 1612 ubi
1785 1556 1991 1611 scilicet

421 1667 476 1712 et
536 1658 656 1711 novi
716 1660 780 1710 de
834 1665 1101 1710 vetustate
1175 1653 1545 1721 resurgimus,
1619 1658 1674 1702 et
1738 1647 1990 1713 deinceps

1228 272 1718 327 COLLECTANEA
1763 271 1827 325 IN
1873 271 2096 328 VETUS
2137 273 2676 331 TESTAMENTUM.

3523 284 3660 339 I000

2668 384 2893 440 CAPUT
2929 384 3086 439 XVII.

2445 473 2506 528 1η
2529 491 2762 527 sermone
2803 477 2856 529 in
2889 493 3030 529 creua
3071 475 3301 530 Domini.

2155 563 2286 618 Dum
2338 567 2516 619 mundi
2547 567 2772 620 crimina
2824 568 3022 621 diluvio
3050 569 3321 636 quondam
3374 573 3660 640 expiaren-

2087 666 2173 710 tur
2223 656 2393 710 effuso
2420 699 2434 720 ,
2491 657 2651 713 futuri
2691 661 2927 714 numeris
2957 661 3201 715 columba
3255 663 3657 721 similitudinem

2085 747 2338 812 pra-tulit,
2379 763 2499 800 cum
2530 763 2625 814 per
2670 748 2822 801 oliva:
2857 766 3064 802 ramum
3120 767 3303 820 pacem
3339 756 3498 810 terris
3534 759 3650 811 red-

2085 835 2251 888 ditam
2303 837 2588 889 nuntiavit.
2621 836 2707 889 Ait
2735 838 2878 890 enim
2927 837 3204 906 Scriptura
3233 859 3244 892 :
3275 862 3292 892 ι
3325 843 3661 914 Exspectatts

2086 935 2264 977 autem
2321 936 2526 993 septem
2587 927 2774 981 diebus
2830 928 2950 982 aliis
2982 968 2996 992 ,
3034 947 3246 986 rursum
3299 936 3503 992 dimisit
3549 938 3660 994 Noe

2086 1013 2386 1068 columbam
2434 1031 2496 1069 ex
2532 1031 2692 1070 arca:
2727 1028 2782 1071 at
2811 1019 2897 1072 illa
2926 1022 3069 1075 venit
3094 1023 3159 1077 ad
3185 1039 3307 1078 eum
3347 1027 3413 1080 ad
3462 1043 3655 1098 veSpe-

2086 1121 2224 1169 ram,
2251 1115 2469 1174 portans
2489 1123 2694 1162 ramum
2718 1110 2870 1164 oliva!
2893 1113 3189 1168 virentibus
3213 1117 3419 1172 foliisin
3442 1134 3537 1175 ore
3558 1137 3657 1176 suo

2089 1193 2239 1257 (Gen.
2279 1198 2418 1264 vni).
2464 1217 2482 1248 ι
2517 1197 2571 1251 ln
2602 1199 2891 1254 emissione
2940 1216 3004 1257 ac
3038 1208 3351 1261 reversione
3395 1211 3658 1266 columba:

2069 1286 2420 1354 septenarius
2443 1302 2694 1341 numerus
2715 1290 3091 1360 ponitur,quia
3117 1304 3319 1362 septem
3343 1301 3657 1367 esseproeul

2089 1374 2249 1427 dubio
2288 1375 2522 1444 Spiritus
2573 1381 2742 1433 sancti
2793 1382 2931 1436 dona
2984 1394 3296 1439 noscuntur.
3342 1386 3653 1457 Vespertina

2089 1481 2218 1520 vero
2245 1468 2374 1521 hora
2408 1470 2473 1522 ad
2511 1486 2690 1525 arcam
2721 1473 2970 1528 columba
2998 1477 3308 1542 revertitur,
3337 1480 3462 1548 quia
3489 1480 3659 1551 Spiri-

2092 1563 2176 1608 tus
2203 1566 2442 1623 sanctus,
2473 1561 2563 1629 qui
2596 1561 2645 1614 in
2678 1564 2860 1617 mundi
2901 1564 3167 1635 principio
3199 1567 3473 1624 ferebatur
3499 1587 3658 1642 super

2091 1659 2276 1714 aquas.
2307 1646 2419 1715 jam
2461 1662 2872 1720 vesperascente
2921 1656 3116 1711 saeculo
3163 1668 3403 1714 sanctam
3437 1662 3658 1732 replevit

421 1750 704 1818 quiescere
759 1764 787 1800 a
833 1746 1086 1799 mundani
1137 1744 1391 1812 strepitus
1453 1739 1850 1809 perturbatione
1902 1736 1987 1804 ju-
2020 1731 2061 1788 Β
2093 1734 2406 1790 Ecclesium.

424 1843 630 1895 bemur.
687 1839 799 1892 lloe
854 1838 1084 1905 denique
1140 1836 1380 1905 septima:
1431 1833 1628 1901 quietis
1685 1840 1738 1884 et
1785 1839 1988 1884 octavae

423 1931 839 1987 resurrectionis
902 1911 1214 1998 mysterium
1259 1942 1362 1979 non
1422 1924 1724 1992 intelligunt
1766 1922 1854 1988 qui
1906 1919 1988 1974 vel

421 2024 605 2096 gloria:
657 2023 940 2077 mundanae
966 2019 1222 2089 jactantia
1252 2059 1266 2078 .
1310 2017 1392 2070 vel
1447 2026 1673 2069 terreare
1713 2013 1989 2083 sapientia)

421 2117 750 2172 vanitatibus
796 2116 1177 2169 intumescunt.
1234 2110 1382 2164 Unde
1427 2116 1608 2182 aperte
1653 2107 1741 2159 hic
1792 2104 1986 2169 dicitpr

421 2207 546 2278 quia
597 2225 615 2258 ι
666 2204 970 2272 quindecim
1024 2201 1217 2255 cubitis
1264 2199 1426 2252 altior
1478 2197 1573 2249 fuit
1640 2209 1775 2263 aqua
1816 2205 1990 2266 super

419 2313 608 2352 omnes
645 2306 888 2359 montes,
921 2308 1055 2363 quos
1094 2299 1404 2360 operuerat;
1439 2307 1456 2339 ι
1511 2294 1719 2340 montes
1763 2281 1986 2338 scilicet.

420 2390 678 2457 superbos
723 2387 1027 2455 significant
1070 2391 1124 2437 et
1175 2381 1364 2435 elatos.
1417 2379 1597 2431 Altum
1652 2390 1781 2443 ergo
1812 2381 1990 2446 “atque

418 2480 740 2551 profundum
776 2476 1186 2532 resurrectionis
1234 2483 1287 2527 et
1317 2472 1514 2542 quietis
1552 2470 1756 2524 intimae
1806 2482 1988 2522 sacra-

419 2579 656 2624 mentum
685 2582 899 2621 omnem
932 2563 1264 2618 transcendit
1307 2559 1636 2614 intellectum
1669 2555 1987 2625 sapientium

419 2660 792 2731 superborum.

999 2745 1226 2802 CAPUT
1266 2742 1379 2797 XIV

933 2840 988 2893 ἠ
1017 2841 1193 2893 eodem
1222 2853 1475 2891 sermone.

496 2953 515 2986 ι
554 2934 802 2988 “eversae
858 2939 980 2984 sunt
1034 2944 1187 2998 aqua:
1228 2941 1388 2997 super
1448 2936 1646 2979 terram
1701 2933 1892 2978 euntes
1937 2929 1992 2977 et

422 3027 744 3084 redeuntes.
801 3029 856 3076 ct
884 3029 1162 3089 cmperunt
1196 3018 1362 3072 minui
1411 3025 1529 3085 post
1573 3028 1786 3069 centum
1835 3012 1990 3082 quin-

2657 1849 2884 1907 CAPUT
2917 1853 3101 1909 XVIII.

2090 1931 2405 2024 Iniepistola
2449 1938 2898 2024 adillirrnifiizdin
2942 1948 3392 2024 sanctimonialem
3409 1968 3446 2024 ,‘A
3463 1951 3516 2006 in
3553 1971 3657 2024 qua

2159 2003 2532 2093 diciturhquod
2595 2011 2878 2079 (edi/icium
2938 2015 3183 2070 humana:
3241 2003 3655 2093 superat};

2168 2077 2470 2129 destruilur.

2165 2209 2184 2242 ι
2231 2191 2363 2245 Cum
2416 2191 2840 2260 profiscercntur
2897 2197 2965 2251 de
3018 2196 3240 2256 Oriente
3270 2242 3287 2267 ,
3341 2202 3658 2260 invenerunt

2089 2295 2338 2351 campum
2386 2282 2438 2335 in
2479 2291 2618 2337 terra
2652 2284 2916 2351 Sennaar,
2951 2294 3005 2342 et
3040 2289 3424 2348 habitaverunt
3469 2294 3522 2348 in
3551 2311 3615 2349 eo
3641 2337 3654 2360 ,

2091 2374 2329 2442 dixitque
2369 2373 2505 2429 alter
2547 2375 2613 2430 ad
2658 2378 2962 2446 proximum
3008 2394 3206 2436 suum:
3247 2384 3472 2452 Venite,
3502 2385 3658 2443 facia-

2090 2478 2211 2518 mus
2234 2463 2450 2528 lateres,
2477 2473 2530 2519 et
2550 2480 2845 2534 coquamus
2863 2483 2956 2523 eos
2978 2469 3084 2540 igni
3111 2489 3123 2524 :
3154 2473 3559 2545 habueruntque
3582 2476 3656 2529 la-

2092 2563 2234 2609 teres
2256 2571 2353 2623 pro
2382 2556 2619 2618 saxis,et
2646 2555 2884 2612 bitumen
2912 2574 3010 2628 pro
3040 2572 3307 2617 cmmento
3327 2561 3479 2634 (Gen.
3505 2569 3603 2632 χι).
3636 2586 3652 2615 ι

2093 2644 2260 2698 Porro
2290 2656 2469 2700 autem
2500 2663 2620 2700 cum
2645 2647 2894 2703 Christus
2925 2665 3049 2706 vere
3073 2652 3141 2706 sit
3166 2651 3378 2718 Oriens,
3400 2657 3656 2724 propheta

2094 2743 2327 2788 testante
2355 2776 2369 2799 ,
2417 2737 2506 2805 qui
2550 2737 2625 2790 ait
2661 2755 2673 2790 :
2716 2756 2732 2788 ι
2773 2739 2910 2795 Ecce
2948 2743 3058 2801 vir,
3093 2740 3285 2797 Oriens
3315 2760 3506 2800 nomen
3548 2747 3657 2814 ejus

2094 2821 2278 2894 (Zarh.
2312 2823 2416 2892 vi),
2463 2843 2479 2874 ι
2509 2825 2572 2880 de
2595 2825 2813 2881 Oriente
2840 2831 3060 2892 veniunt
3090 2834 3178 2900 qui
3219 2852 3249 2888 a
3287 2837 3489 2893 Christi
3539 2855 3656 2894 con-

2093 2913 2282 2980 sortio,
2311 2914 2448 2970 male
2477 2916 2729 2982 vivendo,
2761 2920 2843 2974 vel
2870 2922 3142 2990 proximos
3171 2923 3458 2982 lacerando
3481 2969 3495 2992 ,
3519 2945 3655 2984 rece-

2094 3004 2246 3059 dunt.
2280 3005 2520 3061 Sennaar
2555 3008 2942 3078 interpretatur
2984 3015 3217 3068 excussio
3257 3017 3520 3083 dentium,
3549 3021 3654 3074 sive

420 3116 672 3185 quaginta
709 3076 823 3168 dies
851 3076 1002 3179 (Cen.
1032 3111 1173 3178 vut).
1210 3131 1224 3160 ι
1261 3076 1524 3176 Quoniam
1549 3107 1600 3160 in
1631 3105 1989 3176 generationis
2015 3076 2061 3138 C
2093 3094 2248 3165 Ῑαπον
2273 3112 2472 3150 εονυηι·
2500 3097 2556 3150 In
2589 3113 2782 3168 campo
2812 3101 2974 3166 igitur
2996 3102 3238 3158 se'maal‘
3266 3105 3512 3162 habitam
3543 3110 3653 3178 φιίο

421 3213 618 3258 nostra:
644 3202 897 3273 mysterio
927 3200 1151 3270 septima
1180 3197 1400 3267 requies
1425 3212 1544 3251 cum
1590 3205 1779 3249 octava
1810 3210 1989 3248 resur-

422 3294 677 3349 rectionis
707 3291 1072 3358 coniungitur,
1099 3288 1236 3342 bene
1263 3288 1315 3341 in
1353 3287 1581 3361 Genesjs
1609 3287 1748 3339 libro
1795 3285 1991 3339 dicitur

419 3386 542 3453 quia
601 3397 831 3436 reversa:
897 3379 1111 3434 fuerunt
1153 3393 1308 3446 aqua:
1368 3376 1432 3429 de
1484 3385 1656 3437 terra,
1702 3383 1755 3427 et
1813 3388 1989 3450 cmpe-

419 3483 545 3528 runt
574 3472 740 3527 minui
764 3478 880 3539 post
911 3479 1129 3524 centum
1164 3464 1548 3536 quinquaginta
1588 3463 1721 3516 dies.
1762 3461 1989 3530 Septua-

419 3563 564 3633 ginta
587 3575 841 3628 namque,
860 3560 992 3628 quia
1011 3565 1238 3624 septem,
1262 3564 1316 3608 et
1343 3554 1636 3621 octoginta,
1667 3552 1752 3619 qui
1780 3552 1844 3603 ab
1866 3561 1990 3604 octo

418 3647 1039 3708 dimnnerantur,sinml
1083 3645 1291 3715 juncti,
1335 3653 1551 3697 centum
1600 3641 1986 3711 quinquaginta

418 3747 642 3801 faciunt.

932 3831 1044 3902 se
1091 3827 1319 3882 CAPUT
1358 3826 1472 3881 xv.

936 3918 1002 3972 In
1027 3918 1204 3970 eodem
1229 3932 1483 3970 sermone.

491 4032 512 4066 ι
555 4012 837 4081 Requievit
888 4026 1038 4071 arca,
1077 4024 1262 4063 mense
1312 4007 1564 4076 septimo,
1608 4005 1860 4060 vicesima
1899 4017 1985 4057 se--

411 4104 580 4175 ptima
597 4104 682 4158 die
698 4102 921 4163 mensis,
944 4116 1105 4168 super
1127 4105 1334 4152 montes
1350 4095 1615 4148 Armeniae
1636 4091 1786 4165 (Gen.
1810 4093 1949 4157 vnt),
1964 4110 1981 4141 ι

414 4196 539 4262 quia
587 4194 839 4247 nimirum
871 4189 1157 4259 septenarii
1205 4186 1419 4254 requies
1449 4184 1586 4237 bene
1614 4185 1666 4236 in
1720 4181 1986 4249 baptismo

413 4283 842 4338 commendatur.
896 4280 1048 4344 Quod
1092 4278 1342 4331 videlicet
1396 4290 1490 4344 per
1546 4273 1801 4326 diluvium
1861 4269 1985 4324 illud

415 4375 700 4442 ﬁguratum
721 4385 840 4422 esse
867 4367 1218 4437 dignoscitur,
1249 4363 1301 4417 in
1329 4378 1456 4431 quo,
1481 4361 1602 4414 novi
1631 4362 1694 4413 de
1724 4367 1985 4413 vetustate

416 4473 780 4528 resurgentes,
808 4457 1060 4523 deinceps
1086 4454 1363 4521 quiescere
1387 4468 1413 4504 a
1445 4449 1695 4504 mundani
1729 4449 1983 4516 strepitus

412 4549 821 4621 perturbatione
850 4544 1119 4616 jubemur‘.

925 4674 934 4700 χ
998 4636 1222 4692 CAPUT
1258 4633 1392 4688 XVI.

659 4731 725 4786 1η
753 4732 884 4785 libro
914 4731 977 4783 de
1005 4729 1318 4798 perfectione
1346 4726 1734 4780 monachorum.

483 4824 538 4877 In
589 4820 746 4890 hujus
783 4822 974 4889 quippe
1023 4817 1204 4871 mutuli
1249 4816 1362 4870 salo
1395 4813 1525 4882 justi
1573 4812 1860 4874 laborant,
1893 4809 1982 4864 ubi

413 4929 565 4968 suam
614 4911 822 4979 reprobi
839 4909 1151 4980 ,possident
1197 4906 1458 4974 requiem.
1511 4903 1680 4969 Quam
1735 4900 1981 4954 videlicet

411 5005 777 5060 diversitatem
822 5002 959 5054 bene
1011 5013 1202 5052 corvus
1249 5013 1313 5050 ex
1357 5012 1481 5050 area
1513 4995 1783 5055 dimissus,
1816 5001 1980 5046 etco-

411 5096 591 5152 lumba
619 5091 945 5163 signiﬁcant.
967 5110 982 5140 ι
1003 5089 1204 5143 Corvus
1226 5109 1242 5138 ι
1268 5087 1462 5156 quippe
1493 5084 1879 5139 «cadaveribus
1903 5083 1983 5136 in-

413 5189 596 5243 sidens
628 5187 692 5240 ad
726 5199 865 5238 arca:
889 5183 1121 5236 claustra
1151 5197 1255 5233 non
1285 5178 1440 5233 rediit
1466 5196 1480 5243 ;
1513 5177 1758 5232 columba
1801 5184 1978 5228 autem

413 5295 626 5334 reversa
678 5286 756 5330 est
786 5316 799 5336 ,
844 5274 967 5344 quia
1017 5273 1106 5326 ubi
1154 5287 1247 5340 pes
1297 5271 1412 5338 ejus
1463 5269 1822 5339 requiesceret
1873 5280 1976 5318 non

413 5371 614 5423 invenit
664 5369 816 5439 (Gen.
850 5366 990 5431 vni).
1037 5385 1055 5417 ι
1113 5364 1207 5417 Hic
1252 5363 1392 5417 enim
1445 5361 1532 5413 ubi
1583 5359 1730 5428 pravi
1779 5356 1979 5425 quique

413 5463 715 5515 carnalibus
745 5475 800 5514 se
833 5458 1188 5527 voluptatibus
1213 5455 1409 5510 satiant
1437 5493 1451 5516 ,
1491 5451 1659 5506 sancti
1688 5447 1788 5501 viri
1835 5458 1980 5512 repe-

414 5549 520 5602 rire
563 5560 836 5619 nequeunt
899 5551 982 5604 ubi
1036 5549 1100 5602 ad
1155 5544 1538 5615 quiescendum
1596 5538 1844 5595 desiderii
1895 5535 1976 5589 sui

415 5637 600 5696 pedem
635 5647 844 5704 ponant.

2089 3202 2194 3240 non
2225 3187 2502 3241 constituti
2532 3187 2582 3241 in
2630 3204 2753 3244 arce
2803 3191 3078 3253 virtutum.
3105 3194 3197 3248 sed
3226 3195 3407 3263 potius
3445 3197 3496 3250 in
3535 3213 3654 3252 con-

2087 3275 2225 3330 valle
2271 3277 2544 3340 vitiorum,
2594 3287 2648 3332 et
2696 3278 2886 3334 dentes
2930 3283 3227 3346 excutiunt,
3283 3293 3339 3338 ut
3391 3288 3655 3355 proximos

2089 3383 2214 3422 suos
2253 3369 2362 3438 87
2393 3369 2820 3424 detractionibus
2850 3370 3002 3440 quasi
3044 3372 3315 3427 mordicus
3355 3375 3565 3439 rodant,
3603 3387 3654 3430 et

2089 3458 2306 3514 {tutores
2348 3461 2638 3524 emittunt,
2679 3461 2804 3515 dum
2852 3463 2904 3517 in
2961 3478 3189 3520 cmuosze
3233 3468 3653 3522 conversationis

2088 3550 2426 3616 squaloribus
2451 3561 2908 3620 computrescunt.
2943 3550 3047 3608 Sed
3079 3569 3264 3609 eorum
3307 3557 3493 3612 dentes
3523 3558 3654 3612 Deus

2087 3640 2426 3708 oninipotens
2447 3641 2666 3704 excutit,
2684 3641 2805 3695 dum
2835 3657 3205 3711 perversorum
3229 3646 3587 3714 quorumlibet
3604 3658 3656 3700 et

2088 3731 2225 3784 facta
2260 3730 2506 3784 similiter
2536 3740 2589 3784 et
2618 3732 2779 3784 verba
2820 3731 3118 3786 confundit.
3148 3732 3298 3788 Unde
3326 3743 3373 3787 et
3405 3733 3507 3788 illic
3527 3733 3654 3789 dici-

2088 3828 2175 3872 tur
2205 3837 2217 3872 :
2257 3819 2515 3902 oldcirco
2546 3829 2790 3874 vocatum
2817 3833 2903 3876 est
2932 3837 3124 3876 nomen
3164 3821 3280 3890 ejus
3311 3823 3472 3879 Babel
3503 3825 3650 3896 (Gen.

2086 3910 2196 3976 xu);
2233 3927 2250 3957 ι
2277 3907 2400 3975 quia
2433 3907 2502 3960 ibi
2527 3907 2806 3962 confusum
2840 3919 2923 3964 est
2944 3909 3436 3978 labium;uuivers:e
3464 3922 3652 3974 terrae,

2086 4007 2140 4050 et
2164 3999 2280 4050 ideo
2309 3997 2564 4066 dispersit
2590 4013 2682 4051 eos
2708 3998 2966 4053 Dominus
3001 4015 3160 4070 super
3189 4000 3326 4056 facie
3342 4012 3651 4057 czctcrarum

2088 4090 2384 4158 regionum.
2436 4089 2600 4142 Recte
2634 4104 2762 4158 ergo
2790 4091 3006 4154 dicitur,
3038 4093 3162 4160 quia
3208 4095 3423 4162 superbi
3452 4095 3524 4148 illi
3556 4097 3650 4149 ho-

2087 4181 2258 4234 mines
2287 4196 2347 4232 ac.
2379 4195 2526 4233 vana:
2558 4179 2740 4249 gloria:
2766 4189 3090 4250 captatores,
3129 4184 3378 4238 nimirum
3410 4185 3649 4242 dicentes

2087 4271 2151 4324 ad
2196 4271 2510 4324 alterutrum
2546 4290 2557 4323 :
2597 4271 2787 4326 Venite
2813 4314 2826 4332 ,
2857 4272 3116 4328 faciamus
3159 4277 3311 4330 nobis
3339 4277 3604 4332 civitatem
3633 4320 3648 4336 .

2087 4371 2141 4415 et
2173 4363 2381 4422 turrim,
2406 4361 2558 4429 cujus
2585 4361 2791 4416 culmen
2824 4365 3090 4434 pertingat
3111 4366 3175 4418 ad
3203 4366 3418 4430 ccelum,
3441 4377 3494 4421 et
3519 4368 3654 4424 cele-

2089 4454 2306 4506 bremus
2352 4467 2543 4505 nomen
2595 4462 2832 4506 nostrum
2860 4495 2874 4516 ,
2932 4467 3216 4524 antequam
3256 4458 3554 4512 dividamur
3601 4459 3650 4511 in

2093 4540 2368 4592 universas
2398 4550 2565 4592 terras
2583 4557 2595 4604 ς
2616 4549 2669 4593 et
2690 4541 3070 4596 habitaverunt
3087 4544 3137 4596 in
3163 4561 3352 4615 campo
3375 4546 3649 4602 Senuaar:

2089 4629 2230 4698 quod
2256 4628 2394 4696 apud
2445 4643 2542 4682 nos
2569 4669 2583 4690 ,
2631 4629 2772 4683 sicut
2796 4631 2994 4686 dictum
3042 4642 3122 4688 est
3150 4676 3164 4697 ,
3211 4645 3366 4689 sonat
3409 4637 3655 4690 excussio

2090 4719 2326 4772 dentium
2350 4761 2364 4784 ,
2397 4718 2480 4772 vel
2536 4719 2673 4773 fetor
2701 4736 2905 4775 eorum.
2957 4722 3218 4789 Quoniam
3258 4728 3496 4795 perversi
3535 4727 3644 4795 qui.

2089 4830 2212 4882 que,
2241 4815 2364 4868 dum
2394 4821 2580 4868 contra
2611 4815 2802 4871 divina:
2834 4816 2963 4886 legis
3009 4821 3257 4873 mandata
3289 4822 3602 4889 superbiant
3634 4861 3650 4885 ,

2084 4905 2206 4958 dum
2244 4904 2500 4958 adversus
2539 4905 2820 4958 Dominum
2864 4907 3127 4962 cervicem
3167 4909 3345 4963 cordis
3388 4925 3647 4979 arrogan-

2085 5001 2166 5047 ter
2196 4993 2464 5054 attollunt,
2493 5002 2549 5046 et
2574 4993 2836 5060 proximis
2868 5010 3248 5065 nonnunquam
3274 4997 3650 5052 damnabiliter

2082 5085 2388 5147 detrahunt,
2416 5091 2470 5137 et
2491 5084 2587 5152 ipsi
2616 5084 2904 5152 proclivius
2929 5087 3254 5144 inobscente
3277 5089 3396 5143 vita:
3421 5091 3652 5158 sterqui-

2081 5173 2211 5228 linio
2237 5173 2562 5227 volutantur.
2603 5173 2668 5226 Et
2697 5171 2762 5225 de
2800 5176 3116 5231 excussionc
3155 5179 3370 5247 quidem
3411 5180 3648 5234 dentium

2084 5277 2182 5332 per
2204 5261 2369 5319 David
2396 5261 2593 5314 dicitur
2620 5280 2630 5313 :
2664 5279 2680 5310 ι
2713 5261 2791 5315 Tu
2817 5265 3128 5331 percussisti
3151 5281 3337 5321 omnes
3365 5269 3652 5323 adversan-

2087 5360 2167 5406 tes
2209 5351 2336 5404 mihi
2369 5350 2484 5405 sine
2515 5366 2712 5416 causa;
2749 5351 2936 5430 dentes
2977 5364 3316 5421 peccatorum
3350 5360 3647 5413 contrivisti

2087 5438 2257 5509 (Psal.
2293 5439 2398 5510 nt).
2430 5457 2447 5490 ι
2481 5440 2548 5493 Et
2574 5438 2696 5494 alibi
2729 5458 2740 5493 :
2777 5459 2795 5491 ι
2828 5442 2966 5496 Deus
2989 5452 3232 5499 conteret
3252 5447 3440 5501 dentes
3461 5462 3645 5501 eorum

2087 5529 2138 5582 in
2167 5542 2260 5582 ore
2289 5528 2556 5596 ipsorum.
2609 5526 2778 5581 molas
2809 5528 3019 5583 leonum
3052 5531 3352 5602 confringet
3396 5535 3649 5590 Dominus

2089 5614 2272 5684 (Psal.
2331 5630 2496 5683 LVII).
2537 5636 2556 5668 ι
2619 5615 2695 5672 De
2758 5615 2929 5674 fetore
2991 5637 3205 5690 quoque
3267 5638 3452 5678 corum
3511 5625 3644 5680 alius
