  <div class='ocr_page' id='page_1' title='image "/cluster/home/n/w/nwhite01/storage/ocr_20150623/145/hvd.32044048207542/508.png"; bbox 0 0 4028 6168; ppageno 0'>
   <div class='ocr_carea' id='block_1_1' title="bbox 293 407 420 467">
    <p class='ocr_par' dir='ltr' id='par_1_1' title="bbox 293 407 420 467">
     <span class='ocr_line' id='line_1_1' title="bbox 293 407 420 467; baseline 0.008 -1"><span class='ocrx_word' id='word_1_1' title='bbox 293 407 420 467; x_wconf 80' lang='grc'>1001</span> 
     </span>
    </p>
   </div>
   <div class='ocr_carea' id='block_1_2' title="bbox 1641 375 2421 474">
    <p class='ocr_par' dir='ltr' id='par_1_2' title="bbox 1641 375 2421 474">
     <span class='ocr_line' id='line_1_2' title="bbox 1641 375 2421 474; baseline 0.004 -6"><span class='ocrx_word' id='word_1_2' title='bbox 1641 409 1722 469; x_wconf 91' lang='lat' dir='ltr'>IN</span> <span class='ocrx_word' id='word_1_3' title='bbox 1761 409 2049 471; x_wconf 80' lang='lat' dir='ltr'>LIBRUM</span> <span class='ocrx_word' id='word_1_4' title='bbox 2086 375 2421 474; x_wconf 16' lang='lat' dir='ltr'>GE‘NESIS.</span> 
     </span>
    </p>
   </div>
   <div class='ocr_carea' id='block_1_3' title="bbox 3638 415 3775 476">
    <p class='ocr_par' dir='ltr' id='par_1_3' title="bbox 3638 415 3775 476">
     <span class='ocr_line' id='line_1_3' title="bbox 3638 415 3775 476; baseline 0.015 -2"><span class='ocrx_word' id='word_1_5' title='bbox 3638 415 3775 476; x_wconf 78' lang='lat'>1002</span> 
     </span>
    </p>
   </div>
   <div class='ocr_carea' id='block_1_4' title="bbox 290 531 3775 618">
    <p class='ocr_par' dir='ltr' id='par_1_4' title="bbox 290 531 3775 618">
     <span class='ocr_line' id='line_1_4' title="bbox 290 531 3775 618; baseline 0.003 -26"><span class='ocrx_word' id='word_1_6' title='bbox 290 531 563 608; x_wconf 84' lang='lat' dir='ltr'>propheta</span> <span class='ocrx_word' id='word_1_7' title='bbox 613 533 791 593; x_wconf 87' lang='lat' dir='ltr'>dicit:</span> <span class='ocrx_word' id='word_1_8' title='bbox 840 559 862 582; x_wconf 81' lang='grc' dir='ltr'>ιι</span> <span class='ocrx_word' id='word_1_9' title='bbox 915 535 1328 609; x_wconf 89' lang='lat' dir='ltr'>Computruere</span> <span class='ocrx_word' id='word_1_10' title='bbox 1358 535 1625 608; x_wconf 90' lang='lat' dir='ltr'>jumenta</span> <span class='ocrx_word' id='word_1_11' title='bbox 1653 537 1716 595; x_wconf 90' lang='lat' dir='ltr'>in</span> <span class='ocrx_word' id='word_1_12' title='bbox 1746 539 2306 610; x_wconf 88' lang='lat' dir='ltr'>stercoreAtionem,</span> <span class='ocrx_word' id='word_1_13' title='bbox 2339 555 2441 598; x_wconf 86' lang='lat' dir='ltr'>seu</span> <span class='ocrx_word' id='word_1_14' title='bbox 2475 554 2717 614; x_wconf 92' lang='lat' dir='ltr'>operum</span> <span class='ocrx_word' id='word_1_15' title='bbox 2755 545 3084 599; x_wconf 90' lang='lat' dir='ltr'>nostrorum</span> <span class='ocrx_word' id='word_1_16' title='bbox 3123 542 3406 614; x_wconf 85' lang='lat' dir='ltr'>victimas,</span> <span class='ocrx_word' id='word_1_17' title='bbox 3437 557 3471 599; x_wconf 92' lang='lat' dir='ltr'>a</span> <span class='ocrx_word' id='word_1_18' title='bbox 3502 543 3775 618; x_wconf 83' lang='lat' dir='ltr'>malignis</span> 
     </span>
    </p>
   </div>
   <div class='ocr_carea' id='block_1_5' title="bbox 291 621 1987 699">
    <p class='ocr_par' dir='ltr' id='par_1_5' title="bbox 291 621 1987 699">
     <span class='ocr_line' id='line_1_5' title="bbox 291 621 1987 699; baseline 0.002 -18"><span class='ocrx_word' id='word_1_19' title='bbox 291 638 395 681; x_wconf 91' lang='lat' dir='ltr'>suo</span> <span class='ocrx_word' id='word_1_20' title='bbox 439 624 595 693; x_wconf 85' lang='lat' dir='ltr'>(Joel.</span> <span class='ocrx_word' id='word_1_21' title='bbox 628 628 691 691; x_wconf 91' lang='lat' dir='ltr'><strong>I).</strong></span> <span class='ocrx_word' id='word_1_22' title='bbox 725 645 752 673; x_wconf 69' lang='grc' dir='ltr'><strong><em>ν</em></strong></span> <span class='ocrx_word' id='word_1_23' title='bbox 786 622 856 681; x_wconf 92' lang='lat' dir='ltr'>Et</span> <span class='ocrx_word' id='word_1_24' title='bbox 893 621 1110 683; x_wconf 87' lang='lat' dir='ltr'>Isaias:</span> <span class='ocrx_word' id='word_1_25' title='bbox 1162 643 1191 679; x_wconf 88' lang='lat'><strong>«</strong></span> <span class='ocrx_word' id='word_1_26' title='bbox 1231 623 1373 695; x_wconf 85' lang='lat' dir='ltr'>Erit,</span> <span class='ocrx_word' id='word_1_27' title='bbox 1422 624 1631 698; x_wconf 81' lang='lat' dir='ltr'>inquit,</span> <span class='ocrx_word' id='word_1_28' title='bbox 1678 641 1782 699; x_wconf 90' lang='lat' dir='ltr'>pro</span> <span class='ocrx_word' id='word_1_29' title='bbox 1821 626 1987 685; x_wconf 84' lang='lat' dir='ltr'>suavi</span> 
     </span>
    </p>
   </div>
   <div class='ocr_carea' id='block_1_6' title="bbox 289 712 1988 788">
    <p class='ocr_par' dir='ltr' id='par_1_6' title="bbox 289 712 1988 788">
     <span class='ocr_line' id='line_1_6' title="bbox 289 712 1988 788; baseline 0.001 -18"><span class='ocrx_word' id='word_1_30' title='bbox 289 712 458 771; x_wconf 84' lang='lat' dir='ltr'>odore</span> <span class='ocrx_word' id='word_1_31' title='bbox 521 713 666 770; x_wconf 82' lang='lat' dir='ltr'>fetor</span> <span class='ocrx_word' id='word_1_32' title='bbox 728 717 852 782; x_wconf 83' lang='lat' dir='ltr'>(Isa.</span> <span class='ocrx_word' id='word_1_33' title='bbox 906 717 1009 785; x_wconf 82' lang='lat' dir='ltr'><strong>In).</strong></span> <span class='ocrx_word' id='word_1_34' title='bbox 1068 737 1093 764; x_wconf 77' lang='grc' dir='ltr'><strong><em>υ</em></strong></span> <span class='ocrx_word' id='word_1_35' title='bbox 1153 713 1466 773; x_wconf 83' lang='lat' dir='ltr'>Enimvero</span> <span class='ocrx_word' id='word_1_36' title='bbox 1535 713 1803 788; x_wconf 87' lang='lat' dir='ltr'>quisquis</span> <span class='ocrx_word' id='word_1_37' title='bbox 1863 715 1988 773; x_wconf 84' lang='lat' dir='ltr'>vult</span> 
     </span>
    </p>
   </div>
   <div class='ocr_carea' id='block_1_7' title="bbox 286 802 1985 877">
    <p class='ocr_par' dir='ltr' id='par_1_7' title="bbox 286 802 1985 877">
     <span class='ocr_line' id='line_1_7' title="bbox 286 802 1985 877; baseline 0.002 -16"><span class='ocrx_word' id='word_1_38' title='bbox 286 802 598 861; x_wconf 63' lang='lat' dir='ltr'>aediﬁcium</span> <span class='ocrx_word' id='word_1_39' title='bbox 645 802 889 862; x_wconf 90' lang='lat' dir='ltr'>condere</span> <span class='ocrx_word' id='word_1_40' title='bbox 940 802 1094 877; x_wconf 91' lang='lat' dir='ltr'>quod</span> <span class='ocrx_word' id='word_1_41' title='bbox 1145 804 1313 862; x_wconf 84' lang='lat' dir='ltr'>facile</span> <span class='ocrx_word' id='word_1_42' title='bbox 1366 805 1554 862; x_wconf 76' lang='lat' dir='ltr'>ruinze</span> <span class='ocrx_word' id='word_1_43' title='bbox 1603 819 1718 862; x_wconf 88' lang='lat' dir='ltr'>non</span> <span class='ocrx_word' id='word_1_44' title='bbox 1763 805 1840 862; x_wconf 86' lang='lat' dir='ltr'>sit</span> <span class='ocrx_word' id='word_1_45' title='bbox 1880 807 1985 864; x_wconf 89' lang='lat' dir='ltr'>ob-</span> 
     </span>
    </p>
   </div>
   <div class='ocr_carea' id='block_1_8' title="bbox 287 891 1988 962">
    <p class='ocr_par' dir='ltr' id='par_1_8' title="bbox 287 891 1988 962">
     <span class='ocr_line' id='line_1_8' title="bbox 287 891 1988 962; baseline 0.004 -14"><span class='ocrx_word' id='word_1_46' title='bbox 287 891 551 962; x_wconf 79' lang='lat' dir='ltr'>noxium,</span> <span class='ocrx_word' id='word_1_47' title='bbox 593 906 824 949; x_wconf 89' lang='lat' dir='ltr'>necesse</span> <span class='ocrx_word' id='word_1_48' title='bbox 874 899 957 950; x_wconf 92' lang='lat' dir='ltr'>est</span> <span class='ocrx_word' id='word_1_49' title='bbox 1007 908 1141 951; x_wconf 93' lang='lat' dir='ltr'>eum</span> <span class='ocrx_word' id='word_1_50' title='bbox 1193 908 1312 950; x_wconf 89' lang='lat' dir='ltr'>non</span> <span class='ocrx_word' id='word_1_51' title='bbox 1367 892 1571 951; x_wconf 90' lang='lat' dir='ltr'>lateres</span> <span class='ocrx_word' id='word_1_52' title='bbox 1622 900 1676 951; x_wconf 92' lang='lat' dir='ltr'>et</span> <span class='ocrx_word' id='word_1_53' title='bbox 1724 894 1988 954; x_wconf 87' lang='lat' dir='ltr'>bitumen</span> 
     </span>
    </p>
   </div>
   <div class='ocr_carea' id='block_1_9' title="bbox 287 976 1988 1056">
    <p class='ocr_par' dir='ltr' id='par_1_9' title="bbox 287 976 1988 1056">
     <span class='ocr_line' id='line_1_9' title="bbox 287 976 1988 1056; baseline 0.002 -22"><span class='ocrx_word' id='word_1_54' title='bbox 287 976 513 1048; x_wconf 90' lang='lat' dir='ltr'>habere,</span> <span class='ocrx_word' id='word_1_55' title='bbox 565 994 696 1051; x_wconf 61' lang='lat' dir='ltr'>qua;</span> <span class='ocrx_word' id='word_1_56' title='bbox 737 986 969 1052; x_wconf 85' lang='lat' dir='ltr'>repente</span> <span class='ocrx_word' id='word_1_57' title='bbox 1011 978 1344 1049; x_wconf 86' lang='lat' dir='ltr'>dissiliant;</span> <span class='ocrx_word' id='word_1_58' title='bbox 1393 979 1494 1037; x_wconf 91' lang='lat' dir='ltr'>sed</span> <span class='ocrx_word' id='word_1_59' title='bbox 1539 979 1757 1054; x_wconf 88' lang='lat' dir='ltr'>lapides</span> <span class='ocrx_word' id='word_1_60' title='bbox 1800 982 1988 1056; x_wconf 83' lang='lat' dir='ltr'>potius</span> 
     </span>
    </p>
   </div>
   <div class='ocr_carea' id='block_1_10' title="bbox 286 1067 1987 1141">
    <p class='ocr_par' dir='ltr' id='par_1_10' title="bbox 286 1067 1987 1141">
     <span class='ocr_line' id='line_1_10' title="bbox 286 1067 1987 1141; baseline 0.002 -18"><span class='ocrx_word' id='word_1_61' title='bbox 286 1081 349 1123; x_wconf 91' lang='lat' dir='ltr'>ac</span> <span class='ocrx_word' id='word_1_62' title='bbox 395 1082 553 1137; x_wconf 81' lang='lat' dir='ltr'>saxa,</span> <span class='ocrx_word' id='word_1_63' title='bbox 601 1083 735 1140; x_wconf 59' lang='lat' dir='ltr'>qua;</span> <span class='ocrx_word' id='word_1_64' title='bbox 784 1067 1030 1140; x_wconf 82' lang='lat' dir='ltr'>parietes</span> <span class='ocrx_word' id='word_1_65' title='bbox 1074 1067 1316 1141; x_wconf 84' lang='lat' dir='ltr'>erigant,</span> <span class='ocrx_word' id='word_1_66' title='bbox 1366 1076 1422 1127; x_wconf 91' lang='lat' dir='ltr'>et</span> <span class='ocrx_word' id='word_1_67' title='bbox 1464 1068 1636 1127; x_wconf 89' lang='lat' dir='ltr'>calcis</span> <span class='ocrx_word' id='word_1_68' title='bbox 1685 1087 1750 1127; x_wconf 91' lang='lat' dir='ltr'>ac</span> <span class='ocrx_word' id='word_1_69' title='bbox 1798 1069 1987 1134; x_wconf 88' lang='lat' dir='ltr'>sabuli</span> 
     </span>
    </p>
   </div>
   <div class='ocr_carea' id='block_1_11' title="bbox 285 1157 1984 1233">
    <p class='ocr_par' dir='ltr' id='par_1_11' title="bbox 285 1157 1984 1233">
     <span class='ocr_line' id='line_1_11' title="bbox 285 1157 1984 1233; baseline 0.002 -19"><span class='ocrx_word' id='word_1_70' title='bbox 285 1163 646 1226; x_wconf 67' lang='lat' dir='ltr'>cmmentum,</span> <span class='ocrx_word' id='word_1_71' title='bbox 700 1157 854 1230; x_wconf 92' lang='lat' dir='ltr'>quod</span> <span class='ocrx_word' id='word_1_72' title='bbox 901 1157 1055 1230; x_wconf 88' lang='lat' dir='ltr'>ipsos</span> <span class='ocrx_word' id='word_1_73' title='bbox 1108 1159 1351 1230; x_wconf 86' lang='lat' dir='ltr'>parietes</span> <span class='ocrx_word' id='word_1_74' title='bbox 1399 1157 1674 1218; x_wconf 87' lang='lat' dir='ltr'>inviolata</span> <span class='ocrx_word' id='word_1_75' title='bbox 1724 1159 1984 1233; x_wconf 88' lang='lat' dir='ltr'>lapidum</span> 
     </span>
    </p>
   </div>
   <div class='ocr_carea' id='block_1_12' title="bbox 287 1244 1986 1321">
    <p class='ocr_par' dir='ltr' id='par_1_12' title="bbox 287 1244 1986 1321">
     <span class='ocr_line' id='line_1_12' title="bbox 287 1244 1986 1321; baseline 0.001 -17"><span class='ocrx_word' id='word_1_76' title='bbox 287 1261 555 1318; x_wconf 85' lang='lat' dir='ltr'>compage</span> <span class='ocrx_word' id='word_1_77' title='bbox 583 1246 952 1318; x_wconf 89' lang='lat' dir='ltr'>constringat.</span> <span class='ocrx_word' id='word_1_78' title='bbox 985 1244 1146 1314; x_wconf 90' lang='lat' dir='ltr'>Quod</span> <span class='ocrx_word' id='word_1_79' title='bbox 1175 1262 1308 1320; x_wconf 88' lang='lat' dir='ltr'>ergo</span> <span class='ocrx_word' id='word_1_80' title='bbox 1343 1247 1462 1320; x_wconf 90' lang='lat' dir='ltr'>jam</span> <span class='ocrx_word' id='word_1_81' title='bbox 1494 1247 1635 1306; x_wconf 89' lang='lat' dir='ltr'>dicti</span> <span class='ocrx_word' id='word_1_82' title='bbox 1682 1247 1986 1321; x_wconf 84' lang='lat' dir='ltr'>Babylonii</span> 
     </span>
    </p>
   </div>
   <div class='ocr_carea' id='block_1_13' title="bbox 286 1332 1984 1410">
    <p class='ocr_par' dir='ltr' id='par_1_13' title="bbox 286 1332 1984 1410">
     <span class='ocr_line' id='line_1_13' title="bbox 286 1332 1984 1410; baseline 0.002 -20"><span class='ocrx_word' id='word_1_83' title='bbox 286 1332 488 1392; x_wconf 85' lang='lat' dir='ltr'>lateres</span> <span class='ocrx_word' id='word_1_84' title='bbox 515 1350 615 1407; x_wconf 91' lang='lat' dir='ltr'>pro</span> <span class='ocrx_word' id='word_1_85' title='bbox 645 1333 802 1392; x_wconf 85' lang='lat' dir='ltr'>saxis</span> <span class='ocrx_word' id='word_1_86' title='bbox 829 1339 885 1391; x_wconf 90' lang='lat' dir='ltr'>et</span> <span class='ocrx_word' id='word_1_87' title='bbox 913 1333 1176 1392; x_wconf 90' lang='lat' dir='ltr'>bitumen</span> <span class='ocrx_word' id='word_1_88' title='bbox 1203 1333 1524 1394; x_wconf 87' lang='lat' dir='ltr'>habuerant</span> <span class='ocrx_word' id='word_1_89' title='bbox 1551 1351 1656 1410; x_wconf 91' lang='lat' dir='ltr'>pro</span> <span class='ocrx_word' id='word_1_90' title='bbox 1685 1343 1984 1407; x_wconf 65' lang='lat' dir='ltr'>caemento,</span> 
     </span>
    </p>
   </div>
   <div class='ocr_carea' id='block_1_14' title="bbox 285 1422 1986 1498">
    <p class='ocr_par' dir='ltr' id='par_1_14' title="bbox 285 1422 1986 1498">
     <span class='ocr_line' id='line_1_14' title="bbox 285 1422 1986 1498; baseline 0.002 -17"><span class='ocrx_word' id='word_1_91' title='bbox 285 1422 530 1481; x_wconf 88' lang='lat' dir='ltr'>carnalis</span> <span class='ocrx_word' id='word_1_92' title='bbox 557 1423 692 1482; x_wconf 62' lang='lat' dir='ltr'>vitae</span> <span class='ocrx_word' id='word_1_93' title='bbox 717 1423 1003 1498; x_wconf 91' lang='lat' dir='ltr'>signiﬁcat</span> <span class='ocrx_word' id='word_1_94' title='bbox 1042 1423 1378 1495; x_wconf 60' lang='lat' dir='ltr'>aediﬁcium,</span> <span class='ocrx_word' id='word_1_95' title='bbox 1406 1425 1477 1482; x_wconf 89' lang='lat' dir='ltr'>ad</span> <span class='ocrx_word' id='word_1_96' title='bbox 1520 1424 1642 1482; x_wconf 87' lang='lat' dir='ltr'>vim</span> <span class='ocrx_word' id='word_1_97' title='bbox 1681 1431 1986 1486; x_wconf 87' lang='lat' dir='ltr'>ventorum</span> 
     </span>
    </p>
   </div>
   <div class='ocr_carea' id='block_1_15' title="bbox 2071 629 3775 708">
    <p class='ocr_par' dir='ltr' id='par_1_15' title="bbox 2071 629 3775 708">
     <span class='ocr_line' id='line_1_15' title="bbox 2071 629 3775 708; baseline 0.005 -21"><span class='ocrx_word' id='word_1_98' title='bbox 2071 629 2368 703; x_wconf 89' lang='lat' dir='ltr'>spiritibus</span> <span class='ocrx_word' id='word_1_99' title='bbox 2419 646 2515 690; x_wconf 90' lang='lat' dir='ltr'>eos</span> <span class='ocrx_word' id='word_1_100' title='bbox 2569 631 2785 690; x_wconf 71' lang='lat' dir='ltr'>faedare</span> <span class='ocrx_word' id='word_1_101' title='bbox 2856 633 3224 704; x_wconf 88' lang='lat' dir='ltr'>tentantibus,</span> <span class='ocrx_word' id='word_1_102' title='bbox 3282 633 3520 708; x_wconf 85' lang='lat' dir='ltr'>provide</span> <span class='ocrx_word' id='word_1_103' title='bbox 3581 643 3775 696; x_wconf 89' lang='lat' dir='ltr'>custo-</span> 
     </span>
    </p>
   </div>
   <div class='ocr_carea' id='block_1_16' title="bbox 2070 716 2283 776">
    <p class='ocr_par' dir='ltr' id='par_1_16' title="bbox 2070 716 2283 776">
     <span class='ocr_line' id='line_1_16' title="bbox 2070 716 2283 776; baseline 0.009 -2"><span class='ocrx_word' id='word_1_104' title='bbox 2070 716 2283 776; x_wconf 89' lang='lat' dir='ltr'>dimus.</span> 
     </span>
    </p>
   </div>
   <div class='ocr_carea' id='block_1_17' title="bbox 2683 789 3145 851">
    <p class='ocr_par' dir='ltr' id='par_1_17' title="bbox 2683 789 3145 851">
     <span class='ocr_line' id='line_1_17' title="bbox 2683 789 3145 851; baseline 0.009 -4"><span class='ocrx_word' id='word_1_105' title='bbox 2683 789 2926 848; x_wconf 88' lang='lat' dir='ltr'>CAPUT</span> <span class='ocrx_word' id='word_1_106' title='bbox 2963 792 3145 851; x_wconf 88' lang='lat' dir='ltr'>XXII.</span> 
     </span>
    </p>
   </div>
   <div class='ocr_carea' id='block_1_18' title="bbox 2101 890 3741 965">
    <p class='ocr_par' dir='ltr' id='par_1_18' title="bbox 2101 890 3741 965">
     <span class='ocr_line' id='line_1_18' title="bbox 2101 890 3741 965; baseline 0.007 -20"><span class='ocrx_word' id='word_1_107' title='bbox 2101 891 2194 946; x_wconf 87' lang='lat' dir='ltr'>Ad</span> <span class='ocrx_word' id='word_1_108' title='bbox 2223 890 2604 946; x_wconf 74' lang='lat' dir='ltr'>Alemandrum</span> <span class='ocrx_word' id='word_1_109' title='bbox 2641 909 2886 964; x_wconf 80' lang='lat' dir='ltr'>papam;</span> <span class='ocrx_word' id='word_1_110' title='bbox 2918 894 3015 948; x_wconf 76' lang='lat' dir='ltr'>ubi</span> <span class='ocrx_word' id='word_1_111' title='bbox 3043 899 3391 965; x_wconf 81' lang='lat' dir='ltr'>conqueritur</span> <span class='ocrx_word' id='word_1_112' title='bbox 3414 899 3480 954; x_wconf 87' lang='lat' dir='ltr'>de</span> <span class='ocrx_word' id='word_1_113' title='bbox 3503 899 3741 958; x_wconf 74' lang='lat' dir='ltr'>insolen-</span> 
     </span>
    </p>
   </div>
   <div class='ocr_carea' id='block_1_19' title="bbox 2549 985 3298 1055">
    <p class='ocr_par' dir='ltr' id='par_1_19' title="bbox 2549 985 3298 1055">
     <span class='ocr_line' id='line_1_19' title="bbox 2549 985 3298 1055; baseline 0.009 -18"><span class='ocrx_word' id='word_1_114' title='bbox 2549 985 2628 1038; x_wconf 78' lang='lat' dir='ltr'>tia</span> <span class='ocrx_word' id='word_1_115' title='bbox 2667 1001 2962 1055; x_wconf 80' lang='lat' dir='ltr'>pravorum</span> <span class='ocrx_word' id='word_1_116' title='bbox 3003 988 3298 1045; x_wconf 81' lang='lat' dir='ltr'>hominum.</span> 
     </span>
    </p>
   </div>
   <div class='ocr_carea' id='block_1_20' title="bbox 2145 1085 3800 1172">
    <p class='ocr_par' dir='ltr' id='par_1_20' title="bbox 2145 1085 3800 1172">
     <span class='ocr_line' id='line_1_20' title="bbox 2145 1085 3800 1172; baseline 0.01 -29"><span class='ocrx_word' id='word_1_117' title='bbox 2145 1109 2167 1136; x_wconf 74' lang='grc' dir='ltr'>ι</span> <span class='ocrx_word' id='word_1_118' title='bbox 2202 1085 2346 1146; x_wconf 89' lang='lat' dir='ltr'>Cum</span> <span class='ocrx_word' id='word_1_119' title='bbox 2369 1086 2449 1145; x_wconf 88' lang='lat' dir='ltr'>sol</span> <span class='ocrx_word' id='word_1_120' title='bbox 2474 1090 2855 1162; x_wconf 89' lang='lat' dir='ltr'>occumberet,</span> <span class='ocrx_word' id='word_1_121' title='bbox 2879 1107 3046 1165; x_wconf 90' lang='lat' dir='ltr'>sopor</span> <span class='ocrx_word' id='word_1_122' title='bbox 3071 1092 3240 1152; x_wconf 89' lang='lat' dir='ltr'>irruit</span> <span class='ocrx_word' id='word_1_123' title='bbox 3261 1111 3436 1168; x_wconf 84' lang='lat' dir='ltr'>super</span> <span class='ocrx_word' id='word_1_124' title='bbox 3453 1098 3770 1172; x_wconf 85' lang='lat' dir='ltr'>Abraham,</span> <span class='ocrx_word' id='word_1_125' title='bbox 3795 1161 3800 1167; x_wconf 74' lang='grc'><em>,</em></span> 
     </span>
    </p>
   </div>
   <div class='ocr_carea' id='block_1_21' title="bbox 2068 1175 3772 1255">
    <p class='ocr_par' dir='ltr' id='par_1_21' title="bbox 2068 1175 3772 1255">
     <span class='ocr_line' id='line_1_21' title="bbox 2068 1175 3772 1255; baseline 0.008 -24"><span class='ocrx_word' id='word_1_126' title='bbox 2068 1179 2123 1231; x_wconf 90' lang='lat' dir='ltr'>et</span> <span class='ocrx_word' id='word_1_127' title='bbox 2169 1175 2371 1233; x_wconf 87' lang='lat' dir='ltr'>horror</span> <span class='ocrx_word' id='word_1_128' title='bbox 2417 1191 2664 1250; x_wconf 87' lang='lat' dir='ltr'>magnus</span> <span class='ocrx_word' id='word_1_129' title='bbox 2705 1184 2758 1235; x_wconf 92' lang='lat' dir='ltr'>et</span> <span class='ocrx_word' id='word_1_130' title='bbox 2809 1180 3141 1239; x_wconf 86' lang='lat' dir='ltr'>tenebrosus</span> <span class='ocrx_word' id='word_1_131' title='bbox 3187 1182 3399 1242; x_wconf 86' lang='lat' dir='ltr'>invasit</span> <span class='ocrx_word' id='word_1_132' title='bbox 3436 1200 3569 1243; x_wconf 90' lang='lat' dir='ltr'>eum</span> <span class='ocrx_word' id='word_1_133' title='bbox 3615 1189 3772 1255; x_wconf 86' lang='lat' dir='ltr'>(Gen.</span> 
     </span>
    </p>
   </div>
   <div class='ocr_carea' id='block_1_22' title="bbox 2068 1263 3774 1345">
    <p class='ocr_par' dir='ltr' id='par_1_22' title="bbox 2068 1263 3774 1345">
     <span class='ocr_line' id='line_1_22' title="bbox 2068 1263 3774 1345; baseline 0.007 -23"><span class='ocrx_word' id='word_1_134' title='bbox 2068 1266 2196 1332; x_wconf 89' lang='lat' dir='ltr'><strong>XV).</strong></span> <span class='ocrx_word' id='word_1_135' title='bbox 2238 1286 2258 1317; x_wconf 75' lang='grc' dir='ltr'><strong><em>ν</em></strong></span> <span class='ocrx_word' id='word_1_136' title='bbox 2295 1263 2445 1324; x_wconf 89' lang='lat' dir='ltr'>Solis</span> <span class='ocrx_word' id='word_1_137' title='bbox 2483 1265 2779 1325; x_wconf 91' lang='lat' dir='ltr'>occubitus</span> <span class='ocrx_word' id='word_1_138' title='bbox 2816 1269 3021 1327; x_wconf 91' lang='lat' dir='ltr'>mundi</span> <span class='ocrx_word' id='word_1_139' title='bbox 3051 1271 3310 1345; x_wconf 85' lang='lat' dir='ltr'>designat</span> <span class='ocrx_word' id='word_1_140' title='bbox 3347 1289 3582 1344; x_wconf 89' lang='lat' dir='ltr'>casum;</span> <span class='ocrx_word' id='word_1_141' title='bbox 3636 1276 3774 1334; x_wconf 86' lang='lat' dir='ltr'>hor-</span> 
     </span>
    </p>
   </div>
   <div class='ocr_carea' id='block_1_23' title="bbox 2067 1362 3776 1444">
    <p class='ocr_par' dir='ltr' id='par_1_23' title="bbox 2067 1362 3776 1444">
     <span class='ocr_line' id='line_1_23' title="bbox 2067 1362 3776 1444; baseline 0.01 -31"><span class='ocrx_word' id='word_1_142' title='bbox 2067 1371 2163 1414; x_wconf 90' lang='lat' dir='ltr'>ror</span> <span class='ocrx_word' id='word_1_143' title='bbox 2217 1370 2352 1414; x_wconf 88' lang='lat' dir='ltr'>vero</span> <span class='ocrx_word' id='word_1_144' title='bbox 2406 1372 2652 1429; x_wconf 84' lang='lat' dir='ltr'>magnus</span> <span class='ocrx_word' id='word_1_145' title='bbox 2709 1364 2764 1416; x_wconf 92' lang='lat' dir='ltr'>et</span> <span class='ocrx_word' id='word_1_146' title='bbox 2822 1362 3154 1422; x_wconf 88' lang='lat' dir='ltr'>tenebrosus</span> <span class='ocrx_word' id='word_1_147' title='bbox 3220 1365 3496 1426; x_wconf 86' lang='lat' dir='ltr'>vitiorum</span> <span class='ocrx_word' id='word_1_148' title='bbox 3565 1370 3776 1444; x_wconf 87' lang='lat' dir='ltr'>ﬁgurat</span> 
     </span>
    </p>
   </div>
   <div class='ocr_carea' id='block_1_24' title="bbox 2067 1445 3778 1532">
    <p class='ocr_par' dir='ltr' id='par_1_24' title="bbox 2067 1445 3778 1532">
     <span class='ocr_line' id='line_1_24' title="bbox 2067 1445 3778 1532; baseline 0.009 -28"><span class='ocrx_word' id='word_1_149' title='bbox 2067 1445 2498 1521; x_wconf 89' lang='lat' dir='ltr'>criminumque</span> <span class='ocrx_word' id='word_1_150' title='bbox 2545 1447 2853 1522; x_wconf 88' lang='lat' dir='ltr'>caliginem</span> <span class='ocrx_word' id='word_1_151' title='bbox 2890 1475 2902 1508; x_wconf 91' lang='lat'><strong>:</strong></span> <span class='ocrx_word' id='word_1_152' title='bbox 2957 1468 3090 1526; x_wconf 74' lang='lat' dir='ltr'>quae</span> <span class='ocrx_word' id='word_1_153' title='bbox 3137 1456 3391 1529; x_wconf 88' lang='lat' dir='ltr'>quotidie</span> <span class='ocrx_word' id='word_1_154' title='bbox 3442 1459 3778 1532; x_wconf 90' lang='lat' dir='ltr'>pestilenter</span> 
     </span>
    </p>
   </div>
   <div class='ocr_carea' id='block_1_25' title="bbox 285 1508 3775 1617">
    <p class='ocr_par' dir='ltr' id='par_1_25' title="bbox 285 1508 3775 1617">
     <span class='ocr_line' id='line_1_25' title="bbox 285 1508 3775 1617; baseline 0.005 -24"><span class='ocrx_word' id='word_1_155' title='bbox 285 1508 375 1568; x_wconf 66' lang='lat' dir='ltr'>vel</span> <span class='ocrx_word' id='word_1_156' title='bbox 401 1508 684 1582; x_wconf 59' lang='lat' dir='ltr'>impetum</span> <span class='ocrx_word' id='word_1_157' title='bbox 713 1511 1029 1570; x_wconf 69' lang='lat' dir='ltr'>ﬂuminum</span> <span class='ocrx_word' id='word_1_158' title='bbox 1058 1511 1404 1584; x_wconf 67' lang='lat' dir='ltr'>quantocms</span> <span class='ocrx_word' id='word_1_159' title='bbox 1430 1512 1820 1572; x_wconf 58' lang='lat' dir='ltr'>Obruendum</span> <span class='ocrx_word' id='word_1_160' title='bbox 2067 1508 2471 1598; x_wconf 71' lang='lat' dir='ltr'>inhorrescunt</span> <span class='ocrx_word' id='word_1_161' title='bbox 2516 1555 2618 1613; x_wconf 92' lang='lat' dir='ltr'>per</span> <span class='ocrx_word' id='word_1_162' title='bbox 2656 1508 2999 1600; x_wconf 58' lang='lat' dir='ltr'>aestuantem</span> <span class='ocrx_word' id='word_1_163' title='bbox 3041 1508 3415 1617; x_wconf 50' lang='lat' dir='ltr'>repIoborum</span> <span class='ocrx_word' id='word_1_164' title='bbox 3442 1508 3775 1610; x_wconf 31' lang='lat' dir='ltr'>rhom-inurit;</span> 
     </span>
    </p>
   </div>
   <div class='ocr_carea' id='block_1_26' title="bbox 917 1629 3775 1719">
    <p class='ocr_par' dir='ltr' id='par_1_26' title="bbox 917 1629 3775 1719">
     <span class='ocr_line' id='line_1_26' title="bbox 917 1629 3775 1719; baseline 0.009 -44"><span class='ocrx_word' id='word_1_165' title='bbox 917 1653 1160 1714; x_wconf 71' lang='lat' dir='ltr'><strong>CAPUT</strong></span> <span class='ocrx_word' id='word_1_166' title='bbox 1189 1654 1344 1714; x_wconf 55' lang='grc' dir='ltr'>ΧΙΧο</span> <span class='ocrx_word' id='word_1_167' title='bbox 2061 1629 2420 1702; x_wconf 86' lang='lat' dir='ltr'>pravitatem.</span> <span class='ocrx_word' id='word_1_168' title='bbox 2460 1630 2620 1690; x_wconf 91' lang='lat' dir='ltr'>Unde</span> <span class='ocrx_word' id='word_1_169' title='bbox 2653 1636 2708 1690; x_wconf 91' lang='lat' dir='ltr'>et</span> <span class='ocrx_word' id='word_1_170' title='bbox 2740 1631 2861 1690; x_wconf 90' lang='lat' dir='ltr'>illic</span> <span class='ocrx_word' id='word_1_171' title='bbox 2887 1635 3059 1706; x_wconf 90' lang='lat' dir='ltr'>paulo</span> <span class='ocrx_word' id='word_1_172' title='bbox 3099 1642 3222 1709; x_wconf 91' lang='lat' dir='ltr'>post</span> <span class='ocrx_word' id='word_1_173' title='bbox 3264 1638 3494 1698; x_wconf 87' lang='lat' dir='ltr'>additur</span> <span class='ocrx_word' id='word_1_174' title='bbox 3523 1661 3535 1699; x_wconf 91' lang='lat'><strong>:</strong></span> <span class='ocrx_word' id='word_1_175' title='bbox 3573 1665 3594 1693; x_wconf 71' lang='grc' dir='ltr'>ε</span> <span class='ocrx_word' id='word_1_176' title='bbox 3629 1643 3775 1719; x_wconf 89' lang='lat' dir='ltr'>Cum</span> 
     </span>
    </p>
   </div>
   <div class='ocr_carea' id='block_1_27' title="bbox 281 1719 3777 1825">
    <p class='ocr_par' dir='ltr' id='par_1_27' title="bbox 281 1719 3777 1825">
     <span class='ocr_line' id='line_1_27' title="bbox 281 1719 3777 1825; baseline 0.001 -15"><span class='ocrx_word' id='word_1_177' title='bbox 281 1754 348 1810; x_wconf 87' lang='lat' dir='ltr'>In</span> <span class='ocrx_word' id='word_1_178' title='bbox 394 1752 625 1825; x_wconf 80' lang='lat' dir='ltr'>epistola</span> <span class='ocrx_word' id='word_1_179' title='bbox 671 1753 745 1809; x_wconf 87' lang='lat' dir='ltr'>ad</span> <span class='ocrx_word' id='word_1_180' title='bbox 790 1756 1138 1823; x_wconf 74' lang='lat' dir='ltr'>Bonifacium</span> <span class='ocrx_word' id='word_1_181' title='bbox 1192 1755 1586 1823; x_wconf 75' lang='lat' dir='ltr'>Causidicum;</span> <span class='ocrx_word' id='word_1_182' title='bbox 1638 1755 1735 1809; x_wconf 76' lang='lat' dir='ltr'>ubi</span> <span class='ocrx_word' id='word_1_183' title='bbox 1779 1754 1984 1810; x_wconf 60' lang='lat' dir='ltr'>dicitur</span> <span class='ocrx_word' id='word_1_184' title='bbox 2064 1722 2196 1792; x_wconf 62' lang='lat' dir='ltr'>ergo</span> <span class='ocrx_word' id='word_1_185' title='bbox 2243 1719 2605 1825; x_wconf 33' lang='lat'>“59111933”</span> <span class='ocrx_word' id='word_1_186' title='bbox 2649 1723 2753 1825; x_wconf 43' lang='lat' dir='ltr'>So}</span> <span class='ocrx_word' id='word_1_187' title='bbox 2802 1723 2948 1783; x_wconf 64' lang='lat' dir='ltr'>faeta</span> <span class='ocrx_word' id='word_1_188' title='bbox 2995 1731 3101 1825; x_wconf 46' lang='lat' dir='ltr'>es},</span> <span class='ocrx_word' id='word_1_189' title='bbox 3129 1727 3673 1825; x_wconf 50' lang='lat' dir='ltr'>Calig°_te&quot;?brosa»</span> <span class='ocrx_word' id='word_1_190' title='bbox 3721 1739 3777 1793; x_wconf 70' lang='lat' dir='ltr'>et</span> 
     </span>
    </p>
   </div>
   <div class='ocr_carea' id='block_1_28' title="bbox 352 1809 2008 1899">
    <p class='ocr_par' dir='ltr' id='par_1_28' title="bbox 352 1809 1982 1899">
     <span class='ocr_line' id='line_1_28' title="bbox 352 1809 1982 1899; baseline 0.002 -21"><span class='ocrx_word' id='word_1_191' title='bbox 352 1809 439 1879; x_wconf 75' lang='lat' dir='ltr'>ut‘</span> <span class='ocrx_word' id='word_1_192' title='bbox 468 1827 727 1882; x_wconf 66' lang='lat' dir='ltr'>emtm‘m</span> <span class='ocrx_word' id='word_1_193' title='bbox 770 1809 1109 1898; x_wconf 62' lang='lat' dir='ltr'>prudentiae</span> <span class='ocrx_word' id='word_1_194' title='bbox 1145 1809 1478 1899; x_wconf 54' lang='lat' dir='ltr'>spat-male”</span> <span class='ocrx_word' id='word_1_195' title='bbox 1504 1809 1788 1898; x_wconf 73' lang='lat' dir='ltr'>sapientia</span> <span class='ocrx_word' id='word_1_196' title='bbox 1836 1809 1982 1898; x_wconf 68' lang='lat' dir='ltr'>prae-</span> 
     </span>
    </p>
   </div>
   <div class='ocr_carea' id='block_1_29' title="bbox 2128 1809 3780 1899">
    <p class='ocr_par' dir='ltr' id='par_1_29' title="bbox 2128 1809 3780 1894">
     <span class='ocr_line' id='line_1_29' title="bbox 2128 1809 3780 1894; baseline 0.012 -29"><span class='ocrx_word' id='word_1_197' title='bbox 2128 1809 2329 1883; x_wconf 66' lang='lat' dir='ltr'>nparuit</span> <span class='ocrx_word' id='word_1_198' title='bbox 2382 1809 2646 1870; x_wconf 88' lang='lat' dir='ltr'>clibanus</span> <span class='ocrx_word' id='word_1_199' title='bbox 2692 1814 2951 1894; x_wconf 74' lang='lat' dir='ltr'>fumans.</span> <span class='ocrx_word' id='word_1_200' title='bbox 2985 1839 3005 1867; x_wconf 78' lang='grc' dir='ltr'><strong>ι</strong></span> <span class='ocrx_word' id='word_1_201' title='bbox 3044 1815 3204 1876; x_wconf 89' lang='lat' dir='ltr'>Sicut</span> <span class='ocrx_word' id='word_1_202' title='bbox 3254 1820 3410 1878; x_wconf 86' lang='lat' dir='ltr'>enim</span> <span class='ocrx_word' id='word_1_203' title='bbox 3458 1821 3658 1882; x_wconf 89' lang='lat' dir='ltr'>fumus</span> <span class='ocrx_word' id='word_1_204' title='bbox 3703 1841 3780 1883; x_wconf 84' lang='lat' dir='ltr'>ex</span> 
     </span>
    </p>
   </div>
   <div class='ocr_carea' id='block_1_30' title="bbox 358 1898 3776 1980">
    <p class='ocr_par' dir='ltr' id='par_1_30' title="bbox 358 1898 3776 1980">
     <span class='ocr_line' id='line_1_30' title="bbox 358 1898 3776 1980; baseline 0.006 -28"><span class='ocrx_word' id='word_1_205' title='bbox 358 1898 592 1963; x_wconf 83' lang='lat' dir='ltr'>feratur.</span> <span class='ocrx_word' id='word_1_206' title='bbox 1171 1898 1190 1899; x_wconf 59' lang='grc'>”</span> <span class='ocrx_word' id='word_1_207' title='bbox 2007 1900 2200 1976; x_wconf 89' lang='lat' dir='ltr'>Bigne</span> <span class='ocrx_word' id='word_1_208' title='bbox 2280 1899 2496 1961; x_wconf 90' lang='lat' dir='ltr'>clibani</span> <span class='ocrx_word' id='word_1_209' title='bbox 2580 1906 2908 1978; x_wconf 91' lang='lat' dir='ltr'>vaporantis</span> <span class='ocrx_word' id='word_1_210' title='bbox 2984 1908 3292 1980; x_wconf 87' lang='lat' dir='ltr'>egreditur,</span> <span class='ocrx_word' id='word_1_211' title='bbox 3347 1911 3426 1970; x_wconf 89' lang='lat' dir='ltr'>ita</span> <span class='ocrx_word' id='word_1_212' title='bbox 3499 1913 3776 1974; x_wconf 89' lang='lat' dir='ltr'>vitiorum</span> 
     </span>
    </p>
   </div>
   <div class='ocr_carea' id='block_1_31' title="bbox 364 1992 3780 2075">
    <p class='ocr_par' dir='ltr' id='par_1_31' title="bbox 364 1992 3780 2075">
     <span class='ocr_line' id='line_1_31' title="bbox 364 1992 3780 2075; baseline 0.004 -23"><span class='ocrx_word' id='word_1_213' title='bbox 364 2026 384 2052; x_wconf 77' lang='grc' dir='ltr'>ιι</span> <span class='ocrx_word' id='word_1_214' title='bbox 427 2001 736 2061; x_wconf 68' lang='lat' dir='ltr'>Prudentia</span> <span class='ocrx_word' id='word_1_215' title='bbox 780 2002 958 2075; x_wconf 81' lang='lat' dir='ltr'>hujus</span> <span class='ocrx_word' id='word_1_216' title='bbox 1001 2002 1208 2061; x_wconf 80' lang='lat' dir='ltr'>mundi</span> <span class='ocrx_word' id='word_1_217' title='bbox 1253 2001 1491 2062; x_wconf 76' lang='lat' dir='ltr'>inimica</span> <span class='ocrx_word' id='word_1_218' title='bbox 1542 2008 1626 2060; x_wconf 76' lang='lat' dir='ltr'>est</span> <span class='ocrx_word' id='word_1_219' title='bbox 1667 2001 1831 2061; x_wconf 74' lang='lat' dir='ltr'>Deo;</span> <span class='ocrx_word' id='word_1_220' title='bbox 1875 2002 1990 2075; x_wconf 77' lang='lat' dir='ltr'>legi</span> <span class='ocrx_word' id='word_1_221' title='bbox 2069 1992 2336 2050; x_wconf 90' lang='lat' dir='ltr'>omnium</span> <span class='ocrx_word' id='word_1_222' title='bbox 2381 1992 2847 2069; x_wconf 89' lang='lat' dir='ltr'>ﬂagitiorumque</span> <span class='ocrx_word' id='word_1_223' title='bbox 2881 1995 3064 2071; x_wconf 89' lang='lat' dir='ltr'>caligo</span> <span class='ocrx_word' id='word_1_224' title='bbox 3111 1999 3180 2057; x_wconf 91' lang='lat' dir='ltr'>de</span> <span class='ocrx_word' id='word_1_225' title='bbox 3223 2000 3448 2060; x_wconf 89' lang='lat' dir='ltr'>camino</span> <span class='ocrx_word' id='word_1_226' title='bbox 3481 2005 3780 2064; x_wconf 66' lang='lat' dir='ltr'>aestuantis</span> 
     </span>
    </p>
   </div>
   <div class='ocr_carea' id='block_1_32' title="bbox 290 2079 2008 2168">
    <p class='ocr_par' dir='ltr' id='par_1_32' title="bbox 290 2093 1985 2168">
     <span class='ocr_line' id='line_1_32' title="bbox 290 2093 1985 2168; baseline 0.001 -15"><span class='ocrx_word' id='word_1_227' title='bbox 290 2093 448 2153; x_wconf 91' lang='lat' dir='ltr'>enim</span> <span class='ocrx_word' id='word_1_228' title='bbox 467 2093 570 2151; x_wconf 91' lang='lat' dir='ltr'>Dei</span> <span class='ocrx_word' id='word_1_229' title='bbox 590 2110 705 2153; x_wconf 92' lang='lat' dir='ltr'>non</span> <span class='ocrx_word' id='word_1_230' title='bbox 728 2093 1035 2167; x_wconf 88' lang='lat' dir='ltr'>subjicitur</span> <span class='ocrx_word' id='word_1_231' title='bbox 1056 2110 1163 2153; x_wconf 91' lang='lat' dir='ltr'>nec</span> <span class='ocrx_word' id='word_1_232' title='bbox 1185 2095 1343 2153; x_wconf 87' lang='lat' dir='ltr'>enim</span> <span class='ocrx_word' id='word_1_233' title='bbox 1367 2101 1549 2168; x_wconf 89' lang='lat' dir='ltr'>potest</span> <span class='ocrx_word' id='word_1_234' title='bbox 1573 2099 1750 2165; x_wconf 86' lang='lat' dir='ltr'>(Rom.</span> <span class='ocrx_word' id='word_1_235' title='bbox 1779 2099 1930 2165; x_wconf 84' lang='lat' dir='ltr'>VIII).</span> <span class='ocrx_word' id='word_1_236' title='bbox 1959 2119 1985 2143; x_wconf 73' lang='grc' dir='ltr'>ι»</span> 
     </span>
    </p>
   </div>
   <div class='ocr_carea' id='block_1_33' title="bbox 2128 2079 3780 2168">
    <p class='ocr_par' dir='ltr' id='par_1_33' title="bbox 2128 2079 3780 2164">
     <span class='ocr_line' id='line_1_33' title="bbox 2128 2079 3780 2164; baseline 0.011 -28"><span class='ocrx_word' id='word_1_237' title='bbox 2128 2079 2329 2138; x_wconf 70' lang='lat' dir='ltr'>raritize</span> <span class='ocrx_word' id='word_1_238' title='bbox 2377 2088 2700 2155; x_wconf 85' lang='lat' dir='ltr'>generatur.</span> <span class='ocrx_word' id='word_1_239' title='bbox 2758 2084 2919 2144; x_wconf 92' lang='lat' dir='ltr'>Sicut</span> <span class='ocrx_word' id='word_1_240' title='bbox 2971 2087 3120 2145; x_wconf 84' lang='lat' dir='ltr'>dixit</span> <span class='ocrx_word' id='word_1_241' title='bbox 3169 2090 3520 2163; x_wconf 85' lang='lat' dir='ltr'>Apostolus:</span> <span class='ocrx_word' id='word_1_242' title='bbox 3565 2119 3591 2143; x_wconf 85' lang='lat'><strong>«</strong></span> <span class='ocrx_word' id='word_1_243' title='bbox 3629 2093 3780 2164; x_wconf 87' lang='lat' dir='ltr'>Quia</span> 
     </span>
    </p>
   </div>
   <div class='ocr_carea' id='block_1_34' title="bbox 165 2171 3775 2257">
    <p class='ocr_par' dir='ltr' id='par_1_34' title="bbox 165 2171 3775 2257">
     <span class='ocr_line' id='line_1_34' title="bbox 165 2171 3775 2257; baseline 0.004 -17"><span class='ocrx_word' id='word_1_244' title='bbox 165 2243 181 2256; x_wconf 69' lang='grc'><em>,</em></span> <span class='ocrx_word' id='word_1_245' title='bbox 289 2181 442 2240; x_wconf 88' lang='lat' dir='ltr'>Hinc</span> <span class='ocrx_word' id='word_1_246' title='bbox 485 2188 569 2240; x_wconf 88' lang='lat' dir='ltr'>est</span> <span class='ocrx_word' id='word_1_247' title='bbox 613 2181 788 2255; x_wconf 89' lang='lat' dir='ltr'>quod,</span> <span class='ocrx_word' id='word_1_248' title='bbox 825 2182 974 2241; x_wconf 92' lang='lat' dir='ltr'>sicut</span> <span class='ocrx_word' id='word_1_249' title='bbox 1011 2184 1073 2240; x_wconf 93' lang='lat' dir='ltr'>in</span> <span class='ocrx_word' id='word_1_250' title='bbox 1121 2183 1270 2241; x_wconf 92' lang='lat' dir='ltr'>libro</span> <span class='ocrx_word' id='word_1_251' title='bbox 1317 2183 1557 2242; x_wconf 89' lang='lat' dir='ltr'>Genesis</span> <span class='ocrx_word' id='word_1_252' title='bbox 1584 2183 1794 2242; x_wconf 89' lang='lat' dir='ltr'>dicitur</span> <span class='ocrx_word' id='word_1_253' title='bbox 1838 2183 1995 2257; x_wconf 89' lang='lat' dir='ltr'>quod</span> <span class='ocrx_word' id='word_1_254' title='bbox 2074 2171 2241 2230; x_wconf 71' lang='lat' dir='ltr'>radix</span> <span class='ocrx_word' id='word_1_255' title='bbox 2285 2172 2886 2239; x_wconf 76' lang='lat' dir='ltr'>omniummalorum</span> <span class='ocrx_word' id='word_1_256' title='bbox 2937 2179 3176 2238; x_wconf 67' lang='lat' dir='ltr'>avaritia</span> <span class='ocrx_word' id='word_1_257' title='bbox 3218 2187 3303 2239; x_wconf 67' lang='lat' dir='ltr'>est</span> <span class='ocrx_word' id='word_1_258' title='bbox 3336 2187 3382 2252; x_wconf 82' lang='grc' dir='ltr'>(Ι</span> <span class='ocrx_word' id='word_1_259' title='bbox 3423 2187 3560 2243; x_wconf 71' lang='grc' dir='ltr'>Τίνηα</span> <span class='ocrx_word' id='word_1_260' title='bbox 3612 2189 3712 2255; x_wconf 78' lang='lat' dir='ltr'>Vll-</span> <span class='ocrx_word' id='word_1_261' title='bbox 3747 2208 3775 2237; x_wconf 75' lang='grc' dir='ltr'>ι’</span> 
     </span>
    </p>
   </div>
   <div class='ocr_carea' id='block_1_35' title="bbox 296 2260 3780 2345">
    <p class='ocr_par' dir='ltr' id='par_1_35' title="bbox 296 2260 3780 2345">
     <span class='ocr_line' id='line_1_35' title="bbox 296 2260 3780 2345; baseline 0.006 -31"><span class='ocrx_word' id='word_1_262' title='bbox 296 2270 557 2345; x_wconf 80' lang='lat' dir='ltr'>quinque</span> <span class='ocrx_word' id='word_1_263' title='bbox 601 2285 782 2343; x_wconf 65' lang='lat' dir='ltr'>reges,</span> <span class='ocrx_word' id='word_1_264' title='bbox 823 2271 923 2344; x_wconf 79' lang='lat' dir='ltr'>qui</span> <span class='ocrx_word' id='word_1_265' title='bbox 973 2271 1208 2330; x_wconf 78' lang='lat' dir='ltr'>subesse</span> <span class='ocrx_word' id='word_1_266' title='bbox 1248 2270 1563 2330; x_wconf 71' lang='lat' dir='ltr'>noluerunt</span> <span class='ocrx_word' id='word_1_267' title='bbox 1606 2269 1995 2331; x_wconf 74' lang='lat' dir='ltr'>Chodorlaho-</span> <span class='ocrx_word' id='word_1_268' title='bbox 2077 2260 2148 2317; x_wconf 76' lang='lat' dir='ltr'>Et</span> <span class='ocrx_word' id='word_1_269' title='bbox 2200 2263 2309 2319; x_wconf 76' lang='lat' dir='ltr'>I100</span> <span class='ocrx_word' id='word_1_270' title='bbox 2359 2262 2507 2320; x_wconf 89' lang='lat' dir='ltr'>circa</span> <span class='ocrx_word' id='word_1_271' title='bbox 2559 2265 2733 2322; x_wconf 86' lang='lat' dir='ltr'>tinem</span> <span class='ocrx_word' id='word_1_272' title='bbox 2775 2266 2910 2338; x_wconf 77' lang='lat' dir='ltr'>dIEI,</span> <span class='ocrx_word' id='word_1_273' title='bbox 2966 2268 3073 2327; x_wconf 82' lang='lat' dir='ltr'><strong>hOC</strong></span> <span class='ocrx_word' id='word_1_274' title='bbox 3121 2276 3224 2340; x_wconf 70' lang='lat' dir='ltr'>QSt,</span> <span class='ocrx_word' id='word_1_275' title='bbox 3267 2271 3417 2330; x_wconf 90' lang='lat' dir='ltr'>circa</span> <span class='ocrx_word' id='word_1_276' title='bbox 3465 2275 3780 2334; x_wconf 90' lang='lat' dir='ltr'>terminum</span> 
     </span>
    </p>
   </div>
   <div class='ocr_carea' id='block_1_36' title="bbox 297 2354 3780 2441">
    <p class='ocr_par' dir='ltr' id='par_1_36' title="bbox 297 2354 3780 2441">
     <span class='ocr_line' id='line_1_36' title="bbox 297 2354 3780 2441; baseline 0.002 -23"><span class='ocrx_word' id='word_1_277' title='bbox 297 2375 443 2430; x_wconf 93' lang='lat' dir='ltr'>mor,</span> <span class='ocrx_word' id='word_1_278' title='bbox 488 2376 521 2417; x_wconf 91' lang='lat' dir='ltr'>a</span> <span class='ocrx_word' id='word_1_279' title='bbox 559 2366 806 2434; x_wconf 85' lang='lat' dir='ltr'>quatuor</span> <span class='ocrx_word' id='word_1_280' title='bbox 855 2361 1088 2432; x_wconf 88' lang='lat' dir='ltr'>regibus</span> <span class='ocrx_word' id='word_1_281' title='bbox 1134 2361 1386 2435; x_wconf 89' lang='lat' dir='ltr'>superati</span> <span class='ocrx_word' id='word_1_282' title='bbox 1435 2366 1590 2433; x_wconf 90' lang='lat' dir='ltr'>sunt,</span> <span class='ocrx_word' id='word_1_283' title='bbox 1635 2367 1690 2419; x_wconf 93' lang='lat' dir='ltr'>et</span> <span class='ocrx_word' id='word_1_284' title='bbox 1729 2361 1889 2419; x_wconf 84' lang='lat' dir='ltr'>ubi?</span> <span class='ocrx_word' id='word_1_285' title='bbox 1933 2359 1999 2417; x_wconf 92' lang='lat' dir='ltr'>in</span> <span class='ocrx_word' id='word_1_286' title='bbox 2080 2354 2305 2413; x_wconf 91' lang='lat' dir='ltr'>mundi.</span> <span class='ocrx_word' id='word_1_287' title='bbox 2340 2355 2595 2414; x_wconf 89' lang='lat' dir='ltr'>Fumans</span> <span class='ocrx_word' id='word_1_288' title='bbox 2623 2373 2758 2432; x_wconf 88' lang='lat' dir='ltr'>ergo</span> <span class='ocrx_word' id='word_1_289' title='bbox 2788 2358 3050 2419; x_wconf 89' lang='lat' dir='ltr'>clibanus</span> <span class='ocrx_word' id='word_1_290' title='bbox 3087 2363 3443 2424; x_wconf 88' lang='lat' dir='ltr'>tenebrosam</span> <span class='ocrx_word' id='word_1_291' title='bbox 3475 2368 3780 2441; x_wconf 90' lang='lat' dir='ltr'>caliginem</span> 
     </span>
    </p>
   </div>
   <div class='ocr_carea' id='block_1_37' title="bbox 297 2448 1998 2522">
    <p class='ocr_par' dir='ltr' id='par_1_37' title="bbox 297 2448 1998 2522">
     <span class='ocr_line' id='line_1_37' title="bbox 297 2448 1998 2522; baseline 0.001 -14"><span class='ocrx_word' id='word_1_292' title='bbox 297 2450 450 2508; x_wconf 90' lang='lat' dir='ltr'>valle</span> <span class='ocrx_word' id='word_1_293' title='bbox 494 2448 776 2522; x_wconf 90' lang='lat' dir='ltr'>Silvestri,</span> <span class='ocrx_word' id='word_1_294' title='bbox 814 2465 944 2522; x_wconf 78' lang='lat' dir='ltr'>quae</span> <span class='ocrx_word' id='word_1_295' title='bbox 974 2465 1129 2508; x_wconf 88' lang='lat' dir='ltr'>nunc</span> <span class='ocrx_word' id='word_1_296' title='bbox 1165 2455 1250 2508; x_wconf 92' lang='lat' dir='ltr'>est</span> <span class='ocrx_word' id='word_1_297' title='bbox 1287 2465 1446 2508; x_wconf 91' lang='lat' dir='ltr'>mare</span> <span class='ocrx_word' id='word_1_298' title='bbox 1485 2450 1623 2508; x_wconf 89' lang='lat' dir='ltr'>salis</span> <span class='ocrx_word' id='word_1_299' title='bbox 1659 2452 1813 2520; x_wconf 85' lang='lat' dir='ltr'>(Gen.</span> <span class='ocrx_word' id='word_1_300' title='bbox 1845 2455 1998 2520; x_wconf 90' lang='lat' dir='ltr'><strong>XIV).</strong></span> 
     </span>
    </p>
   </div>
   <div class='ocr_carea' id='block_1_38' title="bbox 298 2539 1998 2616">
    <p class='ocr_par' dir='ltr' id='par_1_38' title="bbox 298 2539 1998 2616">
     <span class='ocr_line' id='line_1_38' title="bbox 298 2539 1998 2616; baseline 0.001 -18"><span class='ocrx_word' id='word_1_301' title='bbox 298 2539 409 2610; x_wconf 90' lang='lat' dir='ltr'>Qui</span> <span class='ocrx_word' id='word_1_302' title='bbox 452 2548 588 2598; x_wconf 89' lang='lat' dir='ltr'>sunt</span> <span class='ocrx_word' id='word_1_303' title='bbox 617 2540 776 2598; x_wconf 91' lang='lat' dir='ltr'>enim</span> <span class='ocrx_word' id='word_1_304' title='bbox 813 2546 1058 2613; x_wconf 88' lang='lat' dir='ltr'>quatuor</span> <span class='ocrx_word' id='word_1_305' title='bbox 1086 2556 1267 2614; x_wconf 89' lang='lat' dir='ltr'>reges,</span> <span class='ocrx_word' id='word_1_306' title='bbox 1298 2540 1414 2599; x_wconf 90' lang='lat' dir='ltr'>nisi</span> <span class='ocrx_word' id='word_1_307' title='bbox 1455 2547 1704 2616; x_wconf 90' lang='lat' dir='ltr'>quatuor</span> <span class='ocrx_word' id='word_1_308' title='bbox 1734 2541 1998 2614; x_wconf 89' lang='lat' dir='ltr'>virtutes,</span> 
     </span>
    </p>
   </div>
   <div class='ocr_carea' id='block_1_39' title="bbox 297 2628 2002 2703">
    <p class='ocr_par' dir='ltr' id='par_1_39' title="bbox 297 2628 2002 2703">
     <span class='ocr_line' id='line_1_39' title="bbox 297 2628 2002 2703; baseline -0.001 -15"><span class='ocrx_word' id='word_1_309' title='bbox 297 2645 442 2703; x_wconf 91' lang='lat' dir='ltr'>quas</span> <span class='ocrx_word' id='word_1_310' title='bbox 473 2628 766 2702; x_wconf 89' lang='lat' dir='ltr'>Scriptura</span> <span class='ocrx_word' id='word_1_311' title='bbox 793 2645 952 2688; x_wconf 90' lang='lat' dir='ltr'>sacra</span> <span class='ocrx_word' id='word_1_312' title='bbox 980 2630 1242 2688; x_wconf 87' lang='lat' dir='ltr'>nominat</span> <span class='ocrx_word' id='word_1_313' title='bbox 1266 2628 1662 2703; x_wconf 85' lang='lat' dir='ltr'>principales?</span> <span class='ocrx_word' id='word_1_314' title='bbox 1691 2629 1840 2699; x_wconf 89' lang='lat' dir='ltr'>Quid</span> <span class='ocrx_word' id='word_1_315' title='bbox 1865 2643 2002 2687; x_wconf 90' lang='lat' dir='ltr'>vero</span> 
     </span>
    </p>
   </div>
   <div class='ocr_carea' id='block_1_40' title="bbox 298 2716 2005 2792">
    <p class='ocr_par' dir='ltr' id='par_1_40' title="bbox 298 2716 2005 2792">
     <span class='ocr_line' id='line_1_40' title="bbox 298 2716 2005 2792; baseline 0.001 -17"><span class='ocrx_word' id='word_1_316' title='bbox 298 2734 401 2792; x_wconf 92' lang='lat' dir='ltr'>per</span> <span class='ocrx_word' id='word_1_317' title='bbox 427 2717 692 2791; x_wconf 90' lang='lat' dir='ltr'>quinque</span> <span class='ocrx_word' id='word_1_318' title='bbox 721 2732 902 2790; x_wconf 90' lang='lat' dir='ltr'>reges,</span> <span class='ocrx_word' id='word_1_319' title='bbox 954 2717 1070 2776; x_wconf 91' lang='lat' dir='ltr'>nisi</span> <span class='ocrx_word' id='word_1_320' title='bbox 1116 2716 1346 2776; x_wconf 90' lang='lat' dir='ltr'>totidem</span> <span class='ocrx_word' id='word_1_321' title='bbox 1393 2733 1599 2776; x_wconf 87' lang='lat' dir='ltr'>sensus</span> <span class='ocrx_word' id='word_1_322' title='bbox 1634 2718 1906 2791; x_wconf 88' lang='lat' dir='ltr'>corporis,</span> <span class='ocrx_word' id='word_1_323' title='bbox 1937 2732 2005 2776; x_wconf 91' lang='lat' dir='ltr'>ac</span> 
     </span>
    </p>
   </div>
   <div class='ocr_carea' id='block_1_41' title="bbox 297 2805 2005 2881">
    <p class='ocr_par' dir='ltr' id='par_1_41' title="bbox 297 2805 2005 2881">
     <span class='ocr_line' id='line_1_41' title="bbox 297 2805 2005 2881; baseline 0 -16"><span class='ocrx_word' id='word_1_324' title='bbox 297 2823 402 2880; x_wconf 89' lang='lat' dir='ltr'>per</span> <span class='ocrx_word' id='word_1_325' title='bbox 442 2822 538 2864; x_wconf 92' lang='lat' dir='ltr'>eos</span> <span class='ocrx_word' id='word_1_326' title='bbox 578 2806 829 2865; x_wconf 83' lang='lat' dir='ltr'>exterior</span> <span class='ocrx_word' id='word_1_327' title='bbox 875 2806 1118 2865; x_wconf 91' lang='lat' dir='ltr'>scientia</span> <span class='ocrx_word' id='word_1_328' title='bbox 1154 2808 1490 2881; x_wconf 89' lang='lat' dir='ltr'>designatur</span> <span class='ocrx_word' id='word_1_329' title='bbox 1525 2808 1552 2862; x_wconf 71' lang='grc' dir='ltr'><strong>Τ</strong></span> <span class='ocrx_word' id='word_1_330' title='bbox 1605 2805 1766 2865; x_wconf 90' lang='lat' dir='ltr'>Sicut</span> <span class='ocrx_word' id='word_1_331' title='bbox 1810 2811 2005 2865; x_wconf 89' lang='lat' dir='ltr'>autem</span> 
     </span>
    </p>
   </div>
   <div class='ocr_carea' id='block_1_42' title="bbox 299 2897 2002 2972">
    <p class='ocr_par' dir='ltr' id='par_1_42' title="bbox 299 2897 2002 2972">
     <span class='ocr_line' id='line_1_42' title="bbox 299 2897 2002 2972; baseline 0.002 -17"><span class='ocrx_word' id='word_1_332' title='bbox 299 2897 420 2956; x_wconf 60' lang='lat' dir='ltr'>illa;</span> <span class='ocrx_word' id='word_1_333' title='bbox 448 2905 694 2972; x_wconf 89' lang='lat' dir='ltr'>quatuor</span> <span class='ocrx_word' id='word_1_334' title='bbox 723 2898 966 2957; x_wconf 89' lang='lat' dir='ltr'>virtutes</span> <span class='ocrx_word' id='word_1_335' title='bbox 1007 2898 1168 2958; x_wconf 90' lang='lat' dir='ltr'>velut</span> <span class='ocrx_word' id='word_1_336' title='bbox 1213 2915 1288 2956; x_wconf 82' lang='lat' dir='ltr'>ex</span> <span class='ocrx_word' id='word_1_337' title='bbox 1331 2899 1598 2972; x_wconf 89' lang='lat' dir='ltr'>originali</span> <span class='ocrx_word' id='word_1_338' title='bbox 1632 2899 1829 2957; x_wconf 90' lang='lat' dir='ltr'>matris</span> <span class='ocrx_word' id='word_1_339' title='bbox 1861 2915 2002 2968; x_wconf 64' lang='lat' dir='ltr'>suae,</span> 
     </span>
    </p>
   </div>
   <div class='ocr_carea' id='block_1_43' title="bbox 300 2988 2006 3063">
    <p class='ocr_par' dir='ltr' id='par_1_43' title="bbox 300 2988 2006 3063">
     <span class='ocr_line' id='line_1_43' title="bbox 300 2988 2006 3063; baseline -0.001 -16"><span class='ocrx_word' id='word_1_340' title='bbox 300 2988 540 3048; x_wconf 91' lang='lat' dir='ltr'>rationis</span> <span class='ocrx_word' id='word_1_341' title='bbox 589 2988 824 3061; x_wconf 88' lang='lat' dir='ltr'>scilicet,</span> <span class='ocrx_word' id='word_1_342' title='bbox 857 2989 1012 3047; x_wconf 85' lang='lat' dir='ltr'>fonte</span> <span class='ocrx_word' id='word_1_343' title='bbox 1058 2991 1420 3063; x_wconf 87' lang='lat' dir='ltr'>procedunt;</span> <span class='ocrx_word' id='word_1_344' title='bbox 1471 2989 1554 3048; x_wconf 89' lang='lat' dir='ltr'>sic</span> <span class='ocrx_word' id='word_1_345' title='bbox 1604 2988 1730 3048; x_wconf 68' lang='lat' dir='ltr'>istae</span> <span class='ocrx_word' id='word_1_346' title='bbox 1775 2990 1838 3047; x_wconf 92' lang='lat' dir='ltr'>in</span> <span class='ocrx_word' id='word_1_347' title='bbox 1892 2995 2006 3046; x_wconf 91' lang='lat' dir='ltr'>ter-</span> 
     </span>
    </p>
   </div>
   <div class='ocr_carea' id='block_1_44' title="bbox 301 3078 2007 3155">
    <p class='ocr_par' dir='ltr' id='par_1_44' title="bbox 301 3078 2007 3155">
     <span class='ocr_line' id='line_1_44' title="bbox 301 3078 2007 3155; baseline -0.001 -16"><span class='ocrx_word' id='word_1_348' title='bbox 301 3096 457 3140; x_wconf 67' lang='lat' dir='ltr'>renae</span> <span class='ocrx_word' id='word_1_349' title='bbox 515 3079 812 3155; x_wconf 68' lang='lat' dir='ltr'>sapientiae</span> <span class='ocrx_word' id='word_1_350' title='bbox 861 3080 1134 3150; x_wconf 88' lang='lat' dir='ltr'>vanitate,</span> <span class='ocrx_word' id='word_1_351' title='bbox 1183 3080 1346 3139; x_wconf 91' lang='lat' dir='ltr'>velut</span> <span class='ocrx_word' id='word_1_352' title='bbox 1400 3081 1464 3138; x_wconf 91' lang='lat' dir='ltr'>in</span> <span class='ocrx_word' id='word_1_353' title='bbox 1510 3079 1768 3138; x_wconf 92' lang='lat' dir='ltr'>convalle</span> <span class='ocrx_word' id='word_1_354' title='bbox 1819 3078 2007 3138; x_wconf 86' lang='lat' dir='ltr'>salsu-</span> 
     </span>
    </p>
   </div>
   <div class='ocr_carea' id='block_1_45' title="bbox 301 3169 2008 3247">
    <p class='ocr_par' dir='ltr' id='par_1_45' title="bbox 301 3169 2008 3247">
     <span class='ocr_line' id='line_1_45' title="bbox 301 3169 2008 3247; baseline -0.001 -17"><span class='ocrx_word' id='word_1_355' title='bbox 301 3172 456 3246; x_wconf 90' lang='lat' dir='ltr'>ginis</span> <span class='ocrx_word' id='word_1_356' title='bbox 524 3171 931 3245; x_wconf 87' lang='lat' dir='ltr'>immorantur,</span> <span class='ocrx_word' id='word_1_357' title='bbox 988 3171 1187 3247; x_wconf 88' lang='lat' dir='ltr'>ibique</span> <span class='ocrx_word' id='word_1_358' title='bbox 1258 3189 1291 3230; x_wconf 91' lang='lat' dir='ltr'>a</span> <span class='ocrx_word' id='word_1_359' title='bbox 1355 3171 1477 3231; x_wconf 92' lang='lat' dir='ltr'>suis</span> <span class='ocrx_word' id='word_1_360' title='bbox 1545 3169 1808 3229; x_wconf 91' lang='lat' dir='ltr'>hostibus</span> <span class='ocrx_word' id='word_1_361' title='bbox 1873 3174 2008 3229; x_wconf 90' lang='lat' dir='ltr'>sunt</span> 
     </span>
    </p>
   </div>
   <div class='ocr_carea' id='block_1_46' title="bbox 2080 2444 3782 2531">
    <p class='ocr_par' dir='ltr' id='par_1_46' title="bbox 2080 2444 3782 2531">
     <span class='ocr_line' id='line_1_46' title="bbox 2080 2444 3782 2531; baseline 0.011 -31"><span class='ocrx_word' id='word_1_362' title='bbox 2080 2450 2333 2518; x_wconf 89' lang='lat' dir='ltr'>generat,</span> <span class='ocrx_word' id='word_1_363' title='bbox 2380 2444 2515 2518; x_wconf 88' lang='lat' dir='ltr'>quia</span> <span class='ocrx_word' id='word_1_364' title='bbox 2552 2447 2815 2506; x_wconf 89' lang='lat' dir='ltr'>caminus</span> <span class='ocrx_word' id='word_1_365' title='bbox 2865 2450 3143 2522; x_wconf 64' lang='lat' dir='ltr'>avaritiae,</span> <span class='ocrx_word' id='word_1_366' title='bbox 3200 2455 3300 2526; x_wconf 89' lang='lat' dir='ltr'>qui</span> <span class='ocrx_word' id='word_1_367' title='bbox 3354 2456 3418 2514; x_wconf 91' lang='lat' dir='ltr'>in</span> <span class='ocrx_word' id='word_1_368' title='bbox 3468 2473 3782 2531; x_wconf 90' lang='lat' dir='ltr'>pravorum</span> 
     </span>
    </p>
   </div>
   <div class='ocr_carea' id='block_1_47' title="bbox 2080 2533 3784 2616">
    <p class='ocr_par' dir='ltr' id='par_1_47' title="bbox 2080 2533 3784 2616">
     <span class='ocr_line' id='line_1_47' title="bbox 2080 2533 3784 2616; baseline 0.012 -27"><span class='ocrx_word' id='word_1_369' title='bbox 2080 2533 2388 2591; x_wconf 92' lang='lat' dir='ltr'>hominum</span> <span class='ocrx_word' id='word_1_370' title='bbox 2439 2535 2762 2607; x_wconf 88' lang='lat' dir='ltr'>pectoribus</span> <span class='ocrx_word' id='word_1_371' title='bbox 2814 2543 3036 2608; x_wconf 70' lang='lat' dir='ltr'>aestuat,</span> <span class='ocrx_word' id='word_1_372' title='bbox 3094 2541 3295 2600; x_wconf 90' lang='lat' dir='ltr'>multis</span> <span class='ocrx_word' id='word_1_373' title='bbox 3344 2548 3784 2616; x_wconf 89' lang='lat' dir='ltr'>perversitatum</span> 
     </span>
    </p>
   </div>
   <div class='ocr_carea' id='block_1_48' title="bbox 2085 2621 3786 2702">
    <p class='ocr_par' dir='ltr' id='par_1_48' title="bbox 2085 2621 3786 2702">
     <span class='ocr_line' id='line_1_48' title="bbox 2085 2621 3786 2702; baseline 0.013 -24"><span class='ocrx_word' id='word_1_374' title='bbox 2085 2621 2336 2680; x_wconf 89' lang='lat' dir='ltr'>tenebris</span> <span class='ocrx_word' id='word_1_375' title='bbox 2401 2623 2690 2682; x_wconf 91' lang='lat' dir='ltr'>mundum</span> <span class='ocrx_word' id='word_1_376' title='bbox 2761 2627 3095 2699; x_wconf 90' lang='lat' dir='ltr'>pestilenter</span> <span class='ocrx_word' id='word_1_377' title='bbox 3149 2630 3436 2692; x_wconf 89' lang='lat' dir='ltr'>obscurat.</span> <span class='ocrx_word' id='word_1_378' title='bbox 3502 2637 3597 2694; x_wconf 87' lang='lat' dir='ltr'>An</span> <span class='ocrx_word' id='word_1_379' title='bbox 3667 2654 3786 2702; x_wconf 86' lang='lat' dir='ltr'>non</span> 
     </span>
    </p>
   </div>
   <div class='ocr_carea' id='block_1_49' title="bbox 2085 2710 3790 2799">
    <p class='ocr_par' dir='ltr' id='par_1_49' title="bbox 2085 2710 3790 2799">
     <span class='ocr_line' id='line_1_49' title="bbox 2085 2710 3790 2799; baseline 0.011 -31"><span class='ocrx_word' id='word_1_380' title='bbox 2085 2716 2305 2768; x_wconf 91' lang='lat' dir='ltr'>mentes</span> <span class='ocrx_word' id='word_1_381' title='bbox 2334 2710 2656 2771; x_wconf 82' lang='lat' dir='ltr'>infelicium</span> <span class='ocrx_word' id='word_1_382' title='bbox 2683 2722 2858 2773; x_wconf 76' lang='lat' dir='ltr'>caecat</span> <span class='ocrx_word' id='word_1_383' title='bbox 2897 2716 3062 2790; x_wconf 82' lang='lat' dir='ltr'>[deest</span> <span class='ocrx_word' id='word_1_384' title='bbox 3089 2719 3347 2794; x_wconf 86' lang='lat' dir='ltr'>luxuria,</span> <span class='ocrx_word' id='word_1_385' title='bbox 3380 2725 3662 2799; x_wconf 85' lang='lat' dir='ltr'>cupiditas</span> <span class='ocrx_word' id='word_1_386' title='bbox 3689 2735 3790 2789; x_wconf 92' lang='lat' dir='ltr'>aut</span> 
     </span>
    </p>
   </div>
   <div class='ocr_carea' id='block_1_50' title="bbox 2087 2799 3784 2892">
    <p class='ocr_par' dir='ltr' id='par_1_50' title="bbox 2087 2799 3784 2892">
     <span class='ocr_line' id='line_1_50' title="bbox 2087 2799 3784 2892; baseline 0.012 -35"><span class='ocrx_word' id='word_1_387' title='bbox 2087 2799 2227 2873; x_wconf 90' lang='lat' dir='ltr'>quid</span> <span class='ocrx_word' id='word_1_388' title='bbox 2255 2799 2463 2892; x_wconf 87' lang='lat' dir='ltr'>simile,</span> <span class='ocrx_word' id='word_1_389' title='bbox 2493 2809 2593 2892; x_wconf 84' lang='lat' dir='ltr'>aut</span> <span class='ocrx_word' id='word_1_390' title='bbox 2620 2805 2903 2879; x_wconf 88' lang='lat' dir='ltr'>avaritia],</span> <span class='ocrx_word' id='word_1_391' title='bbox 2933 2823 3065 2881; x_wconf 61' lang='lat' dir='ltr'>quae</span> <span class='ocrx_word' id='word_1_392' title='bbox 3095 2809 3310 2870; x_wconf 90' lang='lat' dir='ltr'>scilicet</span> <span class='ocrx_word' id='word_1_393' title='bbox 3335 2820 3392 2871; x_wconf 92' lang='lat' dir='ltr'>et</span> <span class='ocrx_word' id='word_1_394' title='bbox 3419 2815 3593 2875; x_wconf 90' lang='lat' dir='ltr'>ﬁdem</span> <span class='ocrx_word' id='word_1_395' title='bbox 3617 2818 3784 2892; x_wconf 90' lang='lat' dir='ltr'>tollit,</span> 
     </span>
    </p>
   </div>
   <div class='ocr_carea' id='block_1_51' title="bbox 2087 2887 3789 2966">
    <p class='ocr_par' dir='ltr' id='par_1_51' title="bbox 2087 2887 3789 2966">
     <span class='ocr_line' id='line_1_51' title="bbox 2087 2887 3789 2966; baseline 0.013 -21"><span class='ocrx_word' id='word_1_396' title='bbox 2087 2893 2143 2946; x_wconf 91' lang='lat' dir='ltr'>et</span> <span class='ocrx_word' id='word_1_397' title='bbox 2167 2887 2430 2947; x_wconf 87' lang='lat' dir='ltr'>omnium</span> <span class='ocrx_word' id='word_1_398' title='bbox 2454 2889 2735 2949; x_wconf 89' lang='lat' dir='ltr'>virtutum</span> <span class='ocrx_word' id='word_1_399' title='bbox 2761 2893 2820 2950; x_wconf 91' lang='lat' dir='ltr'>in</span> <span class='ocrx_word' id='word_1_400' title='bbox 2842 2910 3041 2954; x_wconf 90' lang='lat' dir='ltr'>eorum</span> <span class='ocrx_word' id='word_1_401' title='bbox 3063 2899 3331 2958; x_wconf 90' lang='lat' dir='ltr'>cordibus</span> <span class='ocrx_word' id='word_1_402' title='bbox 3353 2902 3549 2964; x_wconf 91' lang='lat' dir='ltr'>lumen</span> <span class='ocrx_word' id='word_1_403' title='bbox 3574 2887 3789 2966; x_wconf 51' lang='lat' dir='ltr'>exstin;</span> 
     </span>
    </p>
   </div>
   <div class='ocr_carea' id='block_1_52' title="bbox 2088 2976 3792 3069">
    <p class='ocr_par' dir='ltr' id='par_1_52' title="bbox 2088 2976 3792 3069">
     <span class='ocr_line' id='line_1_52' title="bbox 2088 2976 3792 3069; baseline 0.015 -38"><span class='ocrx_word' id='word_1_404' title='bbox 2088 2976 2258 3069; x_wconf 79' lang='lat' dir='ltr'>gnit?</span> <span class='ocrx_word' id='word_1_405' title='bbox 2289 2977 2470 3069; x_wconf 77' lang='lat' dir='ltr'>Unde,</span> <span class='ocrx_word' id='word_1_406' title='bbox 2499 2994 2642 3069; x_wconf 74' lang='lat' dir='ltr'>cum_</span> <span class='ocrx_word' id='word_1_407' title='bbox 2659 2981 2808 3040; x_wconf 93' lang='lat' dir='ltr'>illud</span> <span class='ocrx_word' id='word_1_408' title='bbox 2834 2986 3204 3055; x_wconf 74' lang='lat' dir='ltr'>prmmisisset</span> <span class='ocrx_word' id='word_1_409' title='bbox 3229 2993 3555 3064; x_wconf 88' lang='lat' dir='ltr'>Apostolus,</span> <span class='ocrx_word' id='word_1_410' title='bbox 3581 3002 3792 3069; x_wconf 81' lang='lat' dir='ltr'>praesto</span> 
     </span>
    </p>
   </div>
   <div class='ocr_carea' id='block_1_53' title="bbox 2089 3065 3791 3158">
    <p class='ocr_par' dir='ltr' id='par_1_53' title="bbox 2089 3065 3791 3158">
     <span class='ocr_line' id='line_1_53' title="bbox 2089 3065 3791 3158; baseline 0.013 -33"><span class='ocrx_word' id='word_1_411' title='bbox 2089 3065 2396 3125; x_wconf 89' lang='lat' dir='ltr'>subintulit</span> <span class='ocrx_word' id='word_1_412' title='bbox 2448 3084 2460 3123; x_wconf 93' lang='lat'>:</span> <span class='ocrx_word' id='word_1_413' title='bbox 2523 3090 2548 3118; x_wconf 74' lang='grc' dir='ltr'>α</span> <span class='ocrx_word' id='word_1_414' title='bbox 2609 3066 2797 3136; x_wconf 90' lang='lat' dir='ltr'>Quam</span> <span class='ocrx_word' id='word_1_415' title='bbox 2865 3073 3130 3134; x_wconf 87' lang='lat' dir='ltr'>videlicet</span> <span class='ocrx_word' id='word_1_416' title='bbox 3201 3081 3502 3140; x_wconf 87' lang='lat' dir='ltr'>avaritiam</span> <span class='ocrx_word' id='word_1_417' title='bbox 3554 3065 3791 3158; x_wconf 79' lang='lat' dir='ltr'>quidam</span> 
     </span>
    </p>
   </div>
   <div class='ocr_carea' id='block_1_54' title="bbox 2089 3159 3794 3238">
    <p class='ocr_par' dir='ltr' id='par_1_54' title="bbox 2089 3159 3794 3238">
     <span class='ocr_line' id='line_1_54' title="bbox 2089 3159 3794 3238; baseline 0.013 -25"><span class='ocrx_word' id='word_1_418' title='bbox 2089 3162 2418 3230; x_wconf 86' lang='lat' dir='ltr'>appetentes</span> <span class='ocrx_word' id='word_1_419' title='bbox 2445 3169 2787 3220; x_wconf 90' lang='lat' dir='ltr'>erraverunt</span> <span class='ocrx_word' id='word_1_420' title='bbox 2825 3159 2920 3217; x_wconf 88' lang='lat'>89</span> <span class='ocrx_word' id='word_1_421' title='bbox 2953 3180 2987 3221; x_wconf 90' lang='lat' dir='ltr'>a</span> <span class='ocrx_word' id='word_1_422' title='bbox 3027 3165 3161 3238; x_wconf 87' lang='lat' dir='ltr'>lide,</span> <span class='ocrx_word' id='word_1_423' title='bbox 3213 3175 3269 3226; x_wconf 92' lang='lat' dir='ltr'>et</span> <span class='ocrx_word' id='word_1_424' title='bbox 3313 3170 3685 3234; x_wconf 89' lang='lat' dir='ltr'>inseruerunt</span> <span class='ocrx_word' id='word_1_425' title='bbox 3732 3193 3794 3236; x_wconf 89' lang='lat' dir='ltr'>se</span> 
     </span>
    </p>
   </div>
   <div class='ocr_carea' id='block_1_55' title="bbox 299 3244 3792 3335">
    <p class='ocr_par' dir='ltr' id='par_1_55' title="bbox 299 3244 3792 3335">
     <span class='ocr_line' id='line_1_55' title="bbox 299 3244 3792 3335; baseline 0.003 -20"><span class='ocrx_word' id='word_1_426' title='bbox 299 3244 585 3332; x_wconf 79' lang='lat' dir='ltr'>prostrati,</span> <span class='ocrx_word' id='word_1_427' title='bbox 635 3259 774 3332; x_wconf 90' lang='lat' dir='ltr'>quia</span> <span class='ocrx_word' id='word_1_428' title='bbox 829 3244 1214 3333; x_wconf 47' lang='lat' dir='ltr'>dignum—est</span> <span class='ocrx_word' id='word_1_429' title='bbox 1280 3264 1344 3316; x_wconf 90' lang='lat' dir='ltr'>ut</span> <span class='ocrx_word' id='word_1_430' title='bbox 1396 3258 1458 3316; x_wconf 88' lang='lat' dir='ltr'>in</span> <span class='ocrx_word' id='word_1_431' title='bbox 1508 3258 1704 3316; x_wconf 90' lang='lat' dir='ltr'>anima</span> <span class='ocrx_word' id='word_1_432' title='bbox 1758 3244 2386 3335; x_wconf 59' lang='lat' dir='ltr'>hoministOIQPibus</span> <span class='ocrx_word' id='word_1_433' title='bbox 2417 3247 2616 3306; x_wconf 72' lang='grc' dir='ltr'>Πιυηίε</span> <span class='ocrx_word' id='word_1_434' title='bbox 2646 3250 2692 3321; x_wconf 87' lang='grc' dir='ltr'>(Ι</span> <span class='ocrx_word' id='word_1_435' title='bbox 2721 3254 2858 3309; x_wconf 71' lang='lat' dir='ltr'>Tim-</span> <span class='ocrx_word' id='word_1_436' title='bbox 2893 3252 2993 3323; x_wconf 84' lang='lat' dir='ltr'>V1)-</span> <span class='ocrx_word' id='word_1_437' title='bbox 3035 3273 3059 3304; x_wconf 70' lang='grc' dir='ltr'>ι)</span> <span class='ocrx_word' id='word_1_438' title='bbox 3094 3254 3278 3315; x_wconf 86' lang='lat' dir='ltr'>Multo</span> <span class='ocrx_word' id='word_1_439' title='bbox 3323 3261 3535 3335; x_wconf 91' lang='lat' dir='ltr'>quippe</span> <span class='ocrx_word' id='word_1_440' title='bbox 3580 3280 3640 3322; x_wconf 92' lang='lat' dir='ltr'>se</span> <span class='ocrx_word' id='word_1_441' title='bbox 3687 3266 3792 3325; x_wconf 86' lang='lat' dir='ltr'>do-</span> 
     </span>
    </p>
   </div>
   <div class='ocr_carea' id='block_1_56' title="bbox 300 3348 2009 3423">
    <p class='ocr_par' dir='ltr' id='par_1_56' title="bbox 300 3348 2009 3423">
     <span class='ocr_line' id='line_1_56' title="bbox 300 3348 2009 3423; baseline 0.001 -18"><span class='ocrx_word' id='word_1_442' title='bbox 300 3348 618 3421; x_wconf 90' lang='lat' dir='ltr'>spiritualis</span> <span class='ocrx_word' id='word_1_443' title='bbox 674 3348 955 3423; x_wconf 89' lang='lat' dir='ltr'>sapientia</span> <span class='ocrx_word' id='word_1_444' title='bbox 1024 3349 1216 3408; x_wconf 90' lang='lat' dir='ltr'>vincat</span> <span class='ocrx_word' id='word_1_445' title='bbox 1271 3356 1329 3407; x_wconf 88' lang='lat' dir='ltr'>et</span> <span class='ocrx_word' id='word_1_446' title='bbox 1379 3349 1628 3407; x_wconf 89' lang='lat' dir='ltr'>carnalis</span> <span class='ocrx_word' id='word_1_447' title='bbox 1682 3348 2009 3422; x_wconf 66' lang='lat' dir='ltr'>prudentiae</span> 
     </span>
    </p>
   </div>
   <div class='ocr_carea' id='block_1_57' title="bbox 301 3436 2011 3511">
    <p class='ocr_par' dir='ltr' id='par_1_57' title="bbox 301 3436 2011 3511">
     <span class='ocr_line' id='line_1_57' title="bbox 301 3436 2011 3511; baseline 0.001 -17"><span class='ocrx_word' id='word_1_448' title='bbox 301 3437 584 3496; x_wconf 88' lang='lat' dir='ltr'>calliditas</span> <span class='ocrx_word' id='word_1_449' title='bbox 612 3445 821 3511; x_wconf 89' lang='lat' dir='ltr'>pereat.</span> <span class='ocrx_word' id='word_1_450' title='bbox 862 3438 1016 3496; x_wconf 90' lang='lat' dir='ltr'>Hinc</span> <span class='ocrx_word' id='word_1_451' title='bbox 1044 3445 1098 3498; x_wconf 90' lang='lat' dir='ltr'>et</span> <span class='ocrx_word' id='word_1_452' title='bbox 1142 3438 1213 3497; x_wconf 92' lang='lat' dir='ltr'>de</span> <span class='ocrx_word' id='word_1_453' title='bbox 1246 3437 1432 3497; x_wconf 90' lang='lat' dir='ltr'>David</span> <span class='ocrx_word' id='word_1_454' title='bbox 1475 3438 1685 3510; x_wconf 88' lang='lat' dir='ltr'>legitur</span> <span class='ocrx_word' id='word_1_455' title='bbox 1713 3439 1851 3511; x_wconf 90' lang='lat' dir='ltr'>quia</span> <span class='ocrx_word' id='word_1_456' title='bbox 1880 3436 2011 3496; x_wconf 87' lang='lat' dir='ltr'>fecit</span> 
     </span>
    </p>
   </div>
   <div class='ocr_carea' id='block_1_58' title="bbox 301 3525 2010 3601">
    <p class='ocr_par' dir='ltr' id='par_1_58' title="bbox 301 3525 2010 3601">
     <span class='ocr_line' id='line_1_58' title="bbox 301 3525 2010 3601; baseline -0.004 -11"><span class='ocrx_word' id='word_1_457' title='bbox 301 3531 412 3590; x_wconf 92' lang='lat' dir='ltr'>sibi</span> <span class='ocrx_word' id='word_1_458' title='bbox 468 3545 681 3588; x_wconf 92' lang='lat' dir='ltr'>nomen</span> <span class='ocrx_word' id='word_1_459' title='bbox 725 3525 820 3584; x_wconf 90' lang='lat'><strong>88</strong></span> <span class='ocrx_word' id='word_1_460' title='bbox 867 3544 1001 3586; x_wconf 93' lang='lat' dir='ltr'>cum</span> <span class='ocrx_word' id='word_1_461' title='bbox 1052 3534 1453 3598; x_wconf 88' lang='lat' dir='ltr'>reverteretur,</span> <span class='ocrx_word' id='word_1_462' title='bbox 1503 3534 1663 3601; x_wconf 91' lang='lat' dir='ltr'>capta</span> <span class='ocrx_word' id='word_1_463' title='bbox 1709 3525 1895 3600; x_wconf 83' lang='lat' dir='ltr'>Syria,</span> <span class='ocrx_word' id='word_1_464' title='bbox 1948 3527 2010 3584; x_wconf 92' lang='lat' dir='ltr'>in</span> 
     </span>
    </p>
   </div>
   <div class='ocr_carea' id='block_1_59' title="bbox 302 3616 2006 3692">
    <p class='ocr_par' dir='ltr' id='par_1_59' title="bbox 302 3616 2006 3692">
     <span class='ocr_line' id='line_1_59' title="bbox 302 3616 2006 3692; baseline -0.003 -11"><span class='ocrx_word' id='word_1_465' title='bbox 302 3620 454 3681; x_wconf 89' lang='lat' dir='ltr'>valle</span> <span class='ocrx_word' id='word_1_466' title='bbox 486 3620 815 3681; x_wconf 90' lang='lat' dir='ltr'>Salinarum</span> <span class='ocrx_word' id='word_1_467' title='bbox 843 3617 1009 3678; x_wconf 63' lang='lat' dir='ltr'>caesis</span> <span class='ocrx_word' id='word_1_468' title='bbox 1039 3617 1347 3679; x_wconf 88' lang='lat' dir='ltr'>duodecim</span> <span class='ocrx_word' id='word_1_469' title='bbox 1375 3616 1637 3692; x_wconf 89' lang='lat' dir='ltr'>millibus</span> <span class='ocrx_word' id='word_1_470' title='bbox 1681 3620 1758 3686; x_wconf 90' lang='lat' dir='ltr'>(II</span> <span class='ocrx_word' id='word_1_471' title='bbox 1780 3621 1911 3687; x_wconf 85' lang='lat' dir='ltr'>Reg.</span> <span class='ocrx_word' id='word_1_472' title='bbox 1942 3622 2006 3688; x_wconf 85' lang='grc' dir='ltr'>Ι).</span> 
     </span>
    </p>
   </div>
   <div class='ocr_carea' id='block_1_60' title="bbox 955 3750 1366 3811">
    <p class='ocr_par' dir='ltr' id='par_1_60' title="bbox 955 3750 1366 3811">
     <span class='ocr_line' id='line_1_60' title="bbox 955 3750 1366 3811; baseline -0.002 0"><span class='ocrx_word' id='word_1_473' title='bbox 955 3750 1192 3811; x_wconf 85' lang='lat' dir='ltr'>CAPUT</span> <span class='ocrx_word' id='word_1_474' title='bbox 1240 3751 1366 3810; x_wconf 88' lang='lat' dir='ltr'>XX.</span> 
     </span>
    </p>
   </div>
   <div class='ocr_carea' id='block_1_61' title="bbox 605 3853 1708 3926">
    <p class='ocr_par' dir='ltr' id='par_1_61' title="bbox 605 3853 1708 3926">
     <span class='ocr_line' id='line_1_61' title="bbox 605 3853 1708 3926; baseline -0.003 -15"><span class='ocrx_word' id='word_1_475' title='bbox 605 3855 670 3911; x_wconf 91' lang='lat' dir='ltr'>In</span> <span class='ocrx_word' id='word_1_476' title='bbox 698 3856 929 3926; x_wconf 74' lang='lat' dir='ltr'>epistola</span> <span class='ocrx_word' id='word_1_477' title='bbox 958 3853 1032 3910; x_wconf 87' lang='lat' dir='ltr'>ad</span> <span class='ocrx_word' id='word_1_478' title='bbox 1060 3853 1443 3910; x_wconf 70' lang='lat' dir='ltr'>Alexandrum</span> <span class='ocrx_word' id='word_1_479' title='bbox 1479 3868 1708 3924; x_wconf 83' lang='lat' dir='ltr'>papam.</span> 
     </span>
    </p>
   </div>
   <div class='ocr_carea' id='block_1_62' title="bbox 382 3956 2008 4033">
    <p class='ocr_par' dir='ltr' id='par_1_62' title="bbox 382 3956 2008 4033">
     <span class='ocr_line' id='line_1_62' title="bbox 382 3956 2008 4033; baseline 0 -18"><span class='ocrx_word' id='word_1_480' title='bbox 382 3982 411 4016; x_wconf 86' lang='lat'>«</span> <span class='ocrx_word' id='word_1_481' title='bbox 443 3959 555 4030; x_wconf 95' lang='lat' dir='ltr'>Qui</span> <span class='ocrx_word' id='word_1_482' title='bbox 595 3959 796 4019; x_wconf 89' lang='lat' dir='ltr'>tollens</span> <span class='ocrx_word' id='word_1_483' title='bbox 826 3982 880 4030; x_wconf 86' lang='lat'>»,</span> <span class='ocrx_word' id='word_1_484' title='bbox 911 3959 1107 4033; x_wconf 89' lang='lat' dir='ltr'>inquit</span> <span class='ocrx_word' id='word_1_485' title='bbox 1143 3957 1460 4033; x_wconf 89' lang='lat' dir='ltr'>Scriptura,</span> <span class='ocrx_word' id='word_1_486' title='bbox 1496 3979 1524 4012; x_wconf 86' lang='lat'>«</span> <span class='ocrx_word' id='word_1_487' title='bbox 1555 3957 1828 4018; x_wconf 91' lang='lat' dir='ltr'>universa</span> <span class='ocrx_word' id='word_1_488' title='bbox 1863 3956 2008 4030; x_wconf 74' lang='lat' dir='ltr'>haec,</span> 
     </span>
    </p>
   </div>
   <div class='ocr_carea' id='block_1_63' title="bbox 308 4048 2012 4124">
    <p class='ocr_par' dir='ltr' id='par_1_63' title="bbox 308 4048 2012 4124">
     <span class='ocr_line' id='line_1_63' title="bbox 308 4048 2012 4124; baseline -0.002 -15"><span class='ocrx_word' id='word_1_489' title='bbox 308 4051 509 4110; x_wconf 89' lang='lat' dir='ltr'>divisit</span> <span class='ocrx_word' id='word_1_490' title='bbox 539 4067 603 4109; x_wconf 91' lang='lat' dir='ltr'>ea</span> <span class='ocrx_word' id='word_1_491' title='bbox 638 4066 739 4124; x_wconf 93' lang='lat' dir='ltr'>per</span> <span class='ocrx_word' id='word_1_492' title='bbox 776 4050 1056 4119; x_wconf 89' lang='lat' dir='ltr'>medium,</span> <span class='ocrx_word' id='word_1_493' title='bbox 1088 4055 1142 4107; x_wconf 91' lang='lat' dir='ltr'>et</span> <span class='ocrx_word' id='word_1_494' title='bbox 1169 4049 1478 4123; x_wconf 90' lang='lat' dir='ltr'>utriusque</span> <span class='ocrx_word' id='word_1_495' title='bbox 1506 4054 1694 4121; x_wconf 92' lang='lat' dir='ltr'>partes</span> <span class='ocrx_word' id='word_1_496' title='bbox 1723 4048 1918 4107; x_wconf 87' lang='lat' dir='ltr'>contra</span> <span class='ocrx_word' id='word_1_497' title='bbox 1951 4063 2012 4106; x_wconf 90' lang='lat' dir='ltr'>se</span> 
     </span>
    </p>
   </div>
   <div class='ocr_carea' id='block_1_64' title="bbox 309 4136 2008 4213">
    <p class='ocr_par' dir='ltr' id='par_1_64' title="bbox 309 4136 2008 4213">
     <span class='ocr_line' id='line_1_64' title="bbox 309 4136 2008 4213; baseline -0.003 -15"><span class='ocrx_word' id='word_1_498' title='bbox 309 4139 650 4199; x_wconf 89' lang='lat' dir='ltr'>altrinsecus</span> <span class='ocrx_word' id='word_1_499' title='bbox 699 4139 939 4213; x_wconf 89' lang='lat' dir='ltr'>posuit;</span> <span class='ocrx_word' id='word_1_500' title='bbox 999 4153 1133 4196; x_wconf 87' lang='lat' dir='ltr'>aves</span> <span class='ocrx_word' id='word_1_501' title='bbox 1185 4144 1380 4197; x_wconf 90' lang='lat' dir='ltr'>autem</span> <span class='ocrx_word' id='word_1_502' title='bbox 1432 4153 1550 4195; x_wconf 93' lang='lat' dir='ltr'>non</span> <span class='ocrx_word' id='word_1_503' title='bbox 1607 4136 1805 4196; x_wconf 90' lang='lat' dir='ltr'>divisit</span> <span class='ocrx_word' id='word_1_504' title='bbox 1853 4140 2008 4209; x_wconf 87' lang='lat' dir='ltr'>(Gen.</span> 
     </span>
    </p>
   </div>
   <div class='ocr_carea' id='block_1_65' title="bbox 311 4224 2011 4300">
    <p class='ocr_par' dir='ltr' id='par_1_65' title="bbox 311 4224 2011 4300">
     <span class='ocr_line' id='line_1_65' title="bbox 311 4224 2011 4300; baseline -0.004 -13"><span class='ocrx_word' id='word_1_505' title='bbox 311 4233 443 4298; x_wconf 88' lang='lat' dir='ltr'><strong>XV).</strong></span> <span class='ocrx_word' id='word_1_506' title='bbox 482 4251 502 4279; x_wconf 74' lang='grc' dir='ltr'>ιι</span> <span class='ocrx_word' id='word_1_507' title='bbox 538 4228 788 4287; x_wconf 90' lang='lat' dir='ltr'>Terrena</span> <span class='ocrx_word' id='word_1_508' title='bbox 813 4227 1053 4300; x_wconf 89' lang='lat' dir='ltr'>quidem</span> <span class='ocrx_word' id='word_1_509' title='bbox 1081 4225 1355 4285; x_wconf 89' lang='lat' dir='ltr'>animalia</span> <span class='ocrx_word' id='word_1_510' title='bbox 1396 4232 1591 4284; x_wconf 90' lang='lat' dir='ltr'>contra</span> <span class='ocrx_word' id='word_1_511' title='bbox 1631 4241 1690 4283; x_wconf 89' lang='lat' dir='ltr'>se</span> <span class='ocrx_word' id='word_1_512' title='bbox 1721 4232 1776 4283; x_wconf 92' lang='lat' dir='ltr'>et</span> <span class='ocrx_word' id='word_1_513' title='bbox 1807 4224 2011 4282; x_wconf 88' lang='lat' dir='ltr'>altrin-</span> 
     </span>
    </p>
   </div>
   <div class='ocr_carea' id='block_1_66' title="bbox 312 4323 969 4390">
    <p class='ocr_par' dir='ltr' id='par_1_66' title="bbox 312 4323 969 4390">
     <span class='ocr_line' id='line_1_66' title="bbox 312 4323 969 4390; baseline -0.002 -15"><span class='ocrx_word' id='word_1_514' title='bbox 312 4333 479 4376; x_wconf 89' lang='lat' dir='ltr'>secus</span> <span class='ocrx_word' id='word_1_515' title='bbox 531 4323 903 4390; x_wconf 90' lang='lat' dir='ltr'>opponuntur</span> <span class='ocrx_word' id='word_1_516' title='bbox 954 4334 969 4388; x_wconf 88' lang='lat'>;</span> 
     </span>
    </p>
   </div>
   <div class='ocr_carea' id='block_1_67' title="bbox 2094 3333 3795 3420">
    <p class='ocr_par' dir='ltr' id='par_1_67' title="bbox 2094 3333 3795 3420">
     <span class='ocr_line' id='line_1_67' title="bbox 2094 3333 3795 3420; baseline 0.014 -30"><span class='ocrx_word' id='word_1_517' title='bbox 2094 3333 2314 3392; x_wconf 89' lang='lat' dir='ltr'>loribus</span> <span class='ocrx_word' id='word_1_518' title='bbox 2369 3336 2652 3407; x_wconf 89' lang='lat' dir='ltr'>inserunt,</span> <span class='ocrx_word' id='word_1_519' title='bbox 2711 3337 2854 3396; x_wconf 94' lang='lat' dir='ltr'>dum</span> <span class='ocrx_word' id='word_1_520' title='bbox 2924 3348 3153 3414; x_wconf 90' lang='lat' dir='ltr'>propter</span> <span class='ocrx_word' id='word_1_521' title='bbox 3233 3333 3566 3420; x_wconf 78' lang='lat' dir='ltr'>temporalia</span> <span class='ocrx_word' id='word_1_522' title='bbox 3633 3354 3795 3414; x_wconf 90' lang='lat' dir='ltr'>lucra</span> 
     </span>
    </p>
   </div>
   <div class='ocr_carea' id='block_1_68' title="bbox 2093 3421 3801 3513">
    <p class='ocr_par' dir='ltr' id='par_1_68' title="bbox 2093 3421 3801 3513">
     <span class='ocr_line' id='line_1_68' title="bbox 2093 3421 3801 3513; baseline 0.013 -35"><span class='ocrx_word' id='word_1_523' title='bbox 2093 3421 2476 3513; x_wconf 76' lang='lat' dir='ltr'>infmderabili</span> <span class='ocrx_word' id='word_1_524' title='bbox 2521 3439 2558 3513; x_wconf 9' lang='lat' dir='ltr'>ra</span> <span class='ocrx_word' id='word_1_525' title='bbox 2606 3439 2667 3482; x_wconf 94' lang='lat' dir='ltr'>se</span> <span class='ocrx_word' id='word_1_526' title='bbox 2716 3425 2968 3486; x_wconf 87' lang='lat' dir='ltr'>invicem</span> <span class='ocrx_word' id='word_1_527' title='bbox 3021 3429 3312 3491; x_wconf 86' lang='lat' dir='ltr'>simultate</span> <span class='ocrx_word' id='word_1_528' title='bbox 3357 3434 3696 3513; x_wconf 89' lang='lat' dir='ltr'>dissiliunt;</span> <span class='ocrx_word' id='word_1_529' title='bbox 3742 3447 3801 3500; x_wconf 91' lang='lat' dir='ltr'>et</span> 
     </span>
    </p>
   </div>
   <div class='ocr_carea' id='block_1_69' title="bbox 2093 3511 3796 3592">
    <p class='ocr_par' dir='ltr' id='par_1_69' title="bbox 2093 3511 3796 3592">
     <span class='ocr_line' id='line_1_69' title="bbox 2093 3511 3796 3592; baseline 0.012 -25"><span class='ocrx_word' id='word_1_530' title='bbox 2093 3511 2454 3586; x_wconf 88' lang='lat' dir='ltr'>plerumque,</span> <span class='ocrx_word' id='word_1_531' title='bbox 2497 3512 2640 3572; x_wconf 91' lang='lat' dir='ltr'>dum</span> <span class='ocrx_word' id='word_1_532' title='bbox 2673 3530 2775 3588; x_wconf 94' lang='lat' dir='ltr'>pro</span> <span class='ocrx_word' id='word_1_533' title='bbox 2813 3519 3204 3592; x_wconf 89' lang='lat' dir='ltr'>corporalibus</span> <span class='ocrx_word' id='word_1_534' title='bbox 3246 3522 3310 3580; x_wconf 88' lang='lat' dir='ltr'>in</span> <span class='ocrx_word' id='word_1_535' title='bbox 3357 3539 3518 3582; x_wconf 90' lang='lat' dir='ltr'>arma</span> <span class='ocrx_word' id='word_1_536' title='bbox 3551 3511 3796 3588; x_wconf 88' lang='lat' dir='ltr'>concur-</span> 
     </span>
    </p>
   </div>
   <div class='ocr_carea' id='block_1_70' title="bbox 2092 3601 3799 3681">
    <p class='ocr_par' dir='ltr' id='par_1_70' title="bbox 2092 3601 3799 3681">
     <span class='ocr_line' id='line_1_70' title="bbox 2092 3601 3799 3681; baseline 0.013 -25"><span class='ocrx_word' id='word_1_537' title='bbox 2092 3605 2251 3672; x_wconf 89' lang='lat' dir='ltr'>runt,</span> <span class='ocrx_word' id='word_1_538' title='bbox 2310 3601 2644 3674; x_wconf 92' lang='lat' dir='ltr'>corporibus</span> <span class='ocrx_word' id='word_1_539' title='bbox 2695 3605 2922 3664; x_wconf 91' lang='lat' dir='ltr'>animas</span> <span class='ocrx_word' id='word_1_540' title='bbox 2975 3614 3220 3667; x_wconf 84' lang='lat' dir='ltr'>exuunt.</span> <span class='ocrx_word' id='word_1_541' title='bbox 3284 3610 3398 3681; x_wconf 93' lang='lat' dir='ltr'>Qui</span> <span class='ocrx_word' id='word_1_542' title='bbox 3468 3629 3603 3674; x_wconf 88' lang='lat' dir='ltr'>vero</span> <span class='ocrx_word' id='word_1_543' title='bbox 3659 3618 3799 3679; x_wconf 88' lang='lat' dir='ltr'>solis</span> 
     </span>
    </p>
   </div>
   <div class='ocr_carea' id='block_1_71' title="bbox 2095 3688 3797 3773">
    <p class='ocr_par' dir='ltr' id='par_1_71' title="bbox 2095 3688 3797 3773">
     <span class='ocr_line' id='line_1_71' title="bbox 2095 3688 3797 3773; baseline 0.013 -27"><span class='ocrx_word' id='word_1_544' title='bbox 2095 3688 2422 3749; x_wconf 73' lang='lat' dir='ltr'>cmlestibus</span> <span class='ocrx_word' id='word_1_545' title='bbox 2462 3690 2852 3765; x_wconf 89' lang='lat' dir='ltr'>inardescunt,</span> <span class='ocrx_word' id='word_1_546' title='bbox 2893 3711 2996 3770; x_wconf 90' lang='lat' dir='ltr'>pro</span> <span class='ocrx_word' id='word_1_547' title='bbox 3042 3697 3355 3773; x_wconf 88' lang='lat' dir='ltr'>doloribus,</span> <span class='ocrx_word' id='word_1_548' title='bbox 3404 3702 3797 3768; x_wconf 90' lang='lat' dir='ltr'>oblectationi-</span> 
     </span>
    </p>
   </div>
   <div class='ocr_carea' id='block_1_72' title="bbox 2093 3779 3799 3858">
    <p class='ocr_par' dir='ltr' id='par_1_72' title="bbox 2093 3779 3799 3858">
     <span class='ocr_line' id='line_1_72' title="bbox 2093 3779 3799 3858; baseline 0.012 -22"><span class='ocrx_word' id='word_1_549' title='bbox 2093 3779 2206 3837; x_wconf 90' lang='lat' dir='ltr'>bus</span> <span class='ocrx_word' id='word_1_550' title='bbox 2243 3780 2562 3853; x_wconf 88' lang='lat' dir='ltr'>potiuntur,</span> <span class='ocrx_word' id='word_1_551' title='bbox 2602 3783 2739 3856; x_wconf 90' lang='lat' dir='ltr'>quia</span> <span class='ocrx_word' id='word_1_552' title='bbox 2768 3785 2827 3842; x_wconf 90' lang='lat' dir='ltr'>in</span> <span class='ocrx_word' id='word_1_553' title='bbox 2868 3786 3134 3846; x_wconf 67' lang='lat' dir='ltr'>fraternae</span> <span class='ocrx_word' id='word_1_554' title='bbox 3170 3790 3462 3851; x_wconf 88' lang='lat' dir='ltr'>charitatis</span> <span class='ocrx_word' id='word_1_555' title='bbox 3493 3793 3799 3858; x_wconf 90' lang='lat' dir='ltr'>dulcedine</span> 
     </span>
    </p>
   </div>
   <div class='ocr_carea' id='block_1_73' title="bbox 2092 3866 3798 3950">
    <p class='ocr_par' dir='ltr' id='par_1_73' title="bbox 2092 3866 3798 3950">
     <span class='ocr_line' id='line_1_73' title="bbox 2092 3866 3798 3950; baseline 0.012 -24"><span class='ocrx_word' id='word_1_556' title='bbox 2092 3866 2447 3927; x_wconf 91' lang='lat' dir='ltr'>unanimiter</span> <span class='ocrx_word' id='word_1_557' title='bbox 2486 3869 2711 3930; x_wconf 90' lang='lat' dir='ltr'>vivunt.</span> <span class='ocrx_word' id='word_1_558' title='bbox 2755 3872 2908 3930; x_wconf 89' lang='lat' dir='ltr'>Hinc</span> <span class='ocrx_word' id='word_1_559' title='bbox 2948 3882 3033 3932; x_wconf 92' lang='lat' dir='ltr'>est</span> <span class='ocrx_word' id='word_1_560' title='bbox 3073 3877 3228 3950; x_wconf 92' lang='lat' dir='ltr'>quod</span> <span class='ocrx_word' id='word_1_561' title='bbox 3269 3880 3329 3936; x_wconf 89' lang='lat' dir='ltr'>in</span> <span class='ocrx_word' id='word_1_562' title='bbox 3371 3879 3472 3939; x_wconf 92' lang='lat' dir='ltr'>illo</span> <span class='ocrx_word' id='word_1_563' title='bbox 3519 3885 3798 3947; x_wconf 89' lang='lat' dir='ltr'>sacriﬁcio</span> 
     </span>
    </p>
   </div>
   <div class='ocr_carea' id='block_1_74' title="bbox 2093 3957 3800 4048">
    <p class='ocr_par' dir='ltr' id='par_1_74' title="bbox 2093 3957 3800 4048">
     <span class='ocr_line' id='line_1_74' title="bbox 2093 3957 3800 4048; baseline 0.012 -34"><span class='ocrx_word' id='word_1_564' title='bbox 2093 3957 2440 4048; x_wconf 82' lang='lat' dir='ltr'>vespertino,</span> <span class='ocrx_word' id='word_1_565' title='bbox 2515 3961 2667 4033; x_wconf 92' lang='lat' dir='ltr'>quod</span> <span class='ocrx_word' id='word_1_566' title='bbox 2734 3967 2871 4021; x_wconf 92' lang='lat' dir='ltr'>tunc</span> <span class='ocrx_word' id='word_1_567' title='bbox 2942 3963 3236 4024; x_wconf 88' lang='lat' dir='ltr'>Abraham</span> <span class='ocrx_word' id='word_1_568' title='bbox 3310 3969 3539 4044; x_wconf 88' lang='lat' dir='ltr'>obtulit,</span> <span class='ocrx_word' id='word_1_569' title='bbox 3596 3990 3800 4048; x_wconf 90' lang='lat' dir='ltr'>pecora</span> 
     </span>
    </p>
   </div>
   <div class='ocr_carea' id='block_1_75' title="bbox 2092 4045 3800 4134">
    <p class='ocr_par' dir='ltr' id='par_1_75' title="bbox 2092 4045 3800 4134">
     <span class='ocr_line' id='line_1_75' title="bbox 2092 4045 3800 4134; baseline 0.012 -31"><span class='ocrx_word' id='word_1_570' title='bbox 2092 4045 2329 4120; x_wconf 91' lang='lat' dir='ltr'>quidem</span> <span class='ocrx_word' id='word_1_571' title='bbox 2379 4054 2604 4106; x_wconf 90' lang='lat' dir='ltr'>terrena</span> <span class='ocrx_word' id='word_1_572' title='bbox 2638 4049 2710 4107; x_wconf 91' lang='lat' dir='ltr'>ab</span> <span class='ocrx_word' id='word_1_573' title='bbox 2749 4050 2999 4109; x_wconf 90' lang='lat' dir='ltr'>invicem</span> <span class='ocrx_word' id='word_1_574' title='bbox 3046 4061 3400 4129; x_wconf 87' lang='lat' dir='ltr'>sequestrata</span> <span class='ocrx_word' id='word_1_575' title='bbox 3446 4045 3660 4134; x_wconf 82' lang='lat' dir='ltr'>posuit,</span> <span class='ocrx_word' id='word_1_576' title='bbox 3701 4065 3800 4122; x_wconf 89' lang='lat' dir='ltr'>sed</span> 
     </span>
    </p>
   </div>
   <div class='ocr_carea' id='block_1_76' title="bbox 2097 4137 3798 4224">
    <p class='ocr_par' dir='ltr' id='par_1_76' title="bbox 2097 4137 3798 4224">
     <span class='ocr_line' id='line_1_76' title="bbox 2097 4137 3798 4224; baseline 0.011 -27"><span class='ocrx_word' id='word_1_577' title='bbox 2097 4137 2351 4198; x_wconf 88' lang='lat' dir='ltr'>volatilia</span> <span class='ocrx_word' id='word_1_578' title='bbox 2394 4155 2514 4198; x_wconf 91' lang='lat' dir='ltr'>non</span> <span class='ocrx_word' id='word_1_579' title='bbox 2563 4141 2850 4215; x_wconf 85' lang='lat' dir='ltr'>adjunxit.</span> <span class='ocrx_word' id='word_1_580' title='bbox 2900 4143 3064 4204; x_wconf 88' lang='lat' dir='ltr'>Unde</span> <span class='ocrx_word' id='word_1_581' title='bbox 3117 4146 3451 4223; x_wconf 88' lang='lat' dir='ltr'>Scriptura:</span> <span class='ocrx_word' id='word_1_582' title='bbox 3491 4176 3519 4205; x_wconf 73' lang='grc' dir='ltr'><strong>α</strong></span> <span class='ocrx_word' id='word_1_583' title='bbox 3549 4153 3660 4224; x_wconf 92' lang='lat' dir='ltr'>Qui</span> <span class='ocrx_word' id='word_1_584' title='bbox 3693 4155 3798 4215; x_wconf 91' lang='lat' dir='ltr'>tol-</span> 
     </span>
    </p>
   </div>
   <div class='ocr_carea' id='block_1_77' title="bbox 2097 4231 3793 4323">
    <p class='ocr_par' dir='ltr' id='par_1_77' title="bbox 2097 4231 3793 4323">
     <span class='ocr_line' id='line_1_77' title="bbox 2097 4231 3793 4323; baseline 0.012 -34"><span class='ocrx_word' id='word_1_585' title='bbox 2097 4231 2240 4302; x_wconf 90' lang='lat' dir='ltr'>lens,</span> <span class='ocrx_word' id='word_1_586' title='bbox 2274 4233 2483 4307; x_wconf 88' lang='lat' dir='ltr'>inquit,</span> <span class='ocrx_word' id='word_1_587' title='bbox 2515 4237 2786 4295; x_wconf 88' lang='lat' dir='ltr'>universa</span> <span class='ocrx_word' id='word_1_588' title='bbox 2816 4238 2963 4310; x_wconf 70' lang='lat' dir='ltr'>haec,</span> <span class='ocrx_word' id='word_1_589' title='bbox 3011 4239 3209 4299; x_wconf 89' lang='lat' dir='ltr'>divisit</span> <span class='ocrx_word' id='word_1_590' title='bbox 3257 4259 3324 4302; x_wconf 91' lang='lat' dir='ltr'>ea</span> <span class='ocrx_word' id='word_1_591' title='bbox 3368 4261 3471 4320; x_wconf 92' lang='lat' dir='ltr'>per</span> <span class='ocrx_word' id='word_1_592' title='bbox 3513 4248 3793 4323; x_wconf 92' lang='lat' dir='ltr'>medium,</span> 
     </span>
    </p>
   </div>
   <div class='ocr_carea' id='block_1_78' title="bbox 1045 4313 3793 4414">
    <p class='ocr_par' dir='ltr' id='par_1_78' title="bbox 1045 4313 3793 4414">
     <span class='ocr_line' id='line_1_78' title="bbox 1045 4313 3793 4414; baseline 0.01 -41"><span class='ocrx_word' id='word_1_593' title='bbox 1045 4315 1202 4414; x_wconf 36' lang='lat' dir='ltr'>quia.</span> <span class='ocrx_word' id='word_1_594' title='bbox 1258 4315 1470 4414; x_wconf 78' lang='lat' dir='ltr'>terreni</span> <span class='ocrx_word' id='word_1_595' title='bbox 1535 4313 1752 4414; x_wconf 83' lang='lat' dir='ltr'>quique</span> <span class='ocrx_word' id='word_1_596' title='bbox 1819 4318 2015 4414; x_wconf 40' lang='lat' dir='ltr'>contra</span> <span class='ocrx_word' id='word_1_597' title='bbox 2096 4328 2152 4381; x_wconf 92' lang='lat' dir='ltr'>et</span> <span class='ocrx_word' id='word_1_598' title='bbox 2207 4324 2514 4399; x_wconf 89' lang='lat' dir='ltr'>utriusque</span> <span class='ocrx_word' id='word_1_599' title='bbox 2567 4333 2754 4401; x_wconf 88' lang='lat' dir='ltr'>partes</span> <span class='ocrx_word' id='word_1_600' title='bbox 2798 4330 3136 4392; x_wconf 89' lang='lat' dir='ltr'>altrinsecus</span> <span class='ocrx_word' id='word_1_601' title='bbox 3183 4313 3390 4394; x_wconf 68' lang='lat' dir='ltr'>contra</span> <span class='ocrx_word' id='word_1_602' title='bbox 3433 4353 3494 4396; x_wconf 91' lang='lat' dir='ltr'>se</span> <span class='ocrx_word' id='word_1_603' title='bbox 3544 4341 3734 4412; x_wconf 90' lang='lat' dir='ltr'>posuit</span> 
     </span>
    </p>
   </div>
   <div class='ocr_carea' id='block_1_79' title="bbox 309 4403 3232 4494">
    <p class='ocr_par' dir='ltr' id='par_1_79' title="bbox 309 4403 3232 4494">
     <span class='ocr_line' id='line_1_79' title="bbox 309 4403 3232 4494; baseline 0.006 -31"><span class='ocrx_word' id='word_1_604' title='bbox 309 4406 614 4481; x_wconf 84' lang='lat' dir='ltr'>proximos</span> <span class='ocrx_word' id='word_1_605' title='bbox 632 4406 842 4481; x_wconf 91' lang='lat' dir='ltr'>jurgiis</span> <span class='ocrx_word' id='word_1_606' title='bbox 871 4410 928 4464; x_wconf 92' lang='lat' dir='ltr'>et</span> <span class='ocrx_word' id='word_1_607' title='bbox 953 4405 1420 4464; x_wconf 87' lang='lat' dir='ltr'>contentionibus</span> <span class='ocrx_word' id='word_1_608' title='bbox 1449 4405 1717 4474; x_wconf 68' lang='lat' dir='ltr'>saeviunt,</span> <span class='ocrx_word' id='word_1_609' title='bbox 1749 4403 1839 4494; x_wconf 88' lang='lat' dir='ltr'>vel</span> <span class='ocrx_word' id='word_1_610' title='bbox 1865 4409 2016 4494; x_wconf 84' lang='lat' dir='ltr'>certe</span> <span class='ocrx_word' id='word_1_611' title='bbox 2096 4426 2234 4471; x_wconf 82' lang='lat' dir='ltr'>aves</span> <span class='ocrx_word' id='word_1_612' title='bbox 2262 4420 2456 4473; x_wconf 89' lang='lat' dir='ltr'>autem</span> <span class='ocrx_word' id='word_1_613' title='bbox 2493 4430 2609 4474; x_wconf 90' lang='lat' dir='ltr'>non</span> <span class='ocrx_word' id='word_1_614' title='bbox 2636 4414 2834 4475; x_wconf 89' lang='lat' dir='ltr'>divisit</span> <span class='ocrx_word' id='word_1_615' title='bbox 2862 4419 3011 4490; x_wconf 87' lang='lat' dir='ltr'>(Gen.</span> <span class='ocrx_word' id='word_1_616' title='bbox 3043 4421 3170 4494; x_wconf 91' lang='lat' dir='ltr'><strong>XV).</strong></span> <span class='ocrx_word' id='word_1_617' title='bbox 3211 4443 3232 4473; x_wconf 79' lang='grc' dir='ltr'><strong><em>ι</em></strong></span> 
     </span>
    </p>
   </div>
   <div class='ocr_carea' id='block_1_80' title="bbox 309 4493 2014 4556">
    <p class='ocr_par' dir='ltr' id='par_1_80' title="bbox 309 4493 2014 4556">
     <span class='ocr_line' id='line_1_80' title="bbox 309 4493 2014 4556; baseline -0.002 0"><span class='ocrx_word' id='word_1_618' title='bbox 309 4497 550 4556; x_wconf 89' lang='lat' dir='ltr'>occultis</span> <span class='ocrx_word' id='word_1_619' title='bbox 599 4497 878 4555; x_wconf 89' lang='lat' dir='ltr'>adversus</span> <span class='ocrx_word' id='word_1_620' title='bbox 950 4511 1046 4554; x_wconf 91' lang='lat' dir='ltr'>eos</span> <span class='ocrx_word' id='word_1_621' title='bbox 1109 4496 1376 4555; x_wconf 90' lang='lat' dir='ltr'>odiorum</span> <span class='ocrx_word' id='word_1_622' title='bbox 1432 4494 1731 4555; x_wconf 88' lang='lat' dir='ltr'>fomitibus</span> <span class='ocrx_word' id='word_1_623' title='bbox 1786 4493 2014 4552; x_wconf 90' lang='lat' dir='ltr'>inarde-</span> 
     </span>
    </p>
   </div>
   <div class='ocr_carea' id='block_1_81' title="bbox 309 4583 2013 4658">
    <p class='ocr_par' dir='ltr' id='par_1_81' title="bbox 309 4583 2013 4658">
     <span class='ocr_line' id='line_1_81' title="bbox 309 4583 2013 4658; baseline -0.002 -14"><span class='ocrx_word' id='word_1_624' title='bbox 309 4592 496 4644; x_wconf 88' lang='lat' dir='ltr'>scunt.</span> <span class='ocrx_word' id='word_1_625' title='bbox 550 4588 625 4643; x_wconf 91' lang='lat' dir='ltr'>At</span> <span class='ocrx_word' id='word_1_626' title='bbox 669 4591 884 4655; x_wconf 87' lang='lat' dir='ltr'>contra,</span> <span class='ocrx_word' id='word_1_627' title='bbox 919 4585 1020 4658; x_wconf 93' lang='lat' dir='ltr'>qui</span> <span class='ocrx_word' id='word_1_628' title='bbox 1071 4600 1194 4643; x_wconf 90' lang='lat' dir='ltr'>sese</span> <span class='ocrx_word' id='word_1_629' title='bbox 1243 4584 1305 4643; x_wconf 93' lang='lat' dir='ltr'>in</span> <span class='ocrx_word' id='word_1_630' title='bbox 1350 4585 1533 4644; x_wconf 89' lang='lat' dir='ltr'>altum</span> <span class='ocrx_word' id='word_1_631' title='bbox 1577 4584 1822 4642; x_wconf 76' lang='lat' dir='ltr'>caelestis</span> <span class='ocrx_word' id='word_1_632' title='bbox 1861 4583 2013 4642; x_wconf 84' lang='lat' dir='ltr'>desi-</span> 
     </span>
    </p>
   </div>
   <div class='ocr_carea' id='block_1_82' title="bbox 305 4669 2009 4745">
    <p class='ocr_par' dir='ltr' id='par_1_82' title="bbox 305 4669 2009 4745">
     <span class='ocr_line' id='line_1_82' title="bbox 305 4669 2009 4745; baseline -0.002 -15"><span class='ocrx_word' id='word_1_633' title='bbox 305 4672 453 4732; x_wconf 89' lang='lat' dir='ltr'>derii</span> <span class='ocrx_word' id='word_1_634' title='bbox 490 4671 689 4745; x_wconf 85' lang='lat' dir='ltr'>pluma</span> <span class='ocrx_word' id='word_1_635' title='bbox 731 4671 1066 4742; x_wconf 91' lang='lat' dir='ltr'>sustollunt,</span> <span class='ocrx_word' id='word_1_636' title='bbox 1094 4671 1235 4729; x_wconf 92' lang='lat' dir='ltr'>dum</span> <span class='ocrx_word' id='word_1_637' title='bbox 1262 4671 1610 4730; x_wconf 89' lang='lat' dir='ltr'>sacriﬁcium</span> <span class='ocrx_word' id='word_1_638' title='bbox 1656 4669 1774 4728; x_wconf 92' lang='lat' dir='ltr'>Deo</span> <span class='ocrx_word' id='word_1_639' title='bbox 1802 4674 2009 4728; x_wconf 87' lang='lat' dir='ltr'>semet-</span> 
     </span>
    </p>
   </div>
   <div class='ocr_carea' id='block_1_83' title="bbox 304 4759 2011 4836">
    <p class='ocr_par' dir='ltr' id='par_1_83' title="bbox 304 4759 2011 4836">
     <span class='ocr_line' id='line_1_83' title="bbox 304 4759 2011 4836; baseline -0.002 -16"><span class='ocrx_word' id='word_1_640' title='bbox 304 4763 460 4836; x_wconf 87' lang='lat' dir='ltr'>ipsos</span> <span class='ocrx_word' id='word_1_641' title='bbox 511 4763 782 4834; x_wconf 81' lang='lat' dir='ltr'>oﬂ‘erunt,</span> <span class='ocrx_word' id='word_1_642' title='bbox 847 4777 881 4818; x_wconf 94' lang='lat' dir='ltr'>a</span> <span class='ocrx_word' id='word_1_643' title='bbox 933 4766 1156 4821; x_wconf 59' lang='lat' dir='ltr'>mutuae</span> <span class='ocrx_word' id='word_1_644' title='bbox 1210 4761 1533 4820; x_wconf 88' lang='lat' dir='ltr'>dilectionis</span> <span class='ocrx_word' id='word_1_645' title='bbox 1601 4759 1825 4834; x_wconf 88' lang='lat' dir='ltr'>glutino</span> <span class='ocrx_word' id='word_1_646' title='bbox 1894 4774 2011 4818; x_wconf 88' lang='lat' dir='ltr'>non</span> 
     </span>
    </p>
   </div>
   <div class='ocr_carea' id='block_1_84' title="bbox 305 4851 600 4910">
    <p class='ocr_par' dir='ltr' id='par_1_84' title="bbox 305 4851 600 4910">
     <span class='ocr_line' id='line_1_84' title="bbox 305 4851 600 4910; baseline 0.007 -2"><span class='ocrx_word' id='word_1_647' title='bbox 305 4851 600 4910; x_wconf 88' lang='lat' dir='ltr'>recedunt.</span> 
     </span>
    </p>
   </div>
   <div class='ocr_carea' id='block_1_85' title="bbox 951 4917 1376 4979">
    <p class='ocr_par' dir='ltr' id='par_1_85' title="bbox 951 4917 1376 4979">
     <span class='ocr_line' id='line_1_85' title="bbox 951 4917 1376 4979; baseline -0.002 -1"><span class='ocrx_word' id='word_1_648' title='bbox 951 4917 1194 4979; x_wconf 85' lang='lat' dir='ltr'>CAPUT</span> <span class='ocrx_word' id='word_1_649' title='bbox 1223 4919 1376 4978; x_wconf 84' lang='lat' dir='ltr'>XXI.</span> 
     </span>
    </p>
   </div>
   <div class='ocr_carea' id='block_1_86' title="bbox 413 5017 1898 5092">
    <p class='ocr_par' dir='ltr' id='par_1_86' title="bbox 413 5017 1898 5092">
     <span class='ocr_line' id='line_1_86' title="bbox 413 5017 1898 5092; baseline -0.003 -15"><span class='ocrx_word' id='word_1_650' title='bbox 413 5023 476 5077; x_wconf 88' lang='lat' dir='ltr'>In</span> <span class='ocrx_word' id='word_1_651' title='bbox 505 5020 735 5092; x_wconf 72' lang='lat' dir='ltr'>epistola</span> <span class='ocrx_word' id='word_1_652' title='bbox 763 5019 838 5076; x_wconf 84' lang='lat' dir='ltr'>ad</span> <span class='ocrx_word' id='word_1_653' title='bbox 864 5019 1207 5075; x_wconf 74' lang='lat' dir='ltr'>Desiderium</span> <span class='ocrx_word' id='word_1_654' title='bbox 1249 5019 1499 5074; x_wconf 85' lang='lat' dir='ltr'>abbatem</span> <span class='ocrx_word' id='word_1_655' title='bbox 1539 5017 1898 5075; x_wconf 80' lang='lat' dir='ltr'>Casinensem.</span> 
     </span>
    </p>
   </div>
   <div class='ocr_carea' id='block_1_87' title="bbox 376 5123 2008 5201">
    <p class='ocr_par' dir='ltr' id='par_1_87' title="bbox 376 5123 2008 5201">
     <span class='ocr_line' id='line_1_87' title="bbox 376 5123 2008 5201; baseline -0.002 -16"><span class='ocrx_word' id='word_1_656' title='bbox 376 5126 615 5201; x_wconf 87' lang='lat' dir='ltr'>Maligni</span> <span class='ocrx_word' id='word_1_657' title='bbox 666 5127 922 5201; x_wconf 87' lang='lat' dir='ltr'>spiritus,</span> <span class='ocrx_word' id='word_1_658' title='bbox 976 5125 1068 5186; x_wconf 91' lang='lat' dir='ltr'>vel</span> <span class='ocrx_word' id='word_1_659' title='bbox 1113 5126 1398 5184; x_wconf 89' lang='lat' dir='ltr'>orationes</span> <span class='ocrx_word' id='word_1_660' title='bbox 1439 5129 1661 5183; x_wconf 89' lang='lat' dir='ltr'>nostras</span> <span class='ocrx_word' id='word_1_661' title='bbox 1692 5123 1884 5196; x_wconf 91' lang='lat' dir='ltr'>pravis</span> <span class='ocrx_word' id='word_1_662' title='bbox 1913 5137 2008 5182; x_wconf 85' lang='lat' dir='ltr'>co-</span> 
     </span>
    </p>
   </div>
   <div class='ocr_carea' id='block_1_88' title="bbox 299 5209 2008 5289">
    <p class='ocr_par' dir='ltr' id='par_1_88' title="bbox 299 5209 2008 5289">
     <span class='ocr_line' id='line_1_88' title="bbox 299 5209 2008 5289; baseline -0.002 -16"><span class='ocrx_word' id='word_1_663' title='bbox 299 5214 676 5289; x_wconf 86' lang='lat' dir='ltr'>gitationibus</span> <span class='ocrx_word' id='word_1_664' title='bbox 704 5215 982 5289; x_wconf 87' lang='lat' dir='ltr'>polluere,</span> <span class='ocrx_word' id='word_1_665' title='bbox 1018 5214 1110 5274; x_wconf 91' lang='lat' dir='ltr'>vel</span> <span class='ocrx_word' id='word_1_666' title='bbox 1156 5229 1326 5288; x_wconf 87' lang='lat' dir='ltr'>opera</span> <span class='ocrx_word' id='word_1_667' title='bbox 1369 5214 1518 5272; x_wconf 89' lang='lat' dir='ltr'>bona</span> <span class='ocrx_word' id='word_1_668' title='bbox 1551 5212 1766 5285; x_wconf 88' lang='lat' dir='ltr'>peccati</span> <span class='ocrx_word' id='word_1_669' title='bbox 1813 5209 2008 5284; x_wconf 89' lang='lat' dir='ltr'>cujus-</span> 
     </span>
    </p>
   </div>
   <div class='ocr_carea' id='block_1_89' title="bbox 297 5301 2008 5375">
    <p class='ocr_par' dir='ltr' id='par_1_89' title="bbox 297 5301 2008 5375">
     <span class='ocr_line' id='line_1_89' title="bbox 297 5301 2008 5375; baseline -0.002 -14"><span class='ocrx_word' id='word_1_670' title='bbox 297 5302 444 5361; x_wconf 87' lang='lat' dir='ltr'>libet</span> <span class='ocrx_word' id='word_1_671' title='bbox 522 5301 952 5362; x_wconf 89' lang='lat' dir='ltr'>attaminatione</span> <span class='ocrx_word' id='word_1_672' title='bbox 1031 5317 1396 5375; x_wconf 89' lang='lat' dir='ltr'>corrumpere</span> <span class='ocrx_word' id='word_1_673' title='bbox 1478 5303 1765 5360; x_wconf 90' lang='lat' dir='ltr'>nituntur.</span> <span class='ocrx_word' id='word_1_674' title='bbox 1851 5301 2008 5359; x_wconf 90' lang='lat' dir='ltr'>Unde</span> 
     </span>
    </p>
   </div>
   <div class='ocr_carea' id='block_1_90' title="bbox 300 5389 2008 5466">
    <p class='ocr_par' dir='ltr' id='par_1_90' title="bbox 300 5389 2008 5466">
     <span class='ocr_line' id='line_1_90' title="bbox 300 5389 2008 5466; baseline -0.001 -17"><span class='ocrx_word' id='word_1_675' title='bbox 300 5391 584 5466; x_wconf 89' lang='lat' dir='ltr'>scriptum</span> <span class='ocrx_word' id='word_1_676' title='bbox 614 5397 697 5450; x_wconf 91' lang='lat' dir='ltr'>est</span> <span class='ocrx_word' id='word_1_677' title='bbox 725 5391 882 5465; x_wconf 90' lang='lat' dir='ltr'>quia,</span> <span class='ocrx_word' id='word_1_678' title='bbox 919 5417 944 5441; x_wconf 89' lang='grc'>‹‹</span> <span class='ocrx_word' id='word_1_679' title='bbox 975 5406 1107 5450; x_wconf 90' lang='lat' dir='ltr'>cum</span> <span class='ocrx_word' id='word_1_680' title='bbox 1155 5391 1444 5448; x_wconf 86' lang='lat' dir='ltr'>Abraham</span> <span class='ocrx_word' id='word_1_681' title='bbox 1502 5390 1614 5449; x_wconf 90' lang='lat' dir='ltr'>Deo</span> <span class='ocrx_word' id='word_1_682' title='bbox 1662 5389 2008 5448; x_wconf 85' lang='lat' dir='ltr'>sacriﬁcium</span> 
     </span>
    </p>
   </div>
   <div class='ocr_carea' id='block_1_91' title="bbox 302 5479 2008 5554">
    <p class='ocr_par' dir='ltr' id='par_1_91' title="bbox 302 5479 2008 5554">
     <span class='ocr_line' id='line_1_91' title="bbox 302 5479 2008 5554; baseline -0.002 -14"><span class='ocrx_word' id='word_1_683' title='bbox 302 5481 378 5540; x_wconf 87' lang='lat' dir='ltr'>de</span> <span class='ocrx_word' id='word_1_684' title='bbox 429 5481 730 5554; x_wconf 87' lang='lat' dir='ltr'>pecoribus</span> <span class='ocrx_word' id='word_1_685' title='bbox 778 5487 832 5538; x_wconf 92' lang='lat' dir='ltr'>et</span> <span class='ocrx_word' id='word_1_686' title='bbox 870 5481 1200 5540; x_wconf 91' lang='lat' dir='ltr'>volucribus</span> <span class='ocrx_word' id='word_1_687' title='bbox 1238 5480 1478 5539; x_wconf 85' lang='lat' dir='ltr'>devotus</span> <span class='ocrx_word' id='word_1_688' title='bbox 1523 5480 1740 5551; x_wconf 73' lang='lat' dir='ltr'>offeret,</span> <span class='ocrx_word' id='word_1_689' title='bbox 1773 5479 2008 5537; x_wconf 89' lang='lat' dir='ltr'>descen-</span> 
     </span>
    </p>
   </div>
   <div class='ocr_carea' id='block_1_92' title="bbox 304 5566 2013 5642">
    <p class='ocr_par' dir='ltr' id='par_1_92' title="bbox 304 5566 2013 5642">
     <span class='ocr_line' id='line_1_92' title="bbox 304 5566 2013 5642; baseline -0.002 -15"><span class='ocrx_word' id='word_1_690' title='bbox 304 5569 518 5627; x_wconf 88' lang='lat' dir='ltr'>derunt</span> <span class='ocrx_word' id='word_1_691' title='bbox 580 5570 844 5627; x_wconf 90' lang='lat' dir='ltr'>volucres</span> <span class='ocrx_word' id='word_1_692' title='bbox 906 5585 1078 5642; x_wconf 87' lang='lat' dir='ltr'>super</span> <span class='ocrx_word' id='word_1_693' title='bbox 1142 5569 1438 5640; x_wconf 88' lang='lat' dir='ltr'>cadavera,</span> <span class='ocrx_word' id='word_1_694' title='bbox 1491 5573 1546 5626; x_wconf 92' lang='lat' dir='ltr'>et</span> <span class='ocrx_word' id='word_1_695' title='bbox 1606 5566 1870 5641; x_wconf 87' lang='lat' dir='ltr'>abigebat</span> <span class='ocrx_word' id='word_1_696' title='bbox 1919 5580 2013 5624; x_wconf 89' lang='lat' dir='ltr'>eas</span> 
     </span>
    </p>
   </div>
   <div class='ocr_carea' id='block_1_93' title="bbox 306 5657 2012 5733">
    <p class='ocr_par' dir='ltr' id='par_1_93' title="bbox 306 5657 2012 5733">
     <span class='ocr_line' id='line_1_93' title="bbox 306 5657 2012 5733; baseline -0.001 -15"><span class='ocrx_word' id='word_1_697' title='bbox 306 5660 602 5718; x_wconf 90' lang='lat' dir='ltr'>Abraham</span> <span class='ocrx_word' id='word_1_698' title='bbox 637 5661 788 5733; x_wconf 81' lang='lat' dir='ltr'>(Gen.</span> <span class='ocrx_word' id='word_1_699' title='bbox 822 5665 946 5728; x_wconf 86' lang='lat' dir='ltr'><strong>XV).</strong></span> <span class='ocrx_word' id='word_1_700' title='bbox 983 5685 1010 5709; x_wconf 70' lang='grc' dir='ltr'><strong>η</strong></span> <span class='ocrx_word' id='word_1_701' title='bbox 1060 5659 1208 5730; x_wconf 86' lang='lat' dir='ltr'>Quid</span> <span class='ocrx_word' id='word_1_702' title='bbox 1254 5660 1409 5718; x_wconf 91' lang='lat' dir='ltr'>enim</span> <span class='ocrx_word' id='word_1_703' title='bbox 1462 5660 1799 5733; x_wconf 85' lang='lat' dir='ltr'>exprimunt</span> <span class='ocrx_word' id='word_1_704' title='bbox 1844 5657 2012 5716; x_wconf 90' lang='lat' dir='ltr'>volu-</span> 
     </span>
    </p>
   </div>
   <div class='ocr_carea' id='block_1_94' title="bbox 307 5744 2016 5824">
    <p class='ocr_par' dir='ltr' id='par_1_94' title="bbox 307 5744 2016 5824">
     <span class='ocr_line' id='line_1_94' title="bbox 307 5744 2016 5824; baseline -0.002 -16"><span class='ocrx_word' id='word_1_705' title='bbox 307 5765 456 5822; x_wconf 89' lang='lat' dir='ltr'>cres,</span> <span class='ocrx_word' id='word_1_706' title='bbox 503 5749 616 5808; x_wconf 89' lang='lat' dir='ltr'>nisi</span> <span class='ocrx_word' id='word_1_707' title='bbox 654 5748 921 5824; x_wconf 88' lang='lat' dir='ltr'>reprobos</span> <span class='ocrx_word' id='word_1_708' title='bbox 971 5749 1205 5822; x_wconf 87' lang='lat' dir='ltr'>spiritus</span> <span class='ocrx_word' id='word_1_709' title='bbox 1239 5765 1340 5822; x_wconf 90' lang='lat' dir='ltr'>per</span> <span class='ocrx_word' id='word_1_710' title='bbox 1367 5764 1498 5807; x_wconf 89' lang='lat' dir='ltr'>aera</span> <span class='ocrx_word' id='word_1_711' title='bbox 1528 5748 1879 5807; x_wconf 90' lang='lat' dir='ltr'>volitantes?</span> <span class='ocrx_word' id='word_1_712' title='bbox 1909 5744 2016 5805; x_wconf 82' lang='lat' dir='ltr'>Vo-</span> 
     </span>
    </p>
   </div>
   <div class='ocr_carea' id='block_1_95' title="bbox 311 5837 2014 5920">
    <p class='ocr_par' dir='ltr' id='par_1_95' title="bbox 311 5837 2014 5920">
     <span class='ocr_line' id='line_1_95' title="bbox 311 5837 2014 5920; baseline -0.002 -22"><span class='ocrx_word' id='word_1_713' title='bbox 311 5840 501 5900; x_wconf 89' lang='lat' dir='ltr'>lucres</span> <span class='ocrx_word' id='word_1_714' title='bbox 548 5856 682 5916; x_wconf 89' lang='lat' dir='ltr'>ergo</span> <span class='ocrx_word' id='word_1_715' title='bbox 729 5855 763 5897; x_wconf 92' lang='lat' dir='ltr'>a</span> <span class='ocrx_word' id='word_1_716' title='bbox 807 5837 1085 5897; x_wconf 87' lang='lat' dir='ltr'>sacriﬁcio</span> <span class='ocrx_word' id='word_1_717' title='bbox 1118 5842 1312 5897; x_wconf 87' lang='lat' dir='ltr'>nostro</span> <span class='ocrx_word' id='word_1_718' title='bbox 1340 5837 1691 5912; x_wconf 89' lang='lat' dir='ltr'>repellimus,</span> <span class='ocrx_word' id='word_1_719' title='bbox 1721 5851 2014 5920; x_wconf 75' lang='lat' dir='ltr'>cumera-</span> 
     </span>
    </p>
   </div>
   <div class='ocr_carea' id='block_1_96' title="bbox 602 5951 1112 6016">
    <p class='ocr_par' dir='ltr' id='par_1_96' title="bbox 602 5951 1112 6016">
     <span class='ocr_line' id='line_1_96' title="bbox 602 5951 1112 6016; baseline -0.008 -1"><span class='ocrx_word' id='word_1_720' title='bbox 602 5954 855 6016; x_wconf 70' lang='lat' dir='ltr'>PATROL.</span> <span class='ocrx_word' id='word_1_721' title='bbox 897 5951 1112 6012; x_wconf 78' lang='lat' dir='ltr'><strong>CXLV.</strong></span> 
     </span>
    </p>
   </div>
   <div class='ocr_carea' id='block_1_97' title="bbox 2702 4561 3193 4627">
    <p class='ocr_par' dir='ltr' id='par_1_97' title="bbox 2702 4561 3193 4627">
     <span class='ocr_line' id='line_1_97' title="bbox 2702 4561 3193 4627; baseline 0.016 -8"><span class='ocrx_word' id='word_1_722' title='bbox 2702 4561 2946 4621; x_wconf 90' lang='lat' dir='ltr'>CAPUT</span> <span class='ocrx_word' id='word_1_723' title='bbox 2980 4565 3193 4627; x_wconf 88' lang='lat' dir='ltr'>XXIII.</span> 
     </span>
    </p>
   </div>
   <div class='ocr_carea' id='block_1_98' title="bbox 2092 4655 3795 4729">
    <p class='ocr_par' dir='ltr' id='par_1_98' title="bbox 2092 4655 3795 4729">
     <span class='ocr_line' id='line_1_98' title="bbox 2092 4655 3795 4729; baseline 0.011 -20"><span class='ocrx_word' id='word_1_724' title='bbox 2092 4655 2158 4709; x_wconf 88' lang='lat' dir='ltr'>In</span> <span class='ocrx_word' id='word_1_725' title='bbox 2197 4657 2427 4728; x_wconf 78' lang='lat' dir='ltr'>epistola</span> <span class='ocrx_word' id='word_1_726' title='bbox 2463 4655 2537 4712; x_wconf 83' lang='lat' dir='ltr'>ad</span> <span class='ocrx_word' id='word_1_727' title='bbox 2570 4657 2794 4712; x_wconf 81' lang='lat' dir='ltr'>Leonem</span> <span class='ocrx_word' id='word_1_728' title='bbox 2832 4675 3058 4729; x_wconf 84' lang='lat' dir='ltr'>papam,</span> <span class='ocrx_word' id='word_1_729' title='bbox 3101 4662 3200 4716; x_wconf 75' lang='lat' dir='ltr'>ubi</span> <span class='ocrx_word' id='word_1_730' title='bbox 3232 4669 3544 4723; x_wconf 82' lang='lat' dir='ltr'>accusatum</span> <span class='ocrx_word' id='word_1_731' title='bbox 3586 4684 3643 4725; x_wconf 88' lang='lat' dir='ltr'>se</span> <span class='ocrx_word' id='word_1_732' title='bbox 3683 4685 3795 4728; x_wconf 83' lang='lat' dir='ltr'>esse</span> 
     </span>
    </p>
   </div>
   <div class='ocr_carea' id='block_1_99' title="bbox 2763 4752 3127 4817">
    <p class='ocr_par' dir='ltr' id='par_1_99' title="bbox 2763 4752 3127 4817">
     <span class='ocr_line' id='line_1_99' title="bbox 2763 4752 3127 4817; baseline 0.011 -15"><span class='ocrx_word' id='word_1_733' title='bbox 2763 4752 3127 4817; x_wconf 78' lang='lat' dir='ltr'>conqueritur.</span> 
     </span>
    </p>
   </div>
   <div class='ocr_carea' id='block_1_100' title="bbox 2169 4844 3788 4938">
    <p class='ocr_par' dir='ltr' id='par_1_100' title="bbox 2169 4844 3788 4938">
     <span class='ocr_line' id='line_1_100' title="bbox 2169 4844 3788 4938; baseline 0.012 -33"><span class='ocrx_word' id='word_1_734' title='bbox 2169 4844 2229 4906; x_wconf 90' lang='lat' dir='ltr'>Si</span> <span class='ocrx_word' id='word_1_735' title='bbox 2288 4845 2569 4938; x_wconf 74' lang='lat' dir='ltr'>creatoris</span> <span class='ocrx_word' id='word_1_736' title='bbox 2619 4848 2797 4938; x_wconf 86' lang='lat' dir='ltr'>nostri</span> <span class='ocrx_word' id='word_1_737' title='bbox 2853 4849 3000 4908; x_wconf 90' lang='lat' dir='ltr'>facta</span> <span class='ocrx_word' id='word_1_738' title='bbox 3058 4851 3360 4925; x_wconf 86' lang='lat' dir='ltr'>vigilanter</span> <span class='ocrx_word' id='word_1_739' title='bbox 3404 4861 3788 4938; x_wconf 90' lang='lat' dir='ltr'>attendamus,</span> 
     </span>
    </p>
   </div>
   <div class='ocr_carea' id='block_1_101' title="bbox 2093 4935 3793 5013">
    <p class='ocr_par' dir='ltr' id='par_1_101' title="bbox 2093 4935 3793 5013">
     <span class='ocr_line' id='line_1_101' title="bbox 2093 4935 3793 5013; baseline 0.012 -22"><span class='ocrx_word' id='word_1_740' title='bbox 2093 4935 2164 4993; x_wconf 90' lang='lat' dir='ltr'>ad</span> <span class='ocrx_word' id='word_1_741' title='bbox 2211 4935 2491 4993; x_wconf 89' lang='lat' dir='ltr'>credenda</span> <span class='ocrx_word' id='word_1_742' title='bbox 2539 4936 2849 5010; x_wconf 88' lang='lat' dir='ltr'>cujuslibet</span> <span class='ocrx_word' id='word_1_743' title='bbox 2885 4939 3037 4997; x_wconf 88' lang='lat' dir='ltr'>mala</span> <span class='ocrx_word' id='word_1_744' title='bbox 3091 4941 3262 5000; x_wconf 90' lang='lat' dir='ltr'>ﬁdem</span> <span class='ocrx_word' id='word_1_745' title='bbox 3305 4945 3579 5006; x_wconf 82' lang='lat' dir='ltr'>adhibere</span> <span class='ocrx_word' id='word_1_746' title='bbox 3625 4935 3793 5013; x_wconf 85' lang='lat' dir='ltr'>facile</span> 
     </span>
    </p>
   </div>
   <div class='ocr_carea' id='block_1_102' title="bbox 2088 5027 3792 5114">
    <p class='ocr_par' dir='ltr' id='par_1_102' title="bbox 2088 5027 3792 5114">
     <span class='ocr_line' id='line_1_102' title="bbox 2088 5027 3792 5114; baseline 0.011 -30"><span class='ocrx_word' id='word_1_747' title='bbox 2088 5043 2204 5085; x_wconf 94' lang='lat' dir='ltr'>non</span> <span class='ocrx_word' id='word_1_748' title='bbox 2236 5027 2548 5100; x_wconf 84' lang='lat' dir='ltr'>debemus;</span> <span class='ocrx_word' id='word_1_749' title='bbox 2580 5028 2702 5102; x_wconf 91' lang='lat' dir='ltr'>ipse</span> <span class='ocrx_word' id='word_1_750' title='bbox 2725 5029 2904 5101; x_wconf 87' lang='lat' dir='ltr'>enim,</span> <span class='ocrx_word' id='word_1_751' title='bbox 2928 5031 3095 5106; x_wconf 88' lang='lat' dir='ltr'>cujus</span> <span class='ocrx_word' id='word_1_752' title='bbox 3122 5031 3302 5092; x_wconf 90' lang='lat' dir='ltr'>oculis</span> <span class='ocrx_word' id='word_1_753' title='bbox 3332 5037 3486 5095; x_wconf 89' lang='lat' dir='ltr'>nuda</span> <span class='ocrx_word' id='word_1_754' title='bbox 3514 5044 3568 5096; x_wconf 89' lang='lat' dir='ltr'>et</span> <span class='ocrx_word' id='word_1_755' title='bbox 3597 5049 3792 5114; x_wconf 86' lang='lat' dir='ltr'>aperta</span> 
     </span>
    </p>
   </div>
   <div class='ocr_carea' id='block_1_103' title="bbox 2090 5116 3791 5198">
    <p class='ocr_par' dir='ltr' id='par_1_103' title="bbox 2090 5116 3791 5198">
     <span class='ocr_line' id='line_1_103' title="bbox 2090 5116 3791 5198; baseline 0.009 -24"><span class='ocrx_word' id='word_1_756' title='bbox 2090 5121 2226 5174; x_wconf 91' lang='lat' dir='ltr'>sunt</span> <span class='ocrx_word' id='word_1_757' title='bbox 2261 5116 2477 5187; x_wconf 90' lang='lat' dir='ltr'>omnia,</span> <span class='ocrx_word' id='word_1_758' title='bbox 2508 5132 2627 5175; x_wconf 90' lang='lat' dir='ltr'>non</span> <span class='ocrx_word' id='word_1_759' title='bbox 2663 5117 3006 5193; x_wconf 91' lang='lat' dir='ltr'>dedignatus</span> <span class='ocrx_word' id='word_1_760' title='bbox 3043 5128 3145 5192; x_wconf 92' lang='lat' dir='ltr'>est,</span> <span class='ocrx_word' id='word_1_761' title='bbox 3183 5138 3318 5180; x_wconf 93' lang='lat' dir='ltr'>cum</span> <span class='ocrx_word' id='word_1_762' title='bbox 3351 5124 3681 5198; x_wconf 87' lang='lat' dir='ltr'>loqueretur</span> <span class='ocrx_word' id='word_1_763' title='bbox 3719 5133 3791 5192; x_wconf 91' lang='lat' dir='ltr'>ad</span> 
     </span>
    </p>
   </div>
   <div class='ocr_carea' id='block_1_104' title="bbox 2089 5207 3788 5290">
    <p class='ocr_par' dir='ltr' id='par_1_104' title="bbox 2089 5207 3788 5290">
     <span class='ocr_line' id='line_1_104' title="bbox 2089 5207 3788 5290; baseline 0.008 -24"><span class='ocrx_word' id='word_1_764' title='bbox 2089 5207 2384 5266; x_wconf 89' lang='lat' dir='ltr'>Abraham</span> <span class='ocrx_word' id='word_1_765' title='bbox 2421 5222 2594 5280; x_wconf 90' lang='lat' dir='ltr'>super</span> <span class='ocrx_word' id='word_1_766' title='bbox 2642 5207 3025 5269; x_wconf 90' lang='lat' dir='ltr'>Sodomorum</span> <span class='ocrx_word' id='word_1_767' title='bbox 3075 5211 3341 5285; x_wconf 91' lang='lat' dir='ltr'>clamore,</span> <span class='ocrx_word' id='word_1_768' title='bbox 3387 5217 3490 5290; x_wconf 90' lang='lat' dir='ltr'>qui</span> <span class='ocrx_word' id='word_1_769' title='bbox 3539 5218 3610 5275; x_wconf 90' lang='lat' dir='ltr'>ad</span> <span class='ocrx_word' id='word_1_770' title='bbox 3650 5236 3788 5281; x_wconf 91' lang='lat' dir='ltr'>eum</span> 
     </span>
    </p>
   </div>
   <div class='ocr_carea' id='block_1_105' title="bbox 2091 5297 3790 5370">
    <p class='ocr_par' dir='ltr' id='par_1_105' title="bbox 2091 5297 3790 5370">
     <span class='ocr_line' id='line_1_105' title="bbox 2091 5297 3790 5370; baseline 0.008 -14"><span class='ocrx_word' id='word_1_771' title='bbox 2091 5305 2326 5356; x_wconf 89' lang='lat' dir='ltr'>venerat</span> <span class='ocrx_word' id='word_1_772' title='bbox 2366 5297 2554 5355; x_wconf 87' lang='lat' dir='ltr'>dicere</span> <span class='ocrx_word' id='word_1_773' title='bbox 2584 5317 2596 5356; x_wconf 88' lang='lat'>:</span> <span class='ocrx_word' id='word_1_774' title='bbox 2639 5322 2665 5349; x_wconf 74' lang='grc' dir='ltr'><strong>α</strong></span> <span class='ocrx_word' id='word_1_775' title='bbox 2698 5298 3074 5370; x_wconf 90' lang='lat' dir='ltr'>Descendam,</span> <span class='ocrx_word' id='word_1_776' title='bbox 3109 5309 3162 5360; x_wconf 92' lang='lat' dir='ltr'>et</span> <span class='ocrx_word' id='word_1_777' title='bbox 3198 5303 3406 5363; x_wconf 89' lang='lat' dir='ltr'>videbo</span> <span class='ocrx_word' id='word_1_778' title='bbox 3438 5313 3635 5367; x_wconf 91' lang='lat' dir='ltr'>utrum</span> <span class='ocrx_word' id='word_1_779' title='bbox 3669 5311 3790 5369; x_wconf 91' lang='lat' dir='ltr'>cla-</span> 
     </span>
    </p>
   </div>
   <div class='ocr_carea' id='block_1_106' title="bbox 2091 5385 3791 5470">
    <p class='ocr_par' dir='ltr' id='par_1_106' title="bbox 2091 5385 3791 5470">
     <span class='ocr_line' id='line_1_106' title="bbox 2091 5385 3791 5470; baseline 0.009 -28"><span class='ocrx_word' id='word_1_780' title='bbox 2091 5400 2330 5455; x_wconf 87' lang='lat' dir='ltr'>morem,</span> <span class='ocrx_word' id='word_1_781' title='bbox 2369 5386 2472 5458; x_wconf 91' lang='lat' dir='ltr'>qui</span> <span class='ocrx_word' id='word_1_782' title='bbox 2519 5385 2677 5443; x_wconf 91' lang='lat' dir='ltr'>venit</span> <span class='ocrx_word' id='word_1_783' title='bbox 2721 5387 2791 5444; x_wconf 90' lang='lat' dir='ltr'>ad</span> <span class='ocrx_word' id='word_1_784' title='bbox 2841 5403 2953 5458; x_wconf 90' lang='lat' dir='ltr'>me,</span> <span class='ocrx_word' id='word_1_785' title='bbox 2994 5403 3164 5463; x_wconf 90' lang='lat' dir='ltr'>opere</span> <span class='ocrx_word' id='word_1_786' title='bbox 3201 5393 3612 5465; x_wconf 87' lang='lat' dir='ltr'>compleverint</span> <span class='ocrx_word' id='word_1_787' title='bbox 3639 5417 3652 5470; x_wconf 90' lang='lat'>;</span> <span class='ocrx_word' id='word_1_788' title='bbox 3684 5415 3791 5458; x_wconf 87' lang='lat' dir='ltr'>an-</span> 
     </span>
    </p>
   </div>
   <div class='ocr_carea' id='block_1_107' title="bbox 2094 5472 3791 5557">
    <p class='ocr_par' dir='ltr' id='par_1_107' title="bbox 2094 5472 3791 5557">
     <span class='ocr_line' id='line_1_107' title="bbox 2094 5472 3791 5557; baseline 0.009 -27"><span class='ocrx_word' id='word_1_789' title='bbox 2094 5488 2210 5530; x_wconf 91' lang='lat' dir='ltr'>non</span> <span class='ocrx_word' id='word_1_790' title='bbox 2241 5477 2325 5530; x_wconf 90' lang='lat' dir='ltr'>est</span> <span class='ocrx_word' id='word_1_791' title='bbox 2355 5472 2454 5543; x_wconf 90' lang='lat' dir='ltr'>ita,</span> <span class='ocrx_word' id='word_1_792' title='bbox 2496 5480 2562 5532; x_wconf 93' lang='lat' dir='ltr'>ut</span> <span class='ocrx_word' id='word_1_793' title='bbox 2594 5473 2769 5530; x_wconf 90' lang='lat' dir='ltr'>sciam</span> <span class='ocrx_word' id='word_1_794' title='bbox 2796 5477 2823 5530; x_wconf 74' lang='lat' dir='ltr'>‘i</span> <span class='ocrx_word' id='word_1_795' title='bbox 2854 5497 2880 5529; x_wconf 88' lang='lat'>»</span> <span class='ocrx_word' id='word_1_796' title='bbox 2914 5477 3066 5546; x_wconf 91' lang='lat' dir='ltr'>(Gen.</span> <span class='ocrx_word' id='word_1_797' title='bbox 3102 5483 3212 5550; x_wconf 89' lang='lat' dir='ltr'><strong>XI.)</strong></span> <span class='ocrx_word' id='word_1_798' title='bbox 3243 5479 3403 5550; x_wconf 91' lang='lat' dir='ltr'>Quod</span> <span class='ocrx_word' id='word_1_799' title='bbox 3441 5487 3690 5557; x_wconf 87' lang='lat' dir='ltr'>profecto</span> <span class='ocrx_word' id='word_1_800' title='bbox 3720 5489 3791 5546; x_wconf 88' lang='lat' dir='ltr'>ad</span> 
     </span>
    </p>
   </div>
   <div class='ocr_carea' id='block_1_108' title="bbox 2097 5561 3794 5638">
    <p class='ocr_par' dir='ltr' id='par_1_108' title="bbox 2097 5561 3794 5638">
     <span class='ocr_line' id='line_1_108' title="bbox 2097 5561 3794 5638; baseline 0.011 -19"><span class='ocrx_word' id='word_1_801' title='bbox 2097 5562 2175 5620; x_wconf 91' lang='lat' dir='ltr'>nil</span> <span class='ocrx_word' id='word_1_802' title='bbox 2221 5561 2381 5620; x_wconf 90' lang='lat' dir='ltr'>aliud</span> <span class='ocrx_word' id='word_1_803' title='bbox 2423 5562 2640 5621; x_wconf 93' lang='lat' dir='ltr'>dictum</span> <span class='ocrx_word' id='word_1_804' title='bbox 2686 5563 2934 5633; x_wconf 87' lang='lat' dir='ltr'>videtur,</span> <span class='ocrx_word' id='word_1_805' title='bbox 2978 5566 3089 5625; x_wconf 89' lang='lat' dir='ltr'>nisi</span> <span class='ocrx_word' id='word_1_806' title='bbox 3130 5575 3193 5627; x_wconf 92' lang='lat' dir='ltr'>ut</span> <span class='ocrx_word' id='word_1_807' title='bbox 3231 5570 3488 5632; x_wconf 90' lang='lat' dir='ltr'>humana</span> <span class='ocrx_word' id='word_1_808' title='bbox 3521 5575 3794 5638; x_wconf 89' lang='lat' dir='ltr'>doceatur</span> 
     </span>
    </p>
   </div>
   <div class='ocr_carea' id='block_1_109' title="bbox 2095 5653 3790 5741">
    <p class='ocr_par' dir='ltr' id='par_1_109' title="bbox 2095 5653 3790 5741">
     <span class='ocr_line' id='line_1_109' title="bbox 2095 5653 3790 5741; baseline 0.011 -31"><span class='ocrx_word' id='word_1_809' title='bbox 2095 5653 2436 5727; x_wconf 86' lang='lat' dir='ltr'>ignorantia,</span> <span class='ocrx_word' id='word_1_810' title='bbox 2497 5654 2623 5712; x_wconf 88' lang='lat' dir='ltr'>sine</span> <span class='ocrx_word' id='word_1_811' title='bbox 2676 5656 3089 5728; x_wconf 77' lang='lat' dir='ltr'>experimentis</span> <span class='ocrx_word' id='word_1_812' title='bbox 3135 5661 3330 5720; x_wconf 91' lang='lat' dir='ltr'>audita</span> <span class='ocrx_word' id='word_1_813' title='bbox 3373 5679 3490 5724; x_wconf 89' lang='lat' dir='ltr'>non</span> <span class='ocrx_word' id='word_1_814' title='bbox 3540 5669 3790 5741; x_wconf 89' lang='lat' dir='ltr'>credere,</span> 
     </span>
    </p>
   </div>
   <div class='ocr_carea' id='block_1_110' title="bbox 2094 5742 3794 5818">
    <p class='ocr_par' dir='ltr' id='par_1_110' title="bbox 2094 5742 3794 5818">
     <span class='ocr_line' id='line_1_110' title="bbox 2094 5742 3794 5818; baseline 0.009 -17"><span class='ocrx_word' id='word_1_815' title='bbox 2094 5743 2384 5817; x_wconf 88' lang='lat' dir='ltr'>incognita</span> <span class='ocrx_word' id='word_1_816' title='bbox 2423 5757 2538 5802; x_wconf 90' lang='lat' dir='ltr'>non</span> <span class='ocrx_word' id='word_1_817' title='bbox 2574 5742 2774 5802; x_wconf 88' lang='lat' dir='ltr'>leviter</span> <span class='ocrx_word' id='word_1_818' title='bbox 2808 5745 3082 5818; x_wconf 90' lang='lat' dir='ltr'>judicare,</span> <span class='ocrx_word' id='word_1_819' title='bbox 3131 5765 3236 5808; x_wconf 86' lang='lat' dir='ltr'>nec</span> <span class='ocrx_word' id='word_1_820' title='bbox 3275 5759 3409 5812; x_wconf 90' lang='lat' dir='ltr'>ante</span> <span class='ocrx_word' id='word_1_821' title='bbox 3453 5757 3794 5816; x_wconf 90' lang='lat' dir='ltr'>sententiam</span> 
     </span>
    </p>
   </div>
   <div class='ocr_carea' id='block_1_111' title="bbox 2097 5827 3722 5917">
    <p class='ocr_par' dir='ltr' id='par_1_111' title="bbox 2097 5827 3722 5917">
     <span class='ocr_line' id='line_1_111' title="bbox 2097 5827 3722 5917; baseline 0.006 -25"><span class='ocrx_word' id='word_1_822' title='bbox 2097 5849 2358 5908; x_wconf 90' lang='lat' dir='ltr'>promere</span> <span class='ocrx_word' id='word_1_823' title='bbox 2385 5850 2558 5908; x_wconf 90' lang='lat' dir='ltr'>quam</span> <span class='ocrx_word' id='word_1_824' title='bbox 2590 5851 2712 5893; x_wconf 88' lang='lat' dir='ltr'>rem</span> <span class='ocrx_word' id='word_1_825' title='bbox 2743 5837 2981 5896; x_wconf 88' lang='lat' dir='ltr'>dubiam</span> <span class='ocrx_word' id='word_1_826' title='bbox 3014 5827 3352 5901; x_wconf 81' lang='lat' dir='ltr'>testimoniis</span> <span class='ocrx_word' id='word_1_827' title='bbox 3388 5846 3722 5917; x_wconf 86' lang='lat' dir='ltr'>approbare.</span> 
     </span>
    </p>
   </div>
   <div class='ocr_carea' id='block_1_112' title="bbox 3450 5957 3516 6014">
    <p class='ocr_par' dir='ltr' id='par_1_112' title="bbox 3450 5957 3516 6014">
     <span class='ocr_line' id='line_1_112' title="bbox 3450 5957 3516 6014; baseline 0 0"><span class='ocrx_word' id='word_1_828' title='bbox 3450 5957 3516 6014; x_wconf 68' lang='lat'>32</span> 
     </span>
    </p>
   </div>
  </div>
