4028 6168
179 132 314 205 1003

783 263 1025 323 CAPUT
1062 263 1267 323 XXIV.

674 369 738 421 In
779 365 916 420 libro
953 365 1359 420 Gomorrhiano.

243 495 271 528 ‹‹
290 475 361 533 Et
380 488 526 542 ecce,
540 493 570 525 »
588 472 779 546 inquit
802 470 1023 543 Scripta
1034 486 1112 541 ra,
1133 493 1153 519 «ι
1180 458 1719 528 miserunt‘manum
1730 467 1866 541 viri,

166 571 223 622 et
251 563 707 622 introduxerunt
731 560 799 618 ad
833 575 892 616 se
923 559 1090 627 Loth,
1124 558 1576 633 clauseruntque
1609 560 1821 625 ostium
1848 576 1863 627 ;

166 661 222 711 et
259 668 375 723 eos,
416 651 516 724 qui
555 649 693 707 foris
730 653 913 716 erant,
953 655 1359 720 percusserunt
1391 646 1644 705 caecitate
1680 663 1714 704 a
1752 646 1866 704 mi—

165 745 326 802 nimo
374 757 559 815 usque
600 741 671 798 ad
723 737 1067 806 maximum,
1107 738 1186 795 ita
1239 745 1300 796 ut
1345 737 1557 795 ostium
1599 736 1867 794 invenire

163 849 282 891 non
313 838 539 905 possent
567 832 720 899 (Gen.
755 833 910 895 XIX).
951 851 972 878 -
1007 826 1319 886 Sodomitas
1361 841 1616 898 namque
1645 824 1716 883 ad
1761 840 1867 881 an-

160 922 319 995 gelos
363 926 647 979 conantur
685 918 968 993 violenter
1011 916 1352 989 irrumpere,
1396 930 1547 981 cum,
1577 912 1868 971 immundi

160 1009 429 1068 homines
456 1007 527 1065 ad
562 1002 873 1063 Dominum
911 1009 1133 1060 tentant
1168 1017 1268 1074 per
1300 1002 1447 1059 sacri
1475 1000 1699 1058 ordinis
1737 997 1864 1055 ofﬁ-

158 1098 245 1157 cia
300 1096 704 1171 propinquare.
768 1093 879 1153 Sed
936 1093 978 1150 ii
1037 1088 1288 1166 profecto
1348 1090 1598 1148 cmcitate
1659 1104 1865 1163 percu—

160 1188 383 1245 tiuntur
410 1205 425 1256 ;
455 1186 594 1259 quia
617 1185 773 1258 justo
789 1183 907 1249 .Dei
929 1182 1149 1254 judicio
1186 1182 1242 1239 in
1275 1181 1535 1239 tenebras
1566 1179 1865 1237 interiores

157 1273 389 1343 cadunt,
420 1272 499 1329 ita
539 1278 605 1329 ut
636 1287 742 1328 nec
774 1271 991 1328 ostium
1026 1270 1291 1327 invenire
1321 1268 1693 1342 praevaleant,
1728 1268 1864 1341 quia

155 1377 190 1419 a
237 1361 355 1420 Deo
402 1359 685 1434 peccando
730 1359 923 1429 divisi,
974 1359 1132 1417 unde
1173 1359 1241 1416 ad
1290 1374 1425 1416 eum
1475 1365 1860 1427 revertantur,

156 1452 444 1523 ignorant.
474 1450 583 1519 Qui
621 1448 778 1508 enim
811 1465 929 1507 non
971 1464 1071 1521 per
1099 1446 1447 1505 humilitatis
1477 1446 1604 1516 iter,
1636 1446 1734 1504 sed
1765 1462 1865 1519 per

154 1539 497 1613 arrogantiae
535 1545 589 1595 et
626 1537 869 1595 tumoris
912 1537 1204 1594 anfractus
1241 1535 1313 1593 ad
1358 1534 1669 1592 Dominum
1699 1549 1861 1591 acce-

1128 134 1672 199 COLLECTANEA
1709 138 1788 197 IN
1826 126 2071 199 VETUS
2110 108 2694 198 TESTAMENTUM.

3524 138 3665 205 1001

1892 262 2128 325 AIsrael
2162 263 2305 322 facta
2332 270 2437 335 est,
2468 264 2538 321 'ut
2572 260 2871 336 plenitudo
2900 260 3165 336 gentium
3194 264 3441 324 intraret
3480 272 3541 324 et
3581 268 3667 327 sic

1949 352 2140 412 omnis
2164 353 2343 411 Israel
2373 352 2570 412 salvus
2594 351 2757 411 ﬁeret
2786 356 2955 421 (Rom.
2982 356 3087 419 XI).
3123 377 3144 404 ι
3177 352 3330 423 Quid
3367 362 3453 414 est
3498 356 3664 415 enim

1949 444 2103 516 quod
2152 442 2408 501 dicitur:
2472 465 2493 494 ι
2552 442 2788 501 Ctecitas
2832 458 2906 501 ex
2959 448 3116 515 parte
3170 444 3229 501 in
3286 445 3466 505 Israel
3515 448 3664 507 facta

1949 531 2082 586 est?
2124 553 2145 581 ι
2187 530 2294 587 hoc
2320 535 2406 587 est
2439 528 2724 601 videlicet,
2762 552 2783 579 ει
2816 534 3143 603 exspectate
3174 530 3272 588 hic
3300 547 3437 590 cum
3471 536 3662 608 asino,

1948 624 2013 677 ut
2052 618 2349 691 plenitudo
2380 606 2641 691 gentium
2680 619 2919 676 intraret
2950 636 2963 676 :
3011 642 3030 668 ν
3078 620 3188 678 hoc
3215 626 3319 689 est,
3351 606 3664 697 postquam

1947 708 2400 777 adoraverimus,
2458 705 2561 766 ubi
2617 706 2883 765 videlicet
2930 708 3281 767 sacrificium
3340 709 3662 770 Dominicm

1949 798 2135 859 crucis
2183 798 2510 872 impletum,
2546 814 2648 873 per
2693 812 2896 879 omnes
2934 806 3135 871 gentes
3173 799 3346 856 fuerit
3380 802 3661 873 praedica-

1951 898 2094 949 tum.
2127 889 2289 960 Quod
2332 896 2527 948 autem
2584 889 2890 963 sequitur:
2929 913 2957 938 ‹‹
2991 889 3059 947 Et
3109 890 3194 950 sic
3240 892 3432 951 omnis
3482 893 3658 952 Israel

1948 977 2145 1037 salvus
2186 978 2349 1035 ﬁeret
2374 995 2389 1045 ;
2437 999 2458 1027 υ
2498 977 2608 1034 hoc
2653 982 2759 1045 est,
2806 981 3162 1036 revertemur
3209 980 3283 1037 ad
3332 995 3452 1038 vos.
3504 982 3659 1050 Quid

1948 1073 2033 1125 est
2076 1071 2268 1125 autem
2315 1066 2468 1139 quod
2511 1066 2662 1134 aries
2693 1064 2845 1122 inter
2879 1081 3081 1138 vepres
3123 1067 3351 1126 haerens
3381 1071 3661 1128 cornibus

1949 1155 2265 1219 invenitur,
2306 1155 2407 1228 qui
2453 1169 2554 1227 pro
2598 1153 2755 1211 Isaac
2791 1152 3125 1213 immolatus
3161 1157 3398 1214 offertur
3424 1158 3451 1213 ?
3488 1157 3657 1216 Crux

1948 1260 2157 1318 nempe
2193 1259 2414 1317 cornua
2458 1243 2669 1313 habet;
2702 1242 2818 1301 duo
2860 1242 3151 1318 siquidem
3198 1243 3355 1317 ligna
3395 1244 3655 1304 invicem

1947 1332 2421 1405 compinguntur,
2453 1339 2509 1389 et
2546 1331 2628 1390 sic
2665 1330 2854 1389 erucis
2896 1333 3143 1403 speciem
3186 1333 3478 1391 reddunt:
3515 1334 3658 1392 hinc

1946 1428 2033 1480 est
2070 1422 2227 1480 enim
2272 1420 2426 1495 quod
2471 1421 2543 1478 de
2588 1420 2814 1479 Christo
2859 1422 3139 1495 scriptum
3179 1428 3305 1480 est:
3353 1447 3380 1471 κ
3423 1422 3655 1482 Cornua

1945 1517 2086 1569 sunt
2127 1510 2192 1567 in
2236 1509 2508 1567 manibus
2558 1511 2686 1581 ejus
2734 1511 2962 1577 (Habac.
2994 1514 3100 1578 III).
3152 1531 3180 1562 »
3226 1510 3471 1570 Haerens
3513 1528 3652 1585 ergo

154 1598 599 1699 dereugestiunt,
631 1632 782 1699 patet
818 1626 1090 1697 profecto,
1122 1623 1261 1698 quia
1299 1623 1454 1681 unde
1487 1600 2220 1699 ingressionistmmlbus
2256 1599 2427 1699 ξπξεε»
2468 1598 2732 1699 αἷμ’ίῗῖυδ
2762 1608 2848 1657 θεῖ
2880 1600 3197 1699 εἶ’ῑιθείίῖσκυε
3234 1600 3385 1699 misi:
3418 1602 3651 1699 acu-163'

153 1688 729 1795 aditus'pateat,'non
765 1688 1109 1785 agnoscunt.
1140 1688 1244 1768 Vel
1277 1710 1413 1784 quia
1443 1688 1656 1769 ostium
1695 1710 1861 1769 Chri-
2067 1688 2860 1795 illm
2905 1688 3481 1795 ξῖξίίίυίῖθίθειηδίοξη
3526 1689 3650 1763 ipse

154 1810 277 1863 stus
315 1775 420 1874 est,
469 1802 620 1861 sicut
651 1786 772 1875 ipse
801 1775 998 1860 “dicit:
1037 1826 1064 1851 ‹‹
1099 1801 1217 1875 Ego
1258 1775 1390 1860 sum
1426 1801 1640 1859 ostium
1679 1805 1857 1868 (Joan.
1941 1792 2044 1875 Pe?
2089 1776 2399 1835 Jeremiam
2452 1775 2861 1875 Copqueri‘tufg.
2900 1775 3101 1834 dicens
3131 1800 3142 1831 ε
3168 1799 3215 1875 ,⁸
3266 1776 3484 1875 spinis,
3510 1792 3648 1874 Pec'

149 1861 240 1960 X).
264 1861 310 1943 ν»
332 1861 336 1862 ν
362 1861 472 1960 Qui
517 1861 812 1948 Christum
851 1861 1221 1962 exigentibus
1272 1887 1517 1961 peccatis
1561 1861 1858 1953 amittunt,
1942 1871 2200 1962 Εδῖοτιξω
2225 1878 2459 1962 δυοίᾞηξ
2487 1861 2869 1962 είῖξίξυαφάθίξίξ
2895 1878 2988 1962 In?
3012 1862 3262 1962 909111118
3284 1879 3447 1960 me"?
3470 1863 3587 1962 bifl-
3618 1885 3646 1916 ν

151 1979 317 2056 quasi
347 1979 562 2036 intrare
588 1977 911 2036 ccelestium
935 1948 1155 2036 civium
1184 1948 1582 2036 habitaculum
1613 1977 1853 2051 possint,
1943 1952 2135 2056 θφξῒ

2008 1956 2175 2010 :racto
2217 1948 2497 2008 sacriﬁcio
2542 1948 2756 2007 dicitur
2795 1948 3086 2008 Abrahae:
3126 1973 3149 1998 ι
3189 1949 3257 2008 Iu
3285 1951 3506 2008 semine
3546 1956 3648 2008 tuo
3749 1995 3755 1999 .

149 2072 363 2130 ostium
413 2085 530 2128 non
580 2068 907 2128 inveniunt.
957 2067 1025 2126 In
1077 2067 1385 2141 reprobum
1438 2083 1571 2141 ergo
1619 2084 1855 2126 sensum

150 2159 340 2217 traditi
368 2165 524 2228 sunt,
556 2157 715 2232 quia,
742 2157 886 2216 dum
915 2163 1107 2215 reatus
1139 2156 1229 2215 sui
1260 2156 1485 2230 pondus
1517 2156 1574 2214 in
1606 2157 1855 2231 proprias

148 2248 358 2307 mentis
398 2254 605 2306 statera
652 2246 853 2305 subtili
888 2246 1344 2304 consideratione
1391 2261 1507 2303 non
1549 2244 1849 2318 trutinant,

145 2338 545 2413 gravissimam
566 2335 787 2409 plumbi
810 2350 1055 2393 massam
1080 2351 1400 2409 pennarum
1427 2335 1693 2392 inanium
1712 2334 1854 2394 levi-

143 2431 316 2484 tatem
360 2430 582 2498 putant.
633 2422 795 2492 Quod
837 2436 970 2495 ergo
1021 2422 1143 2480 illic
1188 2423 1438 2481 dicitur:
1480 2445 1501 2473 ι
1539 2422 1850 2481 Percusse-

139 2522 278 2576 runt
322 2531 440 2584 eos,
482 2512 582 2588 qui
631 2513 771 2570 foris
813 2518 997 2583 erant,
1047 2513 1344 2584 caecitate;
1381 2539 1407 2562 ιι
1438 2513 1547 2570 hoc
1568 2508 1663 2567 90
1696 2513 1849 2584 Apo-

140 2604 325 2665 stolus
367 2602 672 2661 manifeste
717 2599 984 2669 declarat,
1016 2614 1147 2658 cum
1188 2600 1368 2659 dicit:
1402 2626 1428 2649 ‹‹
1458 2599 1715 2658 Tradidit
1753 2614 1851 2657 eos

138 2696 293 2754 Deus
334 2693 398 2751 in
441 2693 751 2765 reprobum
788 2704 1046 2747 sensum.
1081 2715 1107 2737 υ
1142 2689 1211 2746 Et
1249 2690 1401 2765 quod
1442 2690 1560 2747 illic
1603 2689 1850 2762 subjun—

136 2784 332 2857 gitur:
371 2809 398 2832 ‹‹
436 2781 510 2841 Ut
538 2781 752 2839 ostium
786 2779 1049 2837 invenire
1084 2794 1199 2835 non
1234 2785 1502 2852 possent;
1542 2802 1562 2827 ι
1598 2779 1707 2836 hoc
1747 2776 1850 2834 iste

136 2874 400 2942 patenter
447 2867 706 2941 exponit,
757 2881 893 2924 cum
938 2866 1056 2922 ait:
1102 2890 1123 2915 «ι
1180 2865 1248 2924 Ut
1294 2867 1504 2924 faciant
1550 2881 1683 2939 qum
1734 2879 1851 2922 non

137 2954 496 3013 conveniunt
559 2958 727 3021 (Rom.
775 2957 809 3021 I)
866 2970 882 3022 ;
940 2976 960 3002 .

141 3048 376 3114 tentent,
405 3041 562 3101 unde
593 3056 712 3099 non
739 3039 969 3099 debent.
996 3053 1000 3057 ·

1019 2968 1086 3009 ac
1136 2953 1187 3010 si
1234 2952 1468 3025 diceret,
1522 2959 1584 3010 ut
1630 2952 1918 3030 intrarec

1939 2038 2353 2099 benedicentur
2396 2052 2600 2095 omnes
2644 2043 2844 2110 gentes
2886 2038 3040 2108 (Gen.
3077 2042 3252 2107 XXII).
3303 2057 3332 2090 »
3381 2038 3451 2095 Et
3491 2043 3649 2111 post-

1939 2146 2117 2204 quam
2165 2128 2447 2188 Dominus
2492 2128 2676 2187 dicit:
2734 2153 2755 2178 α
2809 2128 3099 2185 Fuderunt
3142 2142 3353 2185 manus
3393 2142 3551 2186 meas
3590 2132 3648 2185 et

1937 2220 2110 2294 pedes
2148 2235 2340 2289 meos;
2377 2241 2403 2269 υ
2436 2219 2608 2291 paulo
2638 2224 2760 2291 post
2790 2218 2849 2274 in
2884 2219 3080 2276 eodem
3108 2218 3328 2291 psalmo
3353 2218 3599 2290 subjecit
3627 2236 3642 2274 :

1941 2333 1965 2363 ι
2008 2309 2480 2369 Reminiscentur
2523 2313 2578 2365 et
2623 2316 3035 2367 convertentur
3058 2309 3129 2366 ad
3161 2307 3474 2366 Dominum
3504 2307 3645 2365 uui-

1936 2400 2089 2458 versi
2144 2400 2291 2457 ﬁnes
2340 2405 2525 2468 terrae,
2575 2405 2630 2455 et
2676 2398 2999 2457 adorabunt
3048 2398 3109 2457 in
3163 2404 3470 2471 conspectu
3516 2398 3646 2471 ejus

1934 2502 2136 2546 omnes
2162 2486 2363 2561 patrim
2387 2486 2676 2560 gentium:
2702 2486 2987 2556 Quoniam
3017 2486 3247 2545 Domini
3269 2495 3355 2545 est
3375 2501 3643 2559 regnum,

1935 2584 1992 2634 et
2040 2576 2162 2649 ipse
2204 2574 2599 2633 dominabitur
2642 2575 2905 2648 gentium
2956 2577 3125 2643 (Psal.
3181 2579 3336 2642 XXI).
3373 2598 3398 2623 τι
3442 2572 3643 2632 Oblato

1937 2665 2131 2739 itaque
2171 2665 2465 2723 Abraham
2512 2666 2652 2735 ﬁlio,
2700 2672 2755 2723 et
2796 2661 2885 2719 91
2942 2680 3043 2737 pro
3097 2679 3164 2723 eo
3208 2664 3385 2721 ariete
3429 2662 3643 2721 immo«

1937 2754 2071 2825 lato,
2101 2755 2408 2828 appellavit
2436 2770 2643 2814 nomen
2676 2755 2784 2813 loci
2813 2754 3002 2813 illius:
3035 2779 3063 2804 α
3092 2755 3375 2814 Dominus
3404 2754 3577 2812 videt.
3614 2776 3636 2804 ι

1937 2844 2084 2913 Quia
2152 2843 2501 2917 Redemptor
2562 2850 2773 2908 noster,
2833 2849 3131 2917 postquam
3185 2844 3247 2901 in
3304 2860 3403 2901 ara
3458 2842 3641 2900 crucis

1937 2930 2191 3001 oblatus,
2227 2932 2428 2989 mortis
2467 2940 2677 2991 nostra:
2714 2932 2974 2991 debitum
3013 2933 3202 3001 solvit,
3234 2932 3554 2991 videndum
3582 2947 3643 2989 se

1935 3015 2206 3091 deinceps
2246 3017 2504 3076 fidelium
2542 3035 2783 3078 suorum
2821 3020 3119 3080 obtutibus
3154 3020 3419 3094 praebuit,
3456 3025 3520 3077 ut
3550 3019 3641 3075 ni-

1866 3150 1889 3155 -
1935 3106 2149 3164 mirum
2182 3107 2459 3180 redempti
2487 3123 2690 3166 omnes
2719 3108 2888 3168 illum
2912 3110 3032 3183 jam
3060 3125 3158 3183 per
3183 3109 3357 3168 ﬁdem
3390 3107 3636 3179 videant,

753 3180 996 3241 CAPUT
1047 3178 1225 3238 XXV.

378 3288 444 3344 In
467 3299 706 3341 sermone
734 3284 801 3338 de
826 3284 1135 3338 inventione
1161 3285 1362 3337 sancta
1392 3283 1587 3338 crucis.

207 3394 504 3454 Abraham
532 3392 672 3449 dum
702 3388 1002 3447 immolare
1034 3388 1148 3446 Deo
1178 3387 1368 3445 ﬁlium
1400 3379 1607 3458 voluit,
1640 3394 1847 3447 cuncta

136 3498 282 3556 pene
332 3497 431 3555 per
472 3477 737 3536 ordinem
781 3473 1065 3549 passionis
1105 3473 1313 3532 Christi
1360 3481 1720 3532 sacramenta
1768 3475 1848 3533 si-

136 3568 356 3644 gnavit.
407 3566 568 3625 Sicut
612 3564 769 3620 enim
811 3559 1125 3620 Abraham.
1162 3559 1262 3631 qui
1286 3566 1449 3631 pater
1481 3563 1723 3615 emcelsus
1757 3559 1849 3618 di-

136 3661 308 3729 citur,
353 3655 593 3714 unicum
646 3658 701 3709 et
750 3648 1026 3707 dilectum
1076 3648 1263 3705 filium
1313 3648 1519 3704 olferre
1562 3647 1677 3705 Deo
1732 3663 1848 3706 nou

137 3745 466 3811 dubitavit;
514 3743 592 3799 ita
631 3744 685 3797 et
716 3751 985 3795 summus
1017 3736 1181 3794 Pater
1222 3735 1587 3808 unigenitum
1636 3735 1849 3794 Filium

122 3846 241 3911 ‘pro
280 3833 446 3893 nobis
483 3829 760 3890 omnibus
800 3825 1049 3885 tradidit.
1092 3825 1164 3883 Et
1194 3826 1342 3883 sicut
1380 3823 1537 3883 Isaac
1573 3826 1695 3899 ipse
1737 3825 1850 3883 sibi

140 3927 302 3998 ligna
334 3920 595 3995 portavit,
628 3917 844 3993 quibus
883 3922 1005 3973 erat
1038 3914 1431 3988 imponendus
1462 3914 1613 3984 (Gen.
1648 3916 1800 3982 XXII)
1830 3934 1843 3981 ;

141 4019 220 4077 ita
251 4029 484 4090 quoque
523 4010 784 4071 Christus
819 4007 1006 4067 crucis
1046 4022 1171 4065 suae
1203 4004 1447 4079 gestavit
1484 4005 1544 4062 in
1585 4002 1846 4063 humeris

142 4108 392 4181 lignum,
430 4102 492 4160 in
529 4116 645 4175 quo
674 4105 794 4156 erat
827 4112 928 4170 pro
956 4103 1149 4154 nostra
1177 4095 1360 4153 salute
1387 4109 1682 4167 passurus.
1720 4092 1847 4151 Duo

145 4204 339 4256 autem
383 4190 534 4249 servi
578 4187 667 4245 illi
705 4186 901 4259 procul
946 4184 1173 4242 dimissi
1210 4184 1442 4242 Judaaos
1479 4181 1844 4255 signiﬁcant;

146 4284 248 4360 qui
294 4295 428 4339 cum
473 4274 761 4335 serviliter
814 4271 1075 4360 viverent
1123 4277 1194 4360 et_
1217 4268 1523 4360 carnaliter
1563 4273 1847 4360 saperent,

148 4353 268 4429 non
314 4364 733 4425 intellexerunt
782 4356 1123 4414 altissimam
1182 4353 1571 4412 humilitatem
1619 4353 1851 4425 Christi,

148 4466 322 4531 atque
356 4454 486 4511 ideo
523 4446 904 4508 ascenderunt
938 4445 1001 4502 in
1044 4450 1319 4516 montem,
1360 4444 1551 4503 locum
1594 4444 1855 4503 videlicet

151 4541 439 4603 sacrificii.
484 4537 597 4597 Cur
632 4541 826 4593 autem
872 4534 988 4593 duo
1023 4534 1197 4604 servi,
1238 4533 1351 4592 nisi
1390 4534 1546 4609 quia,
1588 4541 1855 4607 peccante

155 4633 481 4701 Salomone,
529 4643 603 4686 ex
651 4640 769 4684 una
815 4624 1126 4683 Israelitica
1171 4623 1336 4698 plebe
1379 4623 1493 4683 duo
1542 4624 1671 4683 facti
1721 4630 1857 4684 sunt

155 4720 407 4799 populi?
440 4723 543 4790 (ΠΙ
566 4722 698 4788 Reg.
732 4722 840 4785 XI.)
873 4714 1094 4785 Quibus
1140 4714 1343 4790 utique
1390 4730 1542 4789 seepe
1578 4731 1680 4790 per
1719 4714 1858 4772 Pro-

158 4812 390 4886 phetam
437 4807 684 4865 dicitur:
723 4828 745 4854 ιι
781 4804 1157 4863 Adversatrix
1194 4803 1373 4862 Israel
1416 4811 1471 4860 et
1515 4805 1858 4878 praevarica-

163 4900 279 4958 trix
318 4897 467 4959 Juda
516 4898 644 4966 (Jer.
687 4898 792 4962 III).
834 4918 854 4943 ι
890 4893 1108 4952 Asinus
1152 4902 1345 4952 autem
1395 4893 1512 4961 ille,
1564 4910 1678 4969 quo
1723 4903 1860 4951 tunc

163 4987 431 5048 utebatur
472 4983 795 5052 Abraham,
832 4981 1123 5038 insensata
1175 4988 1295 5038 erat
1342 4982 1582 5039 stultitia
1622 4982 1856 5041 1υάωο-

165 5095 343 5147 rum;
387 5076 487 5134 illa
533 5075 704 5148 plane
761 5073 928 5129 bruta
977 5070 1219 5129 stultitia
1268 5074 1463 5129 omnia
1512 5082 1866 5132 sacramenta

163 5168 463 5243 portabat;
503 5178 635 5237 quae
680 5170 867 5219 tamen
920 5158 1061 5232 quid
1107 5159 1297 5227 ferret,
1339 5158 1498 5217 velut
1539 5160 1865 5219 irrationale

164 5252 384 5315 animal
430 5250 748 5326 ignorabat.
796 5247 926 5307 Jam
975 5262 1109 5305 vero
1154 5247 1293 5320 quid
1333 5255 1415 5305 est
1454 5249 1607 5321 quod
1646 5250 1865 5309 dictum

165 5349 250 5407 eis
278 5354 401 5405 est:
444 5368 461 5391 κ
500 5342 836 5417 Exspectate
874 5339 969 5399 hic
1012 5356 1147 5399 cum
1183 5340 1387 5411 asino;
1428 5350 1733 5417 postquam
1762 5359 1866 5402 au-

167 5442 282 5494 tem
305 5434 760 5503 adoraverimus,
793 5436 1150 5490 revertemur
1173 5431 1243 5488 3.ιῖ
1278 5448 1376 5489 vos
1399 5433 1425 5487 ?
1454 5433 1600 5503 (Gen.
1633 5437 1809 5499 XXII.)
1838 5458 1858 5477 υ

164 5521 320 5583 Audi
372 5521 761 5596 Apostolum:
823 5546 843 5570 ι
895 5520 1148 5590 Caecitas,
1203 5518 1415 5593 inquit,
1470 5534 1542 5576 ex
1591 5528 1750 5592 parte
1804 5520 1862 5577 in

1863 4320 1913 4379 D

1933 3192 2037 3266 qui
2062 3199 2301 3253 eatenus
2329 3195 2463 3253 ﬁdei
2490 3196 2689 3255 oculos
2719 3212 2837 3255 non
2868 3197 3176 3256 habebant.

2545 3337 2793 3397 CAPUT
2818 3337 3029 3397 XXVI.

1932 3445 2009 3499 De
2034 3446 2138 3500 Litt,
2165 3450 2217 3500 et
2249 3446 2471 3514 Rachel,
2497 3448 2559 3501 in
2590 3447 2728 3502 libro
2765 3451 2842 3503 De
2864 3448 3200 3520 perfectione
3234 3447 3635 3504 monachorum.

2008 3561 2184 3619 Porro
2230 3575 2348 3619 non
2394 3568 2480 3621 est
2526 3563 2840 3624 obscurum
2885 3564 3040 3639 quod
3083 3564 3281 3622 Laban
3313 3563 3457 3621 duas
3491 3561 3640 3619 ﬁlias

1934 3649 2158 3719 habuit,
2185 3666 2436 3723 quarum
2462 3650 2757 3725 juniorcm
2782 3654 2955 3719 Iacob
2978 3653 3039 3711 iu
3068 3652 3406 3727 conjugium
3432 3665 3637 3710 concu-

1932 3736 2118 3811 pivit;
2144 3737 2213 3795 ad
2243 3740 2412 3811 cujus
2454 3746 2641 3800 tamen
2680 3742 2990 3817 amplexus
3032 3742 3335 3815 pervenire
3377 3756 3494 3799 non
3539 3754 3635 3812 po-

1936 3827 2087 3893 tuit,
2142 3825 2325 3884 donec
2379 3828 2656 3900 majorem
2708 3829 2947 3902 ignarus
3000 3833 3173 3901 atque
3231 3827 3373 3885 adeo
3427 3825 3642 3883 invitus

1934 3914 2153 3989 accepit
2189 3916 2343 3987 (Gen.
2374 3919 2571 3991 XXIX).
2606 3917 2717 3976 Sed
2754 3919 2894 3992 quia
2923 3933 3045 3976 rem
3073 3916 3391 3976 scientibus
3420 3914 3638 3988 loquor,

1930 4019 2047 4063 non
2102 4005 2248 4063 mihi
2307 4006 2506 4065 multis
2562 4006 2977 4068 elaborandum
3029 4012 3115 4066 est
3170 4006 3383 4065 verbis.
3438 4005 3633 4064 Laban

1933 4093 2147 4170 quippe
2191 4097 2467 4154 dealbatio
2507 4097 2956 4172 interpretatur;
2991 4099 3122 4172 quis
3161 4103 3357 4155 autem
3400 4095 3471 4153 ad
3526 4094 3630 4153 Do-

1936 4182 2163 4241 minum
2219 4184 2597 4257 convertitur,
2660 4187 2774 4245 nisi
2835 4194 2902 4245 ut
2962 4186 3216 4260 deposita
3272 4189 3629 4259 peccatorum

1935 4269 2239 4343 nigredine
2278 4288 2377 4345 per
2410 4274 2768 4334 remissionis
2795 4274 3039 4348 gratiam
3070 4272 3368 4331 dealbetur
3396 4273 3423 4327 ?
3475 4270 3633 4329 Sicut

1936 4357 2055 4432 ipse
2093 4358 2412 4432 pollicetur,
2448 4361 2647 4421 dicens
2679 4381 2693 4419 :
2739 4386 2765 4413 α
2804 4361 2868 4421 Si
2917 4361 3132 4420 fuerint
3174 4365 3400 4434 peccata
3447 4365 3631 4418 vestra

1936 4446 2101 4520 quasi
2152 4447 2527 4522 vermiculus,
2577 4458 2851 4526 tanquam
2892 4451 2998 4508 nix
3042 4448 3462 4508 dealbabuntur
3499 4451 3628 4518 (Isa.

1937 4543 1997 4607 ι).
2062 4562 2083 4587 ι
2151 4535 2315 4607 Quod
2387 4538 2532 4597 felix
2594 4539 2696 4599 ille
2766 4547 3024 4614 peccator
3091 4537 3449 4612 postulabat,
3503 4550 3635 4595 cum

1937 4626 2189 4686 diceret:
2255 4649 2276 4679 ι
2309 4626 2654 4698 Mundabor,
2692 4628 2911 4687 lavabis
2951 4644 3066 4700 me,
3113 4633 3167 4686 et
3217 4642 3391 4701 super
3442 4625 3637 4683 nivem

1939 4713 2246 4773 dealbabor
2293 4720 2464 4783 (Psal.
2516 4722 2595 4785 L).
2633 4741 2654 4767 ι
2717 4716 2822 4774 Lia
2866 4716 3273 4790 interpretatur
3325 4716 3578 4771 laborans
3619 4731 3637 4766 :

1943 4800 2176 4875 Rachel,
2218 4809 2459 4871 verbum,
2492 4806 2614 4864 sive
2658 4809 2836 4862 visum
2879 4809 3238 4879 principium.
3273 4804 3383 4863 Sed
3408 4806 3454 4861 si
3488 4801 3643 4861 Scri-

1941 4902 2170 4969 pturam
2231 4896 2539 4970 diligenter
2600 4896 2970 4966 attendimus,
3027 4910 3134 4954 nec
3209 4910 3330 4954 uno
3410 4892 3644 4968 quidem

1943 4984 2037 5042 die
2082 4984 2326 5043 servisse
2373 4978 2547 5043 Jaéob
2589 4992 2818 5058 pr0pter
2871 4983 2994 5042 Liaa
3041 4982 3398 5042 desiderium
3432 4978 3645 5054 reperi-

1948 5087 2121 5140 mus;
2166 5072 2264 5129 sed
2314 5086 2414 5144 per
2455 5077 2596 5130 totas
2629 5072 2760 5131 illas
2804 5086 3096 5130 annorum
3127 5068 3513 5129 hebdomadas
3546 5080 3647 5139 pro

1948 5160 2068 5219 sola
2117 5158 2333 5219 Rachel
2376 5159 2641 5219 servituti
2695 5159 3020 5232 subjacuit;
3071 5160 3310 5233 insuper
3359 5164 3415 5215 et
3461 5155 3647 5228 ipsam

1950 5249 2117 5309 Liam
2146 5249 2216 5308 ad
2245 5248 2410 5334 illius
2440 5250 2719 5309 intuitum
2748 5249 3030 5309 toleravit.
3064 5249 3206 5320 Quis
3243 5248 3403 5307 enim
3433 5247 3505 5305 ad
3533 5245 3648 5305 Do-

1949 5340 2176 5399 minum
2218 5338 2429 5399 idcirco
2467 5341 2846 5414 convertitur,
2880 5350 2945 5400 ut
2974 5340 3218 5412 labores,
3250 5345 3305 5397 et
3331 5350 3645 5406 aerumnas,

1918 5444 2012 5490 “ac
2044 5427 2423 5503 tentatiopum
2452 5430 2765 5488 certamina
2788 5430 3038 5504 patiatur
3060 5431 3088 5486 ?
3117 5429 3321 5489 Omnis
3346 5426 3503 5485 enim
3535 5425 3646 5483 Do-

1949 5522 2177 5578 minum
2202 5519 2520 5594 quaerentis
2542 5518 2786 5579 intentio
2810 5520 2919 5579 hoc
2946 5526 3154 5594 sperat,
3181 5518 3254 5578 ad
3282 5518 3391 5576 hoc
3413 5520 3647 5589 spectat,
