4028 6168
262 224 389 286 1005

1600 184 1683 286 iN
1721 220 2011 286 LIBRUM
2048 223 2384 288 GENESIS.

3602 232 3620 291 'l
3631 231 3738 293 006

258 358 316 411 ut
339 351 409 409 ad
442 351 698 423 requiem
739 349 1091 425 quandoque
1117 349 1413 425 perveniat
1444 370 1460 424 ;
1493 357 1550 410 et
1590 351 1655 409 in
1703 317 2219 426 summaeAatqut;
2236 358 2300 411 ut
2326 352 2521 411 omnia
2545 353 2949 425 spiritualibus
2977 351 3381 426 intelligantur
3410 356 3735 419 redundare

258 441 750 511 contemplationis
801 441 1033 516 gaudio,
1100 441 1263 501 velut
1309 440 1371 499 in
1425 442 1691 516 pulchrae
1744 441 1955 499 Rachel

259 530 616 605 amplexibus
646 530 984 603 requiescat,
1015 530 1285 589 videlicet
1308 536 1374 588 ut
1399 547 1501 604 per
1530 531 1777 589 verbum
1805 530 1958 604 quod

262 622 431 692 audit,
465 619 735 678 ascendat
764 620 837 677 ad
871 619 1194 679 videndum
1224 620 1578 694 principium
1605 614 1773 693 quod
1794 635 1958 694 qure-

262 709 407 767 sivit.
450 707 560 767 Sed
599 724 823 766 necesse
862 718 946 766 est
989 717 1052 766 ut
1104 709 1264 766 hunc
1292 708 1660 767 diversorum
1689 707 1958 767 certami-

263 811 397 853 num
448 794 607 853 labor
661 799 942 863 exerceat,
999 800 1314 868 antequam
1358 795 1429 852 ad
1475 796 1690 870 quietis
1732 793 1959 851 intimae

263 883 593 942 suavitatem
612 927 625 954 ,
653 898 828 957 quam
853 882 1207 955 concupiscit
1226 928 1241 952 ,
1273 882 1537 955 attingat.
1581 884 1753 942 Prius
1783 882 1961 941 servi-

264 981 378 1032 tute
430 972 793 1045 deprimitur,
854 980 914 1029 ut
956 972 1088 1044 jure
1138 969 1505 1043 postmodum
1559 972 1630 1029 ad
1692 972 1959 1045 perfecta:

267 1067 538 1125 libertatis
568 1066 765 1124 titulos
806 1065 1174 1138 provehatur.
1237 1060 1462 1136 Septem
1492 1078 1629 1121 vero
1655 1063 1827 1121 annis
1856 1061 1965 1119 sub

264 1154 636 1212 dealbationis
671 1154 851 1225 gratia
897 1151 1095 1220 servit,
1147 1166 1283 1209 cum
1321 1158 1534 1224 septem
1567 1168 1652 1219 ea,
1708 1167 1840 1225 quae
1893 1149 1964 1206 ad

265 1244 514 1320 proximi
579 1242 947 1300 dilectionem
1008 1246 1321 1315 pertinent,
1378 1240 1643 1313 Decalogi
1696 1241 1968 1299 mandata

262 1333 536 1401 custodit;
595 1332 862 1390 videlicet
936 1339 1001 1390 ut
1063 1332 1251 1405 primo
1326 1330 1531 1389 timore
1606 1331 1965 1401 constrictus,

263 1433 431 1500 atque
460 1425 588 1482 ideo
617 1423 912 1481 servitutis
950 1423 1091 1496 jugo
1122 1422 1448 1494 depressus,
1503 1420 1704 1478 saltem
1734 1437 1767 1478 a
1796 1427 1967 1478 vetu-

267 1521 364 1573 stze
392 1512 536 1587 legis
582 1512 822 1585 incipiat
872 1510 1196 1581 institutis;
1251 1515 1317 1568 ut
1371 1509 1653 1567 nimirum
1706 1516 1971 1582 parentes

269 1603 520 1669 honoret,
559 1609 623 1659 ut
652 1616 769 1658 non
818 1600 1159 1668 mmchetnr,
1211 1614 1326 1655 non
1359 1597 1596 1665 occidat,
1647 1613 1767 1656 non
1811 1598 1969 1656 fure-

2042 443 2351 516 mysteriis,
2406 443 2661 515 ipsarum
2698 459 2929 516 quoque
2958 443 3301 502 ancillarum
3341 447 3576 506 nomina
3624 452 3736 510 sub

2040 532 2300 605 mysticis
2341 538 2475 591 sunt
2510 533 2874 605 pronuntiata
2922 533 3142 605 ﬁguris.
3194 534 3339 592 Nam
3378 535 3514 594 Bala
3554 538 3735 597 inter-

2038 626 2295 692 pretatur
2350 625 2671 679 inveterata.
2760 621 2911 679 Sane
2967 622 3103 694 quia
3160 622 3515 683 intellectum
3578 629 3740 702 spiri-

2043 706 2213 763 tualis
2237 707 2570 766 substantia)
2600 708 2772 766 nudis
2796 709 2989 766 verbis
3015 710 3273 767 humana
3305 710 3506 784 lingua
3542 718 3741 790 nequit

2040 798 2385 870 exprimere,
2430 799 2777 873 quandoque
2810 800 3068 858 doctrina
3094 800 3390 873 sapientiae
3441 820 3542 876 per
3566 821 3745 878 quas-

2039 884 2171 941 dam
2210 900 2510 958 corporeas
2553 886 2969 957 similitudines
3020 886 3349 945 audientem
3399 891 3606 949 nititur
3650 895 3741 951 in-

2042 971 2304 1029 formare.
2354 970 2435 1029 De
2479 972 2655 1028 veteri
2687 980 2882 1031 autem
2932 975 3049 1030 vita
3099 980 3152 1030 et
3193 975 3521 1035 carnalibus
3559 981 3741 1040 sensi-

2044 1059 2154 1117 bus
2200 1059 2407 1127 (ledita,
2441 1074 2728 1130 corporeae
2772 1060 3095 1131 cogitantur
3139 1062 3451 1134 imagines;
3494 1083 3743 1139 quarum

2046 1147 2313 1205 videlicet
2346 1148 2415 1205 ad
2453 1148 2776 1207 docendum
2809 1164 2950 1207 usus
2977 1151 3321 1223 assumitur,
3363 1169 3494 1211 cum
3526 1156 3745 1231 aliquid

2047 1251 2121 1292 ex
2152 1234 2724 1306 incomprehensibili
2751 1242 2806 1293 et
2829 1236 3287 1296 incommutabili
3328 1243 3573 1300 essentia
3594 1224 3746 1302 divi-

2051 1323 2247 1381 nitatis
2273 1323 2527 1381 auditur.
2557 1323 2770 1382 Rachel
2802 1325 2995 1397 itaque
3026 1325 3231 1384 maluit
3262 1335 3560 1403 utcunque
3601 1333 3748 1395 lilios

2050 1428 2126 1471 ex
2175 1414 2383 1472 ancilla
2429 1415 2737 1489 suscipere,
2774 1431 2945 1490 quam
2993 1417 3233 1474 omnino
3272 1419 3482 1477 sterilis
3522 1438 3751 1494 perma-

2051 1519 2209 1562 nere.
2267 1503 2412 1573 Quia
2454 1503 2714 1561 doctrina
2766 1504 3062 1576 sapientite
3115 1506 3237 1563 sive
3282 1514 3465 1580 gratia
3495 1519 3755 1569 contem-

2053 1593 2323 1667 plationis
2368 1608 2468 1663 per
2518 1594 2872 1651 exteriorum
2930 1594 3226 1651 scientiam
3280 1596 3371 1653 vel
3431 1598 3753 1658 visibilium

270 1700 378 1759 tur,
412 1708 525 1749 non
563 1692 781 1749 falsum
821 1690 1218 1749 testimonium
1265 1690 1534 1763 proferat,
1577 1704 1694 1746 non
1728 1698 2251 1760 uxoremBrerum
2278 1682 2493 1741 formas
2535 1682 2897 1740 auditoribus
2923 1681 3152 1741 intimat
3181 1684 3467 1758 quidquid
3499 1688 3569 1745 de
3615 1688 3755 1747 visi-

270 1781 524 1853 alterius,
573 1796 691 1839 non
729 1796 850 1838 rem
903 1779 1159 1853 proximi
1210 1780 1573 1852 concupiscat
1608 1782 1808 1849 (Exod.
1840 1786 1973 1842 XX).

341 1870 563 1941 Quibus
617 1869 724 1926 rite
771 1868 1036 1938 servatis,
1082 1883 1196 1926 non
1247 1883 1407 1936 mox,
1472 1875 1537 1926 ut
1579 1868 1858 1941 sperabat,
1908 1867 1980 1925 ad

276 1956 771 2030 contemplationis
819 1956 1235 2014 oblectamenta
1286 1955 1652 2029 perducitur,
1708 1963 1775 2014 ut
1820 1955 1982 2014 velut

277 2052 599 2120 exspectata
623 2045 725 2103 diu
779 2045 991 2103 Rachel
1032 2044 1469 2117 pulchritudine
1498 2045 1847 2118 perfruatur,
1883 2044 1980 2102 sed

279 2136 382 2194 Lia
404 2135 515 2192 sibi
547 2149 646 2206 per
673 2140 897 2191 noctem
929 2132 1225 2206 inopinate
1247 2132 1628 2204 supponitur;
1663 2132 1802 2205 quia
1831 2133 1984 2189 inter

279 2225 551 2283 humanae
596 2222 770 2293 hujus
805 2221 1147 2293 ignorantiae
1198 2219 1463 2276 tenebras
1510 2220 1808 2277 tolerantia
1872 2220 1982 2277 sibi

281 2314 492 2371 laboris
520 2310 867 2383 injungitnr,
901 2324 975 2367 ex
1028 2324 1144 2383 qua
1202 2313 1388 2365 tamen
1444 2307 1564 2379 jam
1614 2323 1985 2366 numerosam

283 2403 537 2464 sobolem
570 2401 855 2473 suscipit;
905 2398 1047 2473 quia
1077 2398 1287 2456 uberes
1333 2396 1655 2470 spiritualis
1698 2398 1845 2456 lucri
1888 2414 1989 2470 per

284 2494 440 2551 hunc
484 2489 742 2549 laborem
800 2488 1028 2567 fructus
1077 2484 1342 2558 acquirit.
1392 2485 1556 2543 Hanc
1606 2486 1799 2559 itaque
1845 2485 1989 2542 tole-

283 2580 483 2652 rando,
543 2580 613 2637 ad
666 2578 824 2636 illam
883 2577 1234 2650 quandoque
1288 2571 1383 2629 92
1443 2573 1757 2646 perveniet,
1815 2588 1990 2647 quam

285 2674 712 2745 perseveranter
764 2674 932 2724 amat.
972 2664 1261 2724 Suadetur
1285 2678 1441 2735 ergo,
1485 2669 1547 2721 ut
1595 2662 1738 2720 alios
1777 2670 1989 2735 septem

286 2774 471 2817 annos
517 2756 734 2815 servire
761 2754 999 2812 desudet
1026 2772 1039 2821 ;
1090 2752 1227 2827 quia
1256 2751 1508 2823 profecto
1538 2766 1768 2809 necesse
1796 2757 1900 2815 est.
1931 2758 1994 2808 ut

287 2846 475 2904 adhuc
521 2844 633 2901 alia
669 2850 889 2915 septem
924 2848 1206 2914 praecepta
1231 2845 1552 2909 conservet,
1592 2839 1692 2897 sed
1733 2838 1851 2910 jam
1883 2839 1993 2895 ali-

287 2934 517 3009 quando
572 2932 826 3000 liberior,
876 2946 992 2987 non
1036 2929 1241 3001 legalta
1297 2934 1571 3003 tanquam
1621 2944 1842 2997 servus,
1897 2928 1991 2985 sed

2061 1771 2277 1829 bilibus
2321 1772 2473 1829 intra
2526 1786 2730 1828 arcana
2773 1772 2983 1828 mentis
3037 1774 3316 1843 occultat;
3364 1782 3419 1833 et
3471 1776 3554 1833 sic
3612 1793 3761 1851 quo-

2061 1858 2366 1917 dammodo
2405 1874 2504 1932 per
2544 1856 2814 1915 ancillam
2859 1859 3007 1917 ﬁlios
3035 1860 3259 1933 accipit,
3305 1863 3444 1920 dum
3480 1880 3580 1936 per
3609 1882 3758 1938 eam,

2062 1964 2195 2020 quae
2222 1948 2333 2005 sub
2359 1963 2419 2005 se
2448 1954 2532 2005 est
2561 1947 2881 2005 scientiam.
2913 1948 3243 2022 spirituales
3269 1950 3386 2009 Deo
3414 1953 3565 2011 lilios
3591 1956 3760 2027 parit.

2063 2038 2275 2111 Zelpha
2305 2054 2443 2097 vero
2471 2038 2981 2112 interpretatur'os
3025 2042 3206 2098 hians.
3257 2040 3396 2099 Haec
3450 2044 3628 2116 igitur
3672 2061 3768 2102 an-

2065 2129 2198 2186 cilla
2234 2128 2363 2187 illos
2404 2129 2636 2201 ﬁgurat,
2677 2145 2929 2204 quorum
2959 2128 3019 2187 in
3075 2130 3482 2203 praedicatione
3520 2150 3767 2209 evange-

2065 2216 2197 2274 licze
2223 2217 2356 2274 ﬁdei
2399 2233 2462 2275 os
2496 2218 2729 2291 quidem
2762 2218 2900 2278 hiat.
2935 2217 3035 2276 sed
3076 2234 3173 2276 cor
3199 2236 3317 2277 non
3350 2221 3505 2293 hiat;
3535 2225 3605 2281 de
3635 2225 3768 2298 qui—

2068 2304 2177 2362 bus
2222 2303 2489 2361 videlicet
2526 2304 2801 2376 scriptum
2838 2313 2953 2362 est:
2993 2332 3018 2353 «
3053 2306 3310 2378 Populus
3350 2310 3444 2367 hic
3476 2311 3642 2368 labiis
3680 2329 3771 2371 me

2074 2395 2312 2450 honorat
2370 2409 2466 2451 cor
2509 2402 2701 2451 autem
2742 2410 2939 2453 eorum
2993 2395 3160 2464 longe
3204 2406 3289 2454 est
3329 2416 3362 2455 a
3412 2416 3503 2457 me
3555 2405 3771 2466 lMatth.

2070 2484 2211 2554 XV);
2249 2507 2267 2530 -
2309 2479 2403 2536 93
2435 2489 2489 2539 et
2529 2482 2598 2539 de
2626 2484 2837 2550 quibus
2867 2485 3177 2557 Apostolus
3207 2509 3218 2543 :
3267 2511 3292 2536 α
3318 2488 3426 2557 Qui
3472 2491 3773 2563 prtedicas,

2071 2568 2282 2642 inquit,
2322 2584 2436 2626 non
2475 2570 2808 2639 furandum,
2843 2573 3049 2629 furaris
3080 2578 3255 2631 (Rom.
3291 2581 3373 2643 Il).
3409 2602 3434 2624 ››
3474 2576 3777 2636 Verumta—

2075 2672 2211 2714 men
2253 2674 2328 2714 ex
2364 2658 2473 2715 hac
2502 2658 2711 2715 ancilla
2750 2660 3010 2718 lliBl‘OdeS
3058 2662 3285 2720 futuros
3322 2664 3465 2722 alios
3499 2667 3598 2723 Lia
3631 2668 3781 2725 ﬁlios

2074 2747 2328 2819 accepit;
2380 2747 2518 2820 quia
2578 2763 2730 2820 smpe
2782 2753 2953 2806 etiam
3026 2768 3129 2823 per
3177 2751 3316 2808 tales
3380 2754 3782 2826 praedicatores

2076 2835 2263 2892 activa
2294 2836 2409 2891 vita
2449 2834 2663 2893 multos
2708 2837 2871 2909 regni
2911 2838 3060 2895 ﬁlios
3089 2838 3422 2911 adoptavit;
3462 2842 3531 2898 de
3569 2844 3783 2916 quibus

2081 2923 2347 2981 Veritas:
2397 2948 2416 2973 ι
2449 2924 2591 2993 Quae
2637 2925 2858 2986 dicunt.
2906 2926 3115 3000 inquit.
3164 2929 3329 2985 facite
3373 2948 3385 2987 :
3432 2946 3562 3002 quae
3591 2942 3784 2989 autem

290 3021 620 3094 evangelica
673 3020 823 3076 sicut
858 3034 1054 3089 gener,
1113 3015 1377 3075 videlicet
1408 3022 1470 3075 ut
1509 3016 1581 3073 sit
1629 3032 1848 3089 pauper
1877 3016 2057 3103 spi-C
2084 3015 2320 3081 faciunt,
2351 3016 2536 3072 facere
2564 3015 2741 3072 nolite
2771 3018 2984 3086 (Matth.
3024 3019 3217 3087 XXIII).
3252 3038 3276 3069 u
3312 3019 3381 3075 Et
3428 3023 3737 3092 Apostolus
3771 3041 3781 3079 :

290 3113 427 3179 ritu,
460 3110 533 3167 sit
580 3109 755 3179 mitis,
812 3110 1023 3180 lugeat,
1076 3107 1310 3176 esuriat,
1370 3106 1639 3178 sitiatque
1694 3106 1995 3178 justitiam,

290 3200 365 3258 sit
422 3198 763 3267 misericors,
817 3197 1104 3255 mundum
1160 3212 1257 3254 cor
1309 3195 1537 3263 habeat,
1584 3195 1659 3251 sit
1708 3200 1999 3266 postremo

288 3286 560 3362 pacificus
591 3288 804 3359 (Matth.
838 3286 911 3355 v).
948 3285 1281 3351 Enimvero,
1342 3282 1518 3340 vellet
1558 3284 1753 3352 homo,
1788 3282 1836 3339 si
1874 3281 1998 3339 ﬁeri

291 3378 499 3447 posset,
534 3372 727 3430 nullas
756 3370 969 3428 laboris
1002 3369 1291 3426 molestias
1318 3368 1568 3441 agendo,
1600 3368 1691 3426 vel
1729 3368 2000 3441 patiendo

292 3463 565 3537 perferre,
607 3460 705 3518 sed
763 3459 1027 3528 protinus
1079 3459 1139 3515 in
1193 3458 1334 3530 ipsis
1389 3457 1484 3515 sui
1534 3458 1784 3515 tirocinii
1842 3458 2006 3516 rudi-

296 3550 506 3609 mentis
552 3549 625 3606 ad
664 3547 923 3621 pulchrze
960 3545 1462 3619 contemplationis
1511 3546 1749 3604 delicias
1801 3562 2003 3619 perve-

293 3640 421 3699 nire
448 3657 464 3710 ;
506 3644 903 3697 verumtamen
937 3639 1044 3696 hoc
1077 3654 1192 3695 non
1242 3637 1301 3693 in
1340 3644 1487 3694 terra
1519 3638 1889 3696 morientium
1922 3637 2002 3705 ﬁt,

295 3726 396 3784 sed
463 3725 524 3783 in
576 3733 724 3783 terra
781 3724 1127 3782 viventium.
1185 3722 1349 3792 Quod
1406 3722 1732 3797 signiﬁcare
1781 3725 2010 3783 videtur

293 3812 467 3884 illud,
520 3813 673 3888 quod
703 3812 773 3870 ad
802 3810 977 3870 Jacob
1008 3810 1223 3868 dicitur
1252 3834 1264 3867 :
1304 3831 1333 3863 ‹‹
1360 3810 1483 3869 Non
1534 3817 1638 3881 est,
1673 3811 1868 3886 inquit
1900 3813 2009 3869 La-

299 3901 438 3970 ban,
473 3901 533 3958 in
561 3901 685 3958 loco
728 3907 925 3956 nostro
976 3898 1434 3969 consuetudinis,
1468 3905 1532 3958 ut
1572 3898 1825 3957 minores
1877 3906 2010 3956 ante

298 3990 597 4048 tradamus
639 3989 711 4046 ad
764 3988 996 4062 nuptias
1057 3989 1212 4054 (Gen.
1267 3992 1486 4060 XXIX);
1520 4013 1547 4037 ιι
1608 4004 1713 4046 nec
1763 3988 2011 4047 absurde

299 4079 485 4152 major
539 4077 881 4151 appellatur,
936 4091 1067 4149 quas
1099 4075 1256 4149 prior
1283 4083 1367 4135 est
1401 4084 1673 4151 tempore.
1708 4078 1873 4137 Prior
1921 4085 2005 4137 est

299 4171 461 4228 enim
485 4169 546 4226 in
594 4164 847 4224 hominis
876 4163 1200 4222 eruditione
1244 4165 1408 4224 labor
1444 4166 1584 4225 boni
1614 4167 1803 4240 operis
1830 4183 2008 4242 quam

302 4256 531 4331 requies
590 4252 1114 4326 contemplationis.
1185 4252 1445 4327 Expletis
1520 4254 1716 4331 itaque
1781 4256 2009 4314 duabus

302 4349 785 4418 hebdomadibus,
814 4348 993 4405 altera
1038 4345 1305 4406 videlicet
1335 4348 1477 4422 legis
1521 4349 1797 4424 antiquae,
1830 4351 2007 4409 altera

2086 3133 2113 3164 ι(
2155 3111 2310 3176 Sive,
2356 3110 2565 3185 inquit,
2597 3110 2912 3181 occasione,
2963 3114 3084 3169 sive
3115 3114 3376 3173 Christus
3410 3119 3649 3175 veritate
3683 3135 3787 3175 an-

2082 3198 2406 3267 nuntietur,
2487 3205 2543 3256 et
2598 3198 2656 3255 in
2738 3199 2844 3255 hoc
2925 3199 3165 3268 gaudeo,
3239 3202 3337 3258 sed
3402 3211 3455 3260 et
3526 3206 3791 3273 gaudebo

2083 3292 2312 3360 (Philip.
2352 3292 2412 3355 1).
2454 3311 2474 3334 ιι
2517 3287 2636 3343 Hoc
2682 3294 2876 3344 autem
2910 3286 2965 3342 in
3018 3287 3111 3343 his
3151 3290 3628 3348 considerandum
3672 3308 3793 3349 esse

2082 3376 2537 3451 perpendimus:
2588 3375 2734 3444 Quia
2770 3376 2917 3433 sicut
2964 3375 3139 3433 Jacob
3178 3379 3357 3437 solius
3401 3381 3668 3438 Rachelis
3702 3385 3794 3441 in-

2090 3469 2243 3525 tuitu
2289 3483 2490 3524 omnes
2521 3466 2649 3524 illas
2691 3467 2964 3525 mulieres
2996 3469 3231 3542 accepit,
3273 3487 3344 3527 ex
3376 3473 3593 3546 quibus
3646 3474 3793 3532 lilios

2088 3554 2329 3628 genuit;
2370 3556 2451 3612 sic
2497 3555 2763 3629 quisquis
2807 3556 2918 3614 sub
2951 3556 3329 3616 dealbationis
3356 3562 3538 3629 gratia
3579 3563 3792 3619 consti-

2092 3649 2268 3713 tutus,
2324 3644 2672 3701 fructiﬁcare
2706 3645 2822 3702 Deo
2862 3645 3150 3718 spirituali
3197 3646 3549 3705 fecunditate
3577 3650 3798 3709 deside-

2092 3739 2194 3795 rat.
2240 3748 2471 3790 necesse
2504 3740 2587 3790 est
2628 3738 2691 3790 nt
2729 3749 2828 3805 per
2854 3734 3050 3791 omnia
3102 3751 3237 3808 quas
3285 3737 3401 3810 agit
3431 3738 3501 3794 ad
3538 3744 3793 3796 contem—

2082 3820 2360 3895 plationis
2389 3836 2614 3894 semper
2638 3821 2880 3891 gratiam
2914 3822 3126 3879 tendat.

2673 3963 2917 4023 CAPUT
2939 3963 3202 4022 XXVIII.

2088 4086 2151 4140 In
2180 4075 2413 4149 cpistola
2451 4073 2526 4127 ad
2578 4072 2919 4126 Desiderium
2972 4073 3240 4137 abbatem,
3269 4075 3366 4128 ubi
3399 4076 3645 4133 dicitur:
3697 4082 3803 4137 Cur

2160 4165 2364 4245 Paulus
2421 4160 2495 4215 ad
2548 4160 2850 4223 dexteram,
2897 4162 3090 4215 Petrus
3140 4162 3215 4215 ad
3266 4165 3549 4220 sinistram
3598 4171 3657 4223 in
3700 4172 3797 4240 pi-

2161 4260 2315 4312 ctura
2338 4254 2596 4322 ponatur.

2166 4383 2192 4415 «
2236 4357 2573 4432 Egrediente
2598 4354 2789 4412 anima
2842 4354 3056 4413 Rachel
3102 4371 3223 4429 prze
3252 4357 3466 4431 dolore,
3515 4369 3570 4420 et
3603 4364 3799 4425 immi-

304 4439 653 4513 evangelicaa
683 4437 902 4510 gratize,
955 4452 1091 4495 mox
1140 4437 1211 4494 ad
1252 4438 1352 4496 diu
1382 4438 1719 4498 desiderata;
1748 4440 1980 4499 Racheli

2163 4456 2271 4509 ante
2296 4449 2415 4522 jam
2446 4451 2647 4515 morte,
2679 4445 2905 4502 vocavit
2945 4460 3153 4503 nomen
3190 4447 3298 4505 ﬁlii
3333 4451 3425 4508 sui
3458 4451 3693 4523 Benoni,
3743 4456 3801 4514 id

304 4528 643 4603 pervenitur
692 4526 1044 4599 amplexus;
1088 4526 1226 4599 (illia
1263 4528 1532 4602 Quisquis
1580 4530 1902 4603 pertingere
1942 4528 2014 4586 ad
2097 4546 2181 4598 est
2224 4537 2381 4595 ﬁlius
2428 4533 2642 4592 doloris
2689 4532 2849 4600 mei;
2909 4540 3069 4604 pater
3121 4550 3255 4592 vero
3309 4539 3619 4610 appellavit
3667 4559 3800 4602 eum

304 4621 527 4681 divinae
544 4616 1045 4692 contemplationis
1068 4617 1483 4677 oblectamenta
1505 4620 1813 4692 desiderat,
1855 4621 2017 4695 prius
2100 4626 2426 4699 Benjamin,
2457 4622 2516 4680 id
2561 4627 2644 4679 est
2688 4620 2844 4677 ﬁlius
2879 4620 3134 4678 dexterae
3180 4624 3329 4687 (Gen.
3374 4635 3593 4695 XXXV).
3630 4655 3654 4680 ιι
3697 4632 3805 4689 Per

306 4727 539 4769 necesse
577 4718 662 4769 est
703 4709 1007 4781 utriusque
1048 4706 1400 4767 Testamenti
1450 4725 1720 4785 peragere
1750 4711 2017 4769 mandata
2101 4715 2314 4775 Rachel
2351 4728 2621 4785 namque,
2666 4725 2797 4782 qua)
2827 4712 2943 4764 ovis
2978 4710 3066 4765 vel
3114 4714 3290 4767 uisum
3326 4719 3665 4788 principium
3712 4721 3801 4779 di—

309 4798 634 4859 contendat.
2104 4804 2271 4867 citur,
2322 4799 2573 4857 Ecclesia
2623 4812 2737 4854 non
2782 4795 3071 4853 immerito
3116 4796 3467 4870 designatur.
3524 4804 3664 4873 Quae
3712 4809 3803 4865 ni-

2106 4892 2319 4949 mirum
2368 4896 2421 4946 et
2466 4888 2535 4944 ad
2585 4887 2766 4943 instar
2824 4886 2950 4945 ovis
2984 4887 3319 4947 innocenter
3381 4892 3537 4963 vivit,
3595 4901 3649 4952 et
3708 4914 3807 4967 per

2106 4981 2362 5041 studium
2391 4977 2885 5052 contemplationis
2938 4978 3010 5035 ad
3066 4979 3372 5039 videndam
3411 4983 3807 5059 Redemptoris

2108 5074 2199 5131 sui
2225 5072 2468 5146 speciem
2496 5070 2832 5128 medullitus
2856 5070 3181 5128 inardescit.
3210 5072 3321 5141 Qui
3345 5074 3413 5132 de
3434 5092 3492 5132 se
3516 5079 3809 5149 requiren-

395 5152 505 5213 Sed
534 5155 669 5227 quia
708 5154 925 5213 electus
972 5154 1219 5228 quisque
1267 5154 1631 5227 perfectionis
1678 5171 1799 5214 sum
1844 5155 2026 5215 limite
2109 5164 2263 5221 tibus
2290 5162 2507 5220 JUtiiL‘iS
2536 5162 2660 5219 ait:
2721 5183 2746 5212 «
2780 5161 2898 5231 Ego
2938 5162 3309 5234 principium,
3355 5166 3453 5237 qui
3510 5173 3563 5233 et
3608 5167 3813 5241 loquor

320 5261 443 5303 non
492 5250 811 5331 contentus,
870 5246 1015 5304 ﬁlios
1065 5246 1236 5303 etiam
1292 5244 1406 5303 Deo
1450 5245 1687 5318 gignere
1738 5248 2027 5322 spirituali
2112 5253 2459 5319 vobis{Joan.
2492 5256 2637 5323 VIII).
2667 5276 2685 5299 ι
2727 5251 2832 5308 Per
2865 5251 3164 5322 Benjamin
3201 5269 3352 5321 vero,
3385 5270 3501 5327 quo
3522 5268 3812 5331 nascente,

327 5329 677 5394 fecunditate
728 5335 1028 5407 desiderat,
1112 5340 1415 5410 postquam
1472 5338 1772 5411 conjugale
1842 5338 2030 5397 ftedus
2116 5341 2330 5400 Rachel
2362 5347 2542 5398 mater
2570 5339 2879 5405 emoritur,
2909 5338 3244 5409 designatur
3276 5341 3513 5414 Paulus,
3542 5362 3713 5420 quem
3746 5329 3816 5407 de

321 5424 501 5486 Jacob
530 5441 664 5484 cum
692 5425 917 5485 duabus
945 5426 1244 5486 sororibus
1271 5425 1423 5499 iniit,
1474 5426 1546 5485 ad
1599 5430 2035 5503 propagandum
2118 5432 2243 5505 ejus
2262 5430 2435 5503 stirpe
2464 5428 2753 5487 exstitisse
2777 5442 2947 5485 nemo
2968 5427 3210 5485 dubitat.
3242 5428 3311 5487 Et
3340 5430 3486 5489 bene
3516 5434 3817 5510 Benjamin

326 5514 614 5574 uberioris
642 5532 875 5589 germen
924 5516 1135 5576 sobolis
1182 5516 1424 5575 ancillas
1472 5533 1702 5592 quoque
1749 5519 1820 5577 ad
1859 5534 2036 5591 gene-
2122 5525 2390 5577 nascente
2416 5564 2429 5587 ,
2460 5522 2641 5574 mater
2669 5515 2848 5573 emori
2888 5515 3137 5583 dicitur,
3164 5517 3297 5591 quia
3326 5524 3825 5600 appropinquante

327 5605 499 5666 randi
553 5622 729 5666 usum
783 5607 1073 5682 suscipere
1127 5623 1248 5668 non
1316 5609 1527 5685 refugit
1579 5610 1754 5683 (Gen.
1815 5611 2035 5681 XXX);
2122 5609 2195 5667 ad
2253 5608 2441 5667 lucem
2504 5622 2671 5664 novae
2718 5605 3168 5680 regenerationis
3222 5606 3418 5683 Saulo,
3473 5614 3827 5686 persecutio-

914 4911 1158 4973 CAPUT
1180 4912 1417 4972 XXVII.

611 5043 688 5095 De
732 5039 872 5094 Bala
915 5042 965 5092 et
999 5037 1221 5107 Zelpha,
1268 5039 1327 5092 in
1357 5038 1537 5093 eodem
1574 5038 1734 5095 libro.
