4018 6182
221 311 353 372 1007

1179 313 1717 376 COLLECTANEA
1756 315 1835 376 IN
1873 313 2118 375 VETUS
2158 312 2741 375 TESTAMENTUM.

3564 305 3711 368 1008

214 433 391 494 nibus
422 431 674 492 Ecclesia
711 449 812 508 per
852 449 989 494 eum
1028 438 1278 510 graviter
1315 438 1692 512 impugnatur
1720 459 1736 511 ;
1769 437 2095 498 sicutAilla
2126 439 2267 496 dum
2307 437 2651 497 humanitati
2681 435 2891 494 Christi
2915 431 3188 507 dependit
3209 430 3552 505 obsequium
3578 477 3594 500 ,
3630 432 3707 489 ad

216 523 403 581 Lucas
427 524 490 581 in
538 523 778 583 Actibus
807 526 1193 598 apostolorum
1225 527 1341 586 ait:
1377 550 1405 581 (ι
1438 528 1672 601 Saulus,
1702 529 1911 603 inquit,

213 610 544 669 devastabat
575 612 912 680 Ecclesiam,
946 630 1048 694 per
1079 615 1279 674 domos
1307 617 1549 688 intrans,
1581 625 1637 676 et
1683 619 1915 676 trahens

211 700 389 772 viros,
419 706 473 759 et
497 702 770 759 mulieres
799 703 1055 761 tradebat
1084 704 1144 763 in
1171 707 1490 766 custodiam
1523 710 1670 774 (Act.
1705 717 1852 772 VIII).
1885 731 1911 756 ››

210 791 477 865 Congrue
508 792 700 865 itaque
729 791 942 851 Rachel
975 795 1218 865 Benoni,
1260 797 1317 854 id
1362 806 1446 855 est
1484 797 1674 856 ﬁlium
1704 798 1916 857 doloris

212 885 361 954 mei,
415 894 597 956 vocat,
662 903 834 960 quem
883 888 1058 946 Jacob
1116 891 1438 964 Benjamin,
1498 895 1555 953 id
1617 900 1702 951 est
1759 893 1917 952 ﬁlius

210 976 467 1033 dexterae
492 983 804 1049 nuncupat.
836 977 982 1047 Quia
1013 980 1254 1051 Paulus,
1285 982 1384 1054 qui
1414 983 1614 1045 matris
1645 983 1914 1041 Ecclesiae

209 1064 372 1122 dolor
423 1064 740 1137 exstiterat,
780 1067 884 1140 qui
924 1083 1050 1124 eam
1079 1069 1504 1142 quodammodo
1543 1073 1684 1130 dum
1714 1088 1914 1131 nasce-

209 1159 411 1220 retur,
471 1150 868 1224 impugnando
922 1153 1214 1225 peremit,
1272 1172 1305 1212 a
1357 1157 1474 1216 Deo
1530 1159 1695 1217 Patre
1757 1160 1918 1219 ﬁlius

207 1242 461 1299 dextera:
509 1248 593 1298 est
620 1248 896 1311 vocatus;
943 1243 1084 1300 dum
1129 1260 1234 1317 per
1277 1262 1411 1304 eum
1442 1247 1638 1305 divina
1669 1249 1922 1322 potentia

208 1332 486 1389 adversus
521 1338 736 1404 gentes,
785 1331 950 1403 quasi
995 1349 1095 1405 per
1139 1335 1343 1393 fortem
1388 1352 1552 1394 suam
1597 1338 1915 1410 dexteram,

209 1421 525 1488 dimicavit,
571 1420 882 1477 verborum
915 1421 1112 1494 jacula
1160 1423 1420 1482 valenter
1457 1425 1707 1498 intorsit,
1758 1429 1915 1487 salu-

209 1508 342 1566 bres
393 1507 651 1566 cordium
699 1509 896 1582 plagas
952 1510 1168 1582 intulit,
1226 1520 1280 1571 et
1329 1531 1429 1587 per
1483 1531 1621 1574 eum
1677 1517 1917 1576 devictis

210 1607 382 1673 atque
429 1599 722 1671 prostratis
767 1599 1054 1669 hostibus,
1096 1617 1232 1660 cum
1274 1589 1461 1677 gloria
1513 1606 1911 1680 triumphavit.

210 1690 364 1748 Hinc
409 1697 492 1748 est
539 1689 695 1762 quod
732 1688 886 1746 idem
917 1690 1135 1750 Paulus
1166 1693 1236 1749 ad
1268 1693 1496 1752 Galatas
1523 1696 1602 1754 ait
1633 1713 1645 1746 :
1699 1721 1726 1749 ι(
1769 1697 1914 1756 Cum

1997 527 2606 600 divinitatisattingere
2630 521 3238 584 meruitintellectum.
3273 519 3368 579 Sic
3396 521 3707 593 nimirum,

1998 619 2081 676 sic
2117 619 2311 676 doctor
2355 616 2645 686 Ecclesize,
2678 616 2817 673 dum
2854 613 3067 672 Christi
3119 611 3382 671 membra
3431 610 3706 682 custodit,

1998 706 2455 781 contemplandas
2481 704 2805 764 divinitatis
2829 702 3075 789 gratiam
3104 701 3362 777 percipit.

2620 848 2708 906 CA
2725 846 2863 905 PUT
2906 846 3083 904 XXX.

2333 955 2396 1008 In
2425 968 2662 1008 sermone
2693 953 2758 1006 de
2781 954 2838 1010 S.
2875 955 3082 1007 Joanne
3104 953 3377 1022 Baptista.

2071 1083 2098 1110 α
2130 1059 2436 1118 Descendit
2463 1059 2494 1118 J
2501 1059 2642 1117 udas
2678 1059 2739 1116 in
2772 1059 3066 1117 Thamnas
3092 1058 3163 1116 ad
3213 1057 3530 1116 tondendas
3565 1070 3708 1114 oves

2001 1167 2135 1211 cum
2184 1151 2327 1209 Hira
2403 1149 2655 1223 opilione
2721 1151 2911 1223 gregis
2971 1149 3065 1208 sui
3137 1147 3479 1206 Odollamite
3548 1148 3702 1216 (Gen.

2001 1252 2288 1310 XXXVIII).
2329 1266 2350 1295 ι
2403 1241 2698 1299 Thamnas
2731 1248 2927 1298 autem
2957 1242 3209 1310 deﬁciens
3247 1238 3700 1312 interpretatur;

2000 1351 2101 1408 per
2130 1348 2304 1407 quam
2336 1331 2605 1392 videlicet
2650 1331 2972 1404 Synagoga,
3004 1330 3066 1388 in
3111 1346 3226 1402 qua
3266 1344 3426 1400 reges
3470 1335 3526 1386 et
3565 1343 3703 1402 pro-

1999 1423 2189 1495 phetae
2222 1421 2590 1489 defecerant;
2641 1419 2821 1478 simul
2865 1424 2920 1475 et
2971 1417 3190 1485 unctio,
3219 1416 3402 1474 donec
3453 1417 3701 1488 veniret,

1998 1509 2093 1565 cui
2133 1509 2449 1582 repositum
2487 1513 2627 1578 erat,
2668 1507 3086 1564 ostenderetur.
3131 1504 3296 1562 Unde
3333 1511 3387 1562 et
3429 1522 3531 1579 per
3566 1523 3702 1580 pro-

1997 1594 2230 1668 phetam
2264 1595 2475 1653 dicitur
2505 1619 2517 1653 :
2563 1619 2588 1646 «
2627 1595 2774 1653 Cum
2806 1595 3029 1653 venerit
3068 1593 3309 1652 Sanctus
3345 1600 3702 1666 sanctorum,

1997 1684 2240 1743 cessabit
2269 1684 2464 1743 unctio
2492 1687 2650 1756 (Dan.
2688 1685 2792 1756 XI).
2841 1708 2862 1737 ι
2893 1683 3042 1754 Quid
3092 1683 3286 1757 itaque
3319 1698 3422 1756 per
3467 1683 3700 1754 Judam,

211 1786 404 1838 autem
461 1779 804 1852 complacuit
849 1781 923 1850 ei,
964 1782 1065 1854 qui
1117 1797 1209 1839 me
1261 1787 1577 1857 segregavit
1625 1802 1701 1844 ex
1754 1775 2098 1855 uterquui
2142 1775 2214 1832 ad
2245 1774 2562 1833 tondendas
2596 1790 2734 1833 OVeS
2762 1774 2825 1832 in
2875 1773 3170 1832 Thamnas
3198 1771 3378 1844 venit.
3421 1774 3534 1832 DiSi
3583 1774 3707 1832 Be-

213 1866 412 1924 matris
440 1881 606 1937 mea),
640 1875 694 1924 et
723 1868 950 1927 vocavit
989 1885 1089 1943 per
1137 1872 1381 1944 gratiam
1431 1889 1616 1945 suam,
1657 1879 1723 1932 ut
1750 1892 1913 1934 reve-

212 1958 354 2016 laret
385 1957 598 2017 Filium
627 1974 797 2016 suum
830 1959 892 2016 in
927 1976 1039 2030 me,
1070 1968 1125 2018 et
1167 1963 1620 2036 evangelizarem
1667 1981 1799 2024 eum
1853 1967 1914 2024 in

209 2047 500 2120 gentibus,
547 2047 822 2106 continuo
858 2065 973 2106 non
1021 2051 1289 2124 acquievi
1339 2053 1499 2110 carni
1548 2060 1602 2111 et
1644 2057 1915 2129 sanguini

208 2139 356 2208 (Gal.
382 2142 444 2207 I).
479 2163 506 2187 »ι
551 2138 676 2196 Non
718 2155 853 2211 ergo
891 2139 1183 2200 immerito
1222 2142 1381 2201 ﬁlius
1407 2145 1661 2202 dexterae
1695 2146 1914 2205 Paulus

208 2233 464 2297 vocatur,
510 2243 611 2301 per
659 2243 833 2300 quem
881 2230 1072 2288 omnis
1117 2231 1380 2302 gentium
1411 2233 1740 2305 multitudo,
1781 2250 1914 2308 quae

207 2319 280 2376 ad
307 2317 606 2374 dexteram
637 2317 741 2374 Dei
771 2318 1039 2390 ponenda
1089 2325 1192 2390 est,
1243 2321 1316 2377 ad
1374 2321 1507 2380 ﬁdei
1555 2330 1912 2383 sacramenta

205 2407 513 2480 colligitur.

739 2527 837 2584 94
881 2529 1124 2589 CAPUT
1163 2493 1372 2592 XXIX.

205 2651 297 2706 Ad
334 2647 672 2703 Desiderium
702 2647 970 2712 abbatem,
998 2653 1060 2703 ut
1095 2654 1245 2705 vacet
1274 2649 1455 2706 studio
1485 2653 1904 2723 contemplandi.

274 2798 296 2829 ι
354 2774 467 2832 Iste
515 2777 600 2830 est
662 2773 810 2843 Ana,
868 2772 970 2846 qui
1023 2773 1248 2832 invenit
1319 2791 1498 2849 aquas
1571 2776 1783 2835 calidas
1843 2779 1904 2838 in

197 2861 529 2931 solitudine,
603 2859 743 2917 dum
826 2867 1078 2932 pasceret
1165 2861 1357 2920 asinos
1429 2861 1652 2922 Sebeon
1726 2867 1904 2938 patris

197 2951 289 3010 sui
321 2952 469 3019 (Gen.
501 2951 741 3020 XXXVI).
769 2972 792 2997 υ
831 2948 954 3006 Hoc
983 2949 1173 3022 plane,
1206 2957 1493 3024 quantum
1521 2953 1594 3010 ad
1627 2953 1894 3026 litteram,

195 3055 415 3101 vanum
443 3039 674 3097 videtur
715 3045 770 3096 et
814 3038 1112 3099 frivolum.
1168 3039 1316 3108 Quid
1362 3041 1520 3099 enim
1563 3044 1635 3102 ad
1674 3060 1896 3103 sacram

194 3129 552 3202 Scripturam
606 3126 873 3200 pertinet,
915 3133 976 3184 ut
1024 3126 1272 3199 referat,
1303 3129 1440 3200 quia
1472 3136 1664 3188 custos
1703 3131 1889 3190 asino-
1919 3153 1963 3212 ρ

193 3234 325 3278 rum
367 3212 545 3291 aq‘uas
598 3217 808 3289 reperit
858 3217 919 3274 in
968 3216 1236 3275 deserto?
1267 3217 1375 3276 Sed
1422 3219 1524 3277 ubi
1578 3219 1638 3277 in
1691 3220 1896 3280 litteris

191 3307 354 3366 nulla
399 3306 627 3364 videtur
656 3305 893 3377 utilitas,
939 3305 1009 3363 ad
1041 3306 1400 3380 spiritualem
1453 3306 1894 3381 intelligentiam

189 3411 420 3455 necesse
455 3402 540 3453 est
581 3410 746 3452 mens
778 3402 1055 3453 recurrat.
1088 3395 1238 3466 Quid
1286 3403 1370 3455 est
1405 3397 1563 3455 enim
1611 3414 1712 3471 per
1737 3399 1892 3473 ﬁgu-

187 3503 334 3559 ram,
365 3489 492 3544 Ana
540 3487 601 3543 in
640 3485 952 3546 solitudine
1007 3489 1185 3561 patris
1240 3489 1332 3546 sui
1388 3487 1582 3546 asinos
1639 3505 1889 3563 pascere,

187 3576 300 3633 nisi
352 3574 714 3648 spiritualem
765 3576 1097 3649 quempiam
1137 3575 1351 3647 virum,
1381 3576 1476 3633 cui
1528 3575 1686 3634 Deus
1733 3586 1894 3651 pater

186 3672 290 3736 est,
315 3664 606 3736 simplices
638 3665 841 3723 fratres
887 3665 995 3722 sub
1035 3665 1361 3739 disciplinae
1393 3665 1717 3723 remotioris
1765 3672 1891 3725 stu-

184 3754 280 3811 dio
328 3752 618 3812 custodire
648 3754 674 3807 ?
716 3759 772 3809 et
813 3752 956 3826 quid
1000 3759 1103 3823 est,
1135 3767 1315 3825 aquas
1356 3752 1570 3810 calidas
1602 3753 1887 3824 invenire,

1997 1863 2258 1938 demptor
2301 1869 2494 1922 noster
2539 1863 2906 1937 intelligitur,
2937 1861 3039 1936 qui
3099 1867 3164 1920 ut
3209 1877 3347 1921 oves
3394 1875 3526 1934 quas
3579 1877 3705 1934 per-

1995 1956 2180 2015 ierant
2211 1957 2420 2015 domus
2445 1956 2618 2014 Israel
2649 1963 2986 2015 exoneraret
3015 1954 3277 2028 peccatis,
3314 1954 3388 2012 ad
3441 1954 3700 2028 Synagoo

1997 2063 2128 2120 gam
2195 2047 2423 2104 venisse
2477 2046 2888 2119 cognoscitur?
2961 2045 3127 2103 Unde
3192 2050 3250 2102 et
3325 2060 3570 2118 sponsus
3627 2045 3702 2104 ad

1997 2152 2266 2211 sponsam
2315 2136 2379 2194 in
2432 2135 2682 2194 Canticis
2715 2159 2727 2194 :
2768 2158 2789 2187 α
2823 2135 3033 2193 Dentes
3067 2134 3148 2193 tui
3195 2134 3344 2193 sicut
3392 2151 3537 2208 grex
3571 2141 3700 2194 ton-

1995 2243 2212 2299 sarum,
2259 2244 2391 2302 quin
2446 2225 2833 2286 ascenderunt
2885 2227 2956 2283 de
3006 2226 3233 2284 lavacro
3284 2227 3468 2294 (Cant.
3522 2230 3628 2294 IV).
3669 2249 3700 2281 »

1994 2315 2090 2372 95
2122 2317 2293 2375 Venit
2321 2317 2515 2390 itaque
2545 2317 2578 2375 J
2586 2316 2724 2374 udas
2752 2315 2823 2374 ad
2876 2314 3194 2373 tondendas
3222 2330 3378 2380 oves,
3420 2329 3536 2372 non
3565 2314 3700 2388 qui-

1991 2407 2124 2466 dem
2179 2405 2356 2477 solus,
2399 2407 2498 2465 sed
2558 2421 2692 2464 cum
2751 2411 2974 2479 pastore
3027 2421 3134 2463 suo
3185 2403 3544 2473 Odollamite,
3601 2403 3699 2463 cui

1994 2512 2208 2555 nomen
2237 2503 2358 2554 erat
2397 2495 2589 2554 Hiras.
2617 2495 2800 2565 Quem
2844 2511 2944 2568 per
2975 2492 3376 2552 Odollamitem
3415 2491 3699 2567 intelligi-

1990 2604 2122 2647 mus
2151 2589 2265 2647 nisi
2289 2589 2574 2647 Joannem
2599 2599 2622 2647 ?
2650 2589 3067 2662 Interpretatur
3094 2595 3288 2646 autem
3323 2585 3698 2646 Odollamites

1990 2683 2352 2735 testimonium
2381 2683 2441 2734 in
2471 2697 2618 2750 aqua
2647 2700 2664 2748 ;
2695 2695 2830 2738 cum
2873 2678 2979 2736 hoc
3008 2677 3178 2751 plane
3216 2676 3544 2735 testimonio
3590 2691 3691 2733 ve-

1987 2769 2076 2826 nit
2104 2769 2384 2828 Dominus
2421 2768 2491 2826 ad
2521 2784 2731 2842 aquam
2764 2765 3123 2841 baptismatis
3154 2811 3166 2835 ,
3199 2765 3418 2824 habens
3453 2764 3692 2838 quidem

1983 2859 2379 2918 testimonium
2438 2859 2628 2931 majus
2688 2858 2928 2927 Joanne,
2990 2856 3088 2914 sed
3145 2861 3372 2930 propter
3428 2855 3692 2913 inﬁrmas

1981 2963 2118 3006 oves
2149 2949 2255 3006 hoc
2289 2947 2614 3006 testimonio
2667 2948 2753 3006 uti
2781 2947 3049 3021 dignatus
3087 2952 3171 3004 est
3221 2949 3285 3004 in
3316 2961 3486 3020 aqua.
3528 2945 3689 3004 Unde

1977 3054 2110 3096 cum
2135 3038 2354 3096 videret
2381 3054 2515 3096 eum
2554 3038 2625 3096 ad
2656 3037 2921 3098 Jordanis
2942 3038 3156 3097 ﬂuenta
3176 3037 3680 3110 propinquantem,

1979 3126 2246 3200 protinus
2299 3127 2652 3197 exclamans,
2706 3130 2824 3185 ait:
2889 3152 2910 3179 ι
2945 3127 3088 3185 Ecce
3135 3142 3322 3200 agnus
3369 3126 3491 3196 Dei,
3551 3143 3682 3185 ecce

1979 3216 2081 3290 qui
2144 3214 2287 3272 tollit
2342 3223 2568 3288 peccata
2621 3216 2827 3274 mundi
2883 3218 3055 3287 (Joan.
3083 3216 3142 3276 I).
3207 3213 3278 3271 Et
3329 3213 3680 3287 evangelista

1978 3307 2118 3364 dicit
2154 3326 2165 3363 :
2229 3330 2248 3357 α
2283 3305 2704 3364 Testimonium
2748 3304 3044 3378 perhibuit
3089 3304 3343 3363 Joannes
3401 3303 3598 3362 dicens
3660 3322 3673 3361 :

1977 3396 2124 3465 Quia
2152 3394 2272 3452 vidi
2331 3394 2610 3468 Spiritum
2647 3395 3088 3454 descendentem
3140 3401 3416 3470 tanquam
3451 3394 3676 3453 colum-

1975 3483 2110 3541 bam
2159 3483 2230 3540 de
2279 3484 2441 3555 caelo,
2469 3491 2526 3541 et
2577 3491 2908 3542 manentem
2949 3500 3119 3558 super
3145 3499 3281 3543 eum
3312 3507 3326 3554 ;
3357 3489 3412 3541 et
3440 3497 3545 3557 ego
3575 3497 3676 3540 ne-

1976 3573 2227 3631 sciebam
2264 3589 2399 3632 eum
2430 3593 2446 3645 ;
2497 3575 2595 3633 sed
2627 3576 2726 3649 qui
2758 3575 2918 3634 misit
2971 3591 3064 3634 me
3107 3574 3391 3649 baptizare
3416 3575 3478 3632 in
3505 3588 3676 3647 aqua,

1974 3663 2073 3721 ille
2107 3663 2253 3720 mihi
2308 3664 2504 3723 dixit:
2543 3664 2730 3739 Super
2779 3681 2955 3739 quem
2985 3664 3200 3723 videris
3253 3664 3533 3738 Spiritum
3576 3663 3677 3719 de-

1973 3750 2338 3809 scendentem
2391 3758 2447 3810 et
2504 3759 2835 3811 manentem
2900 3768 3075 3826 super
3122 3767 3279 3821 eum,
3310 3751 3405 3808 hic
3447 3758 3532 3808 est
3578 3751 3682 3824 qui

182 3843 298 3901 nisi
351 3842 412 3899 in
471 3841 931 3914 compunctionis
983 3841 1288 3915 Iacrymas,
1348 3856 1484 3914 qua:
1538 3842 1608 3900 de
1661 3844 1890 3902 fervore
1970 3842 2215 3916 baptizat
2267 3843 2327 3900 in
2366 3843 2584 3916 Spiritu
2643 3851 2835 3902 sancto
2864 3845 3072 3916 (Ibid)
3107 3863 3134 3897 »
3181 3841 3289 3900 Cui
3318 3840 3534 3899 scilicet
3588 3839 3677 3897 vi-

182 3931 363 3990 sancti
410 3929 658 4005 Spiritus
701 3928 1034 4001 eliciuntur,
1065 3928 1426 4004 erumpere?
1473 3930 1619 3989 Nam
1663 3939 1718 3990 et
1765 3932 1890 4005 ipsa

179 4022 576 4096 interpretatio
627 4021 930 4080 nominum
985 4019 1163 4094 hujus
1222 4021 1426 4093 figura:
1486 4037 1602 4079 non
1676 4023 1891 4096 refugit

181 4112 560 4172 intellectum.
595 4114 756 4172 Onan
788 4111 1074 4186 siquidem
1102 4113 1274 4183 dolor,
1304 4111 1395 4171 vel
1426 4116 1659 4170 tristitia
1686 4132 1887 4182 eorum,

181 4199 303 4257 sive
348 4203 512 4256 etiam
547 4204 878 4270 mussitatio,
929 4199 1022 4257 vel
1049 4204 1409 4258 murmuratio
1458 4201 1890 4276 interpretatur.

182 4288 456 4362 Quisquis
503 4287 657 4345 enim
693 4301 825 4344 vere
854 4288 1313 4359 compunctionis
1367 4287 1562 4348 dolore
1613 4293 1889 4365 tristatur,

182 4380 350 4454 quasi
393 4379 503 4436 sub
537 4376 785 4449 quadam
836 4375 1082 4450 querula
1135 4378 1537 4436 mussitatione
1583 4382 1892 4441 adversum

181 4467 521 4543 pravitatem
545 4465 682 4522 vitae
711 4479 833 4521 suae
858 4480 1225 4522 murmurare
1252 4467 1635 4539 compellitur.
1669 4470 1891 4532 Sebeon

182 4568 379 4620 autem
439 4557 847 4629 interpretatur
898 4561 1050 4611 stans
1102 4559 1161 4612 in
1218 4561 1520 4631 aequitate;
1569 4561 1723 4634 quod
1779 4563 1894 4622 Deo

182 4663 498 4721 congruere
556 4661 726 4704 nemo
777 4661 1009 4719 prorsus
1057 4647 1300 4719 ignorat.
1358 4647 1485 4722 Ipse
1560 4649 1775 4724 quippe
1832 4652 1892 4710 in

185 4741 454 4815 zequitatc
491 4735 885 4812 principaliter
938 4741 1064 4803 stat,
1116 4737 1216 4810 qui
1273 4753 1306 4795 a
1346 4739 1590 4813 justitiaa
1654 4743 1890 4802 rectitu-

187 4831 320 4888 dine
370 4827 531 4888 nulla
581 4828 918 4885 necessitate
964 4835 1190 4886 coactus
1216 4827 1519 4887 exorbitat.
1560 4829 1724 4889 Onan
1757 4848 1892 4905 ergo

186 4921 329 4979 dum
382 4917 559 4992 patris
601 4916 691 4975 sui
749 4917 971 4974 Sebeon
1002 4915 1195 4984 asinos
1238 4917 1298 4974 in
1333 4917 1647 4978 solitudine
1688 4921 1885 4996 pascit,

188 5021 366 5078 aquas
415 5003 630 5062 calidas
686 5002 938 5076 reperit;
1000 5002 1137 5076 quia
1185 5003 1451 5076 quisquis
1500 5022 1561 5066 se
1612 5024 1714 5081 per
1756 5010 1892 5067 vitae

188 5097 592 5157 rectitudinem
626 5093 742 5152 Deo
771 5094 961 5150 ﬁlium
991 5091 1248 5162 exhibet,
1277 5109 1343 5151 ac
1372 5095 1443 5151 de
1474 5099 1717 5169 peccatis
1767 5099 1890 5158 suis

192 5185 529 5243 medullitus
575 5183 744 5251 dolet,
778 5182 919 5240 dum
948 5196 1007 5238 se
1036 5179 1222 5237 reddit
1251 5181 1308 5237 in
1343 5184 1606 5256 pervigili
1646 5186 1889 5246 fratrum

190 5293 326 5335 cura
358 5275 690 5346 sollicitum,
733 5273 932 5331 divino
963 5287 1206 5329 munere
1251 5271 1492 5346 percipit
1533 5276 1774 5346 gratiam
1806 5278 1890 5336 la-

190 5382 546 5439 cryinarum.
589 5364 733 5423 Nam
783 5372 837 5422 et
874 5364 1038 5421 beata
1069 5361 1170 5420 illa
1201 5363 1486 5437 peccatrix
1531 5364 1690 5437 prius
1721 5367 1891 5439 pedes

189 5456 435 5514 Domino
459 5462 751 5527 unguento
776 5451 1072 5527 perunxit,
1102 5453 1467 5526 postmodum
1496 5453 1668 5512 etiam
1695 5454 1888 5514 alaba-

189 5555 375 5606 strum
433 5543 718 5616 unguenti
784 5541 1017 5616 pretiosi
1065 5558 1236 5616 super
1280 5550 1449 5618 caput
1503 5545 1891 5605 recumbentis

189 5635 393 5695 effudit
436 5634 651 5705 (Matth.
695 5631 888 5701 XXVI;
944 5635 1115 5688 Marc.
1165 5643 1308 5702 XIV;
1360 5635 1516 5692 Joan.
1549 5635 1670 5706 XII).
1710 5633 1892 5707 Caput

189 5724 400 5782 Christi
443 5723 635 5790 Deus;
670 5720 844 5794 pedes
893 5719 1124 5794 Christi,
1162 5722 1314 5781 servi
1365 5722 1488 5782 Dei.
1526 5723 1685 5784 Sicut
1729 5725 1889 5785 enim

1972 3932 2120 3991 sioni
2151 3931 2322 3990 etiam
2364 3947 2577 3991 nomen
2598 3933 2842 4006 pastoris
2873 3933 3035 3992 illius
3070 3931 3366 4007 aptissime
3395 3929 3678 4004 congruit;

1973 4022 2380 4096 interpretatur
2440 4021 2601 4080 enim
2656 4019 2826 4078 Hiras
2880 4025 3079 4090 fratris
3147 4024 3254 4077 mei
3330 4023 3491 4075 visio.
3548 4015 3681 4075 Erat

1973 4114 2188 4188 quippe
2214 4114 2497 4172 Dominus
2529 4113 2704 4171 frater
2727 4112 2986 4179 Joannis,
3014 4129 3131 4172 non
3161 4112 3330 4172 modo
3358 4109 3681 4170 secundum

1977 4220 2174 4263 semen
2201 4205 2477 4275 Abrahae,
2511 4205 2606 4263 sed
2639 4205 2811 4262 etiam
2844 4203 3014 4276 juxta
3052 4203 3452 4278 cognationem
3484 4200 3679 4260 Maria:

1975 4302 2031 4352 et
2055 4294 2370 4354 Elisabeth.
2403 4294 2561 4354 Vidit
2591 4296 2784 4370 itaque
2820 4295 3070 4354 Joannes
3114 4295 3351 4354 fratrem
3379 4310 3551 4354 suum
3576 4292 3679 4350 ad-

1975 4385 2092 4441 huc
2123 4383 2354 4444 clausus
2383 4387 2444 4442 in
2475 4392 2667 4457 utero;
2701 4384 2847 4442 vidit
2876 4384 2936 4442 in
2969 4383 3289 4458 baptismo;
3319 4384 3467 4443 vidit
3494 4382 3680 4443 oculis

1975 4474 2167 4531 carnis
2195 4473 2492 4531 hominem
2527 4491 2541 4544 ;
2579 4475 2719 4532 vidit
2753 4475 2814 4532 in
2847 4474 3054 4548 spiritu
3094 4475 3470 4548 majestatem.
3515 4474 3680 4533 Unde

1976 4567 2032 4620 et
2063 4563 2364 4635 utriusque
2414 4563 2590 4638 hujus
2639 4564 2894 4623 nominis
2925 4564 3476 4639 interpretationem,
3509 4562 3683 4621 Hiras

1977 4651 2259 4721 videlicet,
2289 4652 2442 4726 quod
2478 4659 2562 4710 est
2591 4652 2783 4710 fratris
2814 4653 2928 4710 mei
2976 4653 3123 4712 visio
3154 4671 3169 4723 ;
3215 4659 3272 4710 et
3299 4650 3681 4722 Odollamitis,

1975 4742 2129 4814 quod
2170 4749 2333 4800 sonat
2379 4746 2744 4799 testimonium
2785 4747 2842 4800 in
2895 4762 3059 4816 aqua,
3094 4743 3249 4801 idem
3289 4742 3536 4802 Joannes
3570 4742 3683 4801 sub

1976 4831 2154 4890 unius
2212 4832 2512 4890 sententiae
2579 4833 2863 4892 versiculo
2934 4833 3388 4908 comprehendit,
3441 4833 3675 4891 dicens:

1975 4949 1998 4979 ι
2050 4920 2118 4979 Et
2148 4937 2256 4994 ego
2291 4922 2433 4994 vidi,
2465 4930 2520 4981 et
2549 4924 2946 4984 testimonium
2974 4925 3267 4999 perhibui,
3299 4923 3440 5000 quia
3467 4923 3562 4982 hic
3595 4928 3681 4980 est

1974 5011 2160 5070 Filius
2187 5011 2290 5070 Dei
2318 5013 2532 5081 (Ibid.).

2045 5102 2325 5161 Veniente
2369 5104 2543 5177 igitur
2589 5104 2737 5163 Juda
2767 5105 2837 5163 ad
2880 5120 3018 5163 oves
3047 5104 3384 5174 tondendas,
3429 5101 3680 5160 Thamar

1972 5197 2156 5250 mutat
2211 5192 2493 5263 habitum,
2527 5194 2663 5267 quia
2717 5201 2904 5254 mutat
2956 5193 3252 5268 spirituale
3309 5193 3674 5252 vocabulum.

1973 5278 2224 5337 Thamar
2276 5281 2488 5354 quippe
2548 5289 2879 5340 commutans
2943 5283 3367 5356 interpretatur,
3413 5299 3547 5340 nam
3604 5282 3677 5340 de

1977 5368 2275 5446 Synagoga
2304 5370 2367 5428 ﬁt
2411 5371 2683 5430 Ecclesia.
2735 5372 2842 5430 Sed
2869 5373 3040 5445 juxta
3078 5373 3350 5443 litteram,
3380 5373 3534 5431 idem
3569 5387 3675 5430 no-

1973 5475 2106 5517 men
2140 5461 2550 5520 amaritudinis
2581 5468 2792 5532 manet,
2824 5478 2943 5521 non
2979 5463 3138 5523 illius
3171 5465 3231 5522 in
3269 5479 3389 5539 qua
3431 5461 3679 5522 Domino

1973 5548 2046 5605 fel
2097 5548 2168 5606 ad
2225 5550 2545 5609 bibendum
2599 5553 2764 5610 miles
2819 5553 3025 5611 obtulit
3076 5557 3296 5625 (Matth.
3331 5560 3544 5622 XXVII),
3579 5551 3678 5609 sed

1973 5634 2097 5707 ejus
2133 5635 2323 5708 potius
2369 5637 2431 5696 in
2464 5652 2581 5711 qua
2611 5636 2815 5696 Petrus
2851 5646 2975 5712 post
3018 5638 3242 5713 lapsum
3285 5654 3480 5696 amare
3519 5634 3680 5693 flevit

1973 5727 2187 5797 (Ibid.).
2241 5727 2270 5787 ,Ι
2280 5728 2427 5788 udas
2463 5735 2658 5788 autem
2698 5733 2962 5800 confessio
3000 5729 3231 5792 dicitur.
3261 5730 3515 5790 Thamar
3542 5740 3676 5798 ergo
