4018 6182
298 358 435 420 1009
1649 347 1729 406 ΙΝ
1767 345 1885 405 LIB

2192 347 2426 408 NESIS.
3641 347 3777 406 1010

295 497 429 542 cum
480 481 632 540 Juda
675 481 986 551 dormiens,
1035 476 1297 552 protinus
1344 471 1611 547 concipit,
1669 471 1806 544 quia
1851 471 2050 532 cumA
2067 471 2350 544 patefecit.
2410 471 2555 542 Quia
2608 471 2892 529 nimirum
2945 470 3222 530 Judaicus
3256 471 3526 545 populus,
3561 472 3665 545 qui
3691 474 3766 532 ad

295 571 641 631 confessioni
669 568 992 629 amaritudo
1018 567 1290 626 miscetur
1336 564 1408 622 ad
1452 561 1823 636 proferendos
1871 575 1994 633 pce-
2077 559 2260 619 lucem
2293 559 2540 633 Spiritus
2601 561 2758 618 nasci
2816 560 3086 633 primitus
3110 560 3300 633 coepit,
3327 561 3576 620 ostendit
3597 577 3769 635 opera

294 662 557 722 nitentia:
596 662 838 730 fructus,
885 665 1078 718 sancta
1130 671 1267 716 mox
1322 654 1572 712 Ecclesia
1629 648 1991 708 fecundatur.
2078 662 2181 704 sua
2237 647 2644 719 prophetarum
2697 647 3166 719 praecedentium,
3199 653 3254 703 et
3305 648 3492 722 ipsius
3539 649 3774 707 Domini

295 753 461 811 Unde
494 757 548 809 et
597 750 892 809 Joannes:
929 769 957 802 «
1007 747 1216 817 Facite,
1265 744 1474 818 inquit,
1521 743 1743 800 fructus
1793 739 1996 811 dignos
2075 752 2276 795 cruore
2315 737 2551 810 polluta.
2596 737 2759 796 Unde
2813 745 2868 794 et
2909 738 3050 795 Zara
3102 739 3278 793 oriens
3326 739 3774 813 interpretatur;

293 840 652 916 pmnitentiae
679 843 855 904 (Joan.
905 841 1011 905 111).
1070 861 1090 886 ιι
1144 833 1255 903 Qui
1311 833 1594 890 nimirum
1639 828 1996 902 poenitentia)
2077 825 2214 900 quia
2243 825 2579 916 _Hebraicus
2609 826 2705 883 ille
2748 825 2997 916 populus
3035 825 3191 898 prior
3218 833 3380 916 ortus
3406 833 3490 884 est
3522 828 3595 885 ad
3626 829 3774 886 litte-

293 913 514 990 fructus
547 929 610 987 in
648 923 1012 984 Hierusalem
1062 925 1286 996 primus
1338 920 1547 992 erupit,
1591 917 1787 990 sicque
1841 923 1994 989 post-
2079 929 2203 971 ram
2243 913 2404 986 legis,
2457 914 2554 971 sed
2607 915 2882 987 posterior
2918 915 3100 972 factus
3144 914 3319 972 estad
3352 916 3775 988 suscipiendam

291 1020 531 1078 modum
560 1034 660 1091 per
706 1031 939 1074 omnem
993 1012 1196 1072 mundi
1244 1009 1608 1069 latitudinem
1660 1006 1991 1079 pullulavit.
2077 1003 2318 1078 gratiam
2382 1003 2704 1077 Evangelii.
2747 1004 2868 1062 Hoc
2913 1005 3107 1078 itaque
3154 1004 3323 1062 modo
3365 1006 3605 1064 retraxit
3652 1024 3775 1066 ma-

291 1108 444 1166 Hinc
485 1106 708 1164 Veritas
759 1104 940 1162 dicit:
976 1125 997 1153 ι
1057 1099 1360 1176 Oportebat
1425 1095 1719 1155 Christum
1768 1093 1882 1166 pati
1941 1097 1996 1149 et
2078 1107 2242 1160 num,
2288 1093 2390 1165 qui
2438 1093 2594 1150 nasci
2625 1093 2750 1165 jam
2792 1108 2892 1166 per
2931 1093 3213 1166 Spiritum
3251 1101 3498 1167 cmperat
3523 1097 3774 1170 populus

294 1211 594 1269 resurgere
624 1211 658 1252 a
693 1193 934 1252 mortuis
963 1192 1056 1250 die
1098 1189 1282 1259 tertia,
1338 1192 1394 1244 et
1444 1183 1746 1258 praedicari
1792 1182 1856 1240 in
1889 1197 1995 1240 no-
2076 1180 2457 1252 Judaeorum;
2496 1187 2551 1238 et
2576 1197 2713 1240 mox
2744 1182 3004 1255 prorupit
3047 1198 3114 1239 ac
3142 1182 3324 1241 factus
3352 1189 3436 1241 est
3480 1185 3771 1260 primoge-

294 1286 452 1344 mine
481 1284 606 1356 ejus
626 1282 1024 1354 paenitentiam
1051 1285 1106 1337 et
1132 1275 1532 1336 remissionem
1553 1272 1995 1346 peccatorumin
2078 1271 2234 1330 nitus
2260 1269 2510 1344 populus
2549 1269 2829 1342 gentium,
2864 1270 3079 1329 scilicet
3109 1278 3194 1342 ut,
3219 1273 3393 1344 juxta
3434 1275 3777 1334 sententiam

294 1379 730 1447 omnesgentes,
753 1368 1169 1444 incipiendoab
1191 1364 1556 1424 Hierusalem
1577 1365 1722 1435 (Luc.
1747 1361 1934 1432 XXIV).
1966 1383 1989 1410 ι
2078 1359 2368 1430 Veritatis,
2423 1359 2605 1417 futuri
2661 1366 2850 1417 essent
2894 1358 3198 1417 novissimi
3251 1362 3352 1434 qui
3385 1368 3547 1420 erant
3579 1364 3775 1436 primi,

294 1465 441 1523 Nam
480 1468 534 1521 et
578 1463 700 1536 ipse
747 1458 1121 1518 meretricalis
1160 1455 1392 1514 habitus
1438 1452 1859 1511 confessionem
1915 1449 1996 1508 si-
2079 1454 2133 1506 et
2166 1447 2339 1519 primi
2389 1447 2592 1505 ﬁerent
2643 1448 2744 1520 qui
2799 1454 2960 1505 erant
3012 1447 3336 1508 novissimi.
3397 1449 3552 1508 Bene
3601 1452 3779 1525 igitur

292 1553 530 1627 gniﬁcat
575 1535 958 1626 peccatorum,
991 1548 1114 1604 sive
1159 1544 1296 1619 quia
1358 1542 1612 1600 Thamar
1639 1556 1714 1598 ex
1767 1540 1996 1598 duobus
2078 1536 2292 1594 Phares
2332 1538 2623 1627 divisionis
2652 1550 2865 1627 nomen
2910 1535 3348 1627 accepit.__Unde
3397 1541 3453 1595 et
3497 1539 3802 1604 obstetrix.

292 1624 596 1716 corruptis
617 1637 981 1712 componitur
1011 1632 1223 1701 verbis,
1275 1631 1512 1689 thamna
1563 1630 1797 1700 scilicet,
1839 1629 1995 1702 quod
2077 1639 2143 1682 eo
2188 1630 2457 1716 nascente
2489 1624 2814 1716 clamavit:
2859 1646 2880 1674 «ι
2913 1624 3099 1716 Quare
3127 1624 3315 1682 divisa
3345 1630 3430 1684 est
3457 1632 3687 1700 propter
3726 1634 3780 1686 te

291 1711 542 1804 deﬁciens
571 1711 805 1799 dicitur,
837 1733 893 1786 et
933 1740 1112 1795 mara,
1144 1721 1300 1797 quod
1337 1728 1422 1778 est
1452 1722 1783 1778 amaritudo.
1839 1719 1995 1777 Bene
2075 1712 2323 1770 maceria
2342 1711 2370 1769 ?
2392 1732 2420 1764 »
2450 1713 2602 1804 (Gen.
2619 1715 2908 1804 XXXVIII.)
2925 1711 3109 1770 Omne
3131 1714 3344 1804 quippe
3357 1730 3541 1787 genus
3569 1716 3778 1775 huma-

291 1801 367 1880 in-
400 1839 466 1879 ea
518 1817 844 1878 amaritudo
883 1813 1106 1882 defecit,
1165 1825 1300 1868 cum
1338 1808 1581 1866 fecunda
1604 1810 1747 1866 facta
1777 1808 1847 1866 de
1876 1815 2051 1889 ste-B
2074 1816 2239 1873 num,
2305 1801 2471 1876 quasi
2546 1801 2784 1860 distorta
2840 1801 3121 1860 silvarum
3181 1802 3451 1876 virgulta,
3502 1805 3781 1866 adversus

291 1910 408 1981 rili,
440 1909 665 1968 dulcem
699 1907 835 1965 novi
871 1901 1150 1978 germinis
1174 1896 1424 1957 sobolem
1459 1899 1796 1970 procreavit.
1836 1898 1992 1956 Tha-
2077 1889 2406 1981 venientem
2464 1890 2748 1981 in‘carne
2774 1890 3091 1949 Dominum
3121 1891 3429 1950 maceriam
3463 1893 3690 1964 fecerat,
3725 1901 3779 1954 et

289 1978 417 2057 mar
441 1999 618 2071 igitur
665 2012 698 2054 a
746 2010 864 2052 non
913 1993 1286 2064 cognoscente
1338 1986 1567 2055 fetatur,
1602 1988 1739 2060 quia
1795 1995 1992 2046 sancta
2076 1996 2149 2038 ne
2178 1979 2249 2037 ad
2277 1979 2669 2071 peragendum
2703 1978 3488 2071 mysteriumredemptionis
3518 1982 3780 2057 ingrede-

288 2067 544 2148 Ecclesia
580 2091 865 2160 quantum
887 2083 956 2140 ad
987 2079 1366 2156 gentilitatem
1391 2077 1452 2134 in
1481 2076 1816 2150 primordio,
1849 2079 1992 2138 dum
2075 2074 2252 2160 ξ’θῐυῐξι
2290 2067 2648 2160 ΠΠᾶηἱξῌίῑθΡ
2668 2067 2997 2160 οὗεξελῐθβᾶῒο
3026 2067 3192 2126 Unde
3221 2069 3506 2160 θίξᾶιιὶυε
3539 2090 3550 2129 ε
3595 2094 3617 2122 σι
3640 2071 3778 2140 N08.

287 2195 459 2237 novae
498 2155 633 2236 ﬁdei
678 2189 877 2234 semen
923 2171 1146 2244 accipit,
1196 2183 1314 2240 non
1359 2166 1704 2239 agnoscitur.
1740 2168 1874 2226 Unda

2189 2157 2285 2228 uit,
2339 2157 2722 2232 praedicamus
2769 2155 3065 2215 Christum
3133 2159 3501 2230 cruciﬁxum,
3557 2161 3776 2218 Judaais

288 2268 545 2326 canitur:
569 2285 598 2318 «
635 2263 907 2337 Populus,
937 2274 1115 2332 quem
1142 2272 1258 2314 non
1291 2254 1555 2328 cognovi,
1575 2255 1812 2313 servivit
1844 2255 1990 2314 mihi
2073 2246 2326 2337 quidem,
2390 2244 2802 2337 803_“d_alum,__
2830 2245 3100 2337 gentibus
3198 2254 3391 2305 autem
3471 2248 3775 2306 stultitiam

288 2359 459 2426 (Ρεαι,
501 2356 671 2427 XVII),
709 2332 734 2404 ξ
771 2352 840 2409 Et
879 2349 1103 2408 Isaias;
1143 2371 1164 2397 ι
1199 2346 1362 2414 Ecce,
1397 2343 1496 2414 ait,
1548 2351 1777 2416 gentem
1815 2363 1990 2420 quam
2078 2337 2127 2406 (Ι
2152 2336 2268 2392 Cor.
2302 2336 2358 2427 ξ).
2407 2357 2427 2386 ιι
2464 2332 2575 2392 Sed
2590 2333 2838 2427 gentilis
2887 2334 3134 2427 populus
3178 2336 3329 2427 hanc
3373 2335 3571 2394 divisit
3609 2337 3777 2410 quasi

288 2424 581 2502 nesciebas
618 2424 870 2511 vocabis,
901 2444 957 2496 et
985 2443 1182 2512 gentes
1217 2452 1350 2508 quae
1389 2437 1484 2495 96
1514 2442 1566 2493 te
1614 2450 1734 2493 non
1788 2451 1990 2509 cogno.
2074 2425 2359 2483 nascendo
2392 2424 2722 2495 maceriam,
2766 2440 2900 2482 cum
2950 2441 3050 2498 per
3096 2425 3427 2484 Cornelium
3481 2429 3776 2486 centurio-

288 2537 517 2603 verunt,
572 2531 642 2588 ad
719 2535 770 2586 te
825 2532 1060 2587 current
1109 2530 1238 2596 (Isa.
1297 2531 1410 2594 LV).
1463 2552 1490 2577 ››
1546 2526 1723 2584 Porro
1772 2530 1989 2597 autem,
2074 2529 2216 2603 nem,
2271 2512 2529 2603 aliosque
2585 2515 2731 2581 (Λεία
2792 2518 2880 2603 X)_.
2931 2513 3228 2603 Primitias
3274 2514 3446 2603 ﬁdei,
3505 2513 3776 2589 baptismi

287 2622 442 2697 quod
470 2600 556 2678 illi
587 2618 791 2678 haedus
818 2635 920 2692 per
965 2617 1237 2676 eumdem
1267 2617 1669 2676 Odollamitem
1719 2615 1987 2685 mittitur,
2072 2602 2391 2697 ξμεοίρίίῖηδ
2424 2602 2741 2697 lavacrum,
2779 2601 2890 2658 5111)
3160 2601 3394 2697 titulum
3425 2605 3772 2665 οοῐὶνοίῖίνίῖ·

287 2689 430 2785 quid
463 2708 573 2766 nisi
600 2723 701 2782 per
726 2689 1014 2767 Joannem
1057 2707 1202 2763 facta
1231 2711 1594 2778 peccatorum
1623 2703 1990 2778 exprobratio
2073 2693 2238 2785 ῌειηε
2275 2691 2658 2785 ἃὶῐθΐῐὶὶῒὶξῖθξη
2709 2691 2986 2785 nascendi
3007 2689 3102 2785 97
3133 2693 3526 2785 οφηείᾱθιναὺξιι
3574 2695 3776 2785 δείξαις

287 2780 628 2871 designatur
655 2797 684 2856 ‘2
712 2797 886 2867 Quasi
916 2796 1073 2854 enim
1124 2795 1360 2854 haadum
1404 2795 1692 2852 meretrici
1750 2792 1991 2867 portitor
2071 2780 2853 2871 JQﬂnneS.CUII_1_JUd€BOPuln_
2877 2781 3061 2871 tul‘bis
3073 2782 3334 2871 undique
3347 2783 3775 2843 conﬂuentibus

286 2867 581 2958 aﬁefebat,
629 2903 762 2946 cum
833 2885 1164 2958 properanti
1221 2885 1292 2942 ad
1361 2885 1632 2957 baptismi
1696 2883 1994 2941 lavacrum
2077 2870 2290 2928 diceret
2339 2893 2352 2926 :
2409 2891 2430 2921 α
2466 2868 2550 2958 Ne
2604 2867 2888 2958 cmperitis
2929 2869 3164 2926 dicere:
3223 2869 3446 2928 Patrem
3494 2871 3776 2930 habemus

288 2979 478 3036 turbae
507 2957 607 3050 per
639 2957 1085 3048 increpationem
1135 2973 1358 3031 dicebat
1390 2992 1401 3030 :
1443 2997 1464 3024 ι
1503 2972 1812 3032 Genimina
1840 2970 1995 3043 vipe—
2076 2958 2368 3050 ᾼΙῡῗτλξζξθω
2394 2975 2417 3050 _;
2465 2957 2592 3050 ᾷίοο
2617 2957 2774 3050 ﬁlim
2801 2957 2986 3050 V9918,
3017 2959 3153 3050 (illia
3173 2964 3384 3050 Ροίθζιξ)
3415 2965 3498 3018 θεῖ
3524 2960 3677 3018 Deus
3706 2961 3776 3020 de

288 3042 526 3135 rarum;
541 3065 673 3138 quis
699 3042 948 3122 ostendit
997 3061 1161 3120 vobis
1202 3063 1400 3135 fugere
1426 3063 1499 3119 ab
1527 3061 1614 3119 ira
1641 3065 1885 3118 ventura
1905 3042 1940 3114 7?
1963 3079 1989 3109 ι
2077 3045 2368 3138 lapidibus
2389 3043 2514 3138 ἱείξὲ
2538 3043 2815 3138 ευδείῖξπθ
2844 3042 2995 3138 ﬁlios
3013 3044 3264 3138 ΑΙ)νὲξῇἓὲ
3287 3049 3483 3138 (Mem
3517 3053 3623 3138 III).
3655 3070 3676 3099 ι
3693 3049 3776 3106 ΑΟ

287 3132 503 3227 (Matth.
532 3132 633 3224 ni.)
686 3149 1036 3224 Requirebat
1080 3132 1292 3207 autem
1330 3149 1501 3206 Hiras
1544 3147 1912 3207 Odollamites
1956 3162 2049 3227 an
2077 3135 2124 3194 si
2153 3139 2412 3227 patenter
2451 3133 2601 3227 dicat
2647 3152 2660 3192 :
2709 3132 2966 3227 Gentiles
2997 3134 3216 3227 pepuli,
3249 3135 3352 3227 qui
3391 3135 3608 3210 lapides
3636 3145 3774 3195 sunt

288 3223 543 3300 Thamar
574 3241 883 3309 annulum,
913 3237 1204 3297 armillam
1233 3242 1290 3296 et
1318 3238 1608 3297 baculum.
1641 3239 1747 3296 Per
1794 3253 1985 3296 annu-
2006 3223 2049 3252 υ
2073 3226 2212 3301 (ﬁlia
2244 3225 2460 3299 lapide-‘3
2489 3223 2704 3295 εοῙυΠῐτ
2731 3224 3101 3298 βΐίωοὲθηίίί
3128 3224 3294 3282 νοδίε
3321 3225 3460 3284 ﬁent
3504 3227 3576 3283 ad
3610 3243 3772 3300 rege"

2069 3317 2385 3376 nerationis
2411 3321 2462 3373 et
2492 3330 2662 3372 nova)
2690 3315 2891 3388 gratiae
2912 3321 3374 3386 sacramentum;
3398 3332 3648 3390 quorum
3672 3333 3775 3376 vos

2067 3423 2168 3482 per
2181 3405 2392 3480 legales
2401 3405 2776 3463 caeremonias
2795 3403 3151 3463 videbamini
3169 3405 3422 3464 tenuisse
3436 3407 3766 3480 primatum.

2668 3546 2912 3608 CAPUT
2960 3547 3169 3609 XXXI.

2367 3663 2431 3717 In
2459 3675 2698 3717 sermone
2726 3661 2792 3715 de
2834 3663 2891 3717 S.
2925 3663 3072 3716 Luca
3099 3663 3456 3730 evangelista.

288 3333 434 3403 lum,
492 3330 854 3403 signaculum
885 3328 1046 3397 fidei;
1100 3343 1203 3401 per
1229 3327 1538 3399 armillam,
1575 3328 1737 3386 labor
1768 3327 1983 3400 operis;

284 3436 388 3495 per
454 3419 720 3478 baculum
770 3433 907 3476 vero
951 3416 1285 3490 designatur
1340 3417 1570 3488 requies
1614 3417 1754 3490 spei.
1809 3415 1986 3484 Quasi

281 3512 447 3571 enim
478 3511 612 3568 ﬁdei
642 3509 928 3568 annulum
958 3507 1304 3582 requirebat,
1358 3524 1491 3566 cum
1519 3508 1728 3565 diceret
1770 3528 1782 3566 :
1819 3531 1842 3560 α
1872 3509 1985 3578 Qui

282 3602 466 3660 credit
502 3601 563 3659 in
611 3600 827 3658 Filium
867 3599 992 3671 Dei,
1052 3597 1226 3656 habet
1274 3599 1452 3656 vitam
1507 3606 1828 3658 mternam:
1882 3599 1985 3673 qui

278 3699 479 3750 autem
525 3689 866 3748 incredulus
897 3696 980 3747 est
1024 3688 1250 3745 Christo
1299 3687 1467 3755 Filio,
1500 3704 1618 3746 non
1647 3688 1865 3746 videbit
1895 3690 1983 3747 vi-

282 3785 425 3848 tam,
475 3777 572 3835 sed
615 3777 700 3835 ira
763 3777 866 3835 Dei
917 3782 1111 3835 manet
1162 3792 1336 3849 super
1381 3777 1574 3849 ipsum
1615 3778 1786 3849 (Joan.
1821 3776 1922 3847 Ill).
1957 3800 1978 3827 ι

279 3869 376 3925 An
406 3881 520 3924 non
550 3866 724 3924 etiam
752 3866 825 3923 ad
869 3866 1159 3923 annulum
1185 3865 1524 3937 pertinebat,
1555 3880 1689 3922 cum
1729 3863 1940 3922 diceret
1967 3887 1979 3921 :

2145 3800 2165 3827 ι
2196 3776 2378 3836 Jussit
2418 3776 2629 3851 Joseph
2696 3777 3000 3848 ministris,
3076 3784 3142 3836 ut
3217 3779 3525 3853 implerent
3582 3796 3774 3843 saccos

2070 3865 2274 3937 tritico,
2307 3873 2362 3924 et
2395 3875 2737 3940 reponerent
2790 3867 3064 3940 pecunias
3092 3868 3464 3942 singulorum
3501 3873 3562 3929 in
3595 3873 3774 3931 saccis

287 3978 310 4007 ι
348 3955 460 4025 Qui
517 3955 688 4012 habet
737 3967 1026 4026 sponsam,
1086 3969 1330 4026 sponsus
1382 3951 1521 4010 est?
1578 3954 1753 4024 (Ibid.)
1787 3976 1809 4003 ι
1871 3954 1983 4011 Ar-
2067 3953 2192 4012 suis
2246 3955 2393 4024 (Gen.
2443 3959 2624 4024 XLIV).
2665 3979 2683 4004 η
2729 3953 2872 4024 Qum
2909 3971 3161 4031 namque
3209 3963 3346 4015 sunt
3388 3958 3584 4032 fruges
3624 3976 3772 4034 quas

281 4045 505 4104 millam
570 4059 706 4102 vero
760 4042 972 4100 laboris
1013 4041 1298 4115 exigebat,
1327 4059 1463 4100 cum
1501 4044 1756 4101 diceret:
1797 4067 1817 4091 ιι
1855 4043 1983 4101 Pm-
2065 4044 2279 4117 Joseph
2319 4043 2597 4103 fratribus
2627 4045 2892 4116 contulit,
2935 4045 3049 4103 nisi
3078 4047 3407 4120 evangelica
3431 4050 3771 4122 apostolica-

281 4135 588 4193 nitentiam
641 4132 792 4205 agite
857 4133 1072 4204 (Matth.
1132 4133 1290 4204 111).»
1348 4132 1549 4191 Baculi
1601 4148 1833 4207 quoque
1892 4149 1984 4191 re-
2067 4152 2181 4211 que
2212 4135 2491 4205 doctrina,
2526 4136 2680 4194 unde
2716 4136 2986 4193 videlicet
3014 4137 3278 4195 esuriens
3305 4139 3556 4213 populus
3587 4142 3770 4212 vivat,

281 4226 500 4299 quiem,
548 4238 684 4281 cum
729 4227 937 4294 prtesto
977 4219 1352 4294 subjungeret
1383 4240 1395 4278 :
1433 4245 1454 4271 ι
1491 4223 1993 4298 Appropinquavit
2077 4229 2230 4288 unde
2256 4245 2398 4302 grex
2429 4227 2638 4286 Christi
2659 4228 2914 4286 viventia
2943 4228 3146 4286 salutis
3172 4229 3444 4289 alimenta
3469 4233 3773 4307 decerpat?

281 4317 444 4375 enim
506 4329 750 4386 regnum
813 4312 1094 4371 caelorum
1147 4313 1355 4380 (Ibid.).
1396 4336 1416 4362 ι
1451 4314 1536 4370 Ac
1588 4313 1635 4371 si
1694 4315 1993 4388 perspicue
2074 4317 2214 4375 Hmc
2248 4315 2349 4372 illa
2379 4314 2546 4388 plane
2589 4324 2672 4372 ett:
2722 4316 2986 4388 pecunia,
3019 4333 3192 4390 quam
3224 4319 3284 4375 in
3317 4335 3413 4377 ore
3443 4320 3589 4377 sacci
3621 4338 3773 4395 prae-

280 4407 616 4479 loqueretur
647 4423 660 4460 :
730 4404 917 4462 Nolite
974 4404 1081 4463 sub
1134 4404 1412 4478 injunclze
1442 4406 1607 4465 vobis
1633 4409 1992 4481 poenitentize
2074 4405 2221 4478 cepit
2248 4405 2501 4479 imponi;
2535 4404 2658 4461 bene
2687 4405 2932 4478 pecunia
2967 4421 3122 4463 nunc
3163 4406 3225 4464 in
3273 4407 3545 4466 Ecclesia:
3575 4427 3774 4469 mensa

281 4496 478 4554 labore
506 4493 827 4562 lassessere,
872 4493 971 4551 sed
1002 4495 1190 4567 potius
1233 4495 1398 4564 ﬁrma
1445 4512 1543 4570 spe
1586 4497 1656 4556 de
1684 4499 1844 4573 regni
1874 4497 2428 4573 cna-“proponitur,
2461 4500 2527 4553 ut
2552 4509 2729 4553 usura
2759 4495 3122 4567 postmodum
3143 4513 3172 4554 a
3201 4499 3653 4569 negotiatoribus
3683 4518 3774 4560 re-

281 4547 474 4554 --πη
509 4547 764 4552 -_-------
788 4547 827 4562 -,
873 4547 971 4551 η-
1003 4547 1187 4567 rw---
1233 4547 1398 4564 ,ητ
1445 4547 1541 4570 ην-
1588 4547 1654 4556 μυ
1684 4547 1739 4556 ,ν
1876 4547 1959 4558 νυν
2115 4547 2428 4570 ,Ἵππη
2468 4547 2524 4553 _-
2558 4547 2728 4553 νγ---
2759 4547 2824 4567 τ-
2849 4547 3172 4554 .--πη----η
3204 4547 3653 4569 “casamo..-”
3683 4547 3742 4560 ,υ

281 4587 444 4646 lestis
471 4584 1022 4659 appropinquatione
1046 4586 1309 4643 animum
1350 4586 1626 4645 roborata.
1745 4547 1779 4573 D
2006 4547 2352 4659 Dquiratur.
2389 4581 2498 4641 Sed
2542 4590 2596 4638 et
2644 4582 2949 4653 Benjamin
3009 4584 3117 4640 hoc
3159 4583 3332 4642 etiam
3384 4602 3503 4658 prae
3551 4590 3774 4648 caeteris

353 4673 635 4743 Qumsivit
661 4680 854 4731 autem
885 4687 1011 4728 eam
1041 4672 1218 4730 Judas
1263 4673 1325 4730 in
1372 4673 1551 4742 bivio,
1601 4674 1700 4732 sed
1725 4675 1988 4735 invenire
2071 4676 2319 4745 additur,
2352 4680 2415 4732 ut
2464 4687 2624 4730 sacco
2673 4671 2797 4743 ejus
2846 4672 3015 4729 etiam
3060 4675 3311 4746 scyphus
3357 4691 3490 4732 cum
3530 4678 3776 4748 pecunia

283 4781 401 4822 non
435 4764 660 4836 potuit;
693 4761 833 4836 quia
867 4777 1000 4835 quae
1030 4762 1090 4819 in
1135 4762 1386 4835 publico,
1428 4763 1592 4835 juxta
1622 4763 1987 4838 Prophetam,

280 4861 340 4911 et
363 4853 472 4912 sub
499 4853 658 4910 omni
693 4852 850 4926 ligno
880 4852 1149 4910 frondoso
1181 4853 1363 4911 fuerat
1392 4853 1690 4925 prostituta
1721 4857 1847 4925 (Jer.
1882 4858 1985 4928 III),

265 4946 395 5018 jam
432 4957 490 4999 se
526 4941 587 4998 in
633 4940 804 5000 domo
839 4947 1093 5014 paterna,
1125 4940 1232 4998 sub
1281 4940 1495 4999 Christi
1535 4941 1801 5000 videlicet
1845 4959 1985 5002 con-

273 5033 595 5091 strinxerat
623 5030 927 5104 disciplina
952 5053 964 5099 ;
1006 5045 1111 5088 nec
1139 5045 1268 5088 eam
1296 5030 1510 5103 peccati
1533 5032 1744 5104 reperit
1771 5049 1984 5107 expro-

269 5120 487 5187 bratio,
543 5135 724 5193 quam
781 5118 1158 5177 confessionis
1239 5125 1564 5177 mutaverat
1634 5122 1981 5182 amaritudo.

267 5211 594 5269 Viduitatis
649 5227 709 5268 se
772 5210 1025 5269 vestibus
1050 5209 1258 5279 induit,
1290 5211 1426 5284 quia
1457 5216 1665 5285 przeter
1696 5213 1987 5273 caelestem

265 5301 595 5373 Sponsum,
628 5299 728 5371 qui
759 5315 860 5372 pro
888 5314 956 5357 ea
989 5306 1252 5358 mortuus
1282 5305 1382 5368 est,
1424 5300 1671 5360 alterum
1725 5321 1842 5362 non
1881 5307 1987 5362 ad-

265 5389 474 5449 mittit.
509 5387 672 5457 Quod
717 5395 909 5447 autem
955 5389 1172 5462 gemini
1221 5398 1615 5462 apparuerunt
1681 5394 1742 5450 in
1798 5400 1986 5466 utero,

258 5484 397 5542 duo
426 5488 564 5538 sunt
595 5479 788 5553 populi
847 5480 905 5536 in
959 5480 1227 5539 Ecclesize
1254 5481 1475 5553 gremio
1506 5498 1608 5554 per
1639 5485 1823 5541 sancti
1859 5483 1986 5557 Spi-

257 5569 426 5628 ritus
477 5569 719 5639 gratiam
763 5568 1038 5640 generati.
1087 5569 1154 5626 In
1211 5568 1335 5642 ipsa
1381 5585 1521 5628 vero
1574 5570 1854 5629 effusione
1884 5590 1988 5631 na-

252 5655 586 5724 scentium,
621 5671 774 5714 unus
823 5669 1061 5712 manum
1109 5654 1367 5728 protulit,
1411 5662 1464 5713 et
1519 5656 1695 5730 ligato
1735 5659 1986 5730 coccino,

251 5757 423 5808 mox
459 5743 716 5814 retraxit,
747 5743 941 5816 sicque
982 5751 1114 5800 ante
1163 5759 1224 5802 se
1257 5745 1531 5804 nascendi
1562 5746 1730 5806 alteri
1761 5747 1988 5807 aditum

2070 4768 2378 4837 reponatur
2402 4763 2609 4830 (Ibid).
2648 4760 2830 4828 Quem
2856 4761 3011 4817 enim
3038 4761 3247 4833 Joseph
3297 4779 3400 4834 per
3429 4765 3773 4837 mysterium

2070 4853 2305 4918 indicat,
2359 4851 2474 4908 nisi
2515 4849 2952 4923 Redemptorem
2994 4859 3275 4921 nostrum,
3321 4869 3497 4927 quem
3525 4870 3629 4912 suo
3649 4856 3772 4927 jam

2069 4948 2206 5002 tunc
2225 4941 2323 4998 ille
2350 4939 2624 5013 mysterio
2655 4938 3100 5013 prmﬁgurabat?
3129 4941 3227 4998 Ait
3256 4943 3413 5000 enim
3445 4943 3770 5017 Scriptura:

2071 5054 2097 5087 «
2139 5031 2286 5102 Quia
2312 5030 2484 5090 vertit
2514 5045 2723 5089 nomen
2780 5030 2938 5089 illius
2989 5031 3228 5102 Pharao,
3273 5041 3328 5092 et
3389 5035 3612 5094 vocavit
3639 5052 3774 5095 eum

2069 5121 2271 5194 lingua
2327 5120 2686 5194 Egyptiaca,
2740 5119 3094 5180 Salvatorem
3151 5123 3357 5182 mundi
3388 5127 3536 5196 (Gen.
3573 5129 3708 5198 XLI).
3747 5151 3766 5179 η

2071 5207 2222 5276 Quid
2260 5222 2361 5281 per
2408 5208 2631 5278 fratres,
2688 5207 2804 5265 nisi
2853 5208 3037 5266 sancti
3066 5208 3444 5282 designantur
3481 5214 3776 5285 apostoli?

2071 5295 2218 5365 Quid
2244 5312 2345 5370 per
2372 5296 2695 5370 Benjamin,
2731 5297 2843 5353 nisi
2880 5297 3113 5370 Paulus,
3149 5299 3251 5372 qui
3283 5300 3352 5357 de
3385 5300 3540 5360 tribu
3573 5302 3780 5379 Benja-

2072 5386 2195 5443 min
2225 5385 2508 5459 originem
2534 5384 2753 5442 duxit?
2782 5383 2994 5444 Omnes
3025 5402 3160 5458 ergo
3175 5387 3377 5445 fratres
3408 5389 3603 5465 fruges
3630 5409 3775 5467 prm-

2073 5477 2377 5536 dicationis
2421 5475 2733 5548 accipiunt,
2765 5491 2908 5549 quas
2951 5491 3140 5534 serere
3180 5493 3282 5550 per
3336 5481 3623 5540 mundum
3673 5485 3775 5543 de-

2072 5571 2266 5640 beant,
2297 5577 2352 5628 et
2381 5568 2708 5643 pecuniam,
2741 5583 2913 5640 quam
2943 5567 3014 5624 ad
3043 5584 3238 5627 usurae
3272 5569 3500 5630 lucrum
3547 5575 3608 5632 in
3637 5575 3774 5634 fidei

2074 5676 2272 5717 mensa
2335 5666 2672 5731 proponant.
2711 5657 2828 5716 Soli
2883 5673 3017 5714 vero
3069 5658 3369 5731 Benjamin
3413 5664 3584 5721 etiam
3648 5681 3778 5738 sev-

2072 5748 2224 5822 phus
2271 5746 2558 5821 adjicitur,
2590 5753 2656 5805 ut
2702 5762 2803 5820 per
2854 5745 3123 5821 Paulum,
3159 5765 3333 5823 quem
3362 5750 3462 5810 ille
3493 5752 3776 5825 signabat,
