4028 6168
268 373 395 433 1011

271 512 389 556 non
445 500 798 559 tabernaculi
843 501 1084 575 cyathus
1131 503 1420 575 gentibus,
1478 505 1577 562 sed
1626 504 1887 577 amplum
1917 505 2035 564 etA

270 589 533 662 patulum
575 591 733 647 verbi
762 590 1031 662 poculum
1079 593 1435 665 pr0pinetur.
1479 593 1630 651 Hinc
1682 599 1767 650 est
1809 593 1967 663 enim

268 682 420 752 quod
452 680 532 738 ait
561 705 573 738 :
608 708 633 731 ‹‹
666 681 739 739 Os
762 688 1025 739 nostrum
1058 688 1207 755 patet
1236 684 1305 740 ad
1340 699 1457 754 vos,
1489 700 1522 742 o
1547 683 1851 753 Corinthii,
1873 698 1969 740 cor

268 778 531 827 nostrum
563 770 862 829 dilatatum
884 777 987 839 est,
1030 787 1143 829 non
1174 774 1589 842 angustiamini
1620 774 1681 831 in
1704 774 1871 831 nobis
1901 777 1973 835 (II

272 862 390 919 Cor.
428 863 527 930 Vl).
570 881 598 912 »
635 862 719 918 Ac
749 862 795 918 si
827 862 978 919 dicat
1011 882 1023 920 :
1054 862 1197 931 Quia
1230 878 1318 920 me
1358 864 1523 922 vobis
1563 864 1723 923 verbi
1768 871 1969 938 potum

266 963 369 1021 per
395 948 631 1007 uberem
664 952 948 1024 scyphum
972 950 1128 1021 large
1166 953 1371 1011 videtis
1398 954 1663 1024 inﬂuere,
1692 960 1747 1012 et
1766 970 1865 1012 vos
1891 953 1970 1011 si-

274 1037 500 1095 tibundi
553 1038 742 1095 cordis
794 1039 863 1096 ad
920 1040 1312 1099 hauriendum
1359 1057 1476 1110 ora,
1511 1041 1720 1113 laxate,
1767 1049 1832 1100 ut
1868 1043 1970 1100 de-

272 1141 510 1184 currens
554 1127 712 1184 unda
754 1142 869 1185 non
914 1127 1168 1188 inaniter
1216 1131 1377 1201 ﬂuat,
1410 1133 1507 1190 sed
1562 1132 1790 1204 capacia
1820 1146 1969 1195 vasa,

269 1218 329 1275 in
367 1230 502 1290 qua}
554 1219 1053 1290 transfundantur,
1084 1221 1363 1280 inveniat.
1400 1223 1480 1280 De
1535 1240 1652 1297 quo
1703 1222 1975 1282 videlicet

267 1312 407 1379 potu
456 1322 556 1379 per
606 1306 818 1364 Isaiam
865 1308 1150 1368 Dominus
1201 1311 1337 1369 dicit
1377 1332 1389 1369 ε
1429 1335 1449 1363 α
1483 1311 1837 1371 Gloriﬁcahit
1883 1327 1975 1368 me

269 1396 450 1454 bestia
477 1397 621 1469 agri,
652 1398 929 1457 dracones
956 1406 1012 1457 et
1038 1400 1411 1471 struthiones,
1442 1402 1579 1476 quia
1606 1401 1740 1459 dedi
1776 1400 1839 1457 in
1872 1402 1973 1458 de-

271 1494 419 1544 serto
445 1504 647 1562 aquas,
673 1488 915 1547 ﬂumina
945 1489 1005 1547 in
1035 1490 1295 1559 invio,ut
1324 1492 1515 1549 darem
1544 1498 1742 1565 potum
1761 1491 1974 1564 populo

274 1590 423 1645 meo,
483 1574 662 1632 electo
726 1592 856 1634 meo
918 1582 1045 1643 (Isa.
1104 1581 1289 1651 XLIII).
1345 1598 1372 1631 »
1432 1577 1726 1652 Scyphum
1780 1579 1975 1653 itaque

270 1663 619 1738 evangelica)
676 1666 1123 1738 praedicationis,
1193 1666 1253 1723 in
1310 1666 1613 1741 Benjamin
1675 1667 1843 1724 datus
1892 1673 1977 1724 est

272 1755 471 1825 Paulo,
504 1764 567 1812 ut
598 1756 719 1829 ipse
748 1758 1037 1815 desertum
1055 1757 1391 1830 gentilitatis
1417 1758 1738 1831 specialiter
1754 1758 1981 1816 excolat

272 1849 327 1901 et
354 1844 677 1901 ariditatcm
726 1846 851 1917 ejus
895 1846 1053 1918 largo
1103 1855 1314 1904 sanctm
1344 1846 1768 1920 praedicationis
1792 1847 2035 1916 imbreB

272 1932 597 2005 perfundat.
626 1932 706 1989 De
727 1948 842 2005 quo
871 1931 1088 1989 scilicet
1107 1933 1292 1990 imbre
1320 1934 1595 2006 scriptum
1632 1940 1717 1990 est
1745 1951 1758 1990 :
1803 1954 1825 1984 ι
1862 1932 1977 2003 Qui

272 2019 457 2093 operit
484 2019 697 2079 caelum
732 2020 989 2080 nubibus
1039 2026 1094 2078 et
1137 2028 1297 2093 parat
1330 2027 1496 2079 terrae
1522 2020 1783 2096 pluviam
1809 2024 1972 2095 (Psal.

275 2108 492 2181 CXLVI).
527 2132 554 2160 ν

876 2226 1122 2286 CAPUT
1151 2226 1387 2285 XXXII.

748 2348 813 2401 In
841 2348 1094 2402 Sermone
1121 2346 1187 2400 de
1215 2347 1274 2403 S.
1312 2348 1513 2403 Vitale.

340 2465 401 2525 Si
429 2465 653 2537 inveni,
687 2490 713 2514 ››
746 2465 937 2540 inquit
964 2465 1162 2538 Jacob,
1200 2491 1225 2514 «
1264 2468 1505 2539 gratiam
1554 2468 1617 2526 in
1669 2474 1975 2544 conspectu

1221 378 1761 439 COLLECTANEA
1798 380 1877 439 IN
1915 379 2161 441 VETUS
2197 383 2785 446 TESTAMENTUM.

3616 388 3783 448 1012

2637 505 2879 565 CAPUT
2904 505 3170 565 XXXIII.

2302 611 2366 664 In
2394 622 2631 663 sermone
2654 606 2719 661 de
2747 607 3054 661 inventione
3083 611 3287 662 sanctae
3316 610 3513 665 crucis.

2125 740 2153 768 α
2180 716 2422 776 Lavabit
2443 716 2505 773 in
2534 716 2669 774 vino
2695 714 2900 772 stolam
2926 729 3111 782 suam,
3138 721 3194 771 et
3218 714 3279 771 in
3306 714 3595 787 sanguine
3626 731 3781 773 uvae

2050 806 2293 879 pallium
2322 822 2496 865 suum
2526 808 2680 876 (Gen.
2714 810 2908 874 XLIX).
2941 826 2967 854 υ
3003 802 3161 863 Stola
3186 804 3407 862 Christi
3440 812 3498 862 et
3521 804 3784 879 pallium

2053 895 2365 955 multitudo
2420 898 2504 952 est
2567 892 2851 965 gentium,
2880 907 3024 966 quas
3057 898 3197 951 tunc
3228 892 3513 951 Dominus
3542 893 3782 963 induit,

2054 983 2289 1055 quando
2320 982 2434 1040 sibi
2475 998 2570 1041 eas
2619 997 2719 1055 per
2752 981 3007 1055 gratiam
3024 982 3438 1056 redemptionis
3464 982 3775 1056 adjunXit,

2056 1070 2204 1127 sicut
2232 1085 2334 1143 per
2362 1071 2707 1144 Pr0phetam
2737 1068 3059 1141 pollicetur,
3091 1068 3289 1126 dicens
3321 1086 3335 1123 :
3391 1091 3417 1119 α
3455 1069 3603 1127 Vivo
3632 1085 3779 1142 ego,

2056 1158 2197 1215 dicit
2236 1159 2536 1226 Dominus,
2583 1157 2697 1215 nisi
2741 1157 2847 1215 hos
2890 1173 3094 1215 omnes
3136 1156 3376 1214 induam
3407 1155 3553 1215 sicut
3584 1160 3780 1215 vesti-

2056 1254 2318 1306 mentum
2344 1253 2474 1319 (Isa.
2506 1253 2698 1317 XLIX).
2727 1267 2755 1299 ››
2790 1246 3008 1307 Stolam
3033 1263 3168 1319 ergo
3197 1262 3362 1305 suam
3394 1247 3683 1307 Dominus
3710 1249 3776 1307 in

2053 1339 2211 1407 vino,
2246 1346 2301 1397 et
2326 1339 2569 1412 pallium
2592 1339 2656 1397 in
2681 1339 2964 1413 sanguine
2991 1353 3123 1395 uva:
3157 1336 3295 1393 lavit
3319 1337 3579 1410 quando,
3611 1338 3774 1396 sicut

2054 1426 2274 1496 botrus,
2306 1427 2366 1484 in
2391 1427 2577 1485 crucis
2605 1428 2764 1500 ligno
2794 1426 3101 1501 pependit;
3136 1430 3275 1483 tunc
3300 1426 3453 1483 enim
3481 1441 3557 1483 ex
3587 1427 3777 1485 latere

2054 1516 2178 1590 ejus
2203 1517 2438 1587 sanguis
2484 1523 2539 1574 et
2590 1533 2738 1591 aqua
2767 1516 3082 1591 proﬂuxit;
3114 1514 3211 1572 sed
3240 1529 3389 1587 aqua
3428 1530 3537 1572 nos
3560 1515 3776 1582 abluit,

2057 1605 2293 1677 sanguis
2324 1604 2583 1674 redemit,
2612 1605 2895 1663 nimirum
2924 1608 2987 1662 ut
3017 1602 3314 1661 exhiberet
3344 1602 3457 1661 sibi
3494 1618 3775 1676 sponsam

2058 1711 2178 1753 non
2206 1695 2515 1754 habentem
2541 1694 2827 1753 maculam
2854 1709 3045 1768 neque
3084 1707 3290 1765 rugam
3317 1694 3534 1765 (Ephes.
3568 1698 3655 1762 V).

2647 1817 2890 1878 CAPUT
2917 1817 3179 1878 XXXIV.

2480 1920 2545 1974 In
2573 1933 2811 1973 sermone
2839 1918 2904 1973 de
2933 1919 2991 1974 S.
3015 1916 3330 2010 Eteacadio.

2132 2042 2159 2076 α
2191 2022 2557 2081 Pulchriores
2574 2028 2709 2081 sunt
2731 2022 2883 2081 oculi
2901 2022 3026 2095 ejus
3047 2021 3204 2090 vino,
3228 2044 3255 2071 ιι
3279 2019 3473 2095 inquit
3498 2019 3675 2079 Jacob
3693 2019 3770 2077 ad

2058 2111 2250 2170 filium
2296 2112 2368 2170 de
2417 2110 2666 2181 Christo,
2703 2136 2729 2160 ‹‹
2762 2119 2818 2170 et
2844 2110 3043 2168 dentes
3070 2109 3198 2183 ejus
3234 2111 3375 2167 lacte
3400 2108 3768 2167 candidiores

2059 2205 2206 2276 (Gen.
2235 2205 2425 2270 XLIX).
2461 2224 2483 2253 ι
2519 2201 2683 2261 Oculi
2721 2217 2930 2273 nempe
2962 2200 3173 2259 Christi
3209 2199 3463 2273 Apostoli
3487 2206 3543 2257 et
3571 2199 3767 2257 Evan-

2054 2292 2275 2366 gelistae
2323 2297 2486 2360 sunt.
2530 2292 2631 2364 qui
2667 2292 2940 2350 universo
2973 2289 3195 2364 corpori
3244 2296 3454 2348 sanctae
3488 2288 3762 2348 Ecclesia

2056 2384 2259 2443 lumen
2290 2383 2586 2457 sapientiae
2609 2383 3015 2456 praestiterunt,
3038 2395 3289 2453 quorum
3309 2380 3587 2450 doctrina,
3626 2380 3770 2439 dum

2059 2474 2309 2547 rigorem
2330 2479 2503 2546 atque
2533 2473 2808 2532 duritiam
2841 2474 3042 2545 priscae
3072 2470 3216 2544 legis
3241 2469 3482 2540 emollit,
3512 2469 3767 2543 quodam

274 2562 393 2623 tuo,
430 2571 577 2628 pone
610 2571 847 2613 manum
875 2555 984 2613 sub
1046 2557 1259 2614 femore
1314 2573 1460 2626 meo,
1512 2564 1568 2615 et
1625 2558 1797 2617 facies
1831 2560 1978 2618 mihi
2060 2561 2232 2619 modo
2282 2560 2675 2619 austeritatem
2725 2561 2846 2619 vini
2895 2559 3103 2618 veteris
3145 2573 3342 2617 eorum
3394 2558 3767 2631 pulchritudo

276 2645 731 2704 misericordiam
774 2652 829 2703 et
875 2647 1200 2717 veritatem,
1230 2654 1293 2705 ut
1334 2662 1450 2705 non
1481 2644 1575 2701 98
1605 2648 1846 2720 sepelias
1885 2662 1979 2705 me.
2061 2649 2360 2724 praecellit.
2392 2648 2736 2722 Evangelica
2774 2649 2990 2723 quippe
3032 2654 3312 2722 praecepta
3340 2647 3628 2704 mandatis
3653 2646 3764 2704 Ve-

273 2734 333 2791 in
354 2734 619 2808 zEgypto,
637 2735 735 2791 sed
755 2734 1037 2792 dormiam
1060 2750 1194 2791 cum
1213 2734 1475 2806 patribus
1496 2736 1659 2805 meis,
1689 2742 1794 2792 etc.
1825 2736 1976 2807 (Gen.
2066 2741 2205 2799 teris
2249 2741 2601 2798 Testamenti
2660 2740 2829 2814 longe
2889 2745 3025 2798 sunt
3069 2738 3331 2797 clariora.
3366 2737 3576 2797 Dentes
3629 2753 3764 2796 vero

276 2828 484 2884 XLVII).
522 2847 543 2871 ι
580 2822 729 2892 Quid
772 2829 857 2879 est
908 2823 1035 2891 hoc,
1069 2821 1271 2878 fratres
1302 2823 1433 2891 mei,
1468 2821 1608 2894 quid
1647 2821 1758 2879 sibi
1789 2823 1913 2880 vult
1949 2839 1984 2881 a

277 2915 436 2967 tanto
465 2909 591 2967 viro
621 2919 733 2966 tam
762 2910 938 2967 anxia
986 2908 1299 2981 sepeliendi
1328 2910 1580 2983 corporis
1608 2910 1936 2969 sollicitudo
1958 2910 1987 2970 ?

278 2994 342 3054 Si
384 2995 539 3053 enim
591 2997 699 3054 hoc
754 3012 828 3053 ex
888 2996 1145 3054 humana
1193 2998 1610 3055 consuetudine
1656 2998 1984 3069 metiamur,

277 3087 530 3156 profecto
563 3083 713 3141 nihil
749 3084 990 3156 dignum
1048 3090 1203 3141 tanta
1246 3085 1592 3158 prophetica;
1642 3086 1853 3144 mentis
1879 3102 1985 3143 ex-

2070 2829 2253 2887 sancti
2297 2829 2699 2902 praedicatores
2744 2833 2903 2896 sunt,
2954 2826 3056 2900 qui
3104 2842 3412 2886 conversos
3446 2826 3770 2884 hominesa

2067 2933 2382 2991 pravorum
2412 2918 2678 2976 societate
2714 2914 3035 2991 praecidunt
3075 2930 3284 2987 eosque
3313 2914 3376 2972 in
3404 2912 3615 2971 Christi
3644 2928 3775 2971 cor-

2068 3022 2194 3080 pus,
2250 3015 2527 3081 tanquam
2580 3006 2642 3064 in
2702 3022 2806 3065 sua
2857 3004 3117 3063 membra
3170 3002 3552 3075 suscipiendo,
3605 3003 3775 3076 quasi

2070 3097 2398 3157 mandendo
2446 3096 2757 3172 trajiciunt.
2792 3095 2987 3164 Porro,
3017 3092 3254 3152 nomine
3304 3091 3485 3158 lactis,
3517 3091 3775 3150 doctrina

279 3172 545 3231 εθῙῙθῐιῐῘθ
600 3172 937 3269 ΓΘΡῩ-Γίωυεο
996 3174 1341 3269 υὺξςιωψιβ
1400 3177 1558 3269 θρίω
1615 3193 1824 3269 corpus
1877 3177 2209 3269 hufclegis
2252 3186 2545 3255 innuitur,
2594 3201 2727 3259 qum
2779 3184 3069 3242 carnalem
3129 3178 3224 3237 99
3277 3181 3555 3269 populum
3605 3179 3776 3238 lactis

283 3276 527 3320 manum
564 3262 894 3334 sepeliatur,
935 3278 1053 3321 non
1083 3263 1211 3321 ideo
1238 3264 1331 3322 vel
1371 3266 1568 3323 minus
1594 3267 1861 3339 perfecta,
1890 3267 1984 3324 vel

277 3354 476 3411 minus
502 3352 752 3425 gloriosa
789 3354 915 3426 ejus
952 3354 1292 3413 resurrectio
1332 3354 1527 3413 futura
1578 3354 1780 3429 procul
1809 3355 1986 3414 dubio

278 3441 561 3509 creditur;
593 3441 692 3499 sed
737 3441 786 3500 si
837 3444 1067 3516 mystici
1116 3446 1460 3503 sacramenti
1511 3446 1875 3519 profunditas
1923 3447 1986 3505 in

282 3531 459 3605 hujus
511 3531 820 3589 dubietatis
891 3533 1137 3605 caligine
1194 3536 1545 3607 requiratur,
1615 3536 1985 3608 perspicuum

284 3621 481 3678 lumen
513 3619 914 3693 intelligentiae
945 3622 1056 3695 ipsi
1083 3623 1185 3697 qui
1216 3623 1507 3682 invenerit
1543 3625 1781 3684 orietur.
1814 3626 1989 3685 Cada-

282 3725 421 3768 vera
474 3710 686 3783 quippe
736 3718 1101 3770 mortuorum
1150 3721 1375 3786 peccata
1420 3714 1748 3786 signiﬁcant
1773 3715 1989 3790 injuste

286 3802 636 3861 viventium.
699 3802 859 3861 Sicut
903 3804 1059 3861 enim
1105 3810 1232 3878 post
1303 3812 1629 3865 contactum
1684 3822 1989 3881 corporum

287 3897 646 3951 mortuorum
699 3893 794 3951 lex
846 3894 1106 3968 praecipit
1159 3896 1427 3955 homines
1482 3898 1777 3972 purificari
1809 3902 1988 3972 (Num.

290 3987 445 4050 XIX),
478 3982 557 4039 ita
580 3985 754 4041 etiam
785 3990 912 4058 post
940 3986 1418 4059 perpetrationem
1449 3986 1795 4047 delictorum
1820 3989 1991 4063 jube-

2065 3278 2272 3353 poculo
2326 3283 2602 3350 tanquam
2635 3272 2908 3347 parvulos
2935 3270 3088 3330 alere
3134 3270 3458 3329 videbatur.
3510 3268 3773 3339 Quorum

2066 3365 2353 3424 nimirum
2396 3362 2540 3420 lacte
2586 3360 2950 3419 candidiores
2998 3363 3134 3416 sunt
3180 3356 3439 3415 doctores
3478 3354 3771 3421 Ecclesia},

2067 3456 2206 3530 quia
2252 3454 2457 3511 fortem
2499 3459 2556 3509 et
2606 3450 2858 3510 solidum
2906 3448 3068 3507 verbi
3112 3448 3305 3506 cibum
3350 3452 3405 3503 et
3428 3445 3537 3519 ipsi
3578 3460 3767 3504 come-

2067 3545 2236 3616 dunt,
2261 3548 2317 3602 et
2367 3542 2497 3601 aliis
2543 3542 2780 3600 tradunt
2808 3559 2825 3612 ;
2855 3540 2926 3599 de
2973 3540 3190 3615 quibus
3218 3538 3291 3597 ad
3320 3536 3601 3595 Hebraeos
3636 3534 3775 3594 dicit

2068 3635 2379 3710 Apostolus
2422 3656 2435 3690 :
2491 3655 2519 3683 α
2554 3632 2938 3691 Perfectorum
2981 3635 3065 3688 cst
3116 3628 3336 3687 solidus
3372 3626 3541 3685 cibus
3595 3626 3771 3697 (Hebr.

2070 3724 2148 3795 II).
2166 3746 2193 3770 ιι
2218 3720 2289 3778 Et
2318 3719 2463 3778 bene
2487 3717 2718 3776 candidi
2744 3732 2869 3775 esse
2895 3716 3170 3775 dicuntur
3195 3714 3455 3773 doctores
3481 3712 3768 3781 Ecclesiae,

2070 3810 2208 3885 quia
2236 3814 2292 3867 et
2319 3825 2352 3866 a
2381 3806 2681 3882 pravitatis
2712 3805 2937 3864 macula
2966 3804 3134 3863 liberi
3190 3812 3247 3863 et
3286 3803 3616 3875 conspicua;
3642 3816 3774 3859 con-

2072 3896 2412 3957 versationis
2457 3895 2731 3955 videntur
2776 3893 3049 3968 operibus
3098 3893 3261 3951 clari.
3301 3892 3661 3964 Quapropter
3683 3905 3769 3947 ca-

2072 3987 2332 4046 vendum
2378 3992 2483 4056 est,
2529 3985 2736 4042 fratres
2784 3983 2920 4052 mei,
2964 3998 3038 4041 ne
3086 3997 3201 4056 qua
3243 3996 3346 4039 nos
3373 3980 3648 4039 vitiorum
3690 3978 3777 4037 ni-

291 4081 425 4130 mhr
462 4074 563 4147 per
588 4075 987 4147 pmnitentiam
1025 4076 1206 4135 ablui.
1235 4078 1387 4136 Hinc
1411 4077 1697 4137 nimirum
1729 4080 1828 4138 illa
1858 4096 1991 4138 sen-
2073 4077 2247 4149 gredo
2305 4075 2624 4146 dedecoret,
2695 4072 2797 4148 qui
2855 4073 3131 4132 candidos
3199 4072 3261 4129 in
3311 4069 3521 4128 Christi
3573 4067 3776 4126 militia

292 4160 473 4218 tentia
500 4162 648 4220 dicta
678 4169 804 4220 est:
842 4184 862 4212 ι
895 4162 1007 4232 Qui
1043 4164 1363 4237 baptizatur
1389 4182 1422 4223 a
1455 4173 1681 4226 mortuo
1701 4174 1758 4225 et
1782 4168 1992 4227 iterum
2075 4164 2248 4223 duces
2301 4163 2601 4221 habemus.
2665 4160 2993 4220 Periculose
3054 4159 3337 4217 nimirum
3384 4156 3525 4212 100
3583 4170 3773 4214 rerum

295 4250 479 4320 tangit
528 4250 719 4320 illum,
773 4250 915 4323 quid
968 4252 1195 4324 proﬁcit
1253 4253 1463 4311 lavatio
1515 4254 1754 4328 ejus?»
1804 4259 1995 4321 (Eccli.
2082 4254 2299 4327 species
2352 4253 2654 4324 ﬂuctuant,
2723 4251 2826 4310 ubi
2887 4267 3021 4308 cum
3071 4249 3319 4309 ducibus
3370 4246 3776 4323 subsequentis

295 4339 543 4407 XXXIV.)
568 4336 900 4410 Baptizatur
923 4338 1138 4413 quippe
1184 4355 1219 4397 a
1264 4349 1511 4411 mortuo,
1544 4342 1645 4415 qui
1683 4346 1867 4402 mund
1888 4352 2004 4404 Itur
2081 4342 2370 4400 exercitus
2418 4340 2669 4413 insignia
2714 4352 2828 4395 non
2877 4337 3241 4395 concordant.
3293 4336 3451 4394 Beati
3495 4333 3776 4407 siquidem

246 4486 255 4502 ,
296 4426 527 4485 ﬂetibus
578 4444 611 4484 a
656 4431 902 4499 peccato,
960 4427 1057 4484 sed
1110 4435 1237 4501 post
1290 4429 1645 4503 baptismum
1706 4439 1999 4491 mortuum
2082 4438 2268 4506 patres
2314 4430 2495 4487 nostri
2544 4434 2832 4501 promptos
2861 4442 2921 4485 se
2963 4426 3318 4485 exhibebant
3346 4426 3419 4484 ad
3447 4424 3779 4497 perferenda

297 4517 496 4620 tangit,
546 4517 647 4591 qui
694 4516 925 4590 culpam
975 4525 1103 4592 post
1138 4520 1422 4595 lacrymas
1458 4522 1678 4594 repetit.
1742 4521 1855 4581 Sed
1912 4539 2059 4620 se-D
2084 4520 2365 4593 supplicia
2393 4541 2407 4589 ;
2439 4533 2545 4576 nos
2573 4523 2787 4585 autem,
2812 4516 2953 4575 dum
2981 4532 3014 4573 a
3039 4515 3610 4620 pr‘oximo‘lmdimur,
3635 4528 3780 4572 com-

295 4605 531 4680 pultura
560 4615 925 4667 mortuorum
954 4609 1357 4668 remissionem
1404 4610 1692 4684 significat
1741 4605 2057 4687 peccato-"
2084 4625 2384 4685 pescamus
2440 4608 2642 4667 saltem
2686 4609 2915 4666 animos
2977 4606 3252 4665 vindicta.
3308 4605 3535 4678 Moyses
3581 4618 3779 4675 nempe

299 4711 452 4755 rum.
485 4695 651 4755 Unde
688 4713 788 4772 per
836 4698 1177 4773 Prophetam
1207 4700 1417 4759 dicitur
1453 4716 1466 4755 :
1505 4728 1531 4751 «
1562 4701 1721 4760 Beati
1752 4718 2001 4776 quorum
2082 4702 2153 4760 ad
2181 4699 2422 4759 ultionis
2444 4696 2725 4757 indicium
2775 4698 3126 4757 descendens
3164 4697 3236 4755 de
3262 4704 3477 4763 monte,
3508 4700 3780 4754 cornutas

298 4786 559 4845 remissae
595 4795 733 4845 sunt
760 4787 1115 4861 iniquitates,
1147 4793 1204 4847 et
1246 4805 1496 4862 quorum
1526 4796 1670 4849 tecta
1706 4797 1842 4850 sunt
1868 4807 2003 4865 pec-
2083 4788 2348 4863 apparuit
2391 4788 2545 4857 (Gen.
2584 4791 2846 4856 XXXIV);
2898 4801 3073 4859 super
3126 4784 3441 4844 Dominum
3480 4789 3681 4839 autem
3722 4780 3779 4837 in

301 4882 424 4933 cata
459 4878 625 4947 (Psal.
658 4879 853 4949 XXXI).
892 4900 917 4924 »
950 4876 1061 4933 Ubi
1097 4892 1233 4950 ergo
1274 4877 1601 4950 sepelienda
1634 4885 1797 4935 erant
1834 4879 2003 4936 cada-
2087 4874 2553 4935 mansuetudinis
2579 4872 2800 4947 Spiritu
2826 4874 3097 4933 columba
3120 4871 3417 4931 descendit
3440 4871 3655 4941 (Matth.
3677 4872 3778 4937 III).

301 4978 440 5021 vera
467 4962 948 5037 patriarcharum,
987 4963 1103 5021 nisi
1128 4964 1189 5021 in
1220 4963 1321 5021 illa
1355 4970 1503 5023 terra
1528 4965 1630 5024 ubi
1659 4972 1783 5025 erat
1814 4967 2005 5026 cruci-
2088 4967 2183 5025 Illi
2230 4966 2611 5025 decreverunt
2667 4979 2771 5037 pro
2836 4964 3068 5022 Christo
3120 4962 3352 5037 prepria
3389 4966 3594 5018 cuncta
3649 4972 3785 5016 con-

303 5049 570 5125 ﬁgendus
629 5050 796 5125 cujus
839 5050 1122 5124 sanguine
1176 5051 1321 5110 facta
1367 5058 1454 5110 est
1506 5054 1770 5113 remissio
1807 5070 2006 5128 pecca-
2092 5062 2388 5123 temnere;
2433 5069 2541 5112 nos
2583 5059 2776 5113 autem
2828 5053 3122 5113 discamus
3171 5051 3377 5111 saltem
3422 5064 3556 5124 quae
3605 5046 3791 5107 aliena

306 5147 494 5201 torum
529 5139 558 5199 ?
2093 5152 2232 5204 sunt
2256 5158 2368 5203 non
2399 5143 2639 5202 ambire.

1568 5271 1795 5325 Finiunt
1835 5272 2143 5327 testimonia
2167 5269 2298 5324 libri
2325 5268 2562 5325 Genesis.

1404 5442 1789 5505 INCIPIUNT
1813 5444 2187 5505 CAPITULA
2239 5442 2442 5501 LIBRI
2471 5440 2717 5501 EXODI.

352 5570 399 5627 1.
441 5573 519 5626 De
546 5571 771 5628 urbibus
796 5572 1265 5627 tabernaculorum
1295 5571 1531 5627 Phithon
1565 5576 1614 5626 et
1643 5574 1913 5643 Ramesse,
1946 5586 2083 5641 quas
2111 5569 2325 5625 Pharao
2359 5568 2470 5621 luto
2500 5570 2551 5622 et
2573 5567 2738 5638 palea
2769 5567 3097 5622 construxit.

343 5642 397 5714 2.
440 5646 516 5695 Dc
546 5645 703 5714 t‘z’rga
728 5647 906 5712 Moysi
929 5647 987 5698 in
1013 5649 1309 5714 serpentem
1335 5658 1608 5699 conversa.

346 5711 397 5783 3.
442 5713 593 5767 Unde
622 5728 809 5783 supra.

343 5782 398 5840 4.
440 5785 517 5839 De
541 5782 706 5839 manu
733 5786 931 5853 Moysi,
965 5801 1085 5855 quae
1111 5787 1302 5844 educta
1328 5787 1393 5843 de
1416 5788 1541 5842 sinu
1569 5787 1831 5858 apparuit
1855 5785 2088 5856 leprosa.
