4028 6168
435 367 569 428 1013

1812 377 1891 435 ΙΝ
1935 375 2221 435 LIBRUM
2260 374 2502 435 EXODI.

3770 366 3909 427 1014

463 493 516 570 ξ.
560 495 689 570 Cum
725 505 859 554 esset
888 502 1099 570 Moyses
1127 506 1188 559 in
1217 505 1428 569 itinere,
1461 506 1697 561 occurrit
1722 505 1773 558 ei
1799 504 2079 563 Dominus,
2112 505 2163 556 et
2191 502 2403 555 volebat
2432 516 2549 555 eum
2576 501 2894 568 interﬁcere.

461 563 513 622 6.
552 568 904 651 l’rojecerunt
949 563 1182 644 maleﬁci
1224 563 1527 632 Pharaonis
1563 578 1623 630 in
1672 580 1872 631 terram
1916 576 2103 641 virgas
2158 588 2308 636 suas,
2362 588 2481 642 quae
2528 587 2696 625 versae
2722 563 2871 624 'sunt
2905 570 2965 622 in
3014 567 3292 630 dracones,
3344 565 3440 620 sed
3487 566 3767 621 devoravit
3812 581 3902 621 eas

653 642 814 708 virga
840 643 1047 700 Aaron.

459 705 511 766 7.
550 711 629 764 De
670 705 846 791 decem
871 716 1059 791 plagis
1086 718 1344 788 Egypti:
1381 718 1429 784 l,
1464 719 1530 773 de
1557 720 1719 791 aquis
1756 720 1815 791 in
1851 716 2170 791 sanguinem
2208 714 2426 791 Aversis;
2466 711 2521 776 2,
2540 713 2667 791 _de_
2678 712 2849 781 plaga
2887 724 3192 791 ranarum}
3244 706 3295 791 ἓν
3337 707 3402 791 (ἦε
3443 708 3689 791 dull)“;
3733 706 3790 791 ξ,
3838 708 3905 791 (ζα

635 786 836 838 muscis
850 776 948 849 f5,
974 776 1049 840 de
1076 776 1559 845 nec'euanima'lium
1584 776 1621 855 ς’
1648 790 1700 853 ti,
1744 789 1811 841 de
1844 776 2115 841 ulceribus
2168 788 2218 838 et
2261 776 2491 849 vesicis;
2539 783 2593 846 7,
2631 776 2696 836 de
2732 776 3001 855 grandine
3048 785 3098 834 et
3144 779 3401 833 tonitruis
3436 783 3485 832 et
3522 776 3684 846 igne;
3732 776 3786 842 8,
3838 779 3905 834 de

636 855 810 928 quga-
840 857 1207 926 locustarum;
1246 859 1279 916 9
1310 862 1376 915 de
1406 854 1677 925 tenebris;
1736 858 1819 922 ll),
1851 859 1919 911 de
1942 857 2425 928 primogenitorum
2451 854 2939 921 interiectionibus.

452 918 505 994 8.
546 918 785 980 Ροέειιίἐι
809 928 895 979 vir
918 928 988 980 ab
1014 918 1330 994 amico'suo,
1364 936 1413 986 et
1435 933 1630 986 mulier
1656 918 1691 984 ὰ
1718 918 1899 983 vicina
1923 918 2023 982 s‘ua
2053 918 2187 981 vasa
2216 930 2472 993 argentea
2501 930 2551 979 et
2581 918 2749 979 aurea
2778 929 2828 978 et
2852 927 3045 979 vestes.

452 991 504 1071 ξ.
544 995 767 1071 S_ument
795 997 1152 1071 desanguine
1179 991 1329 1068 agni,
1362 1007 1413 1056 et
1442 1006 1639 1071 ponent
1666 1016 1830 1071 super
1864 1004 2151 1071 utrumque
2181 991 2406 1071 Ροεῖθπι·

427 1060 509 1120 10.
554 1066 685 1121 Cum
725 1060 1011 1143 emisisset
1029 1060 1244 1125 Pharao
1283 1060 1567 1143 populum,
1610 1060 1846 1126 non‘eos
1890 1060 2123 1123 deduaiit
2164 1060 2424 1123 Dominus
2450 1083 2550 1143 per
2591 1068 2738 1143 viam
2780 1069 2936 1143 terra
2973 1065 3331 1128 Philisthiim,
3378 1079 3498 1133 quae
3541 1065 3725 1120 vicina
3759 1067 3899 1128 erat,

630 1152 697 1189 ne
722 1140 773 1211 si
804 1138 945 1192 bella
974 1142 1031 1194 in
1058 1143 1153 1195 via
1181 1138 1577 1211 consurgerent,

1688 1144 1883 1196 niteret
1907 1156 2026 1194 eum
2056 1145 2107 1194 et
2133 1143 2489 1194 reverteretur
2511 1140 2570 1191 in
2596 1140 2913 1208 Egyptum.

552 1206 798 1281 Sumpsit
820 1211 1004 1264 Maria
1028 1201 1768 1281 prophetissavsoror'zlaron
1795 1217 2115 1281 tympanum
2138 1213 2197 1265 in
2226 1225 2413 1264 manu.

543 1279 618 1353 De
644 1272 807 1346 agnis
830 1272 1056 1344 amaris,
1091 1272 1210 1352 qua:
1240 1285 1403 1351 ligni,
1433 1284 1579 1353 quod
1602 1272 1840 1339 ostendit
1864 1272 2127 1336 Dominus
2156 1282 2353 1349 Moysi,
2390 1279 2736 1342 admistione,
2764 1284 2892 1337 sunt
2921 1281 2982 1338 in
3018 1277 3359 1336 dulcedinem
3389 1292 3575 1334 versas.

543 1350 620 1425 De
648 1341 730 1425 xjt
762 1341 1307 1425 aquarumfontibus
1333 1341 1537 1411 et'L‘XX
1562 1356 1764 1425 palmis
1791 1356 1847 1407 in
1877 1353 2075 1425 Helim.

546 1418 700 1493 Quod
721 1414 877 1493 segnia
906 1422 995 1475 die
1017 1414 1224 1493 duplex
1249 1441 1501 1479 mensura
1522 1414 1823 1493 jubebatur
1858 1423 1925 1476 de
1954 1436 2160 1476 manna
2185 1421 2392 1488 colligi.

421 1484 502 1559 ib.
547 1489 701 1555 Quod
728 1491 835 1559 ﬁlii
858 1494 1048 1555 Israel,
1081 1484 1201 1549 cum
1223 1496 1489 1550 vidissent
1516 1484 1740 1558 manna,
1772 1494 2057 1549 dicebant:
2088 1484 2335 1556 Manhu;
2347 1492 2411 1547 id
2436 1495 2535 1556 est,
2562 1491 2708 1559 Quid
2735 1496 2815 1547 est
2843 1493 2981 1549 hoc?

544 1554 701 1635 Quod
724 1554 926 1616 manna
949 1566 1009 1618 in
1034 1554 1335 1620 crastinum
1364 1572 1696 1621 reservatum
1716 1554 2076 1635 putrescebat.

418 1627 503 1703 ῃ.
546 1630 702 1703 Quod
724 1638 1003 1701 pugnante
1025 1637 1197 1689 Israel
1224 1641 1409 1690 contra
1436 1627 1733 1698 Amalech;
1747 1638 1957 1703 Moyses
1987 1633 2189 1688 habens
2218 1635 2432 1701 virgam
2460 1636 2520 1688 in
2548 1650 2716 1690 manu
2742 1635 2965 1691 brachia
2995 1637 3189 1692 erexit.

549 1701 703 1779 Quod
724 1696 989 1779 Dominus
1014 1707 1073 1779 in
1099 1712 1275 1761 monte
1301 1709 1462 1763 Sinai
1484 1696 1806 1779 populosae
1830 1696 1933 1776 per
1959 1707 2183 1773 Moysen
2208 1696 2377 1772 legem
2402 1705 2575 1761 dedit.

419 1768 500 1842 l9.
541 1772 739 1826 Altare
768 1773 834 1827 de
862 1778 1006 1829 terra
1033 1778 1252 1842 facietis
1279 1779 1437 1833 mihi.

542 1844 669 1919 l_Von_
694 1839 1041 1919 aediﬁcabitis
1066 1848 1206 1901 mihi
1232 1850 1408 1903 altare
1442 1848 1510 1902 de
1536 1850 1696 1904 sectis
1728 1848 2029 1919 lapidibus.

408 1908 497 1988 gl.
538 1913 723 1988 facies
752 1908 903 1988 bases
932 1923 1236 1986 argenteas,
1268 1923 1319 1972 et
1347 1919 1564 1973 tabulas
1594 1908 1888 1973 deauratas
1918 1919 2147 1988 desuper
2174 1918 2367 1985 eriges.

410 1980 498 2056 22.
538 1984 724 2056 Facies
753 1980 1030 2039 columnas
1057 1980 1293 2056 quatuor
1318 1994 1369 2042 et
1396 1990 1547 2042 bases
1573 2006 1757 2043 earum
1786 1992 2013 2044 vestitas
2038 1980 2283 2056 argento:

408 2050 498 2110 23.
546 2055 615 2109 Ut
642 2056 745 2147 “ink
763 2050 1239 2147 rgtionali,'_quod
1278 2060 1529 2115 sacerdos
1570 2061 1782 2127 ferebat
1823 2062 1884 2116 in
1930 2050 2163 2131 pectore,
2214 2069 2301 2116 XII
2342 2061 2575 2130 pretiosi
2622 2058 2835 2131 lapides
2881 2064 3227 2147 ponerentur,
3282 2060 3424 2113 terni
3464 2072 3566 2129 per
3610 2060 3901 2127 quaternos

636 2127 868 2191 angulos
891 2129 1092 2181 inclusi
1118 2145 1272 2184 auro.

409 2190 498 2249 24.
541 2190 833 2276 Arripiens
882 2199 1104 2276 Moyses
1142 2201 1377 2276 vitulum
1427 2215 1653 2255 aureum
1690 2202 1816 2270 igne
1852 2202 2144 2258 combussit
2180 2206 2231 2258 et
2259 2217 2431 2274 usque
2453 2202 2529 2257 ad
2549 2204 2831 2276 pulverem
2868 2204 3164 2269 contrivit;
3203 2204 3255 2256 et
3282 2202 3343 2257 in
3388 2215 3591 2271 aquam
3638 2212 3900 2270 spargens

619 2270 811 2336 potum
836 2269 1039 2336 populo
1066 2269 1237 2325 dedit.

408 2332 498 2389 25.
544 2332 697 2399 Quod
736 2332 948 2405 Moyses
973 2348 1126 2394 XXIII
1156 2341 1339 2395 millia
1369 2341 1644 2395 hominum
1672 2342 1738 2395 ob
1762 2344 1979 2413 culpam
2007 2345 2228 2413 conﬂati
2254 2344 2422 2397 vituli
2488 2344 2711 2399 erimere
2746 2348 2899 2413 fecit.

409 2402 499 2459 26.
539 2407 673 2459 Ecce
702 2407 848 2460 locus
878 2408 1029 2467 apud
1055 2425 1157 2467 me.
1188 2412 1362 2465 stabis
1388 2427 1552 2467 super
1577 2416 1808 2467 petram.
1835 2431 2062 2467 cumaue
2090 2416 2373 2467 transierit
2398 2359 2578 2467 algria
2607 2432 2744 2467 mea.
2775 2417 2899 2467 vide

409 2402 499 2478 ge.
539 2407 673 2459 Ecce
702 2402 848 2460 locus
878 2408 1029 2478 apud

1055 2425 1157 2484 me,
1188 2412 1362 2484 stabis
1388 2427 1552 2484 super
1574 2416 1808 2481 petram,
1835 2412 2062 2484 cumque
2090 2416 2373 2470 transierit
2398 2429 2431 2481 g

2490 2416 2578 2467 ria
2607 2432 2744 2481 mea,
2775 2416 2987 2471 videbis
3017 2414 3322 2488 posteriora
3348 2427 3489 2472 mea.

408 2473 498 2532 27.
539 2478 687 2531 Fecit
713 2473 929 2547 Moyses
953 2481 1014 2535 in
1042 2481 1389 2541 tabernaculo
1418 2473 1501 2539 v'n
1528 2473 1923 2542 lucernasrcum
1955 2473 2303 2541 emunctoriis
2330 2473 2445 2541 suis
2470 2488 2521 2539 et
2548 2500 2703 2544 vasa.

1892 2626 2121 2681 Finiunt
2142 2626 2408 2697 capitula.

583 2825 901 2886 101-102
965 2821 1681 2912 INCIPIUNT
1769 2825 2650 2917 TESTIMONIA
2744 2830 3128 2916 LIBRI
3216 2785 3691 2917 ExonI.

907 3002 911 3007 ’
957 3004 1202 3067 CAPUT
1228 3006 1544 3069 PRIMUM.

403 3105 471 3159 In
499 3105 732 3174 epistola
758 3104 833 3159 ad
859 3107 1257 3162 Hermisindem
1301 3111 1791 3174 sanctimonialem,
1832 3111 1930 3165 ubi
1962 3111 2105 3167 dici-

450 3179 543 3229 tur
565 3176 711 3244 quod
733 3177 1022 3245 aediﬁcium
1046 3179 1295 3233 humanas
1315 3182 1583 3251 superbiae
1611 3184 1716 3236 cito
1746 3182 2067 3239 destruitur.

474 3281 655 3341 Urbes
690 3282 810 3340 illm
844 3283 1366 3355 tabernaculorum,
1408 3301 1554 3359 quas
1592 3286 1813 3344 Pharao
1854 3286 1974 3345 luto
2008 3303 2106 3361 pa-

398 3368 601 3441 leaque
620 3370 969 3436 construxit,
984 3371 1264 3429 nimirum
1279 3372 1419 3442 luto,
1434 3373 1591 3447 quod
1608 3373 1900 3445 inquinat,
1920 3375 2102 3446 palea,

396 3472 529 3531 qua}
546 3457 867 3516 destinatur
889 3456 961 3514 ad
984 3458 1267 3530 ﬂammas,
1296 3460 1546 3517 Phithon
1570 3467 1625 3518 et
1643 3460 1947 3519 Ramesses
1967 3468 2110 3519 sunt

394 3563 511 3605 non
537 3548 663 3605 sine
694 3547 966 3621 mysterio
994 3555 1372 3621 nuncupatis;
1406 3548 1658 3607 Phithon
1692 3549 1983 3626 siquidem
2012 3551 2107 3609 in-

395 3641 739 3709 terpretatur
761 3653 819 3693 os
844 3638 1050 3708 abyssi,
1082 3637 1173 3695 vel
1201 3640 1399 3695 subito.
1434 3637 1709 3711 Quisquis
1730 3638 1911 3709 enim,
1934 3640 2107 3713 juxta

398 3720 560 3779 Pauli
612 3723 975 3792 sententiam,
1031 3738 1205 3796 supra
1265 3723 1728 3796 fundamentum,
1794 3726 1946 3797 quod
2024 3734 2109 3785 est

392 3808 655 3868 Christus
680 3810 870 3880 Jesus,
888 3810 1066 3885 ligna,
1097 3812 1321 3882 fenum,
1352 3812 1623 3887 stipulam
1652 3829 1811 3873 nunc
1838 3816 2103 3888 aediﬁcat,

390 3900 562 3973 quale
605 3901 889 3975 cujusque
921 3916 1067 3974 opus
1106 3901 1199 3970 sit,
1241 3901 1394 3973 ignis
1438 3901 1705 3975 probabit
1748 3904 1792 3976 (Ι
1823 3906 1941 3963 Cor.
1991 3906 2097 3977 III);

390 3994 448 4046 et
484 4004 600 4065 quo
644 3988 828 4063 magis
866 3989 929 4046 in
966 3989 1148 4047 altum
1188 3990 1314 4048 haec
1349 3990 1597 4049 carnalis
1634 3992 1771 4051 vitae
1812 3999 2101 4054 structura

388 4076 735 4149 subrigitur,
785 4084 940 4135 tanto
976 4078 1314 4149 proclivius,
1358 4079 1538 4136 veluti
1590 4079 1649 4137 in
1694 4081 1887 4155 abyssi
1933 4098 2102 4140 vora-

386 4166 582 4237 ginem
612 4182 818 4235 mersa,
850 4165 1042 4224 subito
1071 4166 1403 4241 dissipatur.
1456 4168 1610 4227 Unde
1654 4171 1933 4245 scriptum
1962 4177 2049 4231 est
2077 4196 2091 4232 :

390 4277 412 4304 ι
458 4254 687 4313 Ducunt
716 4256 775 4312 in
805 4255 967 4312 bonis
996 4254 1122 4312 dies
1150 4270 1310 4326 suos,
1350 4263 1405 4314 et
1431 4258 1491 4315 in
1525 4265 1735 4330 puncto
1769 4259 1839 4316 ad
1869 4259 2095 4318 inferna

2122 3016 2443 3087 Aserpens.
2477 3016 2725 3091 Expavit
2757 3017 2911 3075 illico
2938 3017 3162 3092 Moyses
3188 3022 3244 3076 et
3278 3016 3444 3089 fugit.
3475 3016 3544 3074 Et
3565 3015 3648 3073 ait
3669 3015 3760 3074 illi
3789 3015 3896 3075 Do-

2192 3105 2426 3164 minus:
2474 3105 2857 3180 Apprehende
2898 3106 3143 3164 caudam
3186 3104 3371 3175 illius,
3402 3112 3458 3162 et
3485 3105 3887 3178 apprehendit,

2193 3193 2454 3266 factaque
2505 3202 2589 3253 est
2642 3195 2851 3254 iterum
2909 3195 3070 3267 virga
3121 3196 3522 3265 (Emod.1v).»
3562 3192 3767 3250 Cuncti
3820 3192 3895 3251 li-

2189 3282 2368 3355 quido
2401 3283 2670 3341 novimus
2708 3284 2844 3356 quia
2875 3299 3114 3356 serpens
3144 3282 3324 3340 suasit
3350 3281 3576 3340 homini
3610 3287 3889 3350 mortem;

2188 3384 2324 3440 ergo
2347 3385 2501 3428 mors
2516 3387 2549 3427 a
2568 3375 2847 3442 serpente.
2873 3369 3014 3439 Quis
3032 3375 3230 3428 autem
3254 3370 3436 3442 virga,
3456 3370 3570 3428 nisi
3592 3370 3894 3429 Christus?

2170 3457 2259 3523 ,de
2289 3473 2406 3529 quo
2448 3457 2724 3530 propheta
2771 3457 2948 3515 dicit:
3000 3456 3145 3527 Quia
3182 3481 3206 3506 α
3242 3458 3568 3531 egredietur
3616 3457 3779 3529 virga
3821 3456 3893 3515 de

2190 3544 2379 3602 radice
2422 3544 2579 3602 Jesse
2630 3548 2756 3617 (Isa.
2801 3545 2879 3618 II).
2917 3566 2937 3595 ι
2972 3544 3149 3619 Virga
3199 3545 3394 3621 itaque
3440 3546 3503 3604 in
3546 3550 3890 3619 serpentem,

2189 3631 2452 3692 Christus
2480 3634 2541 3691 in
2567 3640 2830 3691 mortem.
2863 3632 3091 3708 Moyses
3131 3640 3323 3693 autem
3353 3634 3589 3707 expavit
3625 3639 3681 3691 et
3719 3633 3885 3706 fugit,

2191 3723 2329 3797 quia
2358 3738 2634 3796 suspenso
2676 3724 2735 3780 in
2767 3738 2959 3795 cruce,
2991 3724 3114 3782 sive
3143 3724 3424 3782 moriente
3464 3722 3731 3792 Domino,
3764 3737 3891 3779 om-

2190 3813 2284 3871 nis
2330 3811 2429 3869 ille
2475 3812 2863 3884 apostolorum
2901 3827 3185 3871 numerus
3228 3812 3593 3869 tremefactus
3631 3809 3886 3885 expavit,

2186 3907 2241 3959 et
2269 3917 2303 3959 a
2331 3907 2499 3959 certae
2526 3901 2645 3974 spei
2675 3916 2741 3959 ac
2773 3901 2957 3958 ﬁrmae
2985 3900 3118 3958 ﬁdei
3148 3899 3432 3958 soliditate
3458 3901 3710 3959 recessit.
3740 3901 3887 3970 Quia

2183 4003 2319 4046 vero
2340 3987 2523 4045 cauda
2546 3995 2805 4046 extrema
2826 4004 2954 4061 pars
2978 3994 3060 4046 est
3085 3987 3358 4060 corporis,
3382 3988 3545 4063 quid,
3570 3988 3681 4045 nisi
3708 3988 3885 4046 linem

2186 4077 2504 4135 Dominicze
2523 4078 2809 4151 signiﬁcat
2831 4078 3113 4152 passionis
3131 4079 3158 4133 ?
3187 4077 3409 4151 Moyses
3438 4078 3616 4151 igitur
3639 4079 3882 4137 caudam

2183 4168 2563 4242 apprehendit
2586 4176 2639 4225 et
2664 4168 2812 4226 nihil
2835 4168 2893 4226 in
2923 4168 3083 4239 virga
3112 4166 3260 4224 ultra
3284 4166 3565 4239 serpentis
3594 4167 3881 4242 apparuit,

2177 4257 2333 4331 quia,
2386 4257 2667 4330 completo
2713 4256 3032 4315 Dominicze
3078 4256 3359 4330 passionis
3399 4255 3704 4329 crurisque
3754 4272 3883 4330 my-

384 4343 740 4402 descendunt
790 4346 924 4417 (Job.
981 4346 1134 4417 xxx).
1175 4370 1203 4394 ››
1265 4344 1420 4404 Bene
1475 4362 1608 4420 ergo
1657 4348 1868 4408 dicitur
1921 4358 1977 4407 et
2031 4344 2369 4427 osBsterio,
2396 4352 2452 4402 et
2475 4344 2659 4402 fidelis
2681 4345 2932 4421 quisque
2957 4351 3095 4403 tunc
3114 4345 3186 4402 ad
3218 4344 3390 4403 fidem
3421 4345 3608 4415 rediit,
3638 4352 3692 4403 et
3722 4344 3883 4402 Chri-

383 4433 575 4506 abyssi
607 4441 662 4491 et
691 4434 901 4505 subito,
936 4434 1073 4509 quia
1102 4434 1172 4493 de
1199 4437 1449 4495 carnalis
1477 4438 1632 4505 vitae.
1662 4455 1794 4513 qua:
1822 4456 1923 4514 per
1949 4457 2087 4500 cum
2170 4440 2313 4507 stus,
2342 4440 2679 4508 consumpta
2706 4441 2906 4505 morte,
2930 4433 3186 4509 idipsum
3206 4434 3269 4493 in
3296 4450 3355 4493 se
3382 4434 3535 4508 quod
3565 4434 3750 4493 fuerat
3782 4450 3883 4508 per

384 4519 674 4590 innuitur,
714 4521 972 4579 culmine
1008 4538 1125 4580 non
1165 4523 1433 4595 segniter,
1471 4525 1571 4583 sed
1613 4526 1725 4585 cito
1762 4528 2082 4600 corruitur;

383 4613 436 4665 et
471 4607 616 4667 illud
660 4614 746 4665 est
783 4624 847 4665 os
891 4609 1083 4683 abyssi
1121 4609 1274 4682 quod
1314 4626 1587 4670 ascensus
1628 4613 1928 4673 videbatur
1970 4632 2092 4674 esse

382 4694 619 4765 fastigii,
656 4694 937 4767 Propheta
965 4702 1206 4753 testante
1236 4697 1337 4771 qui
1367 4698 1445 4755 ait
1479 4722 1491 4753 :
1542 4701 1798 4769 Dejecisti
1826 4719 1931 4767 eos,
1961 4705 2091 4759 dum

381 4787 750 4841 allevarentur
798 4788 967 4852 (Psal.
1019 4790 1231 4854 LXXII).
1281 4787 1585 4846 Ramesses
1627 4805 1766 4848 vero
1812 4790 2090 4863 pabulum

380 4874 611 4945 dicitur,
667 4873 759 4931 vel
812 4876 984 4933 tinea.
1037 4874 1325 4933 Pabulum
1387 4891 1638 4951 namque
1689 4879 1903 4938 diaboli
1956 4887 2092 4939 sunt

379 4977 578 5020 omnes
625 4962 876 5036 reprobi,
931 4962 1146 5037 quibus
1196 4962 1294 5020 ille
1342 4968 1615 5039 tanquam
1666 4965 1839 5040 lupus
1879 4970 2089 5030 ovibus

380 5054 646 5124 vescitur,
682 5068 1002 5126 eorumque
1034 5053 1282 5126 pernicie
1320 5053 1482 5112 velut
1524 5057 1716 5129 epulis
1768 5059 2081 5131 saginatur.

378 5139 459 5198 De
506 5140 721 5213 quibus
753 5141 927 5200 etiam
971 5156 1071 5215 per
1102 5140 1281 5199 David
1312 5141 1555 5202 dicitur:
1602 5168 1622 5196 ι
1665 5144 1827 5204 Sicut
1854 5163 1991 5207 oves
2019 5150 2082 5207 in

374 5230 603 5289 inferno
677 5232 847 5305 positi
912 5237 1070 5303 sunt,
1121 5237 1178 5290 et
1233 5248 1385 5291 mors
1440 5233 1701 5309 depascet
1757 5254 1855 5299 eos
1910 5244 2079 5309 (Psal.

373 5326 604 5391 xmm'
651 5344 678 5371 ”
1050 5390 1293 5451 CAPUT
1326 5393 1397 5451 ιι.

368 5493 434 5547 In
462 5486 691 5560 epistola
716 5490 791 5570 dd
818 5492 1245 5570 Hermisindem,
1266 5493 1596 5570 ubidicitur
1617 5497 1765 5565 quod
1791 5499 2082 5570 aediﬁcium

730 5563 977 5618 humana:
1020 5564 1291 5634 superbia:
1334 5567 1438 5620 cito
1480 5563 1719 5624 labatur.

2171 4520 2603 4581 resurrectionis
2625 4521 2871 4593 gloriam
2903 4521 3207 4594 reparavit.

2829 4661 3073 4720 CAPUT
3094 4661 3198 4720 ΙΙΙ.

2600 4773 2663 4825 In
2698 4784 2935 4825 sermone
2969 4770 3035 4823 de
3071 4771 3129 4826 S.
3175 4770 3451 4825 Columba.

2247 4896 2275 4929 «
2311 4875 2473 4933 Dixit
2504 4878 2784 4935 Dominus
2821 4879 2892 4936 ad
2928 4878 3197 4952 Moysen:
3230 4879 3380 4950 Quid
3413 4888 3498 4939 est
3527 4882 3679 4956 quod
3717 4888 3874 4941 tenes

2170 4965 2232 5024 in
2262 4981 2442 5025 manu
2480 4967 2620 5027 tua?
2651 4969 2967 5043 Respondit
2995 4990 3006 5028 :
3042 4969 3300 5044 Virgam.
3331 4971 3428 5030 Ait
3456 4992 3467 5030 :
3500 4972 3719 5046 Projice
3745 4989 3873 5031 eam

2169 5054 2225 5112 in
2276 5059 2505 5126 terram,
2535 5062 2639 5115 etc.
2683 5060 2883 5125 (Ea-od.
2926 5064 3032 5127 IV).
3073 5081 3095 5108 ι
3133 5057 3275 5128 Quis
3320 5075 3418 5133 per
3458 5059 3715 5134 Moysen,
3762 5061 3871 5119 nisi

2166 5142 2441 5201 Judaicus
2490 5146 2771 5219 populus:
2818 5153 2873 5203 et
2903 5147 3042 5221 quid
3073 5163 3173 5221 per
3202 5149 3450 5221 virgam,
3485 5149 3595 5207 nisi
3630 5156 3873 5225 potestas

2168 5232 2538 5294 divinitatis?
2585 5244 2639 5295 et
2687 5238 2825 5310 quid
2864 5254 2963 5311 per
3007 5245 3352 5312 serpentem,
3398 5241 3510 5298 nisi
3553 5242 3872 5303 mortalitas

2170 5323 2353 5381 nostri
2396 5323 2790 5397 Redemptoris
2819 5325 3211 5398 exprimitur?
3250 5327 3396 5396 Quia
3424 5328 3581 5387 enim
3619 5346 3719 5402 per
3748 5348 3869 5390 scr-

2164 5420 2393 5488 pentem
2426 5430 2598 5483 mors,
2634 5420 2782 5473 recte
2817 5415 3074 5473 mortalis
3106 5417 3166 5473 in
3203 5426 3495 5490 serpente;
3557 5421 3649 5479 vel
3696 5430 3865 5492 certe,

2164 5521 2297 5563 cum
2329 5505 2603 5577 scriptum
2635 5505 2747 5563 sit:
2796 5529 2818 5555 α
2861 5505 3050 5564 Estotc
3092 5508 3403 5580 prudentes
3436 5511 3586 5570 sicut
3633 5528 3869 5585 serpen~

2166 5599 2247 5651 tes
2297 5596 2514 5663 (Matth.
2551 5594 2634 5665 X),
2674 5615 2693 5642 ι»
2729 5594 2865 5667 quia
2914 5593 3034 5667 ipsa
3065 5610 3292 5652 summa
3325 5597 3649 5671 prudentia,
3684 5599 3737 5656 id
3786 5609 3871 5657 est

373 5753 386 5763 .
447 5690 473 5713 α
508 5664 670 5723 Dixit
691 5664 970 5781 Dominus
989 5670 1061 5727 ad
1085 5670 1354 5745 Moysen:
1390 5672 1608 5748 Projice
1630 5676 1874 5751 virgam,
1899 5695 2072 5754 quam
2092 5724 2135 5781 Ω
2165 5682 2265 5740 Dei
2301 5664 2627 5755 Sapientia,
2656 5664 2953 5741 incarnari
2977 5684 3210 5758 dignata
3238 5664 3341 5759 est,
3377 5695 3524 5746 recte
3556 5664 3681 5761 ejus
3712 5704 3865 5746 mor-

369 5759 430 5814 in
462 5769 639 5812 manu
666 5759 873 5829 gestas,
916 5759 980 5816 in
1012 5762 1262 5832 terram;
1302 5766 1358 5818 et
1396 5763 1651 5840 projecit,
1693 5772 1749 5825 et
1778 5766 1961 5827 factus
1993 5759 2135 5826 est”
2166 5770 2349 5830 talitas
2388 5771 2447 5829 in
2479 5780 2739 5845 serpente
2786 5771 3088 5848 ﬁguratur.
3140 5774 3301 5835 Unde
3346 5784 3401 5835 et
3445 5778 3507 5835 in
3551 5759 3865 5849 Evangelia
