4028 6168
140 73 272 135 1015

1092 68 1633 145 COLLECTANEA
1669 87 1748 146 IN
1787 86 2031 147 VETUS
2070 87 2654 150 TESTAMENTUM.

3484 92 3619 153 1016

134 201 205 259 de
243 200 509 275 passione
547 217 651 260 sua
696 202 972 276 loquitur,
1019 203 1253 265 dicens:
1293 229 1314 259 α
1349 208 1511 267 Sicut
1554 210 2162 274 exaltavitAoccurrit
2192 212 2244 270 ei
2274 213 2554 272 Dominus
2582 218 2640 272 et
2677 212 2903 273 volebat
2932 212 3191 272 occidere
3230 227 3365 271 eum
3414 216 3616 284 (Eat-od.

135 288 363 363 Moyses
417 297 737 364 serpentem
793 291 857 349 in
906 308 1117 361 eremo,
1176 294 1254 352 ita
1311 296 1551 355 exaltari
1618 306 1838 372 oportet

138 380 354 438 Filium
384 381 643 439 hominis
667 382 837 454 (Joan.
870 385 972 453 III).
1009 407 1034 434 υ
1070 384 1294 457 Moyses
1325 403 1459 459 ergo
1505 388 1724 461 virgam
1755 396 1835 447 te-

137 469 290 538 nuit,
346 470 486 543 quia
518 469 796 529 Judaicus
842 472 1087 544 populus
1124 481 1255 529 ante
1286 474 1686 548 Redemptoris
1732 477 1835 534 ad-

137 562 380 614 ventum
410 557 470 613 in
502 556 702 614 divina
729 563 999 629 potestate
1027 560 1280 617 conﬁsus
1312 568 1395 617 est
1421 578 1436 631 ;
1475 562 1573 619 sed
1611 562 1835 635 virgam

138 644 201 702 in
239 649 447 701 terram
484 644 736 715 projecit,
771 644 905 717 quia
950 644 1105 703 idem
1154 647 1403 719 populus
1442 664 1543 721 per
1593 648 1837 721 patriar-

140 728 276 786 chas
302 745 370 787 ac
395 729 698 801 prophetas
724 729 1040 788 Dominum
1069 732 1493 791 incarnandum
1526 749 1649 791 esse
1678 749 1838 791 nuu-

140 820 324 878 tiavit.
358 820 527 893 Virga
557 835 690 893 ergo
715 820 775 878 in
803 822 1107 879 colubrum
1137 823 1398 893 vertitur,
1430 824 1567 898 quia
1593 822 1839 881 Redem-

140 916 268 984 ptor
321 914 513 969 noster
556 909 709 969 Deus
757 911 818 968 in
875 927 935 968 se
984 926 1329 985 permanens
1381 912 1638 971 mortalis
1690 913 1841 971 inter

138 1001 403 1060 homines
430 1001 612 1059 factus
635 1006 748 1058 est:
778 1000 875 1059 sed
902 1001 1126 1076 Moyses
1150 1001 1456 1060 colubrum
1482 1002 1840 1075 conspiciens

140 1091 439 1165 pertimuit
464 1096 519 1148 et
546 1091 717 1164 fugit,
749 1090 885 1164 quia
914 1091 1192 1150 Judaicus
1226 1091 1493 1165 populus,
1541 1094 1683 1151 dum
1725 1092 1839 1149 Re-

141 1182 496 1254 demptorem
549 1182 795 1239 humani
827 1182 1058 1253 generis
1094 1182 1264 1239 talem
1308 1183 1453 1240 vidit
1498 1182 1835 1253 Dominum,

140 1274 370 1332 credere
416 1274 583 1349 quasi
634 1274 1044 1333 formidolosus
1073 1274 1325 1347 expavit.
1362 1273 1467 1333 Cui
1488 1275 1730 1348 jubctur
1775 1280 1841 1332 ut

140 1368 446 1427 colubrum
483 1370 664 1427 cauda
713 1374 923 1440 teneat,
966 1369 1101 1442 quia
1132 1368 1387 1441 perﬁdus
1431 1369 1531 1427 ille
1570 1369 1837 1444 populus,

139 1458 239 1531 qui
284 1457 452 1515 modo
490 1459 716 1516 credere
760 1464 1004 1529 recusat,
1052 1461 1113 1517 in
1151 1465 1409 1519 extrema
1454 1466 1612 1535 parte
1652 1460 1843 1519 Domi-

1918 305 2023 367 IV).
2058 327 2079 348 -
2118 300 2335 359 Mirum
2363 300 2552 373 valde,
2582 318 2688 360 cur
2719 317 2854 360 eum
2885 308 3116 376 repente
3145 302 3430 361 Dominus
3458 305 3615 362 occi-

1918 388 2051 445 dere
2083 389 2333 447 voluisse
2365 391 2727 461 describitur,
2762 405 2937 464 quem
2965 398 3309 450 assecretem
3339 393 3449 451 sibi
3496 395 3620 466 jam

1918 479 1973 532 et
2001 484 2379 550 symmystem
2411 480 2767 537 familiariter
2792 480 3023 547 fecerat,
3054 480 3147 537 cui
3178 482 3405 538 consilii
3435 483 3523 541 sui
3554 499 3625 541 ac

1918 566 2229 623 voluntatis
2275 581 2480 624 arcana
2534 568 2830 641 panderet,
2864 573 2920 624 et
2954 584 3111 627 nunc
3140 569 3204 626 in
3252 573 3630 631 exsecutione

1920 666 2041 709 suae
2082 653 2422 713 obedientiae
2467 654 2766 729 dirigebat.
2820 654 2930 713 Sed
2975 656 3174 729 procul
3228 657 3405 717 dubio
3451 660 3627 719 datur

1919 740 2164 815 intelligi
2191 743 2330 815 quia
2356 744 2779 817 quantamlibet
2802 745 3050 817 contagii
3078 746 3367 805 maculam
3394 764 3469 807 ex
3498 751 3629 809 diu-

1925 838 2091 891 turna
2116 833 2558 893 Madianitarum
2586 835 3009 894 cohabitatione
3031 841 3414 908 contraxerat,
3447 846 3625 914 atque

1922 921 2133 980 idcirco
2164 927 2379 980 terrore
2407 938 2471 980 ac
2500 922 2871 997 negligentia:
2900 923 3252 981 correctione
3281 928 3622 999 purgandus

1920 1019 2060 1082 erat,
2109 1014 2209 1087 qui
2263 1014 2616 1089 corrigendis
2669 1015 2798 1073 aliis
2842 1014 3163 1073 caelestium
3217 1018 3623 1079 mandatorum

1920 1102 2151 1176 bajulus
2178 1104 2495 1161 accedebat.
2529 1103 2693 1173 Quod
2738 1103 2955 1162 scilicet
2999 1120 3150 1163 uxor
3198 1106 3324 1178 ejus
3367 1106 3623 1181 Sephora

1919 1195 2238 1269 prudenter
2285 1195 2574 1253 intellexit
2619 1195 2689 1253 de
2726 1211 2843 1269 qua
2884 1194 3178 1267 Scriptura
3221 1198 3481 1269 protinus
3524 1198 3623 1256 ad-

1922 1285 2067 1343 didit
2094 1304 2107 1344 :
2149 1310 2169 1335 ιι
2206 1285 2367 1344 Tulit
2392 1284 2550 1344 illico
2582 1284 2838 1359 Sephora
2868 1286 3266 1344 acutissimam
3296 1293 3533 1360 petram,
3564 1294 3626 1346 et

1923 1372 2285 1431 circumcidit
2311 1373 2659 1447 praeputium
2690 1372 2800 1431 ﬁlii
2830 1373 2923 1431 sui
2955 1375 3169 1443 (Ibid).
3220 1398 3241 1426 ι
3285 1376 3624 1435 Absurdum

1924 1465 2135 1538 quippe
2166 1464 2370 1533 fuerat,
2403 1463 2451 1521 si
2482 1464 2777 1521 videretur
2805 1463 3039 1536 gentilis
3066 1463 3128 1521 in
3161 1464 3283 1522 ﬁlio
3312 1466 3412 1538 qui
3440 1465 3631 1524 Israe—

137 1546 254 1606 nici
288 1547 561 1620 corporis,
594 1548 653 1605 id
684 1552 787 1619 est,
822 1548 1125 1620 posteriori
1170 1552 1422 1623 tempore
1472 1558 1683 1609 sanctae
1731 1552 2026 1633 Ec-Blita
2054 1559 2172 1611 erat
2202 1552 2262 1610 in
2290 1552 2614 1625 semetipso.
2650 1551 2761 1621 Qui
2799 1567 2933 1625 erga
2965 1551 3111 1609 alios
3144 1553 3214 1609 ad
3264 1554 3629 1613 rectitudinis

141 1636 349 1703 clesizn,
400 1638 669 1696 videlicet
699 1638 761 1695 in
790 1638 904 1695 ﬁne
936 1639 1166 1709 mundi,
1200 1656 1323 1698 sese
1352 1640 1423 1698 ad
1451 1642 1627 1701 ﬁdem
1660 1643 1842 1701 recol-

139 1725 286 1797 ligit.
343 1727 413 1784 Et
464 1726 768 1785 colubrum
818 1726 1001 1785 cauda
1045 1732 1221 1800 tenet,
1266 1728 1406 1802 quia
1461 1745 1614 1801 eum,
1668 1747 1844 1804 quem

141 1814 442 1873 mortalem
489 1821 621 1873 ante
659 1816 1017 1889 despexerat,
1066 1816 1508 1891 Redemptorem
1554 1836 1725 1879 suum
1781 1821 1843 1879 in

141 1898 349 1957 ultima
394 1900 512 1971 jam
549 1908 707 1974 parte
743 1903 1013 1961 Ecclesia:
1051 1904 1371 1963 conﬁtetur.
1408 1905 1517 1964 Sed
1548 1922 1686 1965 mox
1722 1924 1842 1966 ser-

139 2004 282 2062 pens
303 1989 367 2046 in
392 1988 615 2063 virgam
636 1990 803 2061 redit,
831 1992 968 2065 quia
993 1992 1186 2050 statim
1210 2000 1273 2051 ut
1296 1994 1574 2053 Judaicus
1598 1997 1847 2070 populus

142 2079 205 2137 in
230 2079 668 2154 Redemptorem
694 2090 953 2142 nostrum
981 2085 1302 2156 crediderit,
1323 2085 1477 2144 idem
1502 2087 1849 2162 Redemptor

144 2170 215 2226 ad
239 2170 523 2243 judicium
550 2169 613 2227 in
637 2178 913 2244 potestate
942 2186 1064 2232 suae
1092 2174 1413 2233 divinitatis
1438 2179 1751 2250 apparebit,
1786 2184 1850 2239 ut

144 2258 198 2315 ei
216 2258 335 2332 jam
360 2273 593 2332 serpens
622 2260 783 2335 virga
808 2262 901 2334 sit,
930 2263 1067 2336 quia
1098 2264 1147 2321 is
1173 2265 1277 2338 qui
1301 2266 1361 2323 in
1388 2272 1535 2324 terra
1560 2267 1734 2326 homo
1757 2268 1851 2325 de-

146 2355 375 2421 spectus
403 2356 507 2421 est,
541 2350 610 2407 de
638 2350 783 2410 cmlo
814 2354 1055 2411 veniens
1087 2370 1263 2427 super
1290 2357 1525 2431 angelos
1559 2359 1849 2419 videbitur

142 2438 317 2497 Deus.
364 2439 526 2498 Sicut
551 2455 685 2513 ergo
728 2442 1010 2501 Dominus
1038 2448 1094 2501 et
1121 2444 1248 2502 sine
1287 2445 1443 2519 lepra
1482 2448 1759 2521 leprosus,
1797 2457 1854 2509 et

144 2529 268 2588 sine
296 2546 520 2590 veneno
546 2547 781 2605 serpens
818 2549 920 2606 per
962 2537 1308 2609 mysterium
1333 2538 1562 2611 dicitur,
1594 2540 1673 2598 ita
1701 2542 1853 2601 nihi-

140 2618 400 2677 lominus
431 2626 486 2678 et
512 2622 635 2679 sine
671 2622 927 2681 fatuitate
956 2625 1184 2696 stultus,
1217 2634 1272 2684 et
1300 2627 1426 2686 sine
1457 2629 1850 2691 imbecillitate

141 2707 478 2781 perhibetur
521 2709 810 2782 inﬁrmus,
868 2713 1005 2786 quia
1054 2715 1340 2774 nimirum
1391 2719 1475 2777 sic
1524 2736 1586 2779 se
1640 2729 1850 2781 nostra:

145 2797 471 2857 inﬁrmitati
517 2800 811 2874 componit
857 2807 1029 2874 atque
1061 2810 1468 2879 contemperat,
1521 2814 1583 2867 ut
1618 2816 1673 2868 et
1716 2826 1849 2869 cum

149 2887 563 3000 dimicantibus
588 2896 761 2948 certet
787 2897 841 2949 et
868 2908 1000 2950 cum
1031 2894 1385 2965 patientibus
1415 2897 1685 2959 similiter
1710 2916 1847 2975 sup-
1866 2938 1911 3000 Ο

147 2975 315 3048 plicia
345 2976 561 3034 toleret.

816 3049 1059 3109 CAPUT
1080 3050 1178 3109 IV.

715 3158 779 3211 In
816 3158 997 3213 eodem
1030 3173 1287 3215 sermone.

223 3278 251 3311 «
285 3258 465 3331 Mitte,
498 3260 690 3336 inquit
723 3262 1027 3337 Dominus,
1061 3282 1302 3327 manum
1340 3270 1401 3329 in
1432 3269 1627 3329 sinum
1657 3277 1845 3332 tuum.

148 3348 279 3419 Qui,
312 3365 445 3408 cum
474 3350 726 3411 misisset
753 3352 815 3409 in
847 3354 1064 3427 sinum,
1093 3359 1331 3430 protulit
1358 3360 1641 3433 leprosam
1670 3362 1850 3424 instar

148 3438 321 3495 nivis.
355 3438 626 3511 Retrahe,
655 3442 755 3513 ait,
783 3458 1023 3502 manum
1053 3445 1110 3502 in
1141 3448 1338 3506 sinum
1369 3455 1533 3508 tuum
1562 3469 1577 3523 ;
1610 3455 1851 3512 retraxit

146 3531 203 3584 et
230 3528 467 3601 protulit
492 3530 724 3603 iterum,
751 3540 807 3590 et
832 3540 951 3592 erat
972 3536 1180 3595 similis
1203 3540 1361 3597 carni
1384 3542 1623 3616 reliqua:-
1647 3546 1849 3612 (Exod.

145 3622 254 3688 IV).
286 3641 313 3673 »
348 3620 498 3689 Quid
546 3623 655 3680 hoc
693 3624 814 3682 loco
848 3641 950 3698 per
987 3643 1231 3687 manum
1270 3629 1450 3705 Moysi
1490 3633 1848 3707 designatur,

148 3707 265 3765 nisi
295 3708 480 3767 Filius
506 3710 647 3769 Dei?
679 3712 841 3773 Unde
873 3715 1082 3774 dicitur
1110 3716 1172 3773 in
1202 3717 1424 3789 psalmo
1461 3740 1472 3778 :
1514 3744 1535 3770 ι
1570 3721 1695 3780 Fiat
1726 3739 1852 3783 ma-

150 3812 264 3855 nus
292 3804 407 3869 tua,
441 3804 504 3858 ut
534 3800 714 3860 salvet
748 3820 839 3862 me
872 3807 1039 3872 (Psal.
1083 3818 1288 3878 CXVIII)
1309 3830 1322 3879 ;
1361 3832 1381 3859 ι
1419 3824 1484 3867 ac
1522 3809 1569 3868 si
1607 3810 1848 3871 diceret:

150 3887 277 3945 Fiat
320 3888 438 3960 ille,
477 3906 579 3964 per
613 3889 753 3947 103
780 3910 957 3968 quem
984 3896 1131 3955 facta
1158 3906 1296 3955 sunt
1322 3898 1539 3972 omnia,
1588 3907 1670 3970 ut,
1713 3902 1854 3963 dum

151 3975 251 4033 ille
282 3984 527 4050 creatur,
561 3987 819 4040 creatura
850 4000 884 4041 a
910 3990 1101 4043 reatus
1136 3988 1228 4046 sui
1255 3989 1518 4063 contagio
1555 3989 1850 4052 liberetur.

152 4066 292 4125 Haec
327 4084 535 4129 manus
574 4071 636 4129 in
671 4073 805 4132 sinu
840 4074 1025 4132 Patris
1055 4082 1158 4147 est,
1191 4078 1339 4137 sicut
1373 4080 1625 4140 Joannes
1658 4081 1854 4157 Bapti-

153 4162 238 4213 sta
279 4158 443 4217 dicit:
485 4183 505 4211 ‹‹
547 4160 750 4232 Filius,
794 4165 896 4237 qui
922 4171 1007 4222 est
1038 4165 1098 4221 in
1127 4166 1260 4225 sinu
1293 4168 1496 4240 Patris,
1528 4172 1650 4244 ipse
1686 4188 1854 4232 enar-

154 4249 301 4305 ravit
330 4254 507 4316 (Joan.
540 4255 601 4317 1).
640 4276 659 4301 ιι
701 4253 812 4312 Sed
842 4269 1048 4312 manus
1084 4256 1211 4313 haec
1256 4272 1389 4314 cum
1442 4259 1513 4315 de
1554 4262 1686 4319 sinu
1723 4279 1853 4335 pro-

155 4335 267 4395 lata
315 4346 419 4407 est,
462 4341 569 4398 hoc
600 4349 703 4413 est,
739 4359 872 4401 cum
921 4360 1023 4415 per
1058 4345 1400 4418 mysterium
1440 4349 1858 4411 incarnationis

152 4427 438 4497 apparuit,
493 4435 845 4501 peccatorem
878 4445 1013 4487 eum
1046 4437 1100 4487 et
1132 4438 1406 4507 tanquam
1437 4437 1667 4495 sceleris
1698 4439 1857 4513 lepra

152 4515 454 4587 perfusum
508 4519 578 4587 is,
630 4520 787 4578 unde
824 4530 1193 4596 processerat,
1228 4526 1477 4599 populus
1526 4528 1854 4587 asstimavit.

155 4602 321 4663 Unde
366 4605 505 4663 dicit
538 4604 753 4662 Isaias:
797 4628 816 4655 ι
861 4608 931 4666 Et
976 4626 1082 4670 nos
1129 4614 1463 4686 putavimus
1509 4630 1643 4673 eum
1692 4618 1857 4688 quasi

155 4689 467 4765 leprosum,
507 4700 561 4752 et
591 4709 929 4767 percussum
972 4715 1006 4756 a
1055 4699 1185 4771 Deo,
1214 4708 1267 4759 et
1318 4702 1691 4762 humiliatum
1723 4710 1853 4772 (Isa.

156 4787 295 4853 LIII).
334 4807 357 4832 η
392 4782 501 4842 Sed
536 4801 747 4844 manus
776 4787 902 4846 haec
932 4805 1063 4847 cum
1094 4788 1156 4847 in
1189 4792 1384 4850 sinum
1415 4792 1604 4865 rediit,
1638 4793 1859 4867 lepram

157 4886 393 4944 prorsus
438 4876 652 4944 amisit,
704 4878 841 4951 quia
890 4873 1237 4955 Redemptor
1288 4888 1499 4954 noster,
1555 4891 1858 4959 postquam

157 4964 229 5021 ad
258 4962 503 5035 Patrem,
530 4965 742 5024 calcato
767 4968 968 5026 mortis
998 4970 1257 5043 imperio,
1288 4970 1475 5042 rediit,
1504 4973 1625 5045 jam
1654 4973 1714 5031 in
1746 4975 1861 5032 ﬁne

157 5055 357 5111 saeculi
404 5070 523 5113 non
575 5064 833 5127 peccator
880 5058 1076 5128 homo,
1116 5060 1214 5118 sed
1254 5075 1389 5119 vere
1419 5060 1574 5121 Deus
1603 5067 1658 5119 et
1688 5063 1860 5123 homo

156 5142 377 5201 Judaeis
401 5143 676 5204 omnibus
704 5145 1017 5218 apparebit.

834 5284 1077 5345 CAPUT
1107 5286 1175 5346 V.

481 5401 545 5453 In
575 5400 803 5471 epistola
834 5400 907 5454 ad
936 5401 1218 5455 canonicos
1251 5404 1538 5459 Fanenses.

233 5532 257 5557 ‹«
294 5506 558 5583 Cumque
601 5514 750 5568 esset
797 5511 857 5568 in
905 5510 1113 5570 itinere
1158 5510 1220 5568 in
1255 5511 1571 5570 diversorio
1618 5508 1862 5584 Moyses,

1925 1644 2083 1701 viam
2127 1641 2295 1700 debet
2340 1642 2645 1711 instruere,
2690 1640 2857 1700 valde
2897 1642 3220 1700 cavendum
3255 1650 3338 1701 est
3373 1659 3448 1701 ne
3482 1645 3629 1717 ipse,

1925 1730 2078 1806 quod
2133 1731 2304 1799 absit,
2358 1730 2418 1787 in
2479 1728 2676 1803 aliquo
2738 1729 3003 1787 videatur
3060 1745 3272 1787 errare.
3334 1730 3481 1788 Hinc
3544 1738 3631 1789 est

1926 1816 2083 1876 enim
2123 1816 2278 1889 quod
2313 1814 2665 1873 Israeliticus
2704 1814 2951 1888 p0pulus
2977 1815 3047 1871 ad
3079 1815 3477 1873 ulciscendum
3505 1832 3631 1874 sce-

1928 1905 2022 1964 lus
2048 1905 2353 1978 Benjamiu
2379 1903 2497 1962 zelo
2523 1901 2885 1959 rectitudinis
2911 1901 3325 1972 inﬂammatur,
3354 1910 3409 1960 et
3438 1908 3630 1960 tamen

1929 1993 2085 2052 idem
2136 1993 2382 2066 populus
2439 1990 2746 2064 Benjamin
2793 1989 2998 2063 gladiis
3059 1997 3193 2049 ante
3247 1990 3633 2064 prosternitur

1935 2084 2077 2155 (Iud.
2111 2085 2237 2154 xx).

2593 2167 2838 2227 CAPUT
2867 2167 2965 2227 VI.

2004 2285 2067 2338 In
2096 2281 2326 2353 epistola
2355 2280 2429 2335 ad
2457 2282 2824 2349 Bonifacium,
2855 2281 2952 2337 ubi
2981 2282 3187 2339 dicitur
3212 2288 3273 2339 ut
3300 2286 3560 2339 exteriori

2122 2372 2432 2443 prudentiae
2453 2373 2768 2443 spiritualis
2792 2373 3067 2443 sapientia
3083 2376 3436 2445 praeferatur.

2009 2511 2035 2536 ‹‹
2078 2486 2448 2561 Projecerunt
2484 2487 2733 2546 maleﬁci
2764 2487 3079 2549 Pharaonis
3108 2490 3169 2548 in
3198 2496 3409 2548 terram
3436 2491 3635 2563 virgas

1934 2594 2091 2649 suas,
2116 2593 2263 2652 iquaa
2298 2593 2481 2637 versae
2522 2585 2657 2637 sunt
2704 2578 2766 2637 in
2811 2580 3126 2639 dracones:
3188 2582 3285 2640 sed
3337 2581 3642 2639 devoravit

1934 2669 2096 2743 virga
2120 2669 2313 2727 Aaron
2339 2668 2529 2743 virgas
2554 2685 2753 2728 eorum
2781 2671 2978 2742 (Exod.
3010 2671 3131 2741 VII).
3158 2691 3187 2723 »
3219 2670 3395 2743 Virga
3419 2668 3637 2743 quippe

1932 2757 2559 2817 Aaronmaleﬁcorum
2590 2758 2890 2817 absorbuit
2919 2757 3132 2833 virgas,
3172 2759 3311 2832 quia
3348 2757 3634 2832 sapientia

1932 2846 2165 2918 Christi,
2224 2862 2403 2921 quam
2459 2847 2560 2904 illa
2609 2847 2892 2921 signabat,
2945 2863 3148 2906 omnes
3197 2849 3375 2922 hujus
3427 2844 3636 2906 mundi

1931 2938 2243 3012 sapientias
2271 2937 2621 3008 annullavit,
2642 2938 2965 3013 mundique
2998 2940 3285 3013 sapientes
3308 2940 3402 2998 sui
3428 2954 3634 3012 corpo-

1933 3031 2031 3101 ris,
2066 3028 2217 3103 quod
2246 3034 2329 3086 est
2358 3028 2631 3099 Ecclesia,
2663 3029 2980 3089 visceribus
3008 3030 3287 3090 counivit.
3320 3033 3633 3092 Terrenam

1931 3120 2125 3193 itaque
2155 3119 2495 3192 sapientiam
2530 3126 2785 3179 nostram
2835 3120 3112 3194 sapientia
3159 3122 3476 3195 spiritualis
3524 3125 3634 3181 ab-

1933 3210 2156 3270 sorbeat
2203 3226 2445 3284 eamque
2488 3211 2647 3269 velut
2692 3210 2754 3268 in
2800 3212 3190 3285 suicorporis
3227 3228 3438 3271 arcana
3490 3228 3633 3271 con-

1932 3306 2132 3360 vertat.
2178 3300 2517 3359 Absurdum
2553 3316 2808 3374 namque
2860 3306 2942 3360 est
2980 3308 3037 3359 et
3079 3302 3217 3360 satis
3255 3302 3630 3361 inhonestum

1931 3394 1997 3447 ut
2052 3387 2249 3445 eadem
2300 3386 2606 3461 prudentia
2643 3387 2960 3460 eademque
2998 3388 3289 3448 subtilitas
3322 3388 3491 3446 rebus
3525 3389 3628 3447 ad-

1930 3480 2198 3540 hibeatur
2250 3479 2522 3538 humanis
2569 3494 2703 3552 quae
2745 3478 3143 3551 spiritualibus
3178 3478 3533 3553 impenditur
3575 3483 3634 3536 et

1933 3570 2170 3631 divinis.

2499 3658 2642 3716 104
2670 3659 2912 3719 CAPUT
2942 3660 3067 3718 VII.

2007 3772 2082 3824 De
2104 3770 2280 3825 decem
2304 3772 2493 3841 plagis
2515 3765 2757 3842 Egypti,
2791 3774 2849 3825 in
2873 3772 3101 3842 epistola
3128 3770 3218 3830 ad_
3228 3770 3563 3842 discipulum

2650 3862 2928 3916 Joannem.

2009 3977 2200 4052 Plagae
2253 3982 2449 4035 autem
2510 3977 2673 4036 factm
2724 3978 2788 4035 in
2844 3978 3109 4053 Egypto,
3166 3977 3303 4053 quia
3360 3977 3644 4035 humanae

1937 4069 2150 4127 anima;
2202 4067 2264 4125 in
2310 4068 2529 4127 mundo
2580 4068 2926 4141 inﬂiguntur
2972 4068 3232 4126 vulnera.
3287 4066 3449 4126 Unde
3498 4071 3641 4138 quot

1935 4160 2119 4235 plagae
2150 4159 2378 4216 fuerant
2420 4164 2501 4217 tot
2536 4166 2817 4232 praecepta
2854 4166 2989 4218 sunt
3039 4159 3323 4217 divinitus
3371 4156 3639 4232 promul-

1938 4257 2066 4321 gata
2101 4255 2184 4318 ut,
2241 4255 2380 4319 quot
2426 4252 2561 4304 sunt
2612 4246 2853 4305 vulnera
2900 4246 3087 4305 cordis
3134 4247 3355 4319 mgroti,
3402 4244 3640 4303 totidem

1939 4339 2056 4396 sint
2086 4338 2495 4396 medicamenta
2525 4352 2657 4410 quae
2686 4337 2775 4395 illi
2802 4337 3031 4395 valeant
3053 4337 3338 4395 adhiberi.

2010 4428 2132 4499 Age
2164 4425 2381 4498 igitur:
2422 4425 2604 4498 prima
2636 4426 2802 4500 plaga
2839 4432 2925 4483 est
2954 4440 3090 4483 cum
3121 4440 3290 4499 aqua:
3330 4428 3648 4482 vertuntur

1938 4516 1999 4575 in
2032 4518 2374 4591 sanguinem
2408 4518 2601 4591 (Emod.
2646 4519 2762 4591 νυ).
2808 4520 2981 4578 Porro
3030 4524 3225 4576 autem
3276 4517 3401 4575 istm
3450 4518 3643 4589 plagas

1940 4622 2058 4665 non
2088 4608 2235 4664 ﬁunt
2274 4605 2385 4663 nisi
2418 4607 2480 4664 in
2513 4605 2780 4681 ZEgypto,
2814 4605 2873 4663 id
2907 4610 3010 4674 est,
3042 4606 3102 4662 in
3136 4605 3305 4663 corde
3341 4604 3649 4662 tenebroso

1940 4701 1996 4755 et
2025 4696 2269 4768 caligine
2295 4696 2563 4754 caecitatis
2591 4712 2878 4769 oppresso.
2911 4695 3017 4753 Cui
3047 4694 3263 4753 scilicet
3291 4709 3460 4768 aqua:
3502 4708 3648 4751 con-

1939 4788 2247 4842 vertuntur
2289 4784 2352 4841 in
2394 4783 2756 4857 sanguinem,
2791 4798 2926 4841 cum
2957 4797 3105 4841 caeca
3138 4797 3319 4851 mens,
3356 4787 3647 4855 quantum

1940 4872 2013 4929 ad
2060 4888 2138 4941 se,
2195 4872 2497 4931 confundit
2548 4888 2613 4930 ac
2662 4872 2837 4931 violat
2886 4876 3054 4930 rectae
3097 4870 3234 4928 ﬁdei
3289 4872 3643 4945 puritatem;

1942 4964 2090 5022 sicut
2123 4962 2279 5021 enim
2308 4979 2408 5036 per
2434 4978 2643 5037 aquam
2670 4976 2870 5019 omnes
2901 4961 2969 5019 de
3003 4960 3320 5019 visceribus
3352 4967 3513 5018 terrae
3548 4972 3647 5014 se-

1940 5059 2097 5127 getes
2143 5052 2444 5127 prodcunt,
2492 5052 2573 5109 sic
2620 5067 2694 5108 ex
2745 5050 2858 5107 ﬁde
2904 5050 3226 5123 Spiritualia
3275 5047 3649 5122 proferuntur

1942 5146 2218 5205 alimenta
2258 5145 2560 5203 virtutum.
2605 5141 2769 5201 Tunc
2800 5142 2978 5213 igitur
3012 5156 3162 5214 aqua
3202 5140 3263 5198 in
3299 5138 3649 5212 sanguinem

1944 5237 2207 5303 vertitur,
2239 5251 2373 5294 cum
2404 5234 2656 5291 caecitate
2694 5230 2953 5305 perﬁdiae
2983 5246 3080 5289 cor
3117 5229 3400 5303 insipiens
3435 5227 3649 5286 obscu-

1944 5334 2119 5383 ratur.
2172 5323 2330 5382 Sicut
2373 5323 2441 5380 de
2480 5320 2826 5394 quibusdam
2874 5318 3013 5377 dicit
3063 5318 3405 5392 Apostolus:
3444 5340 3464 5368 «
3502 5316 3655 5387 Quia

1946 5435 2079 5480 cum
2134 5419 2537 5491 cognovissent
2575 5415 2910 5487 Dominum,
2954 5430 3070 5473 non
3129 5414 3276 5473 sicut
3328 5414 3649 5473 Dominum

1944 5508 2431 5581 gloriﬁcaverunt,
2466 5512 2565 5566 aut
2599 5504 2811 5580 gratias
2842 5510 3105 5578 egerunt,
3145 5504 3243 5563 sed
3281 5509 3649 5563 evanuerunt
