4018 6182
102 194 232 255 1017

1491 201 1571 259 ΙΝ
1610 200 1895 260 LIBRUM
1935 199 2177 260 EXODI.

3439 191 3576 259 1018

97 324 154 381 in
185 318 624 393 cogitationibus
659 319 820 391 suis;
851 325 905 378 et
953 321 1322 381 obscuratum
1368 329 1454 382 est
1509 325 1853 400 insipiensA
1872 342 1972 400 per
2032 327 2315 405 quietum,
2381 341 2514 401 ergo
2570 327 2778 385 deserit
2833 327 3183 402 inquietum.
3236 327 3570 400 Enimvero,

95 428 186 472 cor
237 425 437 469 eorum
489 413 663 477 (Rom.
700 415 761 479 1).
813 431 839 464 »
894 410 998 470 Cui
1045 413 1251 486 primae
1291 415 1494 489 plagae,
1529 418 1636 476 hoc
1683 423 1785 488 est,

93 499 553 578 pestilentissimo
585 501 840 571 vulneri,
885 517 1022 560 mox
1051 504 1358 563 adhibetur
1393 507 1564 578 primi
1605 508 1787 567 medi-

1871 416 2017 472 sicut
2035 416 2351 474 secundum
2374 423 2720 490 praeceptum
2745 417 2986 473 refertur
3004 415 3076 473 ad
3096 415 3337 482 Filium,
3362 414 3439 470 ita
3464 417 3573 472 hoc

1872 501 2103 559 tertium
2133 503 2379 575 pertinet
2407 504 2476 560 ad
2508 502 2786 576 Spiritum
2819 508 3100 570 sanctum,
3132 502 3237 576 qui
3270 501 3572 559 nihilomi-

98 592 221 650 cina
257 590 567 663 praecepti:
606 613 631 640 ι(
662 591 839 658 Audi,
873 591 1074 663 Israel,
1112 594 1397 653 Dominus
1448 597 1601 655 Deus
1655 605 1790 657 tuus
1868 605 1981 648 nus
2030 592 2191 649 tertia
2222 600 2306 649 est
2345 592 2406 649 in
2447 598 2638 649 sancta
2677 591 2958 649 Trinitate
3009 605 3271 662 persona.
3322 591 3468 648 Nam
3517 596 3570 649 et

97 683 244 741 Deus
271 697 426 738 unus
459 687 542 739 est
570 686 744 750 (Deut.
777 686 881 749 VI).
919 704 939 733 ι)
974 683 1096 740 Hoc
1133 690 1217 741 est
1265 685 1422 742 enim
1449 687 1789 746 medicinale

98 771 412 842 vinculum,
457 787 575 843 quo
614 771 876 844 perfidiae
931 771 1146 830 vulnus
1193 773 1394 832 debeat
1438 776 1684 849 alligari,
1726 783 1790 835 ut

94 861 202 918 hoc
246 860 488 919 audiens
532 876 721 918 unum
777 860 1142 920 solummodo
1190 863 1376 922 Deum
1429 865 1581 924 colas
1625 872 1681 923 et
1727 866 1790 923 in

91 951 284 1025 plures
311 953 457 1010 Deos
501 952 904 1011 marcescentis
951 953 1208 1026 perlidiae
1258 955 1621 1028 putredinem
1671 974 1789 1016 non

91 1040 370 1098 effundas.
405 1039 475 1097 Et
496 1040 651 1113 justo
682 1041 785 1098 Dei
802 1041 1043 1113 judicio,
1070 1042 1238 1116 juxta
1285 1043 1532 1103 litteram
1579 1047 1793 1106 factum

89 1138 173 1188 est
228 1137 293 1190 ut
321 1131 484 1190 illius
510 1133 680 1190 ﬂuvii
718 1132 1001 1206 sanguine
1032 1140 1364 1207 potarentur
1401 1137 1678 1212 Egyptii,
1726 1139 1792 1197 in

87 1237 204 1297 quo
228 1222 497 1295 primitus
525 1222 689 1294 pueri
718 1222 1072 1282 necabantur
1102 1223 1356 1284 Hebraei.

160 1309 428 1367 Secunda
495 1325 632 1369 vero
687 1309 871 1384 plaga,
927 1327 1199 1372 ranarum
1279 1320 1364 1372 est
1435 1317 1790 1378 abundantia

87 1399 282 1470 (Exod.
334 1403 480 1472 VIII).
511 1399 673 1459 Rana
721 1401 1036 1460 clamosum
1087 1407 1173 1460 est
1216 1403 1453 1476 animal,
1493 1411 1550 1464 et
1597 1408 1659 1464 in
1716 1407 1788 1465 li-

85 1488 266 1548 mosis
292 1489 640 1549 vociferatur
658 1507 734 1549 ex
759 1506 918 1549 more
946 1491 1290 1567 paludibus;
1323 1495 1417 1555 cui
1448 1496 1668 1554 similes
1687 1495 1788 1569 ju-

81 1580 351 1638 dicantur
398 1580 657 1639 haeretici
708 1597 774 1639 ac
822 1581 1172 1656 philosophi,
1229 1585 1332 1658 qui
1403 1587 1563 1645 velut
1617 1604 1789 1661 super

1871 679 2032 737 illam
2081 682 2305 738 tertiam
2360 677 2588 755 plagam
2639 681 2884 755 Spiritui
2937 688 3132 740 sancto
3189 681 3574 740 incantalores

1871 769 2189 839 ascribunt,
2221 786 2353 828 cum
2376 777 2431 828 et
2459 771 2570 845 ipsi
2598 771 2860 844 ciniphes
2883 771 3135 830 excitare
3165 779 3282 830 non
3309 779 3571 845 possunt,

1872 858 2123 917 dicentes
2151 862 2221 918 ad
2252 861 2610 920 Pharaonem
2636 884 2648 919 :
2685 885 2710 912 α
2741 862 2970 935 Digitus
2998 863 3101 922 Dei
3133 868 3216 922 est
3247 863 3340 920 hic
3374 866 3570 934 (Exod.

1872 949 2012 1020 VIII).
2070 973 2094 999 ι
2156 949 2243 1007 Ad
2301 951 2606 1010 colendum
2664 953 2771 1010 hoc
2845 951 3146 1010 sabbatum
3224 952 3574 1026 discipulum

1875 1054 2048 1097 suum
2090 1041 2432 1113 provocabat
2458 1041 2786 1114 Apostolus,
2822 1057 2954 1100 cum
2978 1042 3202 1101 dicebat
3231 1062 3243 1100 :
3275 1067 3294 1093 α
3328 1041 3574 1100 Attende

1875 1125 2107 1184 lectioni
2156 1132 2209 1184 et
2250 1128 2529 1186 doctrinm
2570 1133 2621 1198 (Ι
2667 1133 2903 1200 Tim.1).
2941 1152 2961 1180 ι
2997 1129 3068 1187 Et
3115 1129 3255 1188 alibi
3297 1149 3308 1187 :
3346 1153 3372 1180 ιι
3408 1129 3576 1188 Orate

1874 1215 1998 1275 sine
2044 1217 2477 1278 intermissione
2516 1224 2568 1289 (Ι
2598 1223 2781 1278 Thess.
2817 1225 2902 1289 v).
2935 1243 2961 1271 η
2996 1221 3084 1278 Ad
3130 1221 3306 1295 hujus
3354 1218 3576 1278 sabbati

1873 1306 2097 1366 cultum
2161 1308 2447 1368 Dominus
2527 1325 2634 1368 nos
2713 1316 2983 1384 provocat
3058 1326 3157 1384 per
3220 1310 3584 1384 prophetam,

1870 1415 2005 1458 cum
2049 1399 2228 1458 dicit:
2267 1423 2288 1452 α
2347 1400 2552 1462 Vacate
2598 1410 2652 1462 et
2693 1403 2903 1475 videte,
2949 1403 3226 1477 quoniam
3271 1419 3376 1476 ego
3446 1418 3580 1463 sum

1869 1489 2156 1550 Dominus
2183 1493 2346 1564 (Psal.
2378 1495 2536 1563 XLV).
2577 1517 2601 1542 ι
2655 1493 2737 1550 Ac
2759 1493 2806 1550 si
2841 1492 2989 1550 dicat
3021 1517 3033 1550 :
3084 1492 3395 1566 Spirituale
3445 1492 3576 1550 sab-

1869 1581 2068 1639 batum
2127 1580 2315 1651 colite,
2373 1582 2696 1654 vagationis
2756 1583 3226 1656 inquietudinem
3283 1583 3530 1640 devitate
3555 1603 3572 1655 ;

80 1671 323 1744 paludes
354 1671 606 1736 limosas.
637 1674 746 1731 hoc
775 1678 859 1730 est
885 1673 1036 1731 inter
1087 1675 1287 1734 turbas
1340 1679 1605 1752 squalore
1654 1676 1935 1752 per-But
1977 1685 2078 1742 per
2121 1668 2372 1743 Spiritus
2420 1671 2599 1728 Sancti
2634 1672 2878 1744 gratiam
2907 1673 3079 1742 fiXOS,
3129 1689 3246 1731 non
3281 1691 3383 1732 VOS
3428 1674 3579 1731 cini-

81 1760 242 1818 tidiae
279 1761 557 1832 sordidas,
588 1761 754 1818 vanis
775 1761 1053 1822 adversus
1081 1763 1377 1823 Christum
1400 1767 1790 1826 vociferantur

79 1848 396 1922 obloquiis,
429 1855 502 1921 et,
537 1851 679 1908 dum
709 1866 810 1924 per
836 1859 1178 1925 argumenta
1213 1855 1456 1914 fallaciae
1491 1873 1608 1914 non
1638 1857 1789 1915 desi-

75 1945 235 1998 nunt
279 1941 625 2013 importunis
671 1943 892 2016 garrire
914 1941 1281 2013 clamoribus,
1333 1945 1504 2002 inane
1553 1946 1790 2018 quidem

79 2031 139 2088 in
195 2029 438 2088 auribus
471 2031 732 2100 taedium,
783 2029 880 2088 sed
935 2029 1169 2088 nullum
1221 2033 1515 2091 mentibus
1553 2034 1790 2094 vivendi

73 2117 335 2175 aﬂ‘erunt
371 2116 586 2175 cibum.
632 2117 739 2175 Cui
769 2118 988 2187 morbo,
1033 2119 1135 2190 qui
1184 2119 1452 2177 videlicet
1503 2121 1565 2178 in
1595 2123 1791 2180 anima

72 2207 369 2267 lethaliter
398 2208 584 2280 saevit,
617 2208 941 2266 secundum
989 2213 1338 2280 praeceptum
1383 2215 1658 2283 tanquam
1686 2226 1791 2284 po-

68 2295 282 2355 culum
311 2297 516 2355 salutis
547 2297 812 2356 occurrit.
849 2296 1182 2356 Secundum
1214 2304 1407 2355 autem
1437 2305 1788 2372 praeceptum

68 2393 196 2446 est:
247 2411 270 2436 α
301 2386 428 2446 Non
457 2403 720 2448 assumes
751 2403 962 2446 nomen
1012 2387 1246 2446 Domini
1302 2389 1403 2447 Dei
1438 2390 1520 2448 tui
1571 2391 1634 2448 in
1686 2407 1788 2449 va-

67 2493 226 2536 num
254 2480 454 2545 (Exod.
487 2482 619 2548 XX).
656 2501 682 2529 »
719 2478 787 2537 In
840 2495 1058 2538 vanum
1109 2495 1362 2555 namque
1418 2479 1629 2539 Christi
1681 2499 1787 2542 no-

68 2581 215 2624 men
245 2567 489 2626 assumit
521 2567 622 2642 qui
660 2583 796 2626 eum
827 2583 944 2628 non
975 2568 1322 2641 Creatorem,
1378 2571 1476 2629 sed
1531 2576 1785 2632 tantum-

68 2655 252 2714 modo
307 2661 633 2715 creaturam
670 2657 896 2716 credit:
953 2679 981 2712 «
1014 2659 1269 2719 Vanitati
1319 2661 1479 2719 enim
1528 2669 1788 2722 creatura

69 2746 341 2820 subjecta
392 2752 478 2804 est
529 2750 704 2816 (Rom.
747 2754 899 2819 VIII).
939 2773 959 2797 ι
1021 2749 1091 2807 Et
1137 2750 1267 2810 ideo
1324 2752 1463 2811 tales
1521 2753 1784 2813 homines

68 2842 219 2894 sunt
247 2837 447 2910 procul
477 2838 654 2896 dubio
684 2839 842 2910 vani,
874 2839 1010 2913 quia
1059 2839 1358 2900 veritatem
1389 2843 1489 2901 Dei
1521 2859 1783 2902 commu—

71 2928 266 2982 tantes
296 2923 358 2981 in
385 2926 773 2996 mendacium,
806 2927 980 2985 ﬁdem
1011 2927 1289 2986 adhibent
1318 2929 1577 2987 vanitati.

1873 1760 2014 1833 phes
2050 1758 2392 1831 inquietent,
2428 1759 2525 1817 sed
2565 1760 2884 1833 spiritualis
2924 1762 3144 1820 sabbati
3183 1762 3412 1820 cultura
3442 1778 3576 1820 san-

1871 1849 2094 1908 ctiﬁcet.
2139 1848 2471 1907 Notandum
2511 1857 2786 1922 praeterea
2819 1852 3096 1926 quoniam
3145 1853 3251 1910 tria
3297 1853 3580 1910 duntaxat

1871 1939 1980 1997 ista
2003 1946 2286 2012 praecepta
2313 1939 2374 1996 in
2415 1954 2533 1996 una
2561 1940 2843 2014 descripta
2872 1947 3008 2000 sunt
3039 1941 3267 2012 tabula;
3302 1942 3413 2000 alia
3443 1958 3578 2000 vero

1872 2035 2090 2103 septem
2137 2029 2583 2089 continebantur
2631 2030 2692 2088 in
2736 2031 2934 2090 altera.
3005 2033 3118 2090 Ista
3170 2033 3456 2106 siquidem
3506 2034 3578 2090 ad

1871 2120 2208 2179 charitatem
2266 2120 2425 2192 Dei,
2485 2120 2588 2178 illa
2639 2137 2774 2179 vero
2823 2123 2893 2180 ad
2953 2139 3209 2181 amorem
3290 2124 3582 2197 pertinent

1875 2211 2152 2283 proximi.
2185 2212 2257 2268 Et
2287 2211 2500 2268 idcirco
2524 2227 2642 2268 non
2672 2212 2927 2284 amplius
2957 2229 3131 2287 quam
3158 2214 3290 2271 duae
3329 2220 3466 2272 sunt
3496 2218 3581 2271 ta-

1875 2299 2046 2365 bulae,
2095 2299 2233 2374 quia
2262 2300 2510 2372 geminae
2549 2307 2685 2358 sunt
2734 2303 3031 2360 cbaritatis
3076 2303 3455 2376 impressione
3490 2303 3580 2360 di-

1875 2389 2122 2446 stinctae.
2152 2388 2288 2446 Tria
2331 2388 2499 2461 plane
2528 2395 2810 2463 praecepta
2853 2390 2914 2447 in
2942 2406 3059 2448 una
3101 2390 3315 2460 tabula,
3363 2397 3581 2464 septem

1870 2494 2008 2537 vero
2034 2479 2313 2552 descripta
2346 2479 2526 2536 fuisse
2573 2479 2635 2536 in
2688 2479 2803 2537 alia
2845 2496 2919 2537 ex
2972 2482 3080 2539 hoc
3116 2483 3370 2539 maxime
3417 2481 3584 2539 colli-

1870 2571 2026 2643 gitur
2085 2566 2241 2642 quod
2289 2567 2354 2625 B.
2411 2567 2718 2641 Apostolus
2760 2569 2832 2626 ad
2879 2571 3159 2643 Ephesios
3205 2571 3326 2630 ait:
3362 2594 3388 2622 α
3421 2571 3581 2642 Filii,

1869 2656 2096 2715 obedite
2125 2656 2463 2730 parentibus
2491 2657 2696 2715 vestris
2731 2657 2795 2715 in
2833 2657 3102 2730 Domino,
3151 2659 3260 2717 hoc
3292 2659 3450 2718 enim
3483 2661 3580 2734 ju-

1870 2749 2022 2802 stum
2093 2748 2197 2800 est.
2251 2743 2488 2801 Honora
2541 2751 2763 2817 patrem
2825 2751 2881 2802 et
2936 2751 3218 2818 matrem;
3280 2747 3434 2821 quod
3500 2752 3585 2805 est

1865 2830 2206 2889 mandatum
2251 2831 2509 2903 primum
2537 2831 2600 2888 in
2627 2833 3031 2904 promissione,
3064 2839 3127 2892 ut
3173 2834 3320 2891 bene
3369 2833 3443 2890 sit
3475 2833 3580 2891 tibi

1865 2930 1920 2981 et
1966 2921 2044 2980 sis
2072 2923 2373 2993 longaevus
2420 2937 2594 2995 super
2626 2930 2836 2980 terram
2870 2925 3081 2997 (Ephes.
3115 2925 3211 2998 VI).
3243 2948 3269 2974 n
3319 2924 3434 2982 Cur
3475 2939 3583 2982 au-

146 3010 349 3068 Tertia
379 3027 516 3069 vero
546 3012 712 3087 plaga
751 3013 1014 3085 cinipbes
1064 3021 1201 3072 sunt
1231 3017 1429 3088 (Exod.
1462 3019 1604 3089 VIII).
1663 3018 1982 3104 Hocctem
2033 3012 2290 3104 primum
2346 3014 2457 3104 hoc
2503 3013 2858 3104 mandatum
2897 3014 3288 3104 dicitur,_nisi
3332 3015 3486 3104 quod
3520 3015 3582 3072 in

68 3107 277 3159 autem
307 3101 527 3159 animal
581 3108 693 3160 tam
736 3103 1028 3163 minutum
1081 3111 1163 3164 est
1192 3122 1256 3164 ac
1306 3109 1691 3181 perexiguum
1726 3117 1789 3168 ut
1816 3100 1846 3104 ᾖ
1872 3101 2156 3177 ιπὶηοὶρίο
2186 3100 2454 3159 secunda?
2500 3100 2712 3159 tabum?
2739 3102 2994 3174 DOSitum
3019 3107 3104 3159 est
3133 3101 3161 3159 7
3212 3100 3372 3170 Οἱ]Οά
3407 3102 3579 3160 etiam

69 3189 223 3248 dum
255 3205 319 3248 se
344 3206 446 3263 per
472 3206 662 3250 aerem
689 3192 863 3250 librat
893 3199 948 3250 et
979 3194 1100 3251 huc
1127 3194 1384 3269 illucque
1426 3198 1790 3269 vagabundis

1872 3192 1935 3250 in
1966 3189 2344 3263 promissione
2377 3189 2608 3257 dicitur,
2657 3190 2792 3263 quia
2822 3193 2978 3264 quod
3011 3193 3072 3250 in
3106 3192 3239 3250 aliis
3276 3193 3582 3267 praeceptis

67 3278 442 3337 anfractibus
465 3279 810 3339 instabiliter
838 3282 1007 3352 volat,
1037 3283 1231 3342 visum
1261 3299 1492 3342 cernere
1535 3286 1791 3346 volentes
1872 3295 1990 3337 non
2019 3276 2337 3344 invenitur,
2362 3276 2470 3333 hoc
2490 3283 2844 3350 praeceptum
2868 3279 3253 3353 longaevitatis
3278 3281 3581 3353 promissio
3665 3323 3668 3326 .

67 3367 352 3440 eﬂ‘ugiat;
379 3369 441 3427 in
461 3385 694 3443 corpore
716 3378 907 3430 tamen
932 3379 1127 3431 nostro
1151 3373 1291 3432 dum
1314 3374 1543 3446 sederit,
1563 3378 1785 3450 pungit,
1874 3369 2151 3442 sequitur,
2183 3367 2478 3439 praemisso
2503 3367 2785 3427 nimirum
2826 3370 2933 3428 hoc
2979 3370 3131 3444 quod
3158 3369 3369 3429 dicitur
3397 3395 3410 3429 :
3461 3371 3583 3429 Ho-

68 3458 224 3516 adeo
247 3463 337 3526 ut,
356 3474 490 3516 cum
519 3475 614 3518 eas
642 3476 896 3534 nequeas
923 3461 1117 3519 videre
1137 3462 1277 3520 dum
1307 3462 1515 3532 volant,
1540 3465 1786 3538 compel-
1873 3473 2013 3515 nora
2039 3463 2258 3530 patrem
2285 3461 2340 3513 et
2369 3461 2630 3527 matrem,
2673 3463 2738 3514 ut
2768 3457 2914 3516 bene
2959 3458 3032 3516 sit
3079 3458 3183 3517 tibi
3231 3465 3286 3517 et
3329 3459 3410 3518 sis
3452 3460 3582 3518 lon-

72 3543 220 3602 laris
259 3545 477 3604 sentire
515 3547 654 3606 dum
698 3549 1028 3619 stimulant;
1059 3555 1114 3606 et
1142 3548 1281 3608 dum
1314 3551 1792 3610 circumvolantes
1874 3561 2073 3619 gaevus
2126 3560 2300 3617 super
2365 3551 2596 3602 terram.
2653 3545 2777 3605 Hoc
2826 3563 2960 3622 ergo
2997 3555 3370 3623 praeceptum,
3426 3551 3579 3625 quod

72 3647 330 3706 seseque
368 3634 756 3706 importunius
794 3637 1121 3711 ingerentes
1158 3639 1357 3698 vultus
1386 3647 1612 3699 nostros
1650 3643 1793 3702 infe-
1875 3642 2148 3710 quartum
2178 3639 2262 3692 est
2289 3633 2352 3693 in
2381 3635 2635 3707 generali
2682 3652 2928 3697 numero
2972 3639 3330 3714 mandatum,
3378 3641 3442 3699 in
3491 3657 3585 3700 se-

76 3729 235 3780 stare
263 3738 384 3780 non
411 3725 1284 3802 desinuntvolentes,quiescere
1302 3745 1418 3787 non
1432 3733 1789 3803 permittunt.
1875 3728 2066 3788 cunda
2094 3726 2291 3785 tabula
2321 3726 2559 3800 ponitur
2593 3725 2868 3798 primum.

77 3810 230 3867 105
281 3813 669 3884 Quamobrem
699 3817 824 3874 haec
853 3817 1022 3892 plaga
1051 3819 1372 3892 vagationis
1402 3825 1457 3878 et
1510 3820 1794 3895 inquietu.
1946 3813 2053 3872 Cui
2088 3815 2374 3872 contraria
2403 3820 2487 3871 est
2526 3819 2729 3887 quarta
2760 3815 2948 3886 plaga,
2999 3816 3104 3873 hoc
3135 3822 3238 3886 est,
3271 3817 3582 3892 cynomyla

72 3902 238 3962 diuis
267 3903 480 3964 vitium
508 3907 809 3965 manifeste
838 3907 1118 3980 designat.
1143 3909 1266 3979 Quo
1296 3908 1562 3968 videlicet
1593 3912 1794 3971 morbo
1876 3919 2008 3978 quae
2042 3902 2255 3961 (Ῐίείῖυΐ
2302 3920 2489 3959 νηπεοα
2535 3905 2733 3958 canina
2778 3905 2978 3967 (EéBOd-
3011 3910 3161 3974 VIII)-
3215 3906 3375 3963 Nihil
3423 3907 3581 3965 enim

68 3993 332 4066 quidam
359 3994 681 4055 laborantes
705 3997 990 4055 inutiliter
1013 3999 1407 4075 hucillucque
1435 4000 1789 4074 discurrunt,
1876 3998 1988 4050 tam
2020 3992 2292 4050 caninum
2335 3997 2419 4049 θεῖ
2447 4007 2620 4064 quam
2648 3994 2912 4065 ignorare
2943 3999 3207 4065 Parentes
3235 4001 3289 4052 εἴ
3331 3994 3450 4052 ῘΠῙΒ
3475 3997 3580 4068 (Illi

67 4092 122 4142 et
156 4085 334 4145 velut
360 4087 526 4146 malis
556 4087 882 4146 vertumnis
919 4088 1162 4147 obnoxii
1214 4105 1316 4162 per
1369 4089 1790 4163 impatientiam
1875 4099 1980 4142 1103
2017 4088 2360 4155 genuorum:
2412 4084 2793 4140 reverentiam
2838 4099 2953 4141 Ποη
3001 4084 3243 4142 ἀθῖθπθ-
3282 4081 3422 4140 106
3471 4086 3584 4144 E05

64 4191 192 4233 non
227 4175 557 4251 quiescunt.
594 4177 704 4236 Sed
756 4179 1031 4253 quoniam
1080 4180 1341 4252 ciniphes
1381 4180 1506 4239 istae
1563 4180 1789 4254 perexi-
1874 4175 2046 4234 etiam
2079 4181 2353 4248 tanquam
2391 4189 2605 4234 muscae
2634 4174 3164 4233 circumvolitantes
3204 4175 3398 4234 canini
3454 4194 3578 4236 mo-

61 4279 207 4336 guae
250 4271 478 4323 suntet
508 4267 722 4337 noxiae,
755 4275 821 4327 ut
870 4285 986 4328 non
1043 4275 1159 4328 tam
1213 4271 1438 4342 pondus
1484 4271 1792 4330 videantur
1874 4282 1963 4325 res
1991 4266 2305 4336 exagitant,
2338 4265 2460 4338 qui,
2503 4267 2643 4324 dum
2663 4266 2886 4323 deferre
2917 4266 3256 4340 parentibus
3288 4267 3578 4339 nesciunt,

59 4352 296 4412 habere
327 4368 760 4428 quammorsus,
792 4358 893 4432 qui
923 4358 1065 4417 vitio
1088 4359 1409 4432 vagationis
1437 4360 1974 4432 inserviuntnper
2003 4357 2252 4415 levitatis
2299 4357 2746 4417 inconstantiam
2795 4375 2827 4416 a
2877 4357 3123 4415 naturali
3175 4359 3452 4432 gravitate
3488 4375 3580 4418 re-

54 4442 229 4518 quod
267 4458 372 4516 per
397 4446 1164 4518 ciniphesdesignatur,leve
1191 4450 1424 4523 quidem
1439 4442 2106 4515 arbitranturucedunt,
2141 4461 2356 4520 eosque
2395 4454 2669 4522 tanquam
2703 4446 2928 4504 caninae
2988 4463 3206 4505 muscae
3243 4447 3576 4518 dilacerant,

51 4551 192 4593 esse
229 4541 553 4608 peccatum,
587 4536 682 4594 sed
713 4553 827 4594 non
864 4537 978 4595 levi
1007 4545 1198 4597 reatus
1240 4541 1544 4600 fodiuntur
1571 4543 1788 4601 aculeo.
1875 4537 2016 4596 dum
2065 4554 2123 4594 se
2178 4545 2373 4595 contra
2420 4536 2705 4609 genitores
2762 4552 2916 4606 suos,
2974 4537 3140 4609 quasi
3194 4537 3488 4608 ringentes
3526 4545 3581 4595 et

53 4627 195 4684 Non
261 4632 539 4698 aggravet
576 4627 824 4701 pondus,
868 4628 965 4686 sed
1015 4636 1270 4702 penetrat
1327 4647 1575 4702 morsus,
1632 4633 1788 4706 quia,
1875 4627 2244 4697 oblatrantes,
2297 4641 2398 4698 per
2439 4624 2862 4698 impatientiam
2910 4633 3142 4683 vexant.
3196 4625 3268 4685 Ut
3317 4628 3440 4684 haec
3487 4643 3577 4684 er-

48 4720 303 4790 quanto
335 4713 544 4772 vitium
573 4717 681 4772 hoc
722 4715 907 4773 levius
939 4716 1239 4790 deputant,
1277 4725 1432 4776 tanto
1457 4719 1671 4791 majore
1696 4736 1789 4779 ne-
1873 4732 1944 4789 go
1995 4714 2163 4788 plaga
2190 4720 2444 4784 curetur,
2484 4713 2660 4785 digna
2687 4713 3026 4786 parentibus
3071 4717 3391 4773 reverentia
3422 4717 3582 4774 defc-

44 4821 226 4864 cesse
260 4809 351 4862 est
390 4810 453 4860 ut
482 4804 694 4877 peccati
725 4805 1001 4863 stimulus
1031 4806 1244 4863 animae
1277 4806 1606 4879 languentis
1635 4809 1788 4868 inte-
1873 4809 2049 4861 ratur.

43 4896 222 4954 riora
263 4893 581 4966 transfigat.
616 4893 770 4952 Huic
795 4895 989 4967 itaque
1021 4895 1287 4967 languori
1323 4897 1471 4955 tertii
1515 4914 1630 4971 prae

1986 4894 2156 4951 luinta
2208 4891 2377 4964 plaga
2428 4907 2584 4949 mors
2649 4895 3012 4965 peccatorum
3072 4897 3156 4950 est
3211 4897 3410 4963 (Exod.
3465 4901 3573 4968 IX).

40 4982 596 5056 obviatmedicina,
623 5001 759 5043 cum
783 4985 1023 5046 dicitur:
1043 4987 1370 5047 «Memento
1391 4995 1454 5047 ut
1473 4989 1628 5048 diem
1651 4989 1786 5050 Sab-
1870 4984 2083 5045 Omnes
2113 4982 2268 5040 enim
2293 4983 2394 5056 qui
2440 4989 2628 5056 spreto
2660 4981 2952 5057 conjugali
3007 4988 3127 5041 toro
3164 4984 3490 5045 alienarum
3520 5003 3581 5046 se

43 5076 176 5135 bati
249 5075 580 5134 sanctiﬁces
637 5078 834 5150 (Exod.
890 5089 978 5136 XX
1038 5083 1089 5134 et
1139 5090 1322 5147 XXXI,
1374 5083 1590 5138 Denter.
1642 5081 1720 5153 1);
1756 5101 1784 5134 »
1871 5074 2184 5133 mulierum
2204 5071 3578 5144 fceditatibuspolluuntetperobscenmlibidinis

41 5168 408 5231 sabbatum,
489 5165 547 5224 id
625 5176 711 5225 est
786 5172 1019 5240 requies.
1080 5167 1194 5227 Ubi
1255 5174 1340 5228 est
1418 5171 1789 5230 sanctificatio
1870 5164 2083 5239 passim
2104 5164 2263 5222 ﬂuxa
2291 5160 2760 5236 resolvunt,quid
2786 5161 2945 5221 aliud
2966 5178 3141 5236 quam
3165 5163 3577 5220 brutadicendi

41 5254 328 5323 sabbati,
360 5255 442 5314 ibi
494 5256 692 5329 procul
723 5255 902 5316 dubio
937 5256 1185 5331 Spiritus
1239 5257 1361 5316 Dei.
1424 5259 1589 5318 Unde
1647 5261 1788 5318 scri-
1872 5260 2011 5312 sunt
2039 5268 2239 5325 pecora
2270 5257 2498 5325 atquea
2546 5251 2764 5308 ratione
2815 5251 3134 5324 spiritualis
3179 5251 3575 5324 intelligentiae

39 5358 233 5422 ptum
266 5349 359 5400 est
399 5361 412 5399 :
453 5365 472 5392 ι
509 5341 694 5416 Super
725 5359 898 5416 quem
929 5344 1249 5418 requiescet
1305 5343 1552 5417 Spiritus
1605 5361 1789 5418 meus,
1877 5341 2108 5414 penitus
2146 5340 2387 5397 aliena?
2422 5362 2441 5388 ι
2497 5338 2652 5395 Facti
2704 5345 2841 5396 sunt
2885 5338 3044 5396 enim
3095 5339 3242 5397 sicut
3292 5355 3493 5414 equus,
3527 5348 3582 5399 et

42 5439 169 5497 nisi
209 5447 404 5505 super
434 5432 716 5491 humilem
762 5442 816 5491 et
853 5435 1117 5508 quietum
1173 5442 1228 5492 et
1284 5441 1623 5493 trementem
1676 5453 1793 5494 ser-
1877 5429 2096 5498 mulus,
2125 5427 2337 5501 quibus
2375 5441 2493 5483 non
2533 5432 2616 5483 est
2649 5425 2972 5484 intellectus
3004 5429 3166 5500 (Psal.
3203 5430 3394 5500 XXXI).
3431 5451 3455 5477 »
3509 5429 3580 5487 Et

45 5540 284 5588 nones
345 5521 612 5580 meos?»
660 5525 786 5595 (Isa.
850 5525 1032 5597 LXVI.)
1095 5524 1394 5583 Pensanda
1433 5532 1567 5584 sunt
1619 5525 1793 5584 verba
1876 5536 1977 5595 per
2019 5520 2324 5579 Jeremiam
2373 5520 2586 5578 dicitur
2619 5539 2629 5576 :
2667 5539 2693 5571 «
2745 5519 3010 5578 Saturavi
3061 5537 3157 5579 eos
3200 5530 3254 5578 et
3307 5521 3572 5579 mcechati

47 5620 203 5697 quia
242 5612 311 5674 si
335 5612 590 5686 Spiritus
630 5620 862 5675 sanctus
900 5615 1207 5688 requiescit
1251 5617 1650 5677 tantummodo
1693 5632 1793 5677 su-
1878 5620 2032 5685 sunt,
2090 5622 2144 5674 et
2194 5616 2257 5674 in
2313 5614 2485 5673 domo
2524 5612 2842 5674 meretricis
2888 5611 3339 5676 luxuriabantur
3364 5633 3378 5684 ;
3435 5617 3573 5690 equi
