4028 6168
460 426 596 486 1019

1414 422 1953 487 COLLECTANEA
1992 420 2069 479 IN
2112 413 2355 477 VETUS
2393 410 2979 475 TESTAMEN‘I‘UM.

3826 424 3915 483 10?»?

458 550 817 610 amatoresiu
839 550 1083 609 feminas
1106 549 1393 608 emissarii
1425 549 1556 608 facti
1573 544 2351 620 sunt,unusquisqueAnon
2410 536 2639 611 rodunt,
2678 522 2893 610 quibus
2943 552 3046 611 per
3097 539 3435 614 Apostolum
3486 544 3756 605 dicitur:
3810 570 3835 599 α
3882 547 3919 605 Si
3992 554 3993 585 ³

456 636 529 695 ad
559 651 799 695 uxorem
829 636 1083 710 proximi
1110 637 1203 696 sui
1224 637 1530 695 hinniebat
1552 640 1678 709 (Jer.
1705 636 1782 707 v).
1809 658 1837 685 π
1866 633 2006 691 Hac
2027 643 2160 702 ergo

456 739 658 798 pecora
707 739 935 781 necesse
982 730 1069 782 est
1105 732 1171 782 ut
1211 725 1475 784 funditus
1501 725 1783 783 exstincta
1832 722 2159 795 depereant,

458 813 572 870 nisi
599 812 817 871 divina
840 813 982 885 legis
1011 814 1373 873 medicamen
1404 820 1684 871 occurrat.
1715 810 1939 869 Dicitur
1978 824 2114 883 ergo
2146 827 2158 866 :

466 928 488 953 ι
516 902 639 961 Νοη
672 903 1052 962 macbaberis
1085 906 1284 973 (Exod.
1319 909 1448 974 XX).
1486 928 1512 954 υ
1542 900 1874 975 Hocutique
1889 898 2163 971 quintum

458 999 809 1066 praceptum
834 994 1054 1069 quinta
1070 994 1254 1069 plaga
1278 1003 1552 1070 tanquam
1583 990 1945 1050 medicinalis
1974 1005 2168 1049 nexus

464 1082 794 1155 opponitur,
845 1091 910 1142 ut
958 1084 1096 1142 dum
1136 1085 1368 1158 proprio
1406 1091 1528 1142 toro
1568 1082 1816 1156 quisque
1862 1084 2168 1138 contentus

458 1186 584 1229 esse
642 1171 1027 1245 compellitur,
1095 1189 1468 1248 nequaquam
1516 1173 1576 1231 in
1633 1176 1927 1229 extranea
1980 1169 2168 1226 carnis

456 1259 765 1334 amplexus
814 1262 1261 1335 intemperantia
1299 1262 1621 1320 diﬁ‘renata
1661 1257 1926 1317 libidinis
1958 1263 2165 1315 exten-

457 1349 648 1407 datur.

531 1436 707 1495 Sexta
753 1437 919 1510 plaga
975 1445 1112 1497 sunt
1177 1439 1423 1497 vulnera
1497 1444 1553 1497 et
1604 1437 1814 1496 vesica
1870 1440 2164 1509 turgentes

457 1532 630 1599 atque
682 1527 972 1587 ferventes
1011 1531 1208 1601 (Emod.
1268 1530 1369 1601 IX).
1418 1528 1486 1587 In
1550 1527 1898 1587 vulneribus
1947 1525 2163 1584 scilicet

458 1618 728 1690 arguitur
753 1618 951 1677 dolosa
979 1620 1305 1679 odientium
1346 1636 1413 1678 ac
1461 1620 1772 1694 purulenta
1803 1618 2022 1677 malitia
2059 1636 2073 1688 ;
2102 1617 2162 1675 in

457 1704 667 1764 vesicis
716 1713 948 1765 tumens
1027 1714 1083 1765 et
1137 1709 1335 1766 inﬂata
1390 1708 1706 1782 superbia;
1789 1709 1854 1765 in
1918 1709 2163 1777 fervore,

461 1801 717 1854 astuans
771 1802 825 1854 et
871 1798 1221 1857 inﬂammati
1260 1800 1472 1857 furoris
1510 1798 1759 1857 insania.
1806 1798 1954 1857 Sunt
2006 1797 2163 1854 enim

460 1884 674 1942 anima
716 1886 983 1958 quaedam
1034 1887 1432 1957 homicidales,
1480 1887 1543 1944 in
1588 1886 1805 1959 quibus
1844 1888 1935 1944 ha;
1979 1876 2500 1959 pestesBproximi
2532 1878 2615 1935 tui
2658 1880 2850 1950 (Exod.
2883 1882 3033 1951 XXI).
3071 1902 3097 1929 υ
3140 1880 3250 1938 Ubi
3293 1881 3613 1939 notandum
3654 1882 3793 1954 quia
3827 1894 3921 1937 non

462 1971 736 2029 oriuntur
756 1978 811 2029 et
838 1973 1116 2031 acerrime
1139 1975 1413 2045 saviunt,
1447 1990 1679 2050 easque,
1696 1974 1809 2032 nisi
1838 1975 2166 2032 humanum

462 2060 807 2131 sanguinem
835 2061 1102 2133 fundant,
1136 2063 1433 2136 quiescere
1464 2080 1578 2123 non
1620 2064 1978 2136 permittunt.
2014 2062 2166 2120 Huic

459 2145 659 2220 itaque
689 2146 902 2206 furenti
926 2150 1127 2207 morbo
1155 2156 1212 2208 et
1238 2150 1583 2209 immaniter
1611 2150 1897 2220 savienti,
1930 2158 2161 2208 sextum

460 2244 811 2312 praceptum
872 2246 1148 2315 tanquam
1199 2241 1485 2299 medicina
1562 2240 1808 2298 calestis
1896 2240 2161 2311 occurrit,

461 2344 577 2404 quo
628 2330 842 2389 dicitur
878 2350 889 2389 :
947 2354 968 2382 ι
1002 2332 1128 2390 Non
1174 2333 1401 2390 occides
1452 2334 1650 2400 (Emod.
1684 2333 1842 2404 xx);
1883 2352 1905 2382 ι
1947 2338 2011 2390 ut
2060 2332 2170 2391 hoc

461 2416 704 2490 quilibet
733 2418 976 2476 audiens
1015 2426 1274 2477 exortam
1317 2420 1484 2478 mala
1514 2418 1832 2478 voluntatis
1860 2419 1922 2478 in
1953 2427 2167 2478 semet-

461 2503 588 2578 ipso
630 2506 944 2579 perniciem
992 2508 1289 2580 reprimat,
1339 2525 1446 2567 nec
1487 2508 1847 2567 extrinsecus
1878 2509 1949 2566 ad
1977 2508 2166 2567 effun-

462 2592 638 2651 dendi
692 2594 914 2652 cruoris
953 2594 1218 2653 effectum
1290 2603 1633 2670 conceptum
1679 2596 1985 2655 malitiosa
2028 2611 2170 2655 con-

464 2682 724 2742 scientia
749 2684 913 2743 virus
950 2691 1235 2758 erumpat.

541 2779 673 2838 Post
720 2781 846 2838 hac
900 2781 1065 2854 plaga
1122 2782 1426 2853 grandinis
1489 2781 1746 2855 ponitur,
1799 2780 1903 2841 ubi
1956 2781 2171 2841 scilicet

463 2871 682 2942 grando
710 2877 764 2928 et
802 2872 956 2942 ignis
984 2873 1195 2946 pariter
1223 2873 1555 2931 ferebantur
1593 2874 1788 2945 (Exod.
1840 2874 1946 2946 IX).
1995 2874 2171 2934 Porro

466 2966 658 3016 autem
688 2959 807 3017 duo
835 2960 958 3018 hac
1003 2963 1287 3020 contraria
1317 2967 1473 3032 sunt,
1524 2962 1707 3035 frigus
1753 2962 1815 3020 in
1864 2963 2165 3037 grandine,

463 3045 620 3103 calor
648 3047 709 3104 in
737 3047 889 3117 igne.
926 3046 1021 3106 Sic
1052 3050 1152 3121 qui
1181 3051 1371 3108 aliena
1401 3051 1696 3122 furantur,
1736 3057 1792 3109 et
1837 3067 1872 3109 a
1920 3052 2171 3110 fraterna

466 3131 739 3190 charitate
782 3138 919 3190 sunt
970 3134 1185 3205 frigidi,
1217 3143 1271 3192 et
1300 3136 1505 3195 ardore
1553 3137 1885 3210 cupiditatis
1920 3137 2165 3196 accensi.

468 3223 579 3281 Ubi
619 3223 790 3281 etiam
822 3223 1058 3297 fulgura
1087 3230 1261 3299 atque
1307 3225 1561 3285 tonitrua
1604 3227 1775 3285 mista
1814 3226 1995 3285 fuisse
2033 3242 2228 3311 cumC

464 3313 749 3387 grandine
799 3314 1192 3388 perhibentur.
1240 3314 1391 3386 Quid
1431 3322 1622 3374 autem
1669 3332 1769 3389 per
1814 3316 2066 3375 tonitrua
2115 3325 2170 3375 et

466 3405 720 3479 fulgura,
751 3405 865 3464 nisi
902 3421 1080 3479 pavor
1104 3406 1485 3467 intolerabilis
1515 3408 1853 3479 designatur
1883 3418 1906 3469 ?
1943 3409 2013 3467 Et
2064 3410 2172 3469 hoc

462 3495 697 3554 furibus
736 3496 1019 3555 familiare
1046 3503 1239 3568 estut,
1288 3499 1477 3571 primo
1510 3499 1657 3572 capi,
1694 3499 1904 3558 deinde
1948 3499 2168 3573 puniri,

466 3583 810 3643 tremefactis
842 3584 1158 3643 visceribus
1189 3592 1460 3660 paveant;
1510 3601 1616 3644 nec
1665 3593 1857 3646 tamen
1904 3604 1938 3645 a
1990 3587 2167 3646 semel

470 3678 760 3744 concepta
812 3673 1092 3747 nequitia
1164 3673 1583 3747 perpetratione
1650 3675 1970 3746 quiescant.
2037 3675 2170 3735 Ista

468 3762 752 3821 nimirum
809 3768 1016 3835 pestes,
1080 3763 1189 3821 hoc
1238 3770 1340 3831 est,
1383 3762 1625 3837 grando,
1691 3763 1865 3834 ignis,
1916 3765 2169 3839 fulgura,

468 3852 642 3911 simul
689 3858 861 3928 atque
887 3854 1159 3919 tonitrua,
1199 3868 1400 3912 eorum
1434 3854 1605 3912 corda
1645 3854 1745 3927 qui
1786 3855 1934 3913 clam
1980 3855 2173 3914 aliena

467 3939 772 4013 diripiunt,
829 3945 1103 4015 tanquam
1149 3941 1415 4015 quadam
1458 3957 1595 4000 arva
1648 3942 1967 4014 devastant,
2019 3950 2074 4002 et
2124 3944 2171 4003 si

469 4044 582 4104 qua
617 4035 774 4102 sunt,
804 4031 1001 4089 omnia
1038 4030 1206 4090 bona
1237 4029 1553 4097 voluntatis
1585 4029 1783 4103 fruges
1828 4036 1885 4087 et
1911 4030 2174 4103 germina

467 4117 771 4193 dissipant.
821 4119 970 4179 Huic
999 4119 1192 4196 itaque
1223 4120 1472 4193 pessimo
1502 4119 1734 4178 vulneri
1764 4119 1992 4193 septimi
2040 4135 2172 4179 suc-

467 4208 648 4266 currit
686 4208 974 4267 medicina
1004 4209 1282 4279 mandati,
1325 4223 1461 4266 cum
1491 4206 1746 4265 dicitur:
1784 4231 1809 4256 ιι
1852 4206 1977 4264 Νοη
2012 4207 2172 4266 fura-

469 4294 624 4351 beris
672 4298 871 4362 (Emod.
928 4299 1086 4366 XX);
1154 4319 1177 4348 ιι
1232 4303 1296 4354 ut
1346 4297 1454 4353 hoc
1510 4295 1756 4369 quisque
1807 4310 2170 4367 cognoscens,

468 4381 655 4439 cordis
700 4382 793 4439 sui
828 4390 1045 4454 segetes
1094 4384 1202 4441 hac
1232 4382 1537 4453 multiplici
1588 4386 1745 4454 peste
1789 4398 1905 4441 non
1954 4383 2169 4455 perdat,

468 4468 565 4526 sed
593 4468 879 4526 bonorum
907 4485 1149 4542 operum
1184 4470 1450 4542 frugibus
1473 4470 1687 4529 anima
1719 4487 1841 4529 sua
1871 4471 2169 4530 cellarium

468 4557 701 4631 repleat,
733 4558 981 4632 implens
1012 4558 1156 4619 illud
1187 4559 1563 4634 apostolicum
1596 4585 1609 4620 :
1649 4587 1674 4613 α
1704 4561 1813 4632 Qui
1844 4562 2163 4622 iurabatur.

465 4647 566 4721 jan
604 4663 721 4706 non
768 4646 908 4704 107
941 4650 1182 4717 furetur,
1224 4651 1323 4708 sed
1356 4651 1570 4709 laboret
1607 4652 1882 4712 manibus
1915 4653 2057 4718 suis,
2104 4660 2172 4712 ut

472 4733 679 4792 habeat
702 4735 857 4794 unde
884 4735 1100 4794 tribuat
1128 4738 1523 4796 necessitatem
1564 4738 1915 4812 patientibus
1951 4742 2167 4812 (Ephes.

469 4823 568 4893 Iv).
606 4846 628 4873 ι

541 4915 749 4976 Octava
803 4924 996 4977 autem
1065 4905 1232 4994 plaga
1310 4921 1549 4981 locusta
1611 4927 1750 4979 sunt
1832 4922 2027 4994 (Exod.
2086 4923 2166 4993 X).

467 5006 574 5065 Per
615 5007 740 5064 hac
773 5007 1067 5080 animalia,
1097 5024 1228 5083 qua
1268 5016 1525 5081 segetum
1554 5008 1817 5083 germina
1870 5009 2175 5067 destruunt

468 5101 524 5153 et
571 5094 839 5168 pestifero
882 5094 1079 5168 fruges
1125 5112 1222 5155 ore
1251 5097 1577 5166 corrodunt,
1616 5096 1719 5171 qui
1764 5102 2005 5170 possunt
2055 5112 2173 5155 me-

469 5183 584 5242 lius
620 5182 913 5257 designari
961 5199 1137 5256 quam
1174 5185 1236 5242 hi
1288 5186 1387 5257 qui
1426 5185 1701 5243 fratribus
1754 5185 2066 5243 detrahunt
2119 5192 2175 5242 et

472 5274 687 5334 falsum
740 5273 858 5332 illis
909 5275 1124 5333 crimen
1169 5275 1520 5350 opponunt?
1558 5277 1704 5335 Nam
1753 5275 1923 5351 quasi
1964 5276 2173 5334 aliena

470 5367 679 5440 segetis
711 5381 946 5440 germen
978 5366 1277 5439 devorant,
1314 5368 1454 5426 dum
1495 5367 1737 5426 fratrum
1771 5381 2013 5425 suorum
2057 5382 2173 5423 non

471 5455 642 5513 modo
697 5455 849 5513 bona
885 5457 1260 5528 supprimunt
1301 5472 1435 5530 qua
1477 5455 1790 5530 pradieare
1833 5454 2170 5525 debuerant,

472 5544 572 5600 sed
600 5544 806 5601 ultimo
835 5544 1007 5603 etiam
1065 5552 1197 5603 nota
1237 5561 1333 5604 eos
1387 5546 1514 5605 falsi
1540 5551 1731 5603 reatus
1780 5544 2167 5602 inﬂammant.

475 5634 711 5692 Rodunt
738 5637 957 5707 itaque,
996 5637 1133 5709 quia
1180 5653 1295 5697 non
1336 5636 1507 5695 modo
1558 5650 1760 5694 eorum
1802 5634 1976 5692 verba
2022 5633 2172 5693 bona

472 5737 578 5796 per
628 5721 1010 5782 invidentiam
1063 5732 1386 5799 contegunt,
1441 5725 1539 5784 sed
1596 5725 1680 5783 eis
1737 5726 1911 5782 etiam
1967 5724 2173 5797 stigma

476 5815 626 5873 ﬁcta
684 5814 981 5886 pravitatis
1026 5818 1289 5877 inurunt.
1339 5821 1433 5878 An
1474 5817 1570 5877 isti
1608 5824 1880 5893 tanquam
1935 5816 2171 5875 locusta

2244 628 2516 689 mordetis
2541 634 2597 685 et
2620 627 2918 686 comeditis
2944 628 3214 697 invicem.
3252 632 3441 692 videte
3472 651 3546 694 ne
3581 637 3661 695 ab
3699 638 3921 697 invicem
3992 632 3993 697 ἒ

2242 716 2723 778 consumamini?
2770 739 2794 767 υ
2828 717 2967 791 (Gal.
3001 720 3080 793 v.)
3119 720 3273 780 Huic
3319 725 3514 800 itaque
3564 727 3759 800 plaga
3786 746 3921 787 man-

2243 807 2444 865 datum
2471 803 2613 863 illuc
2642 812 3029 878 competenter
3055 810 3387 882 opponitur,
3418 830 3534 886 quo
3560 815 3796 875 dictum
3821 824 3919 875 est:

2250 916 2277 944 ι
2308 892 2433 951 Non
2466 892 2677 953 falsum
2710 893 3103 953 testimonium
3150 897 3306 957 dices
3362 901 3556 973 (Exod.
3618 909 3763 971 XX).
3796 926 3822 956 ο
3875 905 3927 963 L't

2246 980 2508 1039 videlicet
2541 981 2723 1041 falsus
2746 982 2996 1057 quisque
3022 985 3200 1057 testis,
3233 988 3335 1060 qui
3366 1004 3483 1046 non
3523 989 3638 1047 erit
3696 990 3926 1064 impuni-

2252 1079 2366 1144 tus,
2406 1073 2480 1130 ab
2523 1072 2731 1131 aliena
2767 1073 2905 1131 vita
2953 1088 3149 1136 morsu
3184 1093 3245 1135 se
3296 1079 3589 1151 reprimat,
3646 1079 3931 1139 locustinos

2249 1157 2448 1217 dentes
2498 1160 2729 1231 abjiciat
2779 1167 2835 1219 et
2881 1160 3128 1221 virentia
3172 1165 3381 1238 segetis
3431 1165 3647 1224 aliena
3698 1168 3929 1241 germina

2247 1263 2362 1305 non
2388 1247 2644 1307 abrodat.

2315 1339 2445 1399 Jam
2496 1356 2648 1400 nona
2709 1342 2876 1418 plaga
2925 1349 3010 1402 est
3040 1343 3292 1402 densitas
3326 1344 3696 1404 tenebrarum
3752 1346 3921 1413 (Emi.

2246 1433 2330 1498 X).
2364 1430 2543 1488 Nemo
2570 1432 2753 1505 magis
2778 1433 2842 1491 in
2871 1433 3172 1492 interiores
3209 1433 3476 1492 tenebras
3524 1434 3749 1493 labitur
3779 1450 3920 1508 quam
3992 1430 3993 1481 Ὺ

2245 1516 2296 1574 is
2326 1518 2428 1591 qui
2453 1518 2772 1592 conjugalis
2806 1520 3044 1578 thalami
3077 1519 3250 1579 violat
3274 1521 3446 1578 fidem
3474 1526 3531 1579 et
3576 1522 3829 1579 alienam
3854 1520 3925 1577 in-
3992 1516 3993 1597 ξ

2249 1606 2458 1664 vadere
2483 1609 2695 1679 quarit
2722 1623 2989 1667 uxorem.
3025 1607 3133 1666 Sed
3162 1609 3267 1666 has
3292 1608 3554 1666 tenebras
3581 1624 3734 1684 quas
3756 1609 3925 1681 utique

2248 1713 2345 1755 cor
2375 1697 2630 1757 luxuria
2658 1700 2919 1759 deditum
2970 1700 3190 1769 tolerat,
3230 1700 3450 1759 divina
3493 1700 3640 1773 legis
3682 1700 3923 1774 splendor

2246 1786 2515 1857 illustrat,
2566 1804 2702 1845 cum
2734 1789 2946 1848 dicitur
2979 1812 2992 1847 :
3022 1809 3052 1843 ‹‹
3104 1789 3232 1847 Non
3283 1790 3653 1862 concupisces
3704 1804 3919 1848 uxorem
3992 1818 3993 1831 ι

2246 1966 2480 2038 dicitur,
2514 1983 2628 2025 non
2663 1969 2825 2027 tolles
2855 1989 2872 2041 ;
2897 1970 3038 2039 sive,
3068 1985 3184 2028 non
3216 1971 3458 2044 pollues,
3489 1971 3585 2029 sed
3627 1972 3781 2047 quod
3819 1971 3921 2043 plus
3992 1960 3993 2033 ξ

2246 2064 2348 2127 est,
2377 2082 2406 2110 ιι
2442 2074 2560 2118 non
2612 2060 2981 2135 concupisces
3016 2077 3258 2120 uxorem
3296 2061 3547 2135 proximi
3578 2061 3686 2119 tui.
3715 2085 3738 2111 ι
3776 2059 3921 2133 Supe-

2249 2149 2372 2207 rius
2404 2149 2621 2208 dictum
2656 2157 2742 2208 est
2771 2176 2784 2210 :
2821 2172 2846 2204 ι
2876 2151 3000 2209 Νοη
3035 2151 3417 2209 machaberis
3450 2175 3463 2208 :
3497 2172 3526 2203 ιι
3566 2152 3663 2209 hic
3691 2151 3915 2208 dicitur:

2254 2261 2279 2288 ε
2308 2237 2435 2295 Non
2483 2239 2852 2312 concupisces
2888 2255 3134 2298 uxorem
3171 2240 3425 2312 proximi
3455 2241 3585 2311 tui;
3623 2261 3652 2293 in
3693 2255 3824 2311 ergo
3864 2237 3918 2295 de

2249 2342 2311 2385 re
2342 2343 2475 2398 una
2512 2327 2627 2386 duo
2655 2328 2925 2387 videntur
2970 2344 3093 2387 esse
3136 2329 3402 2386 mandata
3431 2347 3445 2385 :
3477 2328 3599 2387 illic
3627 2329 3785 2387 enim
3813 2343 3921 2384 mae-

2247 2417 2397 2475 chia
2445 2416 2705 2475 alienum
2762 2425 2949 2475 torum
2991 2415 3262 2475 violantis
3305 2418 3582 2486 effectus;
3635 2417 3730 2474 hic
3778 2416 3919 2472 etiam

2250 2505 2467 2563 violare
2497 2503 2741 2564 volentis
2768 2504 3107 2578 prohibetur
3125 2504 3384 2563 affectus.
3454 2504 3580 2562 Illic
3626 2519 3856 2578 spumas
3877 2508 3921 2559 et

2251 2595 2488 2654 illicitus
2541 2596 2954 2656 condemnatur
3020 2595 3290 2655 adulterii
3337 2596 3559 2667 coitus;
3625 2596 3722 2655 hic
3774 2596 3919 2653 etiam

2249 2683 2591 2743 adulterina
2654 2684 3135 2756 concupiscentia
3202 2685 3583 2758 compescitur
3644 2685 3920 2758 appetitus.

2251 2772 2320 2831 Et
2350 2788 2548 2831 revera
2584 2773 2707 2847 ipsa
2733 2773 3195 2847 concupiscentia
3230 2774 3487 2831 violandi
3534 2770 3925 2893 alieninmatri-
3991 2802 3993 2893 1

2252 2859 2430 2893 ωηηίἰ
2466 2859 2813 2893 «Andronium
2846 2869 2927 2893 na}
2982 2860 3127 2893 αἶα-ιι
3161 2860 3439 2893 Πηνηςηιια
3468 2860 3545 2893 nil
3583 2882 3595 2893 .
3647 2880 3674 2893 -
3756 2859 3812 2893 ni
3854 2858 3926 2893 οἱ-

2252 2859 2433 2918 monii
2465 2859 2817 2918 adulterium
2846 2869 2950 2932 est,
2982 2860 3129 2919 sicut
3156 2860 3441 2919 Dominus
3467 2860 3548 2917 ait
3583 2882 3595 2915 :
3647 2880 3676 2912 ι
3705 2858 3813 2928 Qui
3854 2858 3926 2914 vi-

2250 2949 2399 3008 derit
2433 2965 2677 3008 uxorem
2726 2948 2967 3009 alterius
2993 2950 3064 3008 ad
3094 2950 3618 3023 concupiscendum
3658 2964 3806 3016 eam,
3827 2949 3925 3021 jam

2252 3038 2570 3097 machatus
2596 3042 2682 3095 est
2711 3038 2775 3095 in
2802 3038 2974 3097 corde
3010 3052 3116 3096 suo
3147 3041 3371 3106 (Matth.
3414 3047 3515 3103 VI).
3562 3062 3582 3087 ι
3643 3037 3769 3096 Non
3816 3051 3927 3107 ergo

2250 3128 2539 3201 quispiam
2576 3127 2827 3185 alienam
2870 3127 3233 3200 concupiscat
3270 3142 3532 3198 uxorem,
3572 3142 3648 3185 ne
3696 3127 3921 3201 palpabi-

2250 3211 2399 3272 lium
2430 3214 2796 3272 tenebrarum
2826 3214 3075 3288 patiatur
3098 3213 3158 3272 in
3199 3214 3369 3272 corde
3397 3213 3726 3287 caliginem,
3775 3228 3919 3288 quam

2253 3305 2359 3363 etsi
2400 3304 2542 3362 forte
2575 3305 2698 3377 jam
2737 3308 2970 3379 patitur,
3009 3312 3403 3364 coruscantem
3439 3304 3669 3363 radium
3698 3301 3928 3363 mandati

2252 3392 2454 3466 legalis
2508 3392 2771 3451 admittat
2818 3400 2873 3451 et
2929 3393 3014 3452 sic
3049 3392 3316 3451 tenebras
3355 3393 3722 3452 conscientia
3777 3406 3927 3451 (mcu-

2254 3483 2368 3542 tien
2379 3483 2450 3542 tis
2475 3481 2732 3555 abjiciat.

2325 3576 2618 3635 Postremo
2669 3576 2893 3636 decima
2956 3577 3117 3649 tlaga
3186 3585 3273 3636 est
3337 3592 3492 3636 mors
3541 3574 3929 3650 primogenita

2254 3682 2384 3726 rum
2415 3669 2611 3738 (Emod.
2643 3670 2815 3740 XXII).
2867 3668 3018 3727 Duos
3046 3667 3195 3727 filios
3233 3669 3401 3727 habet
3430 3669 3622 3736 homo,
3666 3666 3933 3724 nimirum

2252 3772 2384 3816 cum
2422 3756 2552 3815 facit
2586 3773 2730 3831 opus
2754 3758 2907 3832 quod
2936 3758 3008 3816 ad
3036 3759 3187 3817 hanc
3233 3758 3477 3831 pertinet
3502 3758 3707 3827 vitam,
3736 3762 3933 3813 etcum

2253 3846 2550 3918 spirituale
2578 3847 2717 3921 quid
2746 3854 3014 3921 operatur
3042 3849 3196 3923 quod
3222 3848 3294 3905 ad
3334 3848 3510 3905 vitam
3568 3846 3753 3904 tendit
3791 3849 3937 3900 ater

2253 3947 2411 3991 nam.
2450 3932 2561 3992 Sed
2591 3935 2908 4008 spiritualis
2938 3939 3177 4007 fructus,
3212 3938 3376 4012 quasi
3409 3936 3827 4011 primogenitus
3854 3948 3939 3991 no-

2254 4026 2391 4091 ster,
2435 4023 2497 4080 in
2537 4023 2748 4082 nostris
2779 4025 3050 4097 operibus
3090 4025 3258 4084 debet
3306 4024 3566 4083 obtinere
3613 4024 3934 4096 primatum.

2258 4111 2420 4169 Unde
2432 4120 2486 4169 et
2508 4112 2819 4171 Dominus:
2847 4137 2873 4165 οι
2899 4115 3180 4185 Primum,
3202 4114 3413 4188 inquit,
3443 4112 3691 4187 quarite
3714 4126 3934 4185 regnum

2255 4200 2379 4270 Dei,
2433 4206 2488 4257 et
2539 4202 2664 4259 hac
2713 4203 2911 4261 omnia
2947 4203 3293 4279 adjicientur
3330 4204 3497 4262 vobis
3534 4206 3759 4275 (Matth.
3790 4206 3882 4265 τι).
3914 4224 3934 4249 ο

2256 4292 2340 4349 Ac
2367 4291 2414 4350 si
2439 4293 2589 4351 dicat
2618 4317 2632 4351 :
2675 4293 2906 4365 Gignite
2934 4296 3293 4369 spiritualem
3329 4296 3597 4363 fructum,
3626 4296 3735 4368 qui
3775 4302 3940 4353 vester

2255 4379 2329 4436 sit
2387 4380 2587 4454 utique
2640 4383 3084 4456 primogenitus;
3130 4385 3233 4457 qui
3288 4400 3422 4442 vero
3472 4383 3544 4441 ad
3601 4384 3784 4457 hujus
3823 4382 3935 4439 vitae

2254 4468 2500 4540 pertinet
2529 4473 2868 4542 necessaria,
2901 4472 2975 4530 sit
2997 4472 3057 4529 in
3101 4470 3436 4531 hareditate
3467 4471 3785 4533 secundus.
3823 4468 3937 4528 huic

2252 4559 2409 4616 enim
2466 4560 2847 4636 primogenito
2900 4578 3035 4621 cum
3094 4561 3268 4621 Jacob
3322 4561 3563 4620 debetur
3633 4559 3935 4618 benedictio

2253 4650 2400 4723 (Gen.
2435 4654 2628 4724 XXVII)
2662 4673 2675 4723 ;
2709 4654 2781 4711 de
2808 4653 2959 4713 Esau
2991 4669 3127 4713 vero
3169 4655 3413 4727 ejusque
3443 4651 3750 4711 similibus
3809 4648 3935 4709 Seri-

2250 4746 2423 4811 Plura
2452 4739 2619 4797 dicit:
2651 4761 2678 4793 α
2713 4742 3052 4813 Hareditas,
3086 4742 3160 4801 ad
3190 4756 3363 4816 quam
3394 4742 3452 4800 in
3488 4740 3787 4814 principio
3810 4736 3941 4796 festi-

2252 4834 2443 4896 natur,
2478 4828 2539 4886 in
2566 4830 2885 4890 novissimo
2910 4831 3305 4891 benedictione
3332 4831 3550 4889 carebit
3579 4831 3770 4902 (Prov.
3800 4831 3937 4889 xxi!

2252 4917 2333 4975 De
2362 4915 2455 4973 his
2487 4918 2716 4978 duobus
2750 4920 2950 4979 liberis
2976 4922 3039 4978 in
3072 4920 3517 4980 Deuteronomio
3567 4933 3671 4991 per
3716 4918 3938 4992 ﬁguram

2255 5006 2469 5065 dicitur
2498 5027 2511 5065 :
2549 5032 2573 5059 α
2606 5010 2666 5068 Si
2689 5012 2957 5073 habuerit
2983 5012 3157 5071 homo
3185 5024 3399 5069 uxores
3425 5008 3590 5072 duas,
3622 5022 3819 5065 unam
3837 5006 3935 5065 diie

2255 5108 2404 5161 ctam
2448 5096 2589 5154 108
2634 5107 2691 5159 et
2727 5102 2967 5161 alteram
3011 5102 3290 5168 odiosam,
3332 5097 3728 5171 genueritque
3764 5091 3938 5181 ex_eis

2263 5191 2491 5259 liberos,
2522 5195 2577 5247 et
2601 5189 2775 5248 fuerit
2799 5189 2958 5248 [ilius
2980 5188 3196 5247 odiosa
3218 5183 3662 5262 primogenitus.
3696 5178 3945 5241 voluerit-

2255 5293 2368 5351 que
2396 5276 2776 5336 substantiam
2812 5278 2962 5334 inter
2987 5278 3141 5335 ﬁlios
3178 5290 3313 5334 suos
3364 5272 3645 5340 dividere,
3713 5286 3837 5329 non
3866 5283 3941 5340 po-

2255 5363 2385 5421 terit
2421 5364 2609 5422 tilium
2639 5363 2863 5421 dilecta
2884 5365 3070 5422 facere
3096 5361 3570 5436 primogenitum,
3600 5365 3655 5414 et
3696 5357 3943 5428 praefert?

2255 5452 2377 5510 lilio
2412 5452 2650 5522 odiosa,
2685 5452 2782 5509 sed
2812 5451 3002 5510 ﬁlium
3033 5452 3251 5510 odiosa
3292 5456 3558 5523 agnoscet
3602 5443 3943 5520 primogeni~

2257 5549 2379 5600 tum
2406 5540 2678 5616 dabitque
2698 5541 2749 5598 ei
2775 5540 2846 5597 de
2869 5539 2961 5598 his
2983 5556 3115 5614 qua
3144 5536 3411 5597 habuerit
3435 5540 3642 5593 cuncta
3666 5533 3945 5606 duplicia;

2254 5631 2363 5688 iste
2401 5634 2485 5687 est
2512 5630 2671 5686 enim
2702 5627 3051 5703 principium
3082 5627 3398 5685 liberorum
3431 5623 3577 5696 ejus,
3608 5630 3661 5677 ct
3700 5623 3846 5678 huic
3873 5618 3945 5675 de

2254 5722 2463 5780 bentur
2493 5719 2877 5794 primogenita
2908 5723 3088 5789 (Deut.
3123 5723 3277 5787 XXI).
3317 5737 3338 5767 ι
3373 5715 3455 5773 De
3505 5711 3735 5785 quibus
3785 5707 3945 5771 omni-
3988 5736 3989 5801 ξ

2252 5815 2366 5875 bus
2380 5813 2624 5875 verbum
2646 5812 2796 5873 illud
2816 5811 2912 5873 hic
2930 5811 3214 5872 duntaxat
3234 5809 3505 5870 ducimus
3525 5805 3937 5881 exponendum.
