4028 6168
207 390 330 449 1021
1602 398 1682 458 ΙΝ
1720 398 1896 459 LIBR

2053 400 2295 462 EXODI.
3562 417 3699 480 1022

195 514 350 587 quod
378 528 530 573 uxor
556 514 763 573 dilecta
797 516 874 574 sit
905 518 1023 577 vita
1049 519 1261 591 mollis,
1293 521 1584 595 deliciosa,
1609 524 1858 583 carnalis
1888 526 2350 587 :Anutriuntur.
2411 528 2542 587 Post
2591 533 2881 604 cognitam
2933 549 3071 593 vero
3122 537 3488 601 dulcedinem
3535 550 3692 604 tanto

196 609 391 667 odiosa
418 615 610 668 autem
637 626 788 670 uxor
815 618 906 671 est
933 614 1050 672 vita
1079 615 1417 688 spiritualis,
1447 622 1512 678 ut
1536 624 1667 693 pote
1695 619 1900 691 rigida,
1978 617 2099 690 jam
2160 617 2513 676 tolerabilius
2572 622 2955 680 tentationum
3032 627 3345 686 certamina
3410 632 3700 692 sustinent

195 697 453 756 districta
482 707 536 757 et
568 702 837 761 omnium
872 705 1196 765 carnalium
1225 707 1672 768 delectationum
1706 708 1902 769 illece-
1987 713 2203 782 quanto
2228 707 2289 765 in
2319 707 2435 767 Deo
2461 707 2638 787 altius
2667 726 2953 784 agnovere
2991 714 3148 788 quod
3181 726 3398 776 ament.

194 785 318 885 bris
345 786 827 895 iniin‘ica.vfiujus
855 807 990 865 ergo
1024 793 1143 852 tilio
1171 797 1551 871 primogenita
1595 799 1899 871 debentur,
2538 785 2543 787 η
2648 831 2892 893 CAPUT
2940 785 3041 895 xi,

193 874 332 972 quia
363 875 680 948 spiritualis
714 880 858 977 tritae
908 882 1127 942 fructus
1171 885 1344 947 illum
1395 887 1609 945 habere
1650 894 1905 948 meretur
2234 922 2298 976 ιη
2326 936 2566 979 sermone
2593 874 3222 987 ἀθυξλξθξλῖίολξξαηειω
3249 936 3446 992 ms.

192 962 256 1020 in
294 966 597 1036 praemium
627 967 729 1039 qui
757 974 862 1040 est,
886 970 1057 1044 juxta
1083 972 1389 1046 Joannem,
1426 998 1446 1027 ι
1482 975 1907 1049 primogenitus
2071 1047 2089 1049 η
2584 962 2656 1049 ,W
2684 962 2823 1049 ξ’ίπί

191 1026 579 1123 mortuorum,
625 1026 681 1111 έι
730 1026 1908 1139 partem"regis"£glrsf'§ii'°dﬁgﬁi
1988 1026 2624 1139 ,-_:_Sg{'}§si}_agtee
2668 1033 2863 1139 ﬁeri?
2894 1039 3241 1139 remees»
3282 1056 3442 1100 εοτοι·
3479 1044 3692 1139 Aerem

193 1154 299 1199 nos
336 1146 392 1198 et
422 1140 563 1199 lavit
605 1158 710 1201 nos
730 1122 789 1202 va
830 1122 1076 1219 peccatis
1115 1122 1333 1209 nostris
1368 1152 1430 1209 in
1468 1122 1752 1225 sanguine
1800 1170 1907 1213 suo
2365 1134 2427 1175 ¹⁰
2458 1135 2635 1220 m‘ﬁmu
2665 1126 2859 1225 (Ψοάῖ
2894 1128 3020 1225 X‘Vi-
3055 1146 3083 1180 ”
3116 1127 3230 1186 N05
3261 1146 3491 1206 quoque
3521 1135 3697 1193 1‘lleO

194 1229 382 1300 (Apoc.
417 1234 472 1301 ι).
514 1254 533 1279 ι
584 1230 695 1290 Sed
737 1214 849 1291 hic-
874 1235 1313 1309 primogenitus,
1352 1238 1410 1297 id
1448 1246 1552 1310 est,
1575 1214 1910 1315 ‘spiritualis
1966 1214 2276 1315 lim???”
2300 1214 2639 1315 "ap‘f’misso
2661 1215 2898 1315 θξῂῗκῗίθ
2919 1215 3178 1315 demerso
3200 1225 3539 1294 tympanum
3560 1239 3697 1282 cum

194 1296 416 1374 fructus
438 1296 531 1375 illi
570 1320 769 1389 procul
810 1296 989 1380 dubio
1034 1296 1430 1401 m’oritur,'qui
1458 1296 1581 1386 suis
1616 1296 1737 1385 non
1767 1344 1907 1387 con-
1990 1296 2169 1411 {IT}:
2689 1304 2839 1411 9.1m!
2862 1313 2952 1411 δίει
2981 1315 3544 1411 δωῖω.ίΥΠῖΡθῨ⁰“Πῖ
3572 1329 3701 1387 Ρομ

193 1408 406 1475 tentus,
437 1386 645 1465 alienis
674 1409 846 1468 rebus
873 1411 1120 1494 intepdit
1145 1435 1158 1481 ;
1192 1386 1360 1488 quod.
1382 1415 1621 1474 fraterni
1643 1415 1794 1489 juris
1812 1386 1910 1474 est
1990 1392 2111 1494 (ἦ
2128 1386 2329 1494 Ῠ-ᾼυλάί
2352 1388 2665 1494 Dominum
2687 1395 2968 1494 (licente?)
2992 1416 3004 1454 τ
3032 1422 3054 1442 “
3082 1396 3193 1466 Ουί
3212 1399 3587 1494 νωιλίηίιυίῑ,
3607 1419 3703 1460 Ve'

192 1495 426 1568 appetit,
457 1502 512 1555 et
544 1497 692 1555 bona
736 1478 1346 1570 proximi‘succensus
1388 1478 1661 1565 avaritia.
1685 1507 1909 1567 facibus
1991 1478 2119 1533 “ire
2158 1484 2284 1549 post
2323 1494 2432 1543 me'
2470 1479 2714 1553 abneget
2752 1484 3144 1557 semetipsum
3176 1493 3231 1544 et
3270 1487 3429 1545 tonat
3467 1505 3701 1548 crucem

190 1583 564 1656 concupiscit.
614 1580 734 1643 'Sed
785 1588 1078 1648 decimum
1136 1592 1305 1665 Legis
1363 1603 1713 1666 praeceptum
1769 1601 1901 1653 est:

193 1690 223 1724 α
255 1671 381 1728 Non
432 1675 799 1747 concupisces
842 1692 964 1734 rem
1009 1682 1260 1751 proximi
1312 1683 1397 1739 tui
1443 1684 1642 1750 (Exod.
1692 1688 1827 1750 xx).
1873 1706 1902 1735 ι

188 1761 312 1820 Hoc
341 1762 519 1835 igitur
555 1764 656 1823 ille
695 1767 1037 1826 mandatum
1086 1769 1394 1843 diligenter
1427 1774 1642 1842 audiat,
1678 1788 1752 1831 ne
1782 1773 1903 1847 pri-

1988 1580 2151 1622 suam
2185 1572 2241 1624 et
2265 1576 2543 1640 sequatur
2568 1585 2662 1627 me
2694 1574 2845 1628 (Luc.
2887 1579 3031 1641 VIII).
3066 1598 3090 1622 »ι
3124 1574 3237 1643 Qui
3268 1576 3427 1635 enim
3465 1593 3697 1639 carnem

1988 1672 2153 1715 suam
2176 1675 2311 1717 cum
2334 1660 2492 1718 vitiis
2509 1668 2564 1718 et
2581 1663 3067 1736 concupiscentiis
3082 1658 3386 1739 cruciﬁgit,
3402 1668 3503 1740 qui
3523 1684 3701 1727 mem-

1985 1745 2089 1804 bra
2108 1763 2233 1818 sua,
2258 1764 2387 1822 quas
2408 1757 2542 1807 sunt
2566 1767 2740 1824 super
2760 1759 2991 1823 terram,
3021 1755 3364 1815 abstinendo
3391 1760 3697 1818 mortificat

186 1852 546 1923 mogenitum
578 1854 798 1927 perdat,
828 1862 892 1914 ut
936 1857 1007 1915 de
1050 1838 1429 1933 primogenito
1479 1877 1584 1920 suo
1629 1838 2187 1936 gaudeat,B(Ga,lat'
2223 1838 2450 1936 “inme
2502 1855 2637 1897 Vere
2688 1856 2824 1936 (³³91
2870 1842 3050 1900 Maria
3094 1850 3439 1936 tYmPanum
3486 1854 3695 1936 portat,

187 1955 560 2016 nequaquam
585 1942 740 2017 quod
767 1944 1028 2004 alienum
1061 1952 1145 2005 est
1172 1950 1558 2025 concupiscat.

827 2072 1070 2132 CAPUT
1110 2075 1265 2137 VIII.

648 2166 715 2220 In
738 2180 978 2223 sermone
1000 2170 1061 2226 S.
1087 2172 1433 2230 Eleuchadz'z‘.

266 2288 288 2318 α
324 2266 583 2327 Postulet
623 2270 716 2329 vir
751 2272 824 2330 ab
867 2276 1054 2333 amico
1089 2291 1215 2346 suo,
1246 2277 1325 2336 ait
1354 2277 1654 2350 Dominus,
1685 2285 1741 2339 et
1768 2295 1901 2339 mu-

188 2351 301 2410 lier
326 2370 360 2411 a
391 2355 585 2414 vicina
616 2373 741 2423 sua,
774 2376 913 2417 vasa
940 2368 1229 2434 argentea,
1262 2369 1317 2420 et
1356 2381 1552 2437 aurea,
1585 2374 1639 2425 et
1668 2375 1856 2427 vestes
1883 2387 1898 2441 ;

189 2440 350 2517 dabit
404 2449 602 2500 autem
653 2443 938 2505 Dominus
986 2448 1230 2519 gratiam
1286 2451 1496 2522 populo
1550 2468 1656 2512 suo
1710 2470 1902 2514 coram

189 2529 478 2606 {Egyptiis
509 2535 707 2605 (Exod.
734 2539 862 2600 xu).
894 2557 921 2590 »
957 2535 1023 2594 In
1063 2553 1180 2611 quo
1225 2538 1508 2611 videlicet,
1556 2557 1629 2599 ne
1678 2542 1903 2602 diutius

189 2620 488 2690 immorer,
521 2622 760 2695 mystice
788 2638 1003 2683 aurum
1050 2634 1105 2683 et
1149 2634 1454 2700 argentum
1485 2644 1618 2687 cum
1651 2632 1904 2691 vestibus

189 2710 466 2782 petimus,
520 2710 675 2768 unde
726 2710 975 2771 Domino
1033 2715 1470 2774 tabernaculum
1524 2717 1900 2791 fabricemus,

189 2813 331 2855 cum
363 2798 690 2857 mundanas
720 2807 915 2872 poetas
939 2817 1006 2860 ac
1033 2802 1405 2876 philosophos
1434 2804 1702 2877 legimus,
1741 2813 1807 2865 ut
1833 2809 1897 2867 in

185 2884 409 2944 divinis
438 2887 685 2960 eloquiis
716 2889 1075 2948 luculentius
1100 2892 1376 2965 proﬁcere
1398 2894 1700 2953 valeamus
1729 2913 1744 2967 ;
1778 2897 1901 2955 sive

180 2973 382 3043 etiam,
422 2976 578 3049 quod
622 2979 1008 3051 perspicacius
1060 2987 1162 3049 est,
1206 2998 1418 3041 aurum
1474 2993 1527 3042 et
1574 2993 1898 3058 argentum,

181 3061 403 3120 animae
428 3071 567 3121 sunt
590 3065 875 3137 pretiosae,
900 3083 1033 3140 quae
1058 3084 1191 3127 cum
1211 3071 1466 3130 vestibus
1489 3073 1689 3143 simul,
1714 3073 1774 3131 id
1795 3080 1898 3145 est,

183 3148 314 3206 suis
338 3152 671 3222 corporibus
700 3154 914 3227 populo
947 3156 1048 3215 Dei
1089 3172 1149 3215 se
1189 3159 1479 3232 copulant,
1524 3167 1587 3218 ut
1636 3162 1900 3221 tenebro-

1983 1922 2124 1996 quia
2162 1925 2536 1999 semetipsum
2570 1942 2603 1984 a
2633 1927 2831 1987 noxiis
2863 1935 3105 1990 terrenae
3141 1932 3452 2008 voluptatis
3492 1935 3699 1995 humo-

1984 2010 2148 2071 ribus
2178 2014 2410 2073 aridum
2438 2022 2648 2074 servat.

2631 2138 2876 2200 CAPUT
2908 2142 3037 2202 XII.

2555 2240 2619 2294 In
2647 2240 2828 2295 eodem
2850 2257 3107 2299 sermone.

2055 2339 2338 2398 Przeterea
2360 2341 2573 2401 etillud
2598 2360 2713 2403 non
2737 2346 3215 2409 inconvenienter
3234 2354 3502 2413 occurrit.
3529 2356 3692 2427 Quod

1983 2428 2250 2487 videlicet
2279 2429 2634 2492 Israeliticus
2665 2437 2915 2510 populus
2942 2438 3004 2496 in
3036 2439 3195 2498 Mara
3223 2442 3501 2503 adversus
3529 2445 3694 2520 Moy-

1984 2531 2085 2573 sen
2126 2525 2471 2587 murmurat,
2514 2522 2835 2582 vociferans
2872 2525 3088 2584 scilicet
3127 2544 3243 2587 non
3296 2547 3357 2589 se
3396 2549 3561 2606 posse
3602 2552 3694 2594 re-

1983 2605 2171 2698 perire
2221 2608 2375 2698 quod
2415 2609 2578 2668 bibat
2621 2613 2822 2679 (Exod.
2860 2620 2989 2684 XV).
3027 2616 3193 2675 Tunc
3227 2605 3476 2679 ostendit
3512 2624 3695 2698 Moysi

1984 2694 2270 2754 Dominus
2308 2696 2552 2770 lignum,
2593 2702 2748 2773 quod
2780 2717 2915 2762 cum
2947 2704 3045 2762 ille
3081 2706 3334 2766 misisset
3358 2709 3419 2767 in
3449 2694 3694 2770 amaris-

1985 2784 2161 2843 simas
2189 2802 2390 2861 aquas,
2425 2789 2485 2846 in
2512 2789 2882 2852 dulcedinem
2912 2797 3174 2868 protinus
3204 2806 3342 2856 sunt
3372 2815 3687 2864 conversae.

1983 2870 2131 2941 Quid
2159 2874 2317 2931 enim
2352 2891 2566 2936 amarae
2604 2879 2724 2939 illae
2750 2898 2939 2957 aqua).
2970 2884 3083 2942 nisi
3112 2887 3427 2946 occidentis
3461 2889 3689 2962 litterae,

1982 2968 2039 3018 et
2077 2962 2243 3020 duras
2281 2968 2452 3038 atque
2484 2966 2752 3041 insipidaa
2796 2971 2939 3045 legis
2968 2975 3219 3046 speciem
3252 2977 3501 3037 tenent?
3536 2979 3691 3039 Scri-

1982 3059 2146 3125 ptum
2194 3059 2279 3111 est
2332 3056 2530 3116 enim:
2569 3084 2596 3108 α
2634 3060 2947 3121 Constituit
2990 3066 3202 3138 populo
3257 3083 3366 3126 suo
3410 3069 3694 3129 Dominus

1982 3138 2166 3211 legem
2206 3149 2263 3200 et
2293 3144 2534 3216 judicia,
2576 3155 2630 3205 et
2665 3150 2907 3207 tentavit
2937 3166 3072 3209 eum
3108 3155 3311 3223 (Ibid).
3342 3174 3372 3207 »
3405 3156 3476 3213 Et
3504 3156 3644 3213 alibi
3675 3175 3687 3214 :

183 3253 322 3296 sum
354 3240 459 3299 hoc
493 3226 798 3314 saeculum,
831 3246 990 3306 velut
1026 3226 1365 3324 Egyptum,
1398 3226 1663 3311 deserant
1699 3260 1754 3312 et
1785 3226 2010 3312 ter-0“
2054 3230 2174 3324 1.330
2213 3231 2347 3289 dedi
2399 3233 2484 3324 δίε
2540 3243 2818 3309 Ρνιεοθβίδ
2868 3253 2985 3295 Πθη
3032 3239 3185 3297 bona
3241 3246 3298 3298 9t
3342 3242 3583 3313 “diem:
3633 3245 3695 3302 in

183 3342 314 3385 ram
340 3331 685 3403 promissam
723 3342 1014 3409 perpetua:
1046 3339 1334 3399 felicitatis
1359 3343 1679 3416 acquirant.

851 3458 1095 3521 CAPUT
1130 3461 1228 3521 IX.

432 3557 495 3610 In
521 3571 763 3611 sermone
794 3558 861 3612 de
886 3560 1194 3614 inventione
1222 3565 1425 3616 sancte
1452 3563 1647 3617 crucis.

260 3679 287 3713 α
321 3657 569 3718 Sument
592 3661 664 3719 de
689 3663 972 3735 sanguine
997 3663 1131 3737 agni
1161 3671 1216 3723 et
1239 3674 1454 3740 ponent
1482 3682 1655 3740 super
1678 3674 1899 3728 utrum-

177 3763 299 3823 que
328 3757 545 3822 postem
593 3753 790 3823 (Emod.
834 3754 961 3826 XII.)
999 3777 1020 3804 ο
1055 3752 1199 3823 Quid
1246 3762 1349 3825 est,
1395 3756 1547 3830 quod
1590 3756 1901 3818 Israelitica

178 3835 348 3909 plebs
398 3839 656 3910 postibus
705 3836 1008 3900 domorum
1047 3843 1117 3901 de
1163 3845 1446 3919 sanguine
1487 3847 1624 3919 agni
1666 3847 1901 3920 iubetur

178 3924 505 3998 imponere,
555 3927 666 3985 nisi
722 3934 788 3987 ut
841 3946 947 3989 nos
997 3934 1332 4007 przeiiguret
1382 3951 1611 3994 crucem
1660 3937 1894 4010 Christi,

177 4014 289 4089 qui
318 4031 488 4074 verus
513 4024 596 4074 est
625 4034 826 4091 agnus,
864 4021 926 4079 in
962 4025 1149 4082 fronte
1180 4027 1452 4098 portare?
1478 4027 1566 4085 Ad
1597 4044 1892 4103 vesperam

177 4104 475 4176 siquidem
524 4106 934 4167 immolabatur
973 4127 1176 4184 agnus,
1212 4119 1268 4170 et
1312 4112 1373 4170 in
1412 4128 1650 4187 vespera
1686 4116 1894 4174 mundi

176 4204 389 4263 passus
419 4200 503 4249 est
533 4192 812 4253 Christus.
858 4195 1180 4256 Liniuntur
1218 4200 1419 4275 utique
1446 4206 1654 4274 postes,
1687 4217 1762 4259 ne
1790 4218 1893 4260 va-

175 4286 363 4339 stator
390 4283 631 4355 angelus
655 4284 865 4342 audeat
893 4286 1107 4344 inferre
1146 4288 1480 4360 perniciem,
1515 4295 1569 4347 et
1612 4306 1715 4347 nos
1759 4305 1893 4348 cru-

172 4368 269 4427 cis
297 4370 580 4430 vexillum
612 4373 671 4430 in
705 4374 874 4432 corde
902 4381 1195 4449 gestamus
1239 4386 1294 4436 et
1341 4381 1543 4450 l'ronte,
1576 4395 1647 4438 ne
1689 4396 1891 4455 repen-

173 4460 347 4516 tinus
376 4460 557 4519 hostis
589 4464 828 4523 veniens
856 4466 1040 4524 valeat
1078 4469 1307 4527 auferre
1354 4470 1619 4539 salutem,
1650 4471 1806 4528 unde
1834 4475 1893 4529 et

173 4549 375 4607 securi
422 4551 728 4611 canimus:
777 4578 798 4602 -
838 4554 1140 4628 Signatum
1189 4562 1273 4617 est
1318 4574 1491 4631 super
1537 4575 1645 4617 nos
1692 4559 1951 4637 lumenD

174 4636 386 4697 vultus
412 4642 517 4712 tui,
545 4639 790 4700 Domine
821 4648 969 4715 (Psal
1018 4648 1114 4715 IV).
1150 4670 1177 4697 η

785 4765 926 4823 109
952 4770 1194 4829 CAPUT
1223 4770 1295 4828 Χ.

468 4866 533 4919 In
559 4866 812 4936 Epistola
841 4866 916 4921 ad
947 4868 1208 4922 Blancam
1237 4869 1588 4923 comitissam.

261 4992 288 5014 ‹‹
319 4966 460 5026 Cum
491 4971 775 5030 emisisset
806 4972 1025 5030 Pharao
1050 4974 1350 5046 populum,
1380 4989 1495 5033 non
1527 4989 1623 5032 eos
1648 4974 1890 5032 deduxit

170 5055 468 5114 Dominus
496 5074 599 5131 per
636 5060 787 5117 viam
832 5067 994 5119 terrae
1026 5061 1356 5133 Philistiim,
1392 5077 1528 5135 quae
1560 5061 1749 5120 vicina
1780 5067 1883 5131 est,

170 5152 456 5219 reputans
477 5164 550 5206 ne
572 5149 714 5208 forte
737 5149 1037 5224 pceniteret
1060 5166 1216 5222 eum,
1244 5152 1293 5209 si
1318 5150 1553 5208 vidisset
1577 5150 1885 5209 adversum

167 5248 240 5291 se
290 5231 437 5290 bella
495 5251 860 5309 consurgere,
914 5245 971 5296 et
1026 5244 1407 5297 reverteretur
1462 5238 1521 5296 in
1570 5238 1885 5314 ZEgyptum

164 5323 381 5392 (Emod.
412 5329 560 5394 XIII).
596 5348 622 5375 ιι
658 5326 747 5383 Ex
769 5327 1017 5401 Egypto
1064 5328 1257 5401 itaque
1300 5327 1716 5398 recedentibus,
1743 5344 1775 5386 e
1804 5329 1889 5387 vi-

161 5413 311 5471 cino
357 5428 549 5487 pugna
598 5416 974 5486 subtrahitur,
1016 5412 1156 5492 quia
1203 5418 1744 5492 derelinquentibus
1783 5434 1885 5477 see-

161 5500 375 5560 culum
406 5502 672 5574 quwdam
702 5505 858 5577 pacis
888 5506 1275 5580 tranquillitas
1302 5506 1510 5578 datur;
1550 5522 1621 5565 ne
1659 5507 1716 5563 in
1760 5506 1882 5580 ipsa

160 5605 300 5649 suae
348 5590 750 5649 teneritudinis
796 5595 1049 5652 novitate
1100 5596 1310 5654 turbati
1366 5604 1540 5669 atque
1588 5595 1882 5654 conterriti

161 5678 245 5737 ad
302 5693 368 5735 ea
420 5694 554 5754 quas
601 5687 1059 5755 contempserant
1103 5688 1485 5743 revertantur.
1539 5684 1708 5744 Prius
1748 5700 1883 5759 ergo

164 5766 503 5828 securitatis
555 5768 836 5829 suavitate
884 5772 1237 5848 mulcentur,
1277 5773 1439 5848 prius
1484 5773 1641 5851 pacis
1689 5774 1881 5849 quiete

1980 3317 2194 3391 quibus
2248 3335 2363 3377 non
2415 3322 2612 3380 vivent
2665 3326 2874 3395 (Ezech.
2922 3328 3050 3399 xx).
3103 3352 3128 3376 ιι
3180 3328 3285 3386 Cui
3336 3336 3527 3388 tamen
3578 3332 3691 3405 legi

1979 3406 2031 3464 si
2056 3408 2341 3465 confessio
2367 3410 2556 3466 crucis
2584 3416 2639 3466 et
2673 3409 2990 3470 Dominicas
3026 3415 3308 3484 passionis
3346 3418 3688 3490 mysterium

1980 3495 2303 3566 copulatur,
2355 3497 2621 3569 protinus
2665 3498 2819 3572 quod
2863 3515 3128 3559 amarum
3174 3503 3361 3562 fuerat
3405 3504 3467 3562 in
3516 3507 3688 3579 spiri-

1982 3583 2112 3642 talis
2144 3585 2544 3661 intelligentiaa
2572 3587 2942 3648 dulcedinem
2979 3592 3243 3651 vertitur.

2618 3703 2863 3764 CAPUT
2887 3706 3046 3766 XIII.

2551 3800 2615 3852 In
2652 3800 2833 3855 eodem
2866 3816 3124 3857 sermone.

2052 3899 2383 3959 Notandum
2425 3906 2618 3959 autem
2662 3901 2834 3973 juxta
2875 3904 3173 3963 veritatem
3202 3906 3478 3978 historiae,
3510 3910 3687 3981 quod,

1978 4000 2129 4061 aqua
2158 3989 2220 4046 in
2258 3988 2625 4047 dulcedinem
2657 4006 2839 4055 versa.
2875 3993 3124 4051 subinde
3150 3995 3401 4068 p0pulus
3434 3997 3592 4054 venit
3622 3997 3683 4053 in

1978 4077 2193 4147 Helim,
2235 4078 2337 4136 ubi
2366 4084 2529 4135 erant
2563 4079 2867 4138 duodecim
2902 4082 3087 4139 fontes
3124 4098 3408 4156 aquarum
3454 4092 3511 4142 et
3555 4101 3685 4159 sep-

1977 4168 2236 4241 tuaginta
2278 4168 2503 4241 palmae.
2546 4167 2698 4237 Quid
2737 4167 2875 4224 110
2919 4169 3077 4227 enim
3118 4171 3422 4230 duodecim
3472 4173 3681 4234 fontes.

1976 4258 2091 4315 nisi
2115 4256 2418 4315 duodecim
2442 4262 2578 4314 sunt
2598 4258 2841 4331 apostoli
2867 4261 3092 4323 (Matth.
3120 4266 3203 4328 Χ),
3228 4274 3374 4333 quos
3397 4262 3681 4320 Dominus

1975 4346 2044 4403 ad
2093 4346 2200 4403 hoc
2249 4344 2548 4403 constituit
2577 4350 2643 4402 ut
2673 4345 2832 4403 arida
2862 4351 2918 4402 et
2953 4347 3279 4421 squalentia
3310 4349 3555 4407 humani
3586 4366 3683 4423 ge-

1976 4436 2132 4494 neris
2162 4440 2383 4509 pectora
2416 4450 2537 4493 suze
2576 4423 3003 4508 przedicationis
3038 4436 3518 4496 inundationibus
3548 4438 3685 4497 irri-

1974 4532 2174 4597 garent
2204 4526 2230 4581 ?
2263 4522 2415 4593 Quid
2468 4540 2604 4582 vero
2650 4524 3009 4597 septuaginta
3055 4526 3381 4598 palmarum
3428 4527 3682 4600 arbores,

1974 4615 2089 4672 nisi
2136 4613 2372 4671 totidem
2408 4619 2543 4670 sunt
2581 4611 2872 4685 discipuli,
2915 4628 3060 4686 quos
3095 4621 3229 4671 ante
3269 4614 3470 4672 faciem
3516 4632 3682 4675 suam

1971 4702 2185 4760 idcirco
2217 4702 2375 4759 misit
2406 4705 2555 4765 (Luc.
2589 4707 2675 4768 Χ),
2726 4706 2790 4759 ut
2830 4716 2932 4773 per
2972 4717 3068 4759 eos
3115 4703 3372 4761 victoriae
3403 4720 3526 4763 suze
3561 4706 3683 4779 pal-

1974 4803 2097 4846 mas
2148 4789 2406 4846 mundus
2459 4795 2794 4861 agnosceret
2839 4797 2862 4845 ?
2918 4788 2990 4846 Et
3037 4797 3188 4848 certe
3242 4791 3380 4849 satis
3430 4808 3681 4866 congrue

1974 4875 2206 4934 videtur
2259 4875 2739 4956 consequentium
2805 4891 2999 4943 rerum
3054 4878 3194 4937 ordo
3249 4879 3560 4953 dispositus
3618 4887 3683 4939 ut

1974 4966 2159 5041 primo
2208 4967 2460 5041 pepulus
2509 4967 2818 5025 duceretur
2862 4968 2933 5026 ad
2986 4968 3235 5030 litteram
3285 4973 3444 5047 legis,
3491 4990 3525 5031 a
3564 4991 3690 5048 qua

1970 5055 2273 5127 nimirum,
2320 5054 2463 5113 dum
2505 5070 2699 5113 amara
2750 5055 2876 5127 fuit,
2933 5058 3174 5118 transire
3212 5076 3328 5119 non
3370 5060 3571 5135 potuit.
3605 5064 3680 5121 At

1967 5156 2271 5221 postquam
2308 5154 2392 5204 est
2425 5162 2527 5221 per
2564 5146 2791 5221 lignum
2820 5148 2957 5206 vitae
2985 5148 3175 5207 dulcis
3203 5151 3399 5208 eli'ecta
3427 5156 3483 5207 et
3506 5150 3685 5209 intel-

1970 5239 2070 5313 ligi
2113 5237 2494 5313 spiritualiter
2539 5239 2729 5311 ccepit,
2764 5238 2922 5296 illico
2962 5239 3063 5297 Dei
3094 5241 3343 5315 populus
3374 5242 3446 5299 de
3484 5242 3677 5301 Veteri

1967 5327 2333 5386 Testamento
2369 5328 2441 5384 ad
2482 5327 2834 5400 Apostolicos
2871 5328 3059 5386 fontes
3106 5336 3161 5387 et
3213 5330 3537 5403 palmarum
3580 5348 3673 5391 ar-

1967 5416 2152 5487 bores,
2184 5415 2243 5472 id
2271 5424 2373 5478 est.
2405 5416 2478 5474 ad
2506 5416 2807 5488 Evangelii
2837 5417 3079 5488 gratiam
3114 5419 3361 5477 transiit.
3415 5421 3483 5478 Et
3527 5421 3675 5482 bene

1966 5512 2090 5578 post
2138 5513 2433 5577 acceptum
2480 5504 2827 5578 Decalogum
2879 5506 3180 5580 septuplus
3232 5509 3670 5581 pnndicatorum

1965 5609 2248 5652 numerus
2290 5593 2679 5664 constituitur,
2730 5593 2867 5667 quia
2915 5610 3018 5667 per
3054 5595 3445 5669 septiforinem
3489 5601 3669 5657 sancti

1968 5683 2217 5759 Spiritus
2261 5683 2505 5756 gratiam
2539 5698 2709 5742 omne
2747 5682 3085 5743 mandatum
3122 5685 3338 5745 divinae
3377 5687 3520 5760 legis
3558 5688 3670 5745 im-

1965 5772 2175 5848 pletur.
2207 5771 2322 5830 Nec
2352 5770 2641 5831 immerito
2684 5770 2855 5845 plane
2901 5772 3302 5847 praedicatores
3330 5773 3516 5836 crucis
3542 5772 3667 5846 pal-
