4028 6168
362 213 503 275 1027
780 266 815 329 ‘.

1323 221 1866 283 COLLECTANEA
1905 221 1987 281 IN
2021 208 2270 282 VETUS
2308 219 2892 285 TESTAMENTUM.

3720 226 3864 287 1028

363 344 519 412 runt,
559 339 693 414 igne
729 342 1065 415 combussit,
1102 343 1174 402 ad
1213 345 1519 418 pulverem
1548 362 1735 421 usque
1768 347 2209 443 contrivit,Ain
2255 365 2379 423 sua,
2414 350 2523 411 hoc
2554 358 2659 424 est,
2686 349 2969 443 diabolica
2994 353 3311 409 tentaverat
3349 350 3618 411 membra
3666 358 3863 412 trans-

362 427 751 502 ﬂuctibusque
772 445 1171 505 conspergens,
1201 432 1583 493 Israeliticum
1606 450 1680 505 ex
1708 451 1775 493 eo
1786 434 2067 509 populum

362 518 692 592 propinavit
736 521 939 587 (Exod.
971 527 1189 591 XXXII).
1228 541 1256 573 ι)
1314 520 1463 590 Quid
1489 529 1573 581 est
1602 523 1757 580 enim
1785 540 1886 597 per
1915 524 2068 595 ﬁgu-

362 620 484 662 ram
520 605 739 664 vitulus
754 606 854 664 ille
883 607 1210 677 conﬂatilis,
1237 609 1351 666 nisi
1382 624 1590 682 corpus
1615 609 1850 682 diaboli,
1886 612 2070 669 homi-

364 706 467 748 nes
495 689 712 748 scilicet
748 692 807 749 in
840 695 1116 753 omnibus
1140 696 1400 768 perﬁdiae
1433 699 1610 756 simul
1640 706 1693 757 et
1726 699 2068 757 idololatriae

364 792 555 835 errore
580 778 797 852 decepti
835 797 903 839 ac
932 782 1044 840 sub
1091 783 1217 856 ipso
1257 801 1362 842 suo
1396 787 1664 858 pestifero
1708 789 1910 860 capite,
1940 795 2068 845 tan-

363 883 534 941 quam
579 869 806 926 diversa
858 871 1118 929 membra
1161 873 1436 945 sacrilega
1483 875 1907 948 conspiratione
1939 892 2068 933 con-

358 956 581 1028 juncti;
618 972 789 1029 super
825 973 970 1031 quos
1022 960 1305 1019 nimirum
1356 962 1456 1021 ille
1509 965 1786 1037 nequitiae
1832 965 2069 1038 spiritus

369 1045 734 1106 velntauctor
752 1050 1068 1121 praesidens
1089 1051 1406 1111 insolenter
1424 1054 1690 1127 erigitur,
1708 1063 1763 1112 et
1787 1064 2063 1129 tanquam

364 1143 537 1206 caput
567 1151 666 1209 per
702 1138 1067 1208 tyrannidem
1118 1155 1223 1197 suo
1257 1141 1481 1214 corpori
1530 1143 1915 1201 dominatur?
1943 1147 2065 1202 Au-

367 1237 500 1279 reus
536 1229 734 1281 autem
772 1224 991 1283 vitulus
1042 1226 1220 1284 fuisse
1259 1228 1629 1298 describitur,
1665 1230 1802 1303 quia
1838 1231 2070 1289 videtur

366 1310 706 1371 idololatriae
735 1313 880 1371 ritus
907 1315 1069 1372 velut
1091 1331 1125 1373 a
1158 1317 1520 1389 sapientibus
1544 1319 1865 1378 institutus.
1908 1323 2071 1379 Auro

365 1401 580 1472 quippe
623 1402 904 1474 sapientia
944 1404 1299 1476 designatur,
1356 1406 1505 1465 sicut
1552 1424 1654 1479 per
1705 1408 2071 1468 Salomonem

368 1486 624 1544 dicitur:
666 1511 686 1537 κ
742 1488 1073 1549 Thesaurus
1102 1492 1504 1551 desiderabilis
1552 1495 1615 1551 in
1646 1511 1743 1553 ore
1797 1497 2076 1569 sapientis

372 1576 548 1646 (Prov.
582 1575 657 1647 II).
689 1596 716 1627 »
747 1578 979 1635 Aureus
1020 1578 1215 1653 itaque
1258 1581 1368 1639 fuit
1413 1582 1651 1653 vitulus,
1685 1584 1823 1658 quia
1870 1583 2076 1643 mundi

371 1663 657 1735 sapientes
683 1672 815 1734 ante
847 1682 1015 1725 nova:
1043 1670 1287 1740 gratiam
1314 1670 1448 1728 ﬁdei
1478 1672 1851 1730 daemoniacm
1883 1674 2077 1731 cultu-

383 1766 465 1809 rae
499 1751 680 1810 fuisse
722 1754 1037 1827 probantur
1080 1765 1361 1816 auctores.
1414 1759 1492 1817 De
1534 1761 1749 1833 quibus
1798 1763 2080 1820 nimirum

372 1840 734 1912 Apostolus:
774 1864 796 1895 ι
845 1842 1010 1917 Quia,
1072 1861 1206 1904 cum
1248 1849 1655 1920 cognovissent
1703 1850 1910 1920 Deum,
1961 1866 2081 1909 non

372 1927 524 1985 sicut
564 1927 750 1987 Deum
781 1931 1256 2003 gloriﬁcaverunt
1305 1941 1407 1992 aut
1446 1937 1658 2007 gratias
1682 1945 1943 2010 egerunt,
1984 1939 2081 1997 sed

377 2024 743 2075 evanuerunt
779 2019 838 2076 in
873 2020 1319 2093 cogitationibus
1346 2024 1471 2082 suis
1499 2032 1554 2083 et
1606 2026 1972 2085 obscuratum
1999 2034 2081 2085 est

378 2107 665 2180 insipiens
694 2122 792 2165 cor
817 2123 1040 2180 eorum,
1069 2109 1323 2169 dicentes
1347 2113 1505 2171 enim
1532 2130 1592 2171 se
1620 2131 1745 2174 esse
1773 2114 2080 2189 sapientes,

376 2194 536 2253 stulti
576 2194 707 2251 facti
746 2202 901 2267 sunt,
946 2202 1003 2254 et
1041 2205 1415 2259 mutaverunt
1460 2202 1705 2274 gloriam
1735 2205 2083 2279 incorrupti-

378 2282 514 2341 bilis
543 2282 645 2341 Dei
671 2283 732 2341 in
762 2285 1206 2346 similitudinem
1238 2289 1511 2363 imaginis
1555 2294 1952 2366 corruptibilis
1980 2296 2085 2353 ho-

380 2372 574 2441 minis,
611 2381 661 2429 et
691 2373 1016 2447 volucrum,
1055 2383 1110 2434 et
1151 2378 1596 2451 quadrupedum
1639 2387 1693 2438 et
1725 2384 2079 2456 serpentium

381 2466 550 2530 (Rom.
587 2473 646 2528 ι).
681 2487 707 2514 ν)
743 2464 850 2521 Per
889 2466 1037 2523 hanc
1079 2466 1276 2541 itaque
1304 2484 1536 2528 vesanze
1580 2471 1883 2545 sapientim
1913 2473 2079 2531 vani-

383 2556 551 2607 tatem
579 2594 592 2622 ,
625 2557 843 2624 poeta),
867 2553 1226 2627 philosophi,
1257 2555 1431 2629 magi,
1474 2557 1733 2616 siderum
1781 2559 2084 2619 rimatores

382 2640 765 2715 omniumque
794 2641 1230 2714 disciplinarum
1290 2644 1618 2704 liberalium
1648 2648 1912 2708 instructi
1938 2652 2085 2724 peri-

384 2730 480 2801 tia,
512 2731 834 2805 prodigiosa
858 2731 1283 2792 daamoniorum
1305 2735 1561 2794 solebant
1583 2739 1822 2797 adorare
1850 2740 2087 2812 ﬁgmen-

382 2826 456 2878 ta.
512 2820 577 2877 In
625 2820 803 2877 vitulo
844 2821 1023 2893 igitur
1059 2823 1447 2895 signiﬁcatum
1488 2833 1574 2884 est
1620 2834 1805 2886 totum
1853 2845 2080 2904 corpus,

384 2911 442 2968 id
491 2918 598 2983 est,
637 2913 828 2970 omnis
876 2914 1116 2972 societas
1149 2917 1457 2987 gentilium
1489 2919 1832 2980 idololatriae
1861 2923 2084 2982 dedito-

386 3016 536 3059 rum.
575 2999 715 3057 115
763 3003 986 3074 Moyses
1026 3004 1220 3077 itaque
1250 3005 1495 3064 vitulum
1556 3009 1694 3079 igne
1741 3012 2061 3070 combussit

383 3092 524 3166 quia
574 3092 923 3166 Redemptor
958 3100 1170 3164 noster,
1209 3110 1382 3167 quem
1412 3097 1513 3155 ille
1549 3098 1897 3173 signaverat,
1934 3102 2085 3162 male

382 3185 705 3261 conspirata
755 3185 921 3242 corda
974 3185 1280 3258 gentilium
1332 3189 1561 3246 ﬂamma
1619 3206 1741 3249 suae
1793 3194 2086 3255 charitatis

384 3275 658 3334 accendit.
695 3274 857 3332 Unde
901 3282 956 3331 et
1006 3277 1127 3347 ipse
1155 3275 1333 3335 dicit:
1374 3301 1393 3327 ι
1447 3278 1649 3352 Ignem
1686 3283 1827 3350 ,veni
1863 3284 2087 3344 mittere

384 3362 448 3421 in
487 3370 718 3427 terram,
750 3367 804 3419 et
833 3362 973 3434 quid
1023 3364 1155 3422 volo
1206 3364 1320 3422 nisi
1374 3371 1437 3424 ut
1484 3368 1884 3429 accendatur?
1939 3372 2083 3446 (Luc.

389 3455 521 3520 XII.)
554 3474 577 3503 ι›
608 3450 677 3507 Et
725 3448 1048 3524 PrOpheta:
1087 3475 1107 3501 ι
1142 3452 1269 3511 Non
1322 3459 1429 3521 est,
1460 3453 1675 3529 inquit.
1716 3459 1817 3531 qui
1874 3475 1935 3519 se
1985 3461 2088 3519 ab-

382 3539 672 3597 scondata
701 3538 886 3596 calore
917 3540 1042 3611 ejus
1085 3543 1256 3607 (Psal.
1307 3548 1503 3610 XVIII).
1548 3567 1568 3592 υ
1620 3544 1688 3603 In
1732 3555 1925 3606 mente
1953 3565 2088 3623 ergo

382 3628 687 3699 gentilium
717 3634 947 3701 repente
975 3628 1216 3687 divinus
1244 3630 1398 3703 ignis
1425 3633 1758 3693 ascenditur
1777 3682 1792 3705 ,
1822 3642 1886 3694 ut
1915 3638 1976 3696 in
2007 3640 2089 3697 eis

383 3716 795 3776 irrationabilis
863 3718 1205 3777 idololatriae
1273 3720 1458 3779 forma
1522 3723 1794 3784 solvatur.
1878 3728 2087 3787 Totum

381 3805 589 3864 deinde
618 3824 822 3879 corpus
845 3808 1012 3866 vituli
1039 3808 1218 3883 hujus
1240 3809 1302 3867 in
1323 3810 1626 3882 pulverem
1650 3814 2086 3887 comminuitur,

383 3893 522 3966 quia
550 3893 783 3964 gentilis
816 3893 912 3952 illa
940 3894 1180 3953 societas
1227 3895 1529 3955 diabolicae
1558 3901 1998 3974 conspirationis
2026 3904 2088 3962 in

384 3998 572 4041 unum
609 3988 729 4041 arte
789 3985 1053 4056 conﬂata,
1099 3984 1171 4042 ad
1226 3986 1540 4045 adventum
1589 3991 1800 4049 Christi
1839 3994 2089 4066 quodam

386 4071 545 4130 velut
574 4072 782 4130 malleo
823 4072 1140 4131 salutifera;
1169 4076 1544 4150 correptionis
1577 4084 1826 4140 extunsa
1855 4089 2028 4157 atque
2053 4099 2086 4140 a

384 4158 592 4232 rigoris
619 4160 714 4218 sui
743 4161 956 4219 duritia
1000 4162 1186 4221 divini
1222 4164 1382 4222 verbi
1419 4174 1502 4224 est
1540 4168 1755 4227 virtute
1797 4172 2042 4229 contrita
2072 4188 2088 4242 ;

389 4246 459 4304 ad
493 4247 737 4306 verbum
787 4249 1078 4322 siquidem
1110 4251 1365 4309 veritatis
1395 4252 1708 4313 salubriter
1736 4258 2091 4317 comminui-

388 4340 502 4402 tur,
535 4350 666 4407 quae
694 4335 842 4392 male
870 4337 1096 4410 integra
1125 4336 1184 4394 in
1221 4339 1507 4411 superbize
1539 4356 1661 4401 suae
1690 4344 1871 4403 forma
1897 4347 2092 4405 insen-

388 4422 636 4480 sibiliter
662 4428 813 4481 stare
840 4424 1166 4482 videbatur.
1195 4426 1416 4484 Deinde
1441 4428 1500 4486 in
1526 4446 1739 4504 aquam
1773 4436 2083 4511 spargitur,

389 4518 455 4570 ut
484 4511 831 4571 Israeliticus
857 4528 931 4570 ex
961 4528 1028 4572 eo
1055 4514 1304 4587 populus
1333 4515 1510 4575 bibat.
1550 4518 1958 4582 Comminutus
1987 4525 2089 4584 de.-

388 4601 567 4673 nique
620 4600 843 4660 vitulus
890 4602 952 4660 in
1005 4618 1217 4678 aquam
1244 4605 1508 4678 mittitur,
1553 4610 1693 4682 quia
1747 4612 2090 4676 humiliatus

390 4689 626 4762 gentilis
648 4691 922 4765 populus,
961 4692 1186 4752 lavacro
1212 4694 1493 4756 salutiferi
1552 4700 1725 4758 fontis
1751 4719 1980 4763 necesse
2006 4714 2090 4765 est

318 4834 320 4837 ,
388 4777 677 4867 abluatur.
708 4779 890 4851 Quem
904 4782 1167 4856 protinus
1180 4782 1454 4844 Israelitm
1480 4787 1706 4862 bibunt,
1737 4792 1877 4867 quia
1906 4797 2088 4855 sancti

387 4866 787 4940 praedicatores
814 4870 1137 4944 Evangelii,
1172 4873 1272 4947 qui
1304 4889 1434 4933 vere
1461 4876 1736 4938 Israelita:
1756 4866 1914 4953 sunt,
1945 4900 2090 4957 quos

389 4957 759 5017 Dominicum
806 4975 1030 5034 corpus,
1062 4962 1217 5036 quod
1270 4971 1354 5023 est
1406 4965 1681 5041 Ecclesia,
1734 4974 2091 5033 transferunt

389 5046 454 5105 in
484 5062 587 5105 sua
616 5047 875 5105 membra
906 5048 1298 5123 suscipiendo,
1347 5055 1512 5127 quasi
1566 5056 1816 5118 bibendo
1848 5077 2092 5120 conver-

392 5142 841 5211 tunt;quorum
898 5138 1162 5198 videlicet
1216 5140 1601 5205 lsraelitarum
1655 5150 1843 5223 primo
1875 5152 2094 5212 dictum

390 5234 475 5286 est
512 5246 524 5285 :
557 5250 581 5278 «
636 5227 818 5286 Macta
847 5234 901 5286 et
935 5230 1216 5289 manduca
1246 5234 1391 5299 (Act.
1426 5242 1490 5307 Χ)
1524 5256 1537 5306 ;
1576 5262 1594 5285 ι
1650 5241 1801 5313 quod
1835 5249 2092 5311 tantum-

389 5316 522 5374 dem
552 5322 636 5374 est
663 5334 726 5375 ac
756 5318 805 5376 si
857 5318 1185 5378 diceretur:
1240 5320 1385 5381 Tere
1414 5331 1469 5383 et
1498 5325 1647 5386 bibe.
1703 5328 1795 5388 Sic
1843 5331 1941 5389 ille
2002 5332 2091 5391 vi-

392 5408 552 5465 tulus
626 5424 726 5483 per
786 5409 988 5483 ignem
1045 5410 1185 5482 zeli,
1238 5417 1295 5472 et
1347 5416 1530 5475 aciem
1584 5420 1772 5492 verbi,
1826 5436 2093 5496 aquaque

392 5495 751 5568 baptismatis
801 5500 875 5559 ab
920 5502 1005 5560 eis
1050 5503 1239 5575 potius
1278 5505 1583 5581 absorptus
1611 5516 1695 5567 est
1723 5526 1870 5584 quos
1917 5495 2091 5571 cona-

396 5586 491 5641 tus
534 5590 619 5642 est
662 5587 991 5663 absorbere;
1028 5591 1091 5649 in
1131 5607 1227 5655 eos
1270 5593 1393 5668 ipse
1432 5595 1760 5656 transfusus
1811 5607 1896 5657 est
1945 5617 2094 5676 quos

2149 440 2319 499 ferre.

2780 511 3024 571 CAPUT
3060 510 3239 572 XXV.

2716 614 2781 667 In
2807 611 2988 666 eodem
3015 626 3280 666 sermone.

2222 719 2656 791 Verumtamen,
2712 722 2849 796 quia
2908 721 3137 794 Moyses
3186 736 3304 780 non
3355 722 3416 779 in
3478 722 3586 780 hoc
3638 730 3869 781 metam

2150 808 2390 867 ultionis
2420 809 2551 866 ﬁxit
2582 816 2641 867 ut
2669 808 2891 867 idolum
2922 809 3206 868 duntaxat
3232 809 3590 881 infringeret,
3625 811 3731 869 sed
3768 813 3871 868 in-

2151 915 2323 976 super
2351 900 2571 959 addidit
2604 908 2664 959 ut
2693 906 2749 958 et
2780 899 2989 972 viginti
3018 899 3126 957 tria
3158 899 3342 956 millia
3371 899 3682 957 hominum
3736 908 3870 958 tru-

2151 994 2385 1063 cidaret,
2426 992 2666 1066 mystice
2693 990 2885 1049 docuit
2938 1006 3305 1063 nequaquam
3361 988 3644 1057 sufﬁcere,
3707 992 3758 1046 si
3793 990 3871 1047 ab

2147 1081 2487 1139 idololatria:
2521 1080 2679 1138 cultu
2708 1080 2798 1138 vel
2832 1080 3110 1153 pravitate
3138 1080 3274 1137 vitae
3300 1079 3569 1153 quisquis
3609 1093 3873 1135 conver-

2152 1171 2311 1241 titur,
2355 1168 2469 1227 nisi
2499 1174 2555 1225 (ιι
2579 1168 2808 1242 propria
2841 1169 2979 1226 vitia
3003 1168 3194 1239 gladio
3232 1168 3472 1242 spiritus
3504 1168 3873 1226 mortiﬁcare

2151 1269 2408 1319 conetur.
2496 1259 2661 1318 Unde
2746 1269 2802 1318 et
2872 1259 3212 1333 praedicator
3254 1258 3565 1331 egregius:
3623 1282 3651 1305 «ι
3711 1258 3873 1315 Mor-

2154 1349 2384 1416 tiﬁcate,
2441 1348 2654 1423 inquit,
2684 1348 2945 1406 membra
2974 1354 3162 1406 vestra
3191 1362 3323 1422 quae
3369 1353 3506 1404 sunt
3533 1362 3719 1419 super
3752 1353 3872 1403 ter-

2156 1453 2302 1502 ram,
2345 1437 2802 1505 fornicationem,
2834 1436 3285 1504 immunditiam,
3343 1435 3667 1503 luxuriam,
3727 1451 3872 1494 con-

2158 1524 2569 1598 cupiscentiam
2611 1525 2821 1583 malam
2850 1533 2904 1582 et
2932 1525 3267 1592 avaritiam,
3302 1540 3435 1597 quae
3455 1532 3539 1583 est
3568 1524 3874 1582 idolorum

2161 1616 2406 1673 servitus
2435 1614 2655 1683 (Coloss.
2693 1627 2734 1673 II
2766 1635 2780 1685 ;
2834 1619 3015 1674 Galat.
3046 1619 3149 1685 v.).
3189 1636 3211 1665 ι
3250 1614 3320 1671 Et
3350 1615 3668 1672 notandum
3730 1614 3873 1689 quia

2094 1698 2312 1763 Bsicut
2338 1705 2434 1764 hic
2476 1705 2617 1763 vitia
2664 1707 2920 1764 membra
2961 1712 3153 1764 nostra
3196 1720 3321 1762 esse
3353 1704 3647 1772 dicuntur,
3706 1705 3791 1761 ita
3819 1711 3871 1762 et

2164 1792 2286 1850 illic
2312 1792 2415 1866 qui
2444 1794 2723 1865 perempti
2749 1798 3043 1851 suntcum
3072 1790 3538 1849 interfectoribus
3561 1791 3691 1849 suis
3732 1806 3871 1864 pro-

2163 1880 2503 1955 pinquitatis
2559 1883 2980 1942 necessitudine
3040 1879 3439 1954 jungebantur
3487 1899 3505 1951 ;
3562 1881 3719 1939 sicut
3772 1896 3872 1953 per

2165 1970 2397 2045 Moysen
2444 1972 2661 2031 dictum
2720 1978 2849 2031 est:
2909 1995 2933 2021 α
2969 1971 3110 2030 Haec
3167 1969 3308 2027 dicit
3364 1969 3648 2029 Dominus
3710 1968 3873 2026 Deus

2166 2056 2343 2116 Israel
2375 2078 2387 2117 :
2414 2059 2594 2135 Ponat
2630 2060 2721 2117 vir
2752 2059 3013 2132 gladium
3042 2074 3215 2132 super
3247 2059 3437 2117 femur
3468 2073 3665 2127 suum,
3699 2057 3785 2113 ite
3818 2064 3873 2114 et

2168 2148 2350 2207 redite
2381 2148 2453 2206 de
2482 2156 2642 2222 porta
2673 2165 2860 2224 usque
2879 2149 2939 2206 in
2968 2156 3189 2223 portam
3218 2163 3319 2222 per
3344 2146 3607 2205 medium
3648 2152 3871 2203 castro-

2167 2254 2319 2308 rum,
2337 2244 2393 2297 et
2410 2240 2627 2299 occidat
2642 2242 3047 2317 unusquisque
3065 2241 3293 2298 fratrem
3321 2245 3374 2297 et
3393 2239 3651 2297 amicum
3672 2244 3731 2294 et
3749 2252 3873 2311 pro-

2168 2327 2399 2384 ximum
2417 2343 2588 2386 suum
2612 2331 2809 2395 (Emod.
2835 2326 3160 2397 xxxn).»Si
3182 2344 3360 2402 quem
3382 2344 3518 2401 ergo
3539 2327 3792 2384 delectat
3812 2325 3868 2382 in

2165 2429 2326 2471 arma
2358 2430 2721 2487 consurgere,
2754 2417 3019 2490 quisquis
3048 2415 3280 2474 anhelat
3304 2417 3582 2473 adversus
3613 2414 3870 2471 hostium

2164 2517 2379 2562 cuneos
2407 2504 2701 2574 dimicare,
2732 2513 2915 2565 vertat
2964 2522 3174 2569 manus
3216 2508 3278 2565 in
3327 2523 3387 2564 se
3427 2514 3483 2563 et
3517 2505 3643 2562 illic
3673 2504 3874 2575 plures

2165 2591 2421 2650 inveniet
2476 2593 2835 2652 adversarios
2881 2595 3326 2654 obtruncandos.
3378 2593 3547 2652 Unde
3599 2591 3875 2649 videlicet

2166 2689 2292 2754 post
2323 2681 2619 2740 victoriam
2644 2699 2757 2741 non
2789 2684 3093 2744 homicida:
3120 2686 3335 2745 fmdum
3361 2698 3569 2742 nomen
3590 2682 3871 2747 incurrat,

2165 2770 2265 2830 sed
2315 2770 2600 2843 gloriosus
2665 2775 2854 2847 potius
2912 2775 3296 2849 triumphator
3346 2778 3656 2846 appareat;
3716 2769 3875 2827 unde

2164 2864 2318 2916 certe
2348 2873 2460 2916 non
2492 2863 2803 2919 sanctuarii
2833 2870 3120 2920 mereatur
3146 2860 3376 2920 excludi
3410 2859 3739 2925 liminibus,
3775 2856 3872 2915 sed

2165 2962 2505 3005 consecrans
2543 2949 2917 3020 semetipsum
2947 2950 3195 3007 Domino
3222 2948 3441 3007 divinae
3467 2946 3672 3019 gratiae
3705 2945 3874 3001 bene-

2067 3056 2082 3086 ν
2102 3050 2147 3110 c,
2169 3035 2518 3095 dictionibus
2544 3045 2824 3110 augeatur
2857 3057 2870 3109 ;
2908 3036 3049 3092 116
3081 3038 3229 3097 sicut
3258 3045 3315 3095 et
3343 3037 3461 3094 illis
3487 3036 3715 3093 dictum
3740 3042 3831 3091 est
3857 3057 3871 3090 :

2171 3152 2198 3177 α
2256 3128 2669 3192 Consecrastis.
2736 3129 2965 3203 inquit,
3023 3146 3230 3189 manus
3307 3134 3522 3187 vestras
3576 3125 3873 3195 Domino,

2169 3220 2572 3292 unusquisque
2602 3221 2663 3277 in
2694 3221 2814 3278 ﬁlio
2847 3227 2903 3279 et
2933 3222 3103 3279 fratre
3126 3236 3252 3291 suo,
3282 3226 3352 3279 nt
3378 3219 3547 3276 detur
3576 3216 3747 3274 vobis
3776 3215 3872 3273 be-

2168 3306 2417 3364 nedictio
2447 3309 2643 3379 (Ibid).
2677 3332 2702 3359 υ
2733 3309 2890 3379 Quod
2920 3316 3113 3367 autem
3144 3309 3185 3366 ii
3212 3309 3311 3381 qui
3341 3306 3471 3365 caesi
3499 3312 3635 3363 sunt
3660 3304 3875 3374 viginti

2172 3394 2278 3452 tria
2301 3395 2483 3454 millia
2513 3397 2692 3455 fuisse
2720 3399 3070 3467 referuntur,
3101 3413 3380 3456 numerus
3404 3395 3582 3453 trium
3614 3393 3876 3451 millium

2170 3492 2597 3559 peremptorum
2639 3486 2921 3561 triplicem
2959 3487 3201 3545 formam
3234 3485 3450 3543 indicat
3484 3489 3871 3558 peccatorum.

2171 3573 2356 3633 Omne
2414 3578 2626 3649 quippe
2678 3585 2995 3649 peccatum,
3031 3582 3134 3634 aut
3193 3576 3363 3644 facto,
3394 3580 3495 3632 aut
3549 3572 3748 3641 verbo,
3776 3578 3875 3629 aut

2171 3661 2512 3733 cogitatione
2538 3664 2973 3723 committimus.
3014 3661 3122 3721 Sed
3148 3660 3423 3735 quoniam
3462 3658 3585 3716 illic
3611 3663 3670 3715 et
3693 3657 3871 3714 dena-

2172 3750 2293 3809 rius
2321 3766 2602 3809 numerus
2647 3753 2996 3826 geminatur,
3026 3750 3197 3809 datur
3236 3749 3482 3823 intelligi
3536 3748 3678 3822 quia
3728 3745 3873 3804 sicut

2170 3838 2519 3913 Decalogum
2572 3849 2990 3917 praeceptorum
3022 3842 3188 3917 culpa
3216 3841 3408 3900 carnis
3450 3837 3629 3896 simul
3662 3842 3723 3894 et
3745 3834 3874 3894 ani-

2170 3946 2284 3989 mae
2338 3948 2565 3991 servare
2636 3934 3120 4007 contempsimus,
3178 3934 3262 3990 sic
3326 3930 3497 3988 etiam
3572 3926 3881 3998 utriusque

2172 4018 2314 4078 vitia
2366 4021 2651 4080 virtutum
2722 4021 2902 4080 armis
2954 4027 3194 4080 atterere
3262 4024 3319 4078 et
3370 4015 3715 4076 mortiﬁcare
3775 4011 3879 4070 de-

2172 4108 2399 4170 bemus.

2776 4180 3020 4242 CAPUT
3065 4181 3270 4241 XXVI.

2675 4282 2739 4335 In
2767 4294 3005 4336 sermone
3041 4276 3298 4347 synodali
3323 4277 3371 4332 Ι.

2103 4401 2156 4464 D
2250 4409 2272 4435 ι
2306 4384 2449 4443 Ecce
2481 4385 2640 4445 locus
2680 4385 2833 4458 apud
2867 4402 2961 4445 me
2989 4390 3093 4457 est,
3138 4390 3194 4443 et
3228 4382 3405 4443 stabis
3433 4396 3607 4455 supra
3636 4386 3886 4454 petram,

2174 4480 2229 4533 et
2251 4479 2389 4532 tunc
2413 4472 2636 4531 videbis
2662 4474 2972 4548 posteriora
3005 4488 3130 4532 mea
3159 4473 3360 4545 (Exod.
3392 4473 3635 4540 xxxui).
3667 4488 3696 4520 ι)
3745 4466 3891 4536 Quis

2172 4569 2364 4623 autem
2396 4563 2500 4621 iste
2547 4562 2727 4633 locus,
2760 4563 2861 4622 ubi
2903 4564 3093 4621 statim
3144 4577 3316 4636 super
3345 4568 3562 4635 petram
3594 4557 3889 4616 Dominus
3956 4572 3971 4579 “

2171 4652 2446 4724 cernitur,
2476 4653 2588 4711 nisi
2640 4660 2835 4712 sancta
2880 4652 3237 4727 intelligatur
3282 4650 3557 4722 Ecclesia,
3588 4648 3714 4717 ubi,
3741 4647 3883 4706 dum

2171 4748 2349 4814 petrae
2375 4742 2510 4801 ﬁdei
2533 4750 2855 4801 constanter
2874 4741 3203 4814 innitimur,
3233 4739 3410 4800 simul
3439 4755 3573 4798 cum
3603 4737 3882 4811 Apostolo

2171 4833 2414 4907 gloriam
2441 4834 2673 4892 Domini
2706 4833 3071 4908 speculamur
3096 4835 3124 4890 ?
3154 4832 3292 4891 Hzec
3321 4838 3406 4889 est
3456 4830 3613 4887 enim
3657 4827 3731 4885 de
3769 4842 3883 4900 qua

2171 4924 2417 4984 dicitur:
2453 4946 2479 4977 «
2525 4922 2708 4997 Super
2755 4924 2905 4982 hanc
2944 4929 3163 4996 petram
3210 4918 3507 4980 aediﬁcabo
3565 4913 3884 4974 Ecclesiam

2175 5028 2362 5071 meam
2392 5016 2606 5082 (Matth.
2638 5014 2782 5083 XVI).
2817 5036 2844 5062 ιι

2779 5134 3026 5194 CAPUT
3046 5134 3284 5195 XXVII.

2271 5226 2333 5279 In
2361 5227 2589 5295 epistola
2616 5225 2691 5280 ad
2712 5228 3041 5282 Damianum
3066 5226 3131 5281 de
3154 5224 3493 5281 scurrilitate
3516 5218 3779 5274 vitanda.

2251 5360 2277 5383 α
2308 5334 2463 5393 Fecit
2524 5334 2749 5409 Moyses
2797 5336 2860 5395 in
2911 5334 3279 5395 tabernaculo
3342 5338 3562 5407 septem
3616 5330 3896 5387 lucernas

2176 5438 2308 5481 cum
2337 5426 2711 5485 emunctoriis
2740 5427 2861 5486 suis
2883 5434 2939 5485 et
2965 5444 3122 5497 vasa,
3153 5424 3255 5485 ubi
3281 5440 3412 5499 quae
3441 5426 3712 5481 emnncta
3746 5429 3896 5478 sunt

2176 5512 2649 5586 exstinguuntur,
2682 5515 2753 5573 de
2780 5532 2920 5575 auro
2945 5515 3257 5591 purissimo
3291 5513 3494 5583 (Exod.
3550 5514 3826 5576 xxxv”)-
3860 5529 3892 5557 ι’

2179 5603 2406 5676 Septem
2434 5603 2698 5665 lucernas
2727 5606 2789 5665 in
2815 5606 3184 5669 tabernaculo
3214 5606 3483 5677 facimus,
3510 5602 3560 5660 si
3590 5600 3650 5658 in
3684 5606 3898 5658 mente
