4028 6168
89 206 224 269 1029

1425 195 1507 260 ΙΝ
1547 196 1835 258 LIBRUM
1872 196 2221 261 LEVITICI.

3218 258 3243 287 ,
3435 207 3571 269 1030

82 338 273 391 nostra
305 330 485 390 sancti
517 329 767 406 Spiritus
809 329 1151 389 charismata
1190 340 1267 384 ex
1309 323 1512 383 divino
1538 337 1780 382 munere
1801 327 1998 397 Aquae
2049 325 2353 400 disciplina
2407 328 2763 400 poenitentiae
2789 333 3022 399 resecat,
3055 332 3445 389 necessarium
3479 340 3564 393 est

83 435 509 494 componamus.
546 417 659 478 Sed
696 420 837 494 quia
866 418 1008 492 ipsis
1060 414 1271 475 sanctis
1314 412 1604 487 Operibus,
1648 409 1782 486 qui-

82 509 188 568 bus
224 527 321 584 per
359 510 707 568 aﬂlationem
741 508 924 566 sancti
958 506 1209 580 Spiritus
1253 503 1518 561 ardentes
1560 500 1783 559 insisti-

85 616 235 670 mus,
292 599 560 673 quaedam
619 598 914 673 superﬂua
981 612 1041 655 se
1105 603 1349 654 terrenm
1401 590 1785 667 corruptionis

84 687 448 756 interserunt,
563 702 698 746 cum
798 685 1049 745 lucernis
1150 685 1323 741 etiam
1426 680 1785 740 emunctoria

81 774 400 832 necessario
447 774 615 832 ﬁunt.
668 772 816 843 Quid
892 772 1050 832 enim
1103 786 1204 844 per
1255 767 1613 829 emunctoria
1669 766 1784 823 nisi

81 863 357 921 districtio
407 864 763 936 poenitentiae
803 863 1140 937 designatur
1167 861 1194 919 ?
1227 862 1583 919 emunctorio
1614 873 1781 915 nam-

80 966 194 1023 que
223 951 373 1025 quod
405 967 830 1025 supervacuum
868 958 954 1010 est
1003 952 1063 1009 in
1115 952 1348 1009 lucerna
1377 948 1701 1021 decerpitur
1727 953 1783 1005 et

80 1039 433 1098 districtione
459 1040 815 1115 pcenitentiaa
846 1042 1120 1100 humanae
1156 1038 1455 1113 pravitatis
1483 1036 1652 1110 culpa
1680 1036 1781 1093 de-

81 1127 245 1185 letur.
295 1126 459 1185 Unde
511 1133 566 1184 et
620 1126 820 1185 Petrus
867 1125 1217 1200 quibusdam
1248 1125 1539 1198 superﬂua
1578 1136 1781 1195 perpe-

82 1214 363 1273 trantibus
414 1214 495 1272 ait
548 1234 560 1272 :
618 1240 644 1262 «
694 1204 1322 1289 Pwnitemini‘igitur,
1376 1219 1439 1271 ut
1483 1212 1781 1270 deleantur

79 1311 305 1379 peccata
358 1312 550 1363 vestra
604 1305 748 1376 (Act.
808 1306 889 1377 ιι),
953 1330 981 1354 ››
1043 1320 1111 1362 ac
1175 1304 1224 1362 si
1282 1312 1473 1377 aperte
1545 1304 1695 1360 dicat
1760 1326 1773 1359 :

78 1392 520 1451 Emunctorium
568 1394 853 1467 stringite,
924 1402 982 1453 et
1053 1410 1323 1452 excessus
1375 1393 1538 1466 pravi
1594 1391 1784 1465 operis

77 1489 387 1556 amputato.
440 1482 614 1540 Recte
663 1498 798 1556 ergo
840 1498 975 1541 cum
1022 1482 1273 1542 lucernis
1326 1490 1383 1540 et
1427 1482 1785 1539 emunctoria

77 1576 251 1643 fiunt,
281 1573 420 1646 quia
452 1575 558 1631 etsi
597 1590 699 1647 per
728 1574 909 1632 sancti
953 1573 1203 1647 Spiritus
1227 1570 1471 1646 gratiam
1497 1571 1782 1630 bonorum

1866 415 2179 472 utcontriti
2232 415 2418 473 cordis
2472 416 2639 474 ﬂetus
2691 416 3045 489 exstinguat,
3104 434 3219 477 non
3270 419 3562 481 immerito

1866 501 2091 577 Moyses
2142 510 2348 576 prmter
2403 503 2667 562 lucernas
2712 512 2768 562 et
2814 506 3191 576 emunctoria,
3228 509 3400 565 etiam
3431 524 3566 566 vasa

1870 592 2068 650 fecisse
2113 600 2486 662 memoratur,
2539 594 2637 651 ubi
2676 608 2810 666 quae
2843 600 3109 652 emuncta
3165 603 3299 654 sunt
3344 597 3565 654 exstin-

1867 691 2137 751 guantur.
2178 682 2325 740 Vasa
2362 688 2557 739 autem
2587 688 2780 738 nostra
2816 689 2955 739 sunt
2982 683 3170 750 corda,
3212 700 3346 758 qum
3380 685 3565 758 lacry-

1866 787 2092 830 marum
2135 788 2362 845 semper
2412 778 2469 829 et
2519 773 2687 829 ﬂetus
2748 771 2957 829 debent
3010 786 3133 829 esse
3189 772 3568 833 inundatione

1866 861 2077 934 repleta
2092 879 2107 933 ;
2122 862 2183 918 in
2205 861 2425 935 quibus
2444 862 2723 917 nimirum
2744 859 2895 917 vasis
2918 866 2971 917 et
2993 860 3188 917 oleum
3208 861 3353 919 illud
3378 878 3571 921 recon-

1866 952 2039 1022 ditur,
2068 953 2140 1010 de
2168 968 2284 1025 quo
2312 952 2374 1009 in
2409 949 2722 1022 Evangelio
2759 950 3095 1022 perhibetur
3127 949 3262 1023 quia
3294 975 3307 1008 :
3356 975 3376 1000 ι
3421 952 3567 1010 Pru-

1864 1040 2064 1097 dentes
2093 1039 2349 1111 virgines
2385 1044 2730 1109 acceperunt
2766 1037 2962 1095 oleum
2993 1038 3054 1094 in
3097 1040 3248 1094 vasis
3282 1037 3402 1095 suis
3432 1053 3567 1096 cum

1863 1126 2229 1200 lampadibus
2259 1128 2473 1183 (Matth.
2516 1128 2687 1197 xxv).
2728 1148 2754 1173 π
2800 1125 2858 1183 Si
2896 1141 3029 1198 ergo
3076 1134 3131 1183 et
3168 1126 3227 1183 hi
3265 1126 3370 1199 qui
3400 1125 3570 1184 claris

1864 1216 2134 1289 operibus
2196 1215 2499 1289 splendent
2530 1215 2724 1272 adhuc
2764 1221 2954 1273 tamen
2996 1216 3228 1274 ﬂetibus
3284 1216 3564 1288 indigent,

1865 1305 2007 1379 quid
2054 1305 2125 1362 de
2171 1320 2265 1363 me
2291 1305 2502 1363 misero
2530 1305 2789 1378 meisque
2818 1304 3110 1363 similibus
3144 1303 3284 1359 117
3314 1306 3568 1364 sentien-

1865 1394 2027 1463 dum,
2084 1395 2184 1467 qui
2237 1395 2537 1453 tenebrosa
2596 1395 2778 1453 multa
2832 1395 3253 1464 commisimus,
3313 1404 3369 1453 et
3420 1397 3568 1455 bona

1865 1501 1996 1558 qua:
2048 1484 2277 1543 luceant
2330 1500 2445 1543 non
2499 1483 2831 1543 habemus?
2867 1484 3052 1552 Quam
3107 1484 3418 1543 uberrimis
3479 1486 3565 1544 la-

1864 1590 2196 1648 crymarum
2246 1574 2390 1633 rivis
2441 1574 2718 1631 debemus
2792 1571 2932 1628 118
3010 1589 3237 1647 semper
3304 1574 3562 1640 afﬂuere,

72 1678 315 1736 operum
339 1662 558 1721 lumine
580 1663 943 1738 resplendcre
966 1664 1392 1731 contendimus,
1418 1662 1563 1722 dum
1592 1670 1779 1720 tamen
1807 1675 2043 1737 Bquam
2097 1662 2372 1720 continuo
2404 1662 2640 1719 maerori
2670 1674 2902 1718 necesse
2940 1660 3123 1720 fuerat
3145 1660 3362 1735 jugiter
3401 1661 3567 1719 insu-

74 1752 333 1810 humana
362 1752 649 1825 corruptio
676 1753 967 1827 superﬂua
1017 1758 1273 1825 generat,
1307 1750 1666 1824 paenitentia:
1694 1766 1784 1808 re-
1865 1746 2003 1806 dare
2030 1747 2058 1807 ?

73 1842 284 1901 mediis
311 1842 659 1917 indigemus.
695 1843 808 1902 Sed
838 1844 1113 1916 quoniam
1148 1843 1273 1900 haec
1309 1841 1432 1914 ipsa
1462 1840 1774 1914 superﬂua,

1307 1967 1636 2037 Empliciunt
1663 1965 1974 2020 testimonia
2002 1963 2134 2018 libri
2166 1963 2369 2019 Exodi.

1109 2121 1496 2182 INCIPIUNT
1525 2121 1905 2181 CAPITULA
1932 2121 2138 2181 LIBRI
2170 2120 2522 2180 LEVITICI.

119 2247 170 2305 1.
216 2249 462 2305 Vitulum
491 2247 557 2303 de
587 2252 829 2302 armento
858 2248 1157 2303 masculum
1187 2248 1600 2301 immaculatum
1628 2247 1813 2315 offeret
1840 2248 1965 2301 ante
1991 2252 2188 2302 ostium
2216 2249 2556 2305 tabernaculi
2595 2247 2916 2305 testimonii.

105 2320 164 2376 ‘2.
212 2322 280 2375 Ut
302 2323 361 2373 in
389 2322 537 2374 omni
554 2321 820 2388 sacriﬁcio
848 2321 934 2373 sal
958 2320 1252 2373 misceatur
1279 2337 1295 2382 ;
1325 2320 1651 2384 fermentum
1677 2333 1820 2381 vero,
1854 2321 1969 2373 sive
1998 2321 2123 2381 mel,
2154 2336 2458 2388 nunquam.

108 2391 162 2446 3.
208 2391 382 2514 Tolle;
417 2391 981 2515 lsczeirdoslzgugillum
1017 2390 1230 2455 simila,
1265 2404 1386 2457 qua
1428 2404 1715 2458 conspersa
1738 2394 1816 2444 est
1843 2391 1975 2451 oleo,
2007 2395 2059 2444 et
2085 2394 2255 2444 totum
2306 2392 2450 2452 thus,
2505 2391 2651 2460 quod
2678 2406 2843 2463 super
2878 2393 3121 2446 similam
3167 2393 3412 2460 positum
3466 2392 3566 2451 est,

308 2478 341 2514 a
385 2478 412 2515 ο
438 2478 465 2513 e
502 2478 521 2513 ι
549 2476 652 2515 aue
674 2478 693 2513 ι
734 2477 776 2514 -u
824 2502 836 2514 .

308 2462 652 2515 adolebitaue
674 2462 836 2514 illud.

106 2531 166 2589 4.
205 2534 268 2587 In
296 2478 1135 2599 ιῗιιέίῗξοὲοῧὲἔὲρῗςαέλῗὲνηασηίηηῑ
1156 2528 1378 2596 fmderis
1404 2529 1719 2597 frequenter
1742 2529 1987 2584 intrabat
2018 2534 2069 2585 et
2095 2531 2304 2587 exibat.

114 2604 169 2675 ξ.
215 2603 368 2675 Quod
394 2602 593 2675 Nadab
618 2601 867 2675 etAbiu,
899 2602 1006 2670 ﬁlii
1019 2602 1243 2675 _Aaron_,
1276 2599 1589 2675 obtulerunt
1608 2602 1787 2675 ignem
1812 2602 2049 2675 alienum
2083 2617 2261 2675 coram
2290 2604 2515 2657 Domino
2544 2606 2595 2657 et
2623 2602 2810 2659 divino
2839 2608 2968 2659 sunt
2996 2606 3121 2672 igne
3148 2604 3473 2675 consumpti.

113 2671 169 2729 6.
210 2674 417 2739 Quibus
442 2673 632 2726 debeat
658 2673 843 2727 Aaron
870 2673 1110 2726 vestibus
1134 2672 1294 2725 indui
1323 2670 1543 2740 quando
1568 2671 1878 2738 ingreditur
1905 2672 2333 2728 tabernaculum.

117 2744 175 2801 7.
212 2745 473 2868 Ρὲῗιίἵρω
511 2744 722 2868 ΙοῙΓθνῗε
767 2745 977 2798 hircum
1000 2746 1286 2805 viventem,
1313 2747 1364 2796 et
1390 2743 1574 2811 posita
1622 2746 1855 2811 utraque
1903 2759 2069 2797 manu
2096 2759 2260 2814 super
2304 2749 2468 2815 caput
2518 2744 2655 2813 ejus,
2690 2749 3008 2816 conﬁteatur
3039 2761 3219 2801 omnes
3247 2746 3572 2815 iniquitates

310 2831 484 2868 corum
538 2830 660 2868 srae
690 2858 701 2868 .
3369 2862 3384 2868 _

310 2831 484 2869 torum
511 2830 681 2868 israel
690 2858 701 2871 .

104 2884 166 2942 8.
197 2818 792 2954 ﬂiiﬁxwﬁﬁuod
819 2884 903 2939 vel
928 2885 1195 2945 contritis,
1228 2884 1314 2938 vel
1342 2885 1499 2945 tusis,
1531 2884 1617 2937 vel
1643 2884 1800 2937 sectis
1832 2885 2099 2938 testiculis
2126 2888 2224 2947 est,
2257 2902 2364 2940 non
2388 2886 2626 2955 offeretis
2666 2890 2916 2945 Domino.

110 2957 171 3011 υ.
219 2958 287 3011 Ut
312 2961 513 3026 septem
543 2957 771 3010 lucernae
785 2956 999 3024 jugiter
1027 2956 1257 3009 ardeant
1286 2957 1345 3009 in
1375 2955 1722 3009 tabernaculo
1751 2955 1975 3021 foederis
2004 2972 2182 3009 coram
2206 2959 2453 3011 Domino.

72 3026 172 3084 10.
210 3027 506 3083 Comedetis
533 3029 902 3082 vetustissima
924 3031 1162 3081 veterum
1190 3030 1241 3080 et
1268 3030 1469 3097 vetera,
1501 3027 1655 3080 novis
1680 3027 2201 3095 supervenientibus,
2228 3028 2562 3098 projicietis.

1523 3151 1849 3221 Empliciunt
1873 3152 2138 3221 capitula.

349 3308 1066 3396 INCIPIUNT
1165 3308 2035 3395 TESTIMONIA
2141 3311 2512 3396 LIBRI
2610 3314 3300 3400 LEVITIGI.

635 3489 880 3548 CAPUT
913 3489 1229 3549 PRIMUM.
1807 3474 2080 3539 Clehitur
2125 3476 2185 3534 in
2236 3478 2517 3536 sacriﬁcio
2568 3478 2797 3537 Domini
2852 3481 3048 3551 (Leuit.
3104 3484 3248 3549 11).»
3298 3480 3573 3556 Quisquis

325 3590 390 3645 ιη
417 3604 657 3644 sermone
680 3589 746 3643 de
774 3590 1081 3645 ίηυρητίοηθ
1101 3594 1302 3645 sancta
1334 3592 1529 3647 crum-3.
1868 3565 2026 3622 enim
2082 3566 2175 3624 vel
2222 3567 2484 3642 rapinam
2530 3569 2590 3627 in
2636 3584 2781 3643 opus
2826 3568 3055 3643 pietatis
3096 3569 3451 3643 impendere,
3484 3569 3576 3629 vel

156 3713 184 3738 α
214 3685 477 3744 Vitulum
530 3686 600 3745 de
652 3693 916 3745 armento
969 3686 1297 3746 masculum
1346 3686 1783 3746 immaculatum
1868 3668 2036 3746 Ῠῖὶηίθ
2064 3652 2265 3726 glori“)
2291 3655 2713 3746 “umbonum
2744 3655 2979 3746 ﬁdem“
3000 3655 3247 3746 aliqum
3281 3673 3571 3730 exercem’

73 3740 1783 3843 cum;“giis"os;nn1“sistatissumma;sint
1871 3740 1965 3843 Pi“
2006 3758 2121 3799 “0"
2148 3759 2414 3843 filim?“
2444 3744 2866 3843 δίηοθτίίὲἓίδθί
2890 3745 3301 3843 νθίῗίίδίίεέεθά
3332 3746 3581 3843 feres}-

72 3861 192 3922 Per
222 3863 475 3921 vitulum
502 3879 774 3938 namque,
803 3864 908 3938 qui
954 3864 1025 3921 de
1071 3870 1329 3922 armento
1357 3864 1552 3922 offerri
1581 3863 1786 3936 praeci-

72 3954 265 4027 pitur,
353 3955 699 4029 Redemptor
757 3962 969 4024 noster,
1025 3955 1126 4030 qui
1203 3956 1275 4014 de
1331 3955 1788 4029 patriarcharum

1872 3832 1993 3886 tum
2049 3830 2287 3889 malitiae
2318 3840 2493 3907 atque
2523 3832 2797 3905 nequitia)
2827 3840 3069 3890 conatur
3096 3833 3321 3892 oﬂ‘erre.
3388 3834 3575 3893 Mellis

1870 3932 2103 3992 quoque
2141 3920 2490 3978 sacrificium
2520 3920 2803 3980 Dominus
2844 3937 2958 3980 non
2996 3923 3291 3996 approbat,
3323 3924 3460 3997 quia
3486 3924 3575 3982 lu-

1870 4006 2063 4065 xuriae
2092 4007 2449 4080 voluptatem
2474 4023 2823 4081 omnemque
2854 4010 3100 4067 carnalis
3129 4011 3419 4070 illecebrze
3441 4011 3575 4069 dul-

1872 4097 2137 4155 cedinem
2185 4098 2437 4156 damnat.
2501 4098 2598 4157 Sal
2648 4106 2842 4158 autem
2909 4099 3183 4158 omnibus
3243 4100 3578 4175 praecipitur

1874 4184 2266 4243 oblationibus
2312 4186 2599 4257 adhiberi,
2653 4193 2720 4246 ut
2767 4185 3052 4261 quidquid
3105 4186 3354 4246 Domino
3406 4204 3580 4263 super

68 4043 377 4105 descendit
428 4045 718 4119 progenie,
771 4045 1067 4117 figuratur.
1118 4042 1228 4101 Hic
1274 4042 1557 4102 nimirum
1602 4049 1789 4101 aratro

64 4132 272 4192 crucis
317 4148 438 4192 sum
482 4141 691 4191 terram
735 4132 925 4190 carnis
965 4137 1176 4190 nostra)
1226 4131 1552 4205 perdomuit
1603 4138 1659 4189 et
1715 4146 1790 4189 ex

65 4219 334 4296 Spiritus
357 4220 538 4279 sancti
563 4220 785 4279 semine
813 4219 1099 4277 virtutum
1118 4234 1225 4277 nos
1246 4219 1414 4291 fruge
1437 4218 1641 4277 ditavit
1661 4220 1790 4291 (Isa.

61 4311 218 4380 Lm).
247 4308 357 4366 Hic
399 4309 619 4367 vitulus
667 4309 794 4366 sine
839 4307 1087 4372 macula,
1120 4322 1238 4366 non
1281 4307 1345 4366 in
1399 4307 1789 4377 tabernaculo,

60 4398 179 4458 sed
237 4403 369 4454 ante
399 4397 612 4455 ostium
639 4400 766 4469 ejus
800 4413 835 4454 a
865 4397 1002 4455 filiis
1031 4397 1224 4455 Aaron
1255 4397 1620 4463 offerebatur,
1654 4398 1791 4471 quia
1875 4397 2304 4471 ιιιλῆζειξξξζιξσῆ,
2327 4397 2527 4471 far"?
2583 4397 2819 4471 Ψυξξξιξῑ
2851 4397 3174 4471 οιιξυυαιιέιξξ

1879 4476 1905 4499 ‹‹
1932 4450 2223 4527 Quidquid
2254 4453 2531 4512 obtuleris
2559 4455 2823 4514 sacrificii
2853 4455 2971 4513 sale
3009 4455 3265 4527 condies,
3318 4473 3426 4515 nec
3471 4471 3577 4516 au-

59 4494 123 4546 et
170 4483 483 4555 Dominus,
515 4483 617 4557 qui
658 4484 783 4542 sine
813 4491 1040 4559 peccato
1079 4490 1183 4562 est,
1214 4485 1323 4545 sub
1366 4486 1535 4545 Anna
1565 4494 1621 4544 et
1659 4486 1791 4544 Cai-
1874 4483 3048 4562 ζᾼξίιζ¹υξξ¹¹ξ¹μξίξξῗξτξ¹ᾖῗίξξ¹⁷¹ζ¹ξ⁵¹ξῗξίξξ³οῗ

233 4538 843 4647 ἓξῇηρδῐῖὡῶζδῖ
1665 4538 1791 4649 alii
1873 4538 2021 4651 1lieres
2060 4540 2141 4597 sal
2184 4540 2413 4599 fmderis
2440 4542 2543 4601 Dei
2575 4543 2660 4601 tui
2702 4544 2772 4601 de
2809 4543 3089 4602 sacrificio
3122 4551 3220 4603 tuo
3253 4549 3401 4614 (Lev.
3434 4548 3513 4630 II).
3553 4569 3574 4599 ι

60 4628 1203 4735 aand'i‘sgccauiaesuita}:
1251 4628 1381 4737 Ῐῇἑὲ
1423 4628 1645 4731 ista:
1686 4628 1791 4736 an
1870 4628 2062 4737 3,13}
2109 4631 2261 4737 939d
2292 4631 2515 4737 dicebat
2554 4632 3227 4737 πειῖυε,ίηοιξ¹ο³¹ζει›,θι
3284 4652 3357 4737 ιξθ
3414 4628 3578 4737 ῐξξεηε

55 4716 1222 4823 signa];narrandumne.
1251 4716 1791 4824 grassantia
1870 4716 2739 4824 5105?”:??f‘f‘3§l3.,a“q‘{a“d°
2782 4720 3340 4824 ίξλειῖ¹ῗ³ηί¹θείβίῗτθίν
3384 4724 3578 4824 δέδαε

57 4842 261 4911 (Psat.
307 4806 572 4912 III).‘Ipse
615 4836 903 4907 columba,
952 4837 1014 4894 in
1062 4838 1230 4911 cujus
1270 4806 1648 4911 himiruinusl

1985 4806 2240 4862 eminaus
2283 4806 2420 4864 dicit
2452 4830 2463 4863 :
2502 4828 2530 4861 ‹‹
2566 4808 2629 4866 In
2660 4808 2819 4865 omni
2873 4809 3161 4867 oblatione
3220 4816 3316 4868 tua
3373 4812 3576 4870 offeres

54 4892 606 5009 spissatus.
623 4892 1014 5002 signa;
1029 4892 1663 4986 adrtlbrdan—is‘ﬂuenta
1681 4892 1791 4985 at;
1874 4892 1964 5009 ἓξὲξ
1984 4895 2190 5009 (ζῗξίξλ
2226 4894 2626 5009 151923133:
2643 4895 3127 5009 ill‘ﬂféffalge
3168 4914 3288 5009 £130
3303 4902 3577 5009 3:928ij

50 4979 342 5085 gaias."
375 4979 985 5092 saansaan;
1017 4979 1793 5091 germanitate}.
1874 4979 1979 5092 13:
1992 4983 2132 5092 ιιι-ηιξ
2150 4983 2309 5092 33
2352 4984 2977 5092 sugepgiggupuue
3034 4986 3128 5092 ad,
3297 4989 3399 5061 qui
3438 4988 3579 5089 regis

52 5116 288 5171 auctor
340 5073 554 5177 existit,
602 5105 751 5165 sicut
800 5105 909 5164 sibi
1037 5073 1252 5180 [sponsa
1302 5073 1555 5164 dicitur:
1591 5123 1618 5157 (ί

1990 5079 2031 5140 t.
2085 5079 2313 5147 tempus
2365 5073 2738 5144 redimentes;
2774 5090 2964 5133 sermo
3011 5082 3200 5135 vester
3241 5093 3466 5151 semper
3511 5079 3575 5137 in

56 5162 274 5258 3S5;
288 5162 463 5271 genii;
480 5162 774 5255 {£5561},
804 5162 1261 5263 mr‘mris’zcant.
1295 5162 1416 5265 ηρ»
1452 5162 1465 5164 ⁷
1494 5162 1501 5163 “
1666 5162 1711 5178 ’⁸
1877 5162 2058 5237 gratia
2088 5162 2308 5263 salestt
2339 5162 2637 5271 conditus:
2672 5169 2735 5221 ut
2783 5163 2975 5271 sciatis
3003 5167 3578 5271 quoumdoloporteat

765 5253 769 5254 ⁷
1085 5253 1096 5263 ’
1316 5253 1330 5265 ’
1881 5269 1984 5312 vos
2035 5254 2350 5324 unicuique
2400 5253 2741 5328 respondere
2781 5256 2913 5321 (Col.
2970 5256 3067 5326 tv).
3102 5280 3128 5306 ι»
3162 5256 3243 5314 De
3299 5259 3404 5315 hoc
3458 5257 3575 5316 sale

759 5311 1002 5372 CAPUT
1045 5310 1120 5370 ῙῙ.
1881 5346 1931 5372 ,ιι
1965 5340 2250 5372 nmmumn
2282 5342 2359 5372 ηςι
2392 5366 2403 5372 -
2444 5368 2459 5372 _
2501 5341 2556 5372 ας
2617 5343 2695 5372 ...ι
2754 5343 3105 5372 manus...“
3140 5345 3315 5372 c......:.
3366 5345 3425 5372 ι..
3459 5360 3573 5372 .......

1880 5346 1934 5398 et
1964 5340 2252 5399 Dominus
2280 5342 2360 5400 ait
2392 5366 2404 5400 :
2443 5368 2461 5391 υ
2500 5341 2560 5401 Si
2617 5343 2699 5401 sal
2754 5343 3106 5402 infatuatum
3140 5345 3335 5415 fuerit,
3366 5345 3428 5403 in
3457 5360 3576 5420 quo

606 5414 670 5469 In
698 5428 937 5469 sermone
981 5414 1278 5482 virginum.
1882 5432 2182 5491 condiam;-

1983 5431 2238 5491 ldietur?
2298 5455 2319 5484 ι
2380 5436 2600 5502 (Matth.
2660 5434 2735 5502 v.)
2795 5433 2864 5492 Et
2914 5434 2985 5493 de
3028 5450 3144 5509 quo
3204 5414 3574 5508 loquens-ad

106 5533 181 5585 ,ιι
230 5503 440 5598 Omnis
489 5504 722 5575 oblatio,
773 5522 911 5598 quae
964 5506 1201 5598 offertur
1252 5504 1800 5598 D_omino,_._absque
1881 5519 2237 5595 discipulos:
2273 5520 2445 5581 «Vos
2473 5522 2631 5592 estis,
2658 5520 2873 5595 inquit,
2905 5522 2989 5581 sal
3019 5503 3187 5582 terra)
3215 5503 3417 5598 (tua).
3449 5540 3513 5578 »-

54 5597 376 5656 fermento
402 5594 520 5664 tiet,
551 5608 657 5650 nec
687 5591 1007 5667 quidquam
1042 5592 1312 5654 fermeuti
1344 5600 1403 5653 et
1430 5589 1622 5652 mellis
1657 5590 1797 5651 ado-

1874 4289 2032 4331 aram
2070 4275 2261 4333 devoti
2298 4275 2485 4335 cordis
2523 4274 2842 4348 oﬂ’erimus,
2877 4276 3114 4335 rationis
3145 4293 3371 4352 semper
3404 4285 3580 4353 atque

1874 4360 2274 4433 intelligentia:
2327 4379 2527 4438 sapore
2583 4364 2819 4422 condire
2851 4364 3209 4425 studeamus.
3239 4367 3337 4424 Ait
3366 4368 3523 4425 enim
3564 4392 3576 4424 :
