4028 6168
398 375 532 436 1031

1043 489 1281 548 CAPUT
1339 489 1444 547 ΙΙΙ.

917 603 979 656 In
1007 616 1246 654 sermone
1273 601 1331 656 S.
1359 601 1579 654 Donati.

481 733 501 759 σι
537 706 718 766 Tollet
748 704 1008 763 sacerdos
1050 703 1342 778 pugillum
1373 702 1602 773 similm,
1636 715 1767 774 qua:
1797 714 2102 772 conspersa

399 804 483 858 est
508 797 650 862 oleo,
684 802 738 853 et
775 801 953 852 totum
991 795 1142 864 thus,
1175 794 1327 868 quod
1361 809 1533 866 super
1563 791 1812 849 similam
1851 791 2101 862 positum

401 899 500 959 est,
533 887 897 959 adolebitque
929 885 1072 943 illud
1105 886 1167 941 in
1195 883 1382 954 altari,
1414 883 1475 940 in
1517 882 1941 940 monimentum
1972 879 2102 935 odo-

399 979 479 1036 ris
522 975 853 1036 suavissimi
901 975 1147 1032 Domino
1189 975 1379 1045 (Le-vit.
1413 984 1514 1043 VI).
1555 994 1574 1022 ι)
1608 969 1756 1039 Quid
1813 969 1968 1027 enim
2002 983 2102 1040 per

397 1068 650 1127 similam
683 1067 798 1124 nisi
843 1072 1038 1123 sancta
1069 1065 1384 1122 electorum
1418 1063 1756 1133 designatur
1791 1059 2046 1118 Ecclesia
2076 1057 2104 1116 ?

403 1173 535 1232 quea
590 1156 870 1213 nimirum
910 1155 1050 1212 dum
1076 1153 1557 1211 convenientibus
1585 1151 1835 1208 invicem
1864 1148 2104 1205 creden-

404 1246 550 1304 tium
580 1245 871 1317 colligitur
901 1243 1196 1312 membris,
1229 1241 1395 1316 quasi
1427 1240 1620 1298 simila
1647 1255 1719 1296 ex
1762 1236 1960 1295 multis
1989 1236 2107 1293 fru-

406 1337 585 1393 menti
647 1333 1047 1408 conspergitur
1107 1329 1247 1386 119
1322 1331 1536 1404 granis.
1594 1329 1662 1386 Et
1718 1328 1864 1384 sicut
1916 1325 2107 1383 simila

401 1428 552 1486 inter
591 1425 806 1484 molam
851 1425 1161 1497 utramque
1189 1420 1502 1481 conteritur
1543 1424 1606 1477 ut
1650 1435 1683 1474 a
1741 1417 1942 1474 farina:
1983 1413 2107 1473 sili-

401 1517 535 1592 gine
585 1517 923 1575 cantabrum
952 1521 1266 1588 separetur,
1301 1512 1380 1570 ita
1409 1510 1572 1569 velut
1598 1511 1747 1566 inter
1772 1507 1916 1565 duas
1967 1504 2109 1579 legis

401 1609 618 1684 scilicet
664 1615 720 1665 et
771 1605 1071 1679 Evangelii
1124 1604 1304 1662 molas
1351 1608 1547 1660 sancta
1586 1598 1838 1658 Ecclesia
1869 1596 2107 1669 stringi-

404 1705 517 1766 tur,
551 1704 617 1756 ut
647 1697 848 1754 litterae
871 1694 1206 1767 superlicies
1258 1709 1292 1750 a
1341 1691 1595 1749 medulla
1628 1689 1866 1762 spiritus
1894 1687 2106 1744 discer-

405 1795 594 1845 natur.
656 1786 797 1854 Qua:
844 1784 1108 1843 videlicet
1143 1782 1413 1850 Ecclesia,
1456 1787 1523 1839 ut
1558 1795 1758 1837 revera
1791 1775 2108 1849 spiritualis

400 1875 616 1945 simila,
649 1876 790 1934 dum
819 1891 920 1948 per
969 1889 1179 1946 aquam
1227 1869 1592 1944 Baptismatis
1620 1869 1870 1926 adunata
1899 1873 1955 1925 et
1983 1869 2108 1924 oleo
2126 1866 2174 1926 B

403 1970 732 2030 chrismatis
772 1975 855 2027 est
894 1983 1218 2041 conSpersa,
1258 1967 1392 2039 igne
1431 1980 1662 2039 quoque
1703 1963 1886 2020 sancti
1926 1962 2112 2036 Spiri-

403 2066 496 2116 tus
521 2057 760 2114 solidata
789 2055 882 2121 sit,
906 2055 1080 2126 juxta
1110 2053 1452 2126 Apostolum
1490 2071 1501 2108 :
1537 2076 1558 2102 ι
1594 2050 1791 2109 Hostia
1821 2050 1938 2108 Deo
1964 2048 2112 2107 bene

400 2148 631 2220 placens
677 2150 733 2202 et
788 2144 1038 2218 perfecta
1111 2147 1280 2214 (Rom.
1336 2143 1484 2212 XIII).
1543 2164 1569 2192 η
1639 2141 1837 2198 Thure
1891 2144 2104 2208 autem,

401 2236 555 2310 quod
582 2235 834 2310 positum
873 2250 1047 2308 super
1079 2233 1334 2291 similam
1362 2233 1592 2301 dicitur,
1625 2232 1882 2304 ejusdem
1912 2230 2108 2288 Eccle-

402 2323 505 2380 size
557 2322 738 2379 oratio
785 2321 1141 2394 designatur,
1199 2320 1349 2377 sicut
1401 2318 1462 2376 in
1500 2317 1845 2392 Apocalypsi
1872 2316 2113 2375 Joannis

401 2410 741 2480 ostenditur,
797 2424 931 2467 cum
982 2408 1158 2466 dicit:
1216 2405 1383 2478 Quia,
1421 2428 1441 2458 ι
1478 2407 1688 2480 phiala)
1745 2407 1928 2479 plenae
1973 2405 2112 2463 odo-

406 2509 804 2560 ramentorum
835 2505 972 2558 sunt
998 2497 1289 2558 orationes
1317 2504 1648 2557 sanctorum
1679 2498 1865 2571 (Apoc.
1900 2497 1977 2567 v).
2014 2517 2037 2548 ι

1056 2638 1299 2699 CAPUT
1345 2637 1446 2698 IV.

877 2751 971 2806 Ad
996 2749 1337 2806 Desiderium
1361 2748 1629 2805 abbatem.

483 2887 508 2914 α
540 2856 766 2934 Moyses
791 2857 1227 2917 tabernaculum
1250 2855 1485 2915 fcederis
1509 2855 1841 2928 frequenter
1869 2853 2118 2913 intrabat

409 2958 466 3008 et
503 2949 698 3007 exibat
723 2947 927 3017 (Emod.
962 2948 1206 3012 XXXIII).
1244 2966 1270 2996 ιι
1313 2941 1463 3012 Quid
1500 2950 1582 3000 est
1625 2941 1783 3000 enim
1830 2941 1983 3014 quod
2019 2941 2118 3000 ille

411 3038 610 3096 crebro
643 3032 1080 3092 tabernaculum
1113 3032 1438 3105 ingreditur
1479 3039 1533 3089 et
1573 3031 1881 3104 egreditur,
1916 3031 2029 3088 nisi
2057 3036 2121 3089 ut

411 3124 746 3199 exemplum
774 3123 1024 3196 prmbeat
1046 3141 1060 3192 ;
1097 3121 1251 3195 quod
1276 3122 1344 3189 is,
1376 3121 1475 3193 qui
1505 3121 1666 3179 intus
1690 3120 1750 3177 in
1775 3119 2122 3192 contempla-

1362 364 1899 428 COLLECTANEA
1940 364 2018 424 IN
2056 351 2301 424 VETUS
2341 361 2926 427 TESTAMENTUM.

2106 493 2262 552 Ates
2316 492 2539 559 oll‘erre,
2596 490 2708 548 nisi
2735 489 2938 548 ardore
2968 483 3232 543 libidinis
3271 481 3662 541 inﬂammatos
3712 498 3914 541 sacro-

3767 359 3915 419 103?

2185 577 2396 635 sanctis
2445 578 2722 636 altaribus
2789 572 3230 650 propinquare?
3282 571 3353 629 Et
3404 586 3541 629 cum
3592 570 3911 644 Scriptura

2183 667 2371 726 dicat:
2419 694 2445 716 ‹‹
2477 667 2757 741 Spiritum
2810 665 2987 724 nolite
3036 662 3410 734 exstinguere
3441 665 3490 728 (Ι
3519 663 3706 718 Thess.
3745 666 3851 729 V);
3887 684 3904 712 ι

2183 759 2300 828 isti,
2337 764 2620 831 quantum
2675 758 2736 815 in
2789 771 2870 826 se,
2905 753 3188 827 Spiritum
3219 758 3506 820 sanctum,
3544 750 3652 823 qui
3701 751 3774 808 in
3829 751 3911 807 eis

2183 848 2383 906 ardere
2413 847 2671 918 debebat,
2703 845 3104 917 exstinguunt,
3138 848 3192 898 et
3237 841 3494 898 alienum
3522 840 3724 911 ignem
3761 841 3912 897 οπε-

2186 944 2340 1005 runt,
2372 937 2510 994 dum
2541 937 2611 993 ad
2641 935 2818 992 altare
2843 933 3070 991 Domini
3096 932 3327 988 ﬂamma
3354 929 3612 986 libidinis
3636 937 3911 986 aestuan-

2187 1033 2270 1085 tes
2317 1028 2634 1091 aceedunt;
2671 1025 2768 1083 sed
2804 1029 3033 1096 repente
3064 1037 3239 1094 super
3277 1035 3371 1076 eos
3400 1019 3553 1091 ignis
3581 1018 3784 1076 divini
3816 1020 3916 1077 fu-

2187 1118 2332 1177 roris
2400 1115 2539 1170 120
2591 1115 2942 1178 accenditur,
3001 1127 3118 1186 quo
3166 1108 3500 1167 terribiliter
3539 1115 3915 1176 exuruntur,

2191 1206 2485 1279 Scriptura
2530 1212 2788 1271 testante,
2827 1217 2961 1277 quae
3011 1199 3150 1257 dicit
3179 1223 3191 1257 :
3219 1221 3243 1248 α
3274 1196 3343 1255 Et
3395 1214 3555 1256 nunc
3609 1197 3775 1270 ignis
3813 1198 3915 1255 ad-

2189 1296 2471 1354 versarios
2510 1294 2799 1354 consumit
2850 1293 3034 1361 (Hebr.
3069 1297 3154 1360 X).
3194 1310 3214 1340 ι
3251 1288 3320 1345 Ει
3352 1295 3504 1346 certe
3563 1288 3913 1361 legitimum

2190 1393 2274 1444 est
2314 1392 2379 1445 ut
2415 1386 2519 1460 qui
2557 1385 2849 1443 sordentes
2898 1381 3076 1439 sacris
3103 1379 3379 1437 altaribus
3406 1379 3911 1453 appropinquant,

2191 1477 2382 1549 gladio
2412 1476 2627 1534 divinas
2670 1472 2912 1532 ultionis
2936 1473 3217 1530 intereant
3243 1489 3256 1542 ;
3280 1469 3501 1528 dicente
3539 1469 3610 1526 ad
3661 1468 3910 1544 Moysen

2191 1565 2438 1624 Domino
2492 1584 2503 1622 :
2560 1585 2589 1617 «
2620 1561 2907 1621 Docebitis
2945 1560 3094 1618 ﬁlios
3141 1556 3339 1629 Israel,
3394 1564 3459 1615 ut
3503 1567 3757 1616 caveant
3801 1559 3911 1616 im-

2195 1653 2578 1723 munditiam;
2608 1660 2662 1710 et
2693 1667 2810 1710 non
2844 1648 3171 1709 moriantur
3208 1647 3270 1705 in
3302 1645 3570 1705 sordibus
3594 1647 3746 1716 suis,
3775 1662 3907 1705 cum

2193 1743 2507 1817 polluerint
2555 1739 2992 1801 tabernaculum
3041 1753 3257 1811 meum,
3289 1737 3442 1811 quod
3480 1742 3564 1795 est
3608 1736 3774 1793 inter
3819 1751 3908 1793 eos

2195 1836 2337 1908 (Leo.
2373 1835 2500 1907 XV).
2529 1855 2554 1885 η

2853 1917 3096 1979 CAPUT
3132 1917 3234 1976 VI.

2708 2032 2773 2086 In
2800 2043 3041 2085 sermone
3067 2029 3124 2084 S.
3159 2025 3396 2094 Georgii.

2267 2175 2289 2202 «ι
2325 2149 2565 2219 Tunica,
2599 2170 2621 2199 ιι
2653 2147 2845 2220 inquit
2860 2142 3162 2214 Dominus,
3189 2143 3379 2200 «linea
3403 2140 3706 2210 vestietur,
3737 2139 3905 2198 femi-

2194 2239 2425 2298 nalibus
2451 2236 2620 2295 lineis
2651 2234 2901 2294 verenda
2929 2232 3157 2302 celabit,
3187 2230 3516 2302 accingetur
3545 2244 3694 2286 zona
3727 2228 3898 2297 linea,

2195 2327 2436 2387 cidarim
2485 2326 2698 2383 lineam
2752 2323 3010 2398 imponet
3054 2319 3243 2394 capiti.
3303 2319 3442 2376 Haec
3488 2317 3651 2375 enim
3717 2317 3897 2375 vesti-

2193 2425 2390 2476 menta
2416 2421 2550 2473 sunt
2574 2421 2789 2484 sancta,
2821 2411 3053 2484 quibus,
3087 2425 3224 2468 cum
3271 2406 3425 2466 lotus
3454 2405 3656 2475 fuerit,
3696 2405 3894 2463 indue-

2195 2515 2290 2566 tur
2356 2509 2498 2578 (Lev.
2552 2509 2702 2574 XVI).
2764 2527 2790 2554 ι»
2850 2500 3124 2574 Quisquis
3181 2499 3336 2557 enim
3399 2499 3460 2555 in
3521 2496 3895 2555 tabernaculo

2198 2595 2428 2666 Christi,
2476 2593 2629 2669 quod
2673 2599 2758 2650 est
2806 2589 3078 2660 Ecclesia,
3133 2589 3503 2661 semetipsum
3543 2586 3665 2644 Deo
3716 2587 3891 2644 sacri-

2197 2687 2368 2744 ﬁcare
2411 2684 2722 2754 contendit,
2771 2697 3003 2741 necesse
3063 2686 3166 2750 est,
3221 2686 3285 2738 ut
3326 2684 3631 2752 postquam
3674 2677 3899 2735 lavacro

2201 2774 2344 2832 sacri
2382 2773 2557 2831 fontis
2585 2771 2863 2842 abluitur,
2895 2770 3140 2829 diversis
3185 2770 3360 2828 etiam
3406 2767 3695 2825 virtutum
3725 2765 3902 2823 vesti-

2199 2863 2310 2920 bus
2361 2862 2655 2932 induatur,
2697 2861 2846 2919 sicut
2890 2860 3166 2933 scriptum
3212 2862 3339 2916 est:
3381 2879 3407 2906 α
3450 2855 3790 2914 Sacerdotes
3829 2853 3906 2911 tui

2201 2954 2521 3012 induantur
2567 2953 2794 3027 justitia
2842 2953 3007 3025 (Psal.
3037 2949 3251 3019 CXXXI)
3282 2965 3296 3016 ;
3337 2968 3364 3000 ι)
3391 2951 3684 3020 quatenus
3713 2943 3906 3018 quiin

2201 3047 2424 3104 Christo
2464 3061 2564 3118 per
2587 3044 2940 3117 baptismum
2970 3057 3159 3100 novus
3208 3039 3381 3096 homo
3408 3034 3759 3102 renascitur,
3793 3048 3903 3090 non

2195 3137 2316 3209 jam
2359 3134 2627 3209 pelliceas
2673 3133 2912 3200 tunicas,
2950 3127 3309 3189 mortalitatis
3355 3125 3618 3184 videlicet
3663 3121 3900 3188 indices,

413 3215 626 3274 tionem
655 3214 894 3287 rapitur,
932 3213 1071 3270 fOI'iS
1099 3209 1803 3298 ίίῖῧΐωδοηῖίυωνυθὲοῖίίε
1845 3212 2177 3282 frequen'C
2201 3227 2425 3298 vestiat,
2484 3226 2584 3284 sed
2625 3223 2877 3298 deposito
2907 3221 3088 3280 veteri
3119 3219 3376 3287 homine,
3403 3230 3625 3274 novum
3678 3213 3899 3281 induat,

412 3310 496 3360 ter
526 3309 780 3375 urgetur.
810 3301 977 3360 Intus
1007 3300 1109 3358 Dei
1139 3315 1346 3358 arcana
1385 3297 1744 3371 considerat;
1775 3298 1916 3356 foris
1945 3315 2121 3358 onera

412 3391 735 3450 carnalium
781 3395 984 3464 portat.
1025 3389 1134 3459 Qui
1161 3389 1232 3447 de
1253 3390 1426 3448 rebus
1465 3403 1694 3462 quoque
1727 3387 1922 3446 dubiis
1967 3404 2119 3446 sem-

411 3506 513 3563 per
559 3488 631 3546 ad
675 3484 1114 3545 tabernaculum
1166 3484 1409 3543 recurrit
1453 3499 1516 3540 ac
1563 3498 1753 3541 coram
1799 3483 2121 3542 testamenti

411 3593 542 3635 arca
569 3575 884 3634 Dominum
918 3572 1184 3642 consulit,
1228 3573 1473 3630 formam
1500 3571 1698 3644 procul
1731 3571 1908 3631 dubio
1939 3579 2120 3631 recto-

416 3666 577 3723 ribus
615 3664 899 3738 praebens,
933 3668 1016 3732 ut,
1047 3676 1182 3718 cum
1229 3661 1366 3719 foris
1410 3659 1712 3733 ambigunt
1749 3661 1889 3733 quid
1928 3661 2120 3734 dispo-

416 3760 576 3824 nant,
623 3753 695 3811 ad
751 3758 1001 3810 mentem
1048 3765 1272 3822 semper
1335 3748 1504 3822 quasi
1552 3749 1624 3805 ad
1686 3748 2122 3808 tabernaculum

413 3843 640 3912 adeant,
698 3848 753 3899 et
814 3839 973 3899 velut
1021 3854 1213 3897 coram
1261 3837 1585 3895 testamenti
1632 3852 1761 3895 arca
1804 3837 2120 3898 Dominum

413 3931 735 4003 consulant,
768 3931 816 3989 si
861 3930 931 3988 de
975 3929 1049 3988 iis
1076 3929 1139 3987 in
1165 3928 1377 4002 quibus
1429 3928 1696 3987 dubitant
1743 3931 1898 4003 apud
1943 3936 2124 3988 semet

414 4019 568 4096 ipsos
611 4020 769 4078 intus
812 4018 959 4077 sacri
989 4015 1206 4093 eloquii
1242 4017 1480 4090 paginas
1513 4016 1838 4091 requirunt.
1876 4016 2039 4076 Unde
2069 4024 2123 4076 et

414 4109 539 4184 ipsa
589 4107 837 4179 Veritas,
883 4123 984 4181 per
1023 4106 1449 4179 susceptionem
1477 4105 1642 4163 nobis
1674 4112 1885 4163 nostra:
1923 4103 2122 4164 humi-

413 4199 592 4257 litatis
631 4205 876 4266 ostensa,
929 4195 1201 4255 noctibus
1245 4194 1307 4252 in
1361 4202 1554 4252 monte
1616 4193 1974 4252 orationibus
2017 4211 2123 4252 va-

417 4295 505 4345 cat
539 4289 683 4358 (Luc.
719 4287 795 4355 v1)
822 4303 835 4355 ;
867 4283 959 4341 die
993 4300 1126 4341 vero
1173 4283 1236 4339 in
1284 4283 1530 4340 urbibus
1568 4299 1669 4355 per
1709 4283 2122 4341 miraculorum

418 4374 583 4444 signa
613 4376 905 4438 coruscat;
938 4369 1284 4426 imitationis
1336 4368 1605 4426 videlicet
1647 4370 1803 4428 viam
1830 4371 1996 4428 bonis
2031 4387 2123 4429 re-

420 4461 676 4518 ctoribus
726 4467 1004 4526 sternens,
1041 4467 1122 4528 ut,
1156 4457 1206 4515 si
1247 4456 1368 4529 jam
1418 4473 1646 4516 summa
1681 4462 2123 4534 contemplanda

417 4556 709 4625 appetunt,
738 4548 1173 4607 necessitatibus
1202 4556 1394 4606 tamen
1441 4547 1866 4610 inﬁrmantium
1891 4569 2182 4639 compa-D

423 4640 614 4700 tiendo
664 4641 1036 4710 misceantur,
1073 4639 1210 4713 quia
1244 4647 1382 4697 tunc
1419 4639 1490 4697 ad
1521 4639 1633 4698 alta
1664 4641 1911 4702 Charitas
1942 4645 2118 4704 mira-

418 4731 614 4790 biliter
636 4730 841 4804 surgit,
870 4743 1003 4788 cum
1032 4729 1099 4786 ad
1132 4728 1250 4786 ima
1272 4728 1671 4802 proximorum
1701 4746 1761 4789 se
1791 4731 2116 4792 misericor-

425 4820 573 4878 diter
602 4818 856 4890 attrahit,
890 4826 944 4877 et
978 4833 1093 4892 quo
1141 4817 1392 4891 benigne
1432 4816 1726 4876 descendit
1775 4821 1848 4878 ad
1888 4821 2112 4892 inﬁma,

423 4908 684 4967 valenter
699 4908 942 4967 recurrit
962 4909 1032 4966 ad
1057 4923 1306 4967 summa.

1097 5049 1340 5108 CAPUT
1368 5049 1440 5110 V.

493 5166 554 5219 In
583 5160 814 5232 epistola
837 5158 911 5232 ad
941 5157 1287 5215 Cunibertum
1313 5159 1693 5215 Tatwin—ensem
1717 5162 2044 5232 episcopum,

861 5231 927 5285 de
955 5232 1346 5285 incontinentia
1375 5232 1707 5288 clericorum.

499 5363 519 5390 α
555 5336 813 5410 Arreptis
870 5335 1066 5393 Nadab
1115 5341 1171 5392 et
1207 5334 1382 5406 Abiu,
1426 5334 1530 5391 ﬁlii
1561 5336 1772 5405 Aaron,
1807 5335 2122 5394 thuribulis

423 5427 566 5497 suis,
595 5430 909 5498 posuerunt
932 5425 1126 5498 ignem
1159 5431 1213 5481 et
1258 5424 1563 5482 incensum
1591 5424 1856 5496 desuper,
1885 5422 2122 5482 oﬁ‘eren-

425 5521 508 5570 tes
537 5529 728 5570 coram
775 5512 1022 5570 Domino
1075 5511 1269 5584 ignem
1312 5511 1589 5581 alienum,
1625 5513 1777 5584 quod
1808 5511 1891 5568 eis
1918 5528 2124 5584 praece-

429 5609 590 5678 ptum
629 5617 746 5659 non
775 5609 894 5660 erat
924 5623 939 5674 ;
997 5617 1377 5675 egressusque
1421 5608 1505 5660 est
1557 5602 1711 5673 ignis
1744 5618 1777 5658 a
1804 5602 2048 5661 Domino
2071 5610 2127 5662 et

423 5691 722 5750 devoravit
774 5706 890 5762 eos,
945 5698 999 5749 et
1047 5691 1263 5751 mortui
1309 5697 1446 5750 sunt
1481 5706 1670 5749 coram
1700 5690 1946 5750 Domino
1983 5697 2121 5763 (Le-v.

430 5783 511 5847 Χ).
546 5801 567 5828 ι
596 5775 744 5846 Quid
769 5782 856 5834 est
881 5777 1038 5834 enim
1076 5778 1332 5838 alienum
1355 5779 1552 5852 ignem
1581 5779 1825 5838 Domino
1864 5783 2124 5842 sacerdo-

2202 3316 2343 3375 etin
2379 3332 2445 3374 eo
2474 3331 2575 3389 per
2599 3313 2836 3373 mundae
2865 3307 3318 3370 conversationis
3353 3304 3612 3363 studium
3657 3303 3905 3360 innova-

2205 3414 2297 3466 tus
2330 3407 2504 3465 vivat.
2539 3405 2609 3463 Et
2640 3405 2959 3462 notandum
2985 3399 3135 3474 quod
3163 3412 3366 3456 omnes
3390 3395 3502 3454 illa;
3526 3399 3717 3452 vestes
3740 3391 3907 3450 linem

2203 3495 2628 3554 describuntur.
2677 3494 2890 3552 Linum
2934 3491 3146 3567 quippe
3190 3488 3260 3546 ad
3312 3483 3617 3543 candorem
3652 3496 3792 3540 cum
3825 3478 3906 3535 la-

2204 3589 2342 3647 bore
2372 3586 2722 3661 perducitur,
2761 3593 2816 3643 et
2842 3584 3124 3641 virtutum
3153 3578 3272 3637 vita
3299 3592 3417 3635 non
3445 3572 3772 3647 acquiritur
3799 3569 3905 3661 sub

2210 3657 2428 3748 torpore
2479 3674 2733 3744 desidiae,
2781 3671 2879 3731 sed
2927 3671 2991 3729 iu
3038 3666 3341 3728 laboriosae
3388 3663 3580 3739 potius
3628 3657 3906 3719 exercitio

2205 3766 2545 3840 disciplinae.

2847 3849 3104 3910 CAPUT
3129 3846 3257 3908 VII.

2687 3967 2750 4020 In
2776 3979 3014 4019 sermone
3043 3963 3102 4019 S.
3128 3957 3425 4028 Bonifaciz’.

2277 4079 2539 4140 Pontifex
2587 4078 2880 4137 viventem
2922 4074 3156 4133 hircum
3202 4071 3312 4128 hoc
3362 4065 3532 4125 modo
3563 4062 3808 4138 jubetur
3833 4075 3902 4120 ex

2206 4173 2328 4245 lege
2393 4171 2598 4230 offerre
2649 4176 2732 4239 ut,
2796 4166 2980 4242 posita
3035 4179 3206 4236 super
3259 4166 3428 4233 caput
3483 4158 3612 4230 ejus
3659 4161 3901 4245 utraque

2206 4243 2410 4334 manu,
2446 4263 2789 4322 conﬁteatur
2825 4272 3028 4318 omnes
3075 4253 3410 4328 iniquitates
3441 4249 3696 4308 ﬁliorum
3735 4243 3908 4334 Israel

2205 4362 2261 4412 et
2309 4333 2584 4414 universa
2621 4352 2828 4410 delicta
2869 4355 3041 4422 atque
3088 4348 3315 4418 peccata
3363 4354 3585 4418 eorum,
3632 4349 3769 4408 quae
3798 4333 3905 4390 im-

2203 4459 2443 4517 precans
2481 4442 2651 4516 capiti
2681 4442 2806 4512 ejus
2853 4437 3075 4497 emittat
3121 4432 3291 4490 illum
3320 4429 3380 4486 in
3419 4427 3714 4517 desertum

2205 4512 2358 4601 XVI).
2393 4512 2660 4602 Quid—est
2686 4537 2881 4588 autem
2911 4527 3143 4585 hircum
3169 4521 3404 4593 utrique
3446 4515 3649 4574 manui
3670 4512 3902 4586 pontiﬁ-

2202 4625 2284 4681 cis
2307 4622 2536 4696 subjici,
2552 4621 2668 4679 nisi
2700 4619 2918 4678 Filium
2944 4613 3195 4675 hominis
3221 4612 3286 4669 in
3313 4603 3700 4696 similitudine
3721 4602 3902 4661 carnis

2201 4695 2427 4785 peccati
2463 4710 2790 4769 venientem
2839 4723 2939 4778 per
2989 4703 3347 4762 voluntatem
3393 4695 3499 4755 Dei
3551 4699 3726 4785 (Rern.
3761 4696 3900 4760 VIII),

2200 4781 2502 4873 utriusque
2548 4797 2766 4872 populi,
2805 4793 3030 4854 Judaici
3058 4789 3325 4849 videlicet
3374 4792 3433 4844 et
3480 4781 3737 4853 gentilis,
3776 4796 3902 4873 per-

2205 4871 2497 4952 secutione
2537 4871 2765 4964 gravari
2793 4898 2815 4946 ?
2843 4887 3020 4946 Plane
3058 4881 3363 4954 utriusque
3402 4891 3465 4934 se
3494 4874 3679 4934 voluit
3716 4871 3904 4931 mani-

2202 4980 2313 5040 bus
2365 4979 2612 5038 subdere
2641 4977 2747 5052 qui
2790 4977 2862 5034 de
2905 4976 3046 5049 jugo
3073 4968 3289 5029 diaboli
3325 4974 3641 5038 utrumque
3664 4967 3902 5052 venerat

2203 5071 2482 5144 populum
2522 5051 2785 5127 liberare.
2829 5063 2977 5136 Quid
3021 5077 3156 5119 vero
3187 5066 3270 5118 est
3298 5055 3475 5130 quod,~
3521 5061 3646 5144 post
3673 5051 3900 5144 confes-

2203 5142 2422 5218 sionem
2481 5165 2650 5231 atque
2702 5151 3175 5229 imprecationem
3209 5145 3473 5206 omnium
3523 5142 3904 5231 iniquitatum

2205 5246 2459 5304 ﬁliorum
2498 5229 2673 5303 Israel
2705 5259 2878 5318 super
2910 5239 3097 5313 capita
3135 5237 3281 5311 ejus,
3321 5232 3520 5290 hircus
3568 5229 3820 5287 mittitur
3844 5229 3904 5285 in

2202 5333 2514 5403 desertum,
2566 5332 2674 5390 nisi
2724 5331 2861 5403 quia
2891 5331 2941 5387 is
2969 5328 3070 5402 qui
3107 5330 3332 5400 peccata
3390 5328 3586 5380 nostra
3636 5319 3906 5392 portavit,

2205 5423 2307 5494 qui
2360 5422 2501 5494 legis
2542 5420 2844 5478 maledicta
2873 5417 3168 5480 sustinuit,
3201 5412 3464 5488 protinus
3492 5409 3557 5468 in
3588 5407 3908 5474 desertum,

2209 5511 2310 5570 ubi
2364 5511 2674 5585 nonaginta
2725 5523 2930 5566 novem
2966 5504 3296 5578 reliquerat,
3326 5516 3494 5559 ovem
3531 5496 3912 5555 centesimam

2210 5582 2574 5674 reportavit"?
2604 5600 2821 5671 (Matth.
2861 5595 3052 5667 XVIII.)
3083 5591 3246 5651 Unde
3272 5596 3327 5648 et
3363 5587 3677 5662 Apostolus
3721 5603 3735 5642 :
3781 5608 3802 5636 ι
3841 5582 3913 5642 Ut

2206 5707 2333 5764 nos,
2384 5690 2594 5764 inquit,
2656 5687 2925 5746 liberaret
2972 5703 3007 5744 a
3042 5681 3370 5752 maledicto,
3425 5681 3545 5752 ipse
3584 5676 3775 5734 factus
3829 5685 3916 5735 est

2209 5782 2581 5841 maledictum
2613 5781 2751 5855 (Gal.
2786 5783 2890 5852 III).
2931 5801 2952 5830 ι
