4028 6168
365 304 500 360 I033

945 412 1171 472 CAPUT
1211 410 1341 471 VIII.

358 506 441 560 Ad
477 504 816 561 Cunibertam
849 503 1223 560 Taurinensem
1252 506 1573 575 episcopum,
1614 504 1678 559 de
1718 503 1940 559 inconti-

880 577 1056 630 nentia
1084 576 1415 631 clericorum.

435 704 454 737 ι
497 686 670 742 Omne
727 684 930 740 animal
977 685 1119 755 quod
1152 684 1244 741 .vel
1292 685 1562 749 contritis,
1609 685 1695 741 vel
1743 684 1936 748 tunsis,

352 775 441 831 vel
473 774 639 830 sectis
672 773 978 845 ablatisque
999 774 1423 840 .testiculisest,
1454 775 1621 844 '12]
1659 772 1940 839 nouella-

358 866 488 920 retis
513 865 741 943 Domino
762 863 1107 956 (Leu...xnl).
1126 910 1127 915 η
1144 883 1165 917 ι
1198 863 1369 923 Porro
1392 864 1439 921 si
1467 872 1618 919 tanto
1646 863 1791 921 Deus
1811 863 1939 921 odio

357 957 517 1011 habet
538 955 905 1013 sterilitatem
923 952 1010 1009 'in
1061 954 1391 1011 animalibus
1412 1004 1415 1009 .
1433 954 1631 1019 brutis,
1648 1006 1651 1009 λ
1668 969 1794 1024 quae
1835 952 1938 1009 sibi

334 1060 453 1114 .per
471 1037 815 1101 sacendolale
828 1043 1199 1100 ministerium
1234 1043 1559 1109 adferuntur,
1583 1052 1788 1114 quanto
1804 1057 1939 1098 ma-

350 1135 436 1204 gis
462 1136 954 1205 liancaspernatur
989 1134 1469 1201 in.sacerdotibus,
1495 1134 1588 1204 qui
1621 1133 1724 1191 sibi
1762 1133 1938 1191 sacri-

344 1223 815 1291 ﬁciumoll'erunt,
843 1223 1107 1279 nimirum
1125 1232 1216 1289 ut,
1235 1225 1377 1279 sicut
1402 1224 1458 1281 in
1482 1224 1588 1280 illis
1612 1223 1756 1291 fetus
1769 1223 1938 1295 exigi-

352 1326 442 1371 tur
464 1316 666 1380 carnis,
694 1317 769 1371 ita
793 1316 1109 1373 sacerdotes
1134 1317 1189 1371 in
1215 1316 1361 1373 alios.
1379 1317 1705 1388 propagines
1736 1316 1937 1387 germi-

330 1456 337 1459 .
356 1416 495 1462 neut
510 1407 819 1463 castitatis?

968 1499 1196 1557 CAPUT
1235 1496 1328 1554 IX.

702 1589 772 1646 In
820 1608 1058 1653 sermone
1084 1591 1142 1659 in
1168 1607 1314 1646 cwna
1342 1590 1577 1645 Domini.

424 1698 442 1730 ι
472 1676 714 1751 Prmoipe
746 1680 873 1737 ﬁliis
894 1681 1095 1747 Israel,
1119 1680 1199 1737 ait
1224 1680 1486 1737 Dominus
1510 1681 1579 1735 ad
1607 1680 1851 1752 Moysen,
1879 1690 1938 1735 ut

1655 299 1723 354 IN
1757 295 2018 355 LIBRUM
2057 296 2340 355 NUMERI.

1967 420 2017 477 Α
2048 422 2197 475 mea,
2240 422 2344 462 una
2372 400 2657 479 genitricis
2677 422 2787 463 sure
2822 407 2998 481 (Cant.
3031 407 3141 481 νι),
3173 427 3190 461 ι
3223 410 3351 482 quid
3379 420 3460 466 est
3489 414 3633 482 quod

3496 299 3633 360 I055

2046 501 2103 554 in
2129 500 2300 569 sacris
2333 499 2564 570 eloquiis
2591 507 2798 570 septem
2829 511 2950 555 esse
2994 499 3627 565 referunturEcclesim.

2044 588 2150 645 nisi
2176 588 2328 660 quia,
2351 603 2472 658 quae
2505 589 2664 661 122
2692 603 2799 643 una
2830 600 2915 644 est
2936 603 3034 659 per
3065 590 3327 651 unitatem
3363 591 3512 658 ﬁdei,
3543 606 3630 648 se-

2041 682 2313 753 ptiformis
2352 689 2434 739 est
2460 693 2559 752 per
2586 682 2807 738 totidem
2851 681 2991 737 dona
3042 682 3277 754 Spiritus
3305 685 3511 741 sancti?
3538 684 3631 740 liae

2041 780 2169 837 sunt
2192 773 2336 828 enim
2365 781 2575 843 septem
2604 770 2709 827 illae
2737 771 2991 839 mulieres
3016 772 3333 845 quee,‘juxta
3356 775 3629 845 propheta:

2040 861 2394 928 vaticinium,
2424 875 2686 932 accepere
2708 862 2883 927 virum
2912 879 3081 919 unum
3109 863 3268 937 (Isai.
3295 865 3392 935 ιγ).
3417 845 3629 920 νίτῖιιι-

2041 960 2149 1009 tem
2180 953 2465 1021 Ecclesiae,
2508 953 2930 1025 CbristusJIoc
2956 955 3115 1027 plane
3163 958 3338 1011 sancti
3390 956 3627 1026 Spiritus

2038 1043 2161 1100 oleo
2185 1054 2383 1101 cuncta
2403 1060 2684 1105 sacrarum
2713 1043 3121 1118 Scripturarum
3142 1045 3339 1121 pabula
3365 1048 3626 1121 condiun-

2043 1145 2150 1200 tur,
2189 1147 2251 1192 ut
2292 1137 2598 1193 animarum
2652 1144 2963 1194 nostrarum
3027 1137 3239 1193 viscera
3292 1120 3625 1209 Saginentur.

2039 1228 2155 1283 Hoc
2181 1227 2361 1285 oleum
2402 1226 2660 1285 vitalibus
2679 1226 2860 1299 'epulis
2887 1227 3088 1300 eloquii
3117 1227 3355 1285 caelestis
3387 1228 3626 1287 infusum

2037 1318 2181 1389 sapit
2216 1318 2271 1373 in
2317 1317 2566 1374 faucibus
2596 1319 2823 1386 animm,
2859 1318 3096 1391 cuiuset
3144 1321 3485 1377 stomachum
3535 1337 3624 1378 re-

2038 1419 2207 1475 creat,
2229 1418 2285 1464 et
2304 1418 2520 1481 gustum
2540 1409 2893 1480 percipientis
2913 1411 3187 1467 obdulcat.
3206 1410 3343 1467 Nam
3363 1412 3626 1482 scriptum

2037 1508 2122 1556 est
2154 1518 2167 1553 :
2207 1518 2227 1555 ι
2261 1499 2475 1554 Littera
2500 1500 2727 1565 occidit,
2772 1500 2997 1569 spiritus
3026 1510 3205 1556 autem
3250 1500 3487 1556 viviﬁeat
3536 1500 3626 1573 (II

2038 1588 2161 1645 Cor.
2189 1589 2296 1660 ιιι).
2336 1608 2357 1643 ›
2388 1588 2543 1647 Unde
2570 1589 2847 1646 sciendum
2893 1600 2977 1647 est
3026 1592 3151 1663 quia
3203 1607 3391 1648 omnes
3438 1607 3627 1649 sacro-

2039 1679 2525 1743 rum'voluminum
2572 1680 2781 1751 paginae
2829 1683 3006 1737 sancti
3052 1681 3289 1749 Spiritus
3332 1683 3453 1740 oleo
3496 1690 3673 1743 sunt.

346 1766 579 1823 oﬂ'erant
611 1768 708 1824 tibi
722 1769 912 1825 oleum
935 1770 1003 1825 de
1031 1769 1192 1825 olivis
1216 1770 1569 1841 purissimum
1598 1784 1666 1826 ac
1688 1769 1930 1826 lucidum
1961 1773 2007 1832 Β
2034 1769 2286 1826 condita.

346 1856 415 1910 ad
447 1858 853 1915 concinnandas
881 1860 1135 1916 lucernas
1153 1861 1360 1932 iugiter
1387 1868 1544 1917 extra
1574 1861 1753 1917 velum
1780 1861 1936 1920 testi-

344 1947 511 2003 monii
536 1948 616 2002 .in
664 1949 1017 2006 tabernaculo
1049 1950 1297 2018 laedaris;
1332 1961 1603 2023 ponetque
1632 1967 1732 2009 eas
1750 1952 1931 2007 Aaron

343 2054 376 2094 a
404 2054 627 2111 vespere
654 2056 827 2112 usque
854 2043 914 2098 in
942 2057 1103 2107 mane
1128 2057 1314 2101 coram
1358 2044 1588 2101 Domino
1614 2044 1763 2101 cultu
1795 2044 1933 2100 ritu-

338 2145 447 2200 que
474 2141 734 2202 perpetuo
778 2134 857 2188 in.
882 2134 1325 2203 generationibus
1348 2135 1577 2203 vestris;
1610 2151 1776 2207 super
1798 2148 1927 2192 can-

342 2220 631 2277 delabrum
644 2221 1064 2287 mundissimum
1087 2232 1360 2293 ponentur
1378 2237 1595 2292 semper
1619 2223 1675 2278 in
1701 2239 1932 2296 conspe-

341 2322 431 2367 ctu
463 2311 677 2369 Domini
718 2312 867 2385 (Lor.
921 2312 1093 2384 xxiv).
1129 2332 1147 2364 ι
1183 2313 1324 2380 Quid
1359 2323 1540 2383 autem
1587 2329 1686 2384 per
1725 2323 1931 2386 septem

344 2404 599 2459 lucernas
647 2403 703 2457 in
751 2403 1516 2475 tabernaculo,.nisiseptem
1554 2403 1933 2475 signiﬁcantur

342 2492 601 2551 Ecclesiae
628 2493 689 2548 in»
714 2508 826 2549 uno
854 2494 1052 2565 populo
1076 2493 1422 2561 Christiano,
1448 2495 1512 2550 in
1534 2495 1733 2565 quibus
1765 2494 1928 2551 simi-

344 2601 466 2641 rum
488 2585 670 2641 oleum
711 2586 934 2657 iubetur
960 2585 1330 2643 indesinenter
1359 2587 1577 2651 ardere,
1608 2586 1735 2656 quia
1763 2587 1821 2641 in
1846 2587 1933 2642 his

339 2679 554 2737 sincera
578 2680 853 2746 clraritas,
878 2694 1017 2750 quae
1041 2694 1144 2751 per
1175 2678 1439 2750 Spiritum
1466 2689 1719 2737 sanctum
1746 2681 1929 2749 datur,

313 2806 319 2819 ι
340 2768 544 2838 gemini
568 2767 731 2825 debet
753 2769 957 2825 amoris
983 2769 1107 2841 igne
1135 2768 1467 2837 fervescere,
1495 2782 1554 2825 et
1577 2769 1739 2829 claris
1766 2780 1930 2841 atque

340 2858 648 2930 conspicuis
669 2874 885 2931 semper
904 2860 1161 2930 operibus
1183 2861 1511 2918 coruscare?
1533 2860 1642 2918 Sed
1668 2877 1794 2918 cum
1821 2878 1928 2918 una

339 2947 413 3003 sit
451 2948 641 3018 procul
681 2949 847 3006 dubio
875 2950 1140 3008 catholica
1186 2958 1245 3008 et
1287 2952 1614 3008 universalis
1649 2952 1926 3021 Ecclesia,

338 3039 484 3096 sicut
513 3055 613 3111 per
658 3041 1002 3099 Salomoncm
1037 3042 1239 3099 dicitur
1274 3062 1289 3097 :
1327 3063 1346 3097 ε
1380 3045 1497 3103 Una
1545 3054 1630 3102 est
1673 3044 1926 3102 columba

2658 1861 2885 1918 CAPUT
2924 1863 2992 1919 Χ.

2145 1952 2206 2006 ιη
2245 1952 2464 2023 epistola
2509 1953 2578 2007 ad
2609 1952 3030 2008 Hildebrandum
3075 1965 3122 2009 et
3170 1955 3513 2025 Stephanum.

2109 2061 2127 2094 ι
2164 2040 2473 2099 Comedctis
2498 2043 2868 2099 vetustissima
2920 2055 3162 2101 veterum
3181 2086 3196 2111 ,
3227 2054 3282 2102 et
3309 2054 3492 2103 vetera
3520 2062 3618 2104 no-

2034 2130 2116 2188 vis
2142 2131 2650 2203 supervenientibus
2695 2131 2993 2203 projicietis
3023 2132 3215 2205 (Levit.
3247 2136 3419 2207 xm).
3459 2155 3477 2188 ι
3514 2137 3622 2194 Ve-

2036 2222 2395 2281 tustissimum
2423 2223 2624 2295 quippe
2675 2224 2835 2281 nobis
2856 2234 2941 2280 est
2976 2226 3181 2295 primos
3224 2227 3483 2285 homines
3517 2229 3624 2286 Do.

2034 2313 2167 2368 mini
2197 2313 2252 2369 in
2283 2315 2535 2383 paradiso
2564 2316 2916 2385 conspicere;
2968 2327 3119 2373 vetus
3151 2326 3361 2384 autem,
3406 2319 3621 2376 Israeli-

2035 2404 2203 2459 ticum
2222 2394 2477 2475 populum
2498 2403 2929 2461 circumcisionis
2949 2419 3012 2461 ac
3031 2388 3428 2477 sacriﬁciorum
3452 2410 3618 2466 ritum

2032 2493 2482 2565 diversarumque
2552 2494 3000 2551 caeremoniarum
3065 2498 3318 2552 mandata
3376 2513 3617 2556 servare.

2035 2585 2189 2644 Tunc
2214 2586 2400 2658 itaque
2429 2584 2794 2642 vetustissima
2820 2593 3065 2642 veterum
3098 2588 3296 2644 mentis
3318 2603 3417 2645 ore
3439 2604 3622 2646 come-

2033 2675 2240 2744 dimus,
2264 2690 2411 2745 cum,
2444 2675 2512 2732 ad
2558 2674 2730 2731 instar
2758 2675 2919 2746 primi
2949 2677 3208 2747 parentis,
3239 2677 3335 2734 Dei
3381 2680 3618 2749 speciem

2033 2765 2481 2839 contemplamur.
2516 2766 2714 2823 Vetera
2743 2780 2875 2822 vero
2902 2767 3061 2823 novis
3109 2770 3618 2839 supervenientibus

2032 2857 2223 2928 procul
2249 2857 2568 2928 abjicimus.
2618 2858 2744 2913 dum
2778 2854 3053 2926 Evangelii
3092 2859 3266 2930 gratia
3295 2870 3618 2916 coruscantc

2032 2953 2279 3013 Mosaica:
2308 2952 2444 3023 legis
2473 2952 2878 3009 observantiam
2919 2966 3030 3007 non
3058 2967 3331 3010 curamus.

1430 3151 1760 3223 .Expliciunt
1797 3152 2093 3208 testimonia
2119 3150 2241 3204 libri
2278 3118 2531 3203 Levitici.»

1326 3270 1673 3364 lucremur
1727 3304 2072 3363 caenum
2109 3302 2288 3360 LIBRI
2332 3299 2619 3357 NUMERI.

376 3422 429 3475 I.
467 3419 685 3490 Applica
717 3417 908 3490 tribum
933 3415 1076 3490 Levi,
1107 3425 1155 3469 et
1183 3414 1269 3482 {ac
1289 3424 1428 3490 stare
1455 3414 1511 3469 in
1537 3421 1815 3490 conspectu
1841 3411 2043 3490 Aaron.
2072 3410 2321 3490 dabisque
2357 3410 2495 3490 dono
2523 3406 3008 3490 Devitas‘AarpnAet
3031 3409 3158 3478 ﬁliis
3185 3413 3318 3490 ejus:
3386 3426 3393 3433 '

370 3491 425 3545 2.
469 3476 622 3555 Quod
643 3476 1152 3557 populuscolligens
1174 3476 1371 3557 manna
1401 3476 1675 3557 frangebat
1700 3483 1881 3557 mola,
1896 3476 2306 3557 sireterebat'in
2348 3477 2625 3557 mortario,
2653 3486 2701 3530 et
2728 3476 2950 3557 faciebat
2974 3476 3039 3531 ετ
3063 3495 3123 3557 eo
3146 3476 3394 3533 tortulas.

370 3561 425 3613 5.
466 3546 735 3628 δοηθτᾶρὰ
760 3555 898 3628 mihi
914 3546 1248 3623 septuaginta
1276 3546 1419 3628 viros
1441 3553 1507 3606 de
1526 3546 1823 3628 senioribus
1853 3548 2053 3628 Israel.
2079 3565 2208 3628 quos
2235 3558 2291 3602 tu
2315 3546 2618 3628 nostiguod
2647 3562 2794 3601 senes
2817 3546 2919 3602 sirit
2941 3548 3143 3617 populi.

370 3631 424 3685 4.
470 3617 751 3697 Ρενῇεηῗεδ
780 3617 1137 3697 exploratores
1163 3638 1326 3694 usque
1350 3622 1419 3676 ad
1450 3630 1729 3677 torrentem
1760 3617 2285 3687 Botri,abscitlerunt
2313 3617 2583 3689 palmitem
2609 3632 2727 3671 cum
2754 3632 2855 3671 uva
2883 3633 3005 3683 sua,
3025 3634 3177 3689 quem
3194 3627 3531 3690 portaverant
3550 3620 3609 3676 in

515 3708 657 3753 vecte
684 3701 790 3750 duo
819 3697 941 3749 viri.

369 3770 425 3823 ii.
465 3767 626 3832 Item,
646 3768 785 3820 unde
817 3780 999 3833 supra.

410 3878 423 3893 .
468 3827 678 3892 Tollens
704 3827 892 3891 Aaron
918 3832 1269 3897 thuribulum,
1301 3832 1533 3886 cucurrit
1557 3848 1649 3901 per
1678 3832 1905 3886 mediam
1936 3831 2325 3885 multitudinem
2345 3869 2360 3893 ,
2390 3844 2547 3899 quam
2576 3827 2811 3901 vastabat
2839 3827 3158 3901 incendium.

412 3950 425 3963 .
469 3905 707 3976 Prmeipe
732 3905 861 3974 ﬁliis
896 3903 1068 3959 Israel
1097 3915 1152 3957 ut
1188 3902 1456 3957 adducant
1483 3897 1627 3956 ad'te
1653 3918 1864 3955 vaccam
1900 3902 2120 3971 ruifam,
2153 3907 2304 3956 (etate
2326 3897 2586 3971 integram
2605 3937 2620 3962 ,
2651 3897 2765 3951 sine
2795 3898 3026 3965 macula,
3050 3914 3169 3969 qua
3200 3915 3303 3953 non
3334 3901 3606 3969 pertulerit

504 3980 718 4047 jugum.

411 4090 424 4103 .
467 4038 625 4117 A'peri
654 4046 960 4117 thesaurum
992 4052 1140 4117 tuum
1170 4042 1551 4117 [ontem_aquaz_
1582 4042 1731 4105 vitae,
1761 4049 1820 4117 ut
1852 4040 2098 4117 satur-ali,
2125 4048 2287 4095 cesset
2318 4038 2668 4117 murmuratio
2696 4053 2897 4117 eorum.

409 4157 424 4173 .
465 4109 680 4179 Audite,
707 4113 920 4171 rebelles
946 4122 994 4168 et
1018 4109 1299 4167 increduli.
1332 4109 1481 4181 Num
1517 4109 1581 4165 de
1602 4121 1749 4180 petra
1779 4113 1877 4165 hac
1905 4110 2046 4165 vobis
2068 4126 2260 4181 aquam
2283 4109 2568 4180 poterimus
2597 4109 2827 4179 ejicere?

372 3770 404 3821 5

370 3840 403 3894 6

372 3910 403 3962 7

368 4051 402 4105 8

369 4120 424 4173 .9.
465 4120 680 4179 Audite,
707 4120 920 4171 rebelles
946 4122 994 4168 et
1018 4120 1299 4167 increduli.
1332 4120 1481 4165 Num
1517 4120 1581 4165 de
1602 4121 1749 4180 petra
1779 4120 1877 4165 hac
1905 4120 2046 4165 vobis
2068 4126 2260 4181 aquam
2283 4120 2463 4180 poterit

335 4190 421 4243 IO.
467 4186 621 4253 Qubd
654 4185 909 4239 Dominus
936 4183 1076 4236 misit
1111 4182 1163 4235 in
1189 4179 1441 4251 populum
1470 4188 1731 4247 serpentes
1756 4189 1968 4251 propter
1988 4195 2229 4235 murmur
2260 4195 2463 4233 eorum.

337 4260 423 4313 I‘l.
465 4256 618 4313 Ouod
647 4255 817 4310 Israel
843 4255 983 4308 misit
1011 4254 1221 4307 nuntios
1257 4250 1326 4303 ad
1358 4247 1498 4305 Seon
1523 4249 1700 4304 dicens
1731 4263 1750 4302 :
1788 4248 2016 4305 Obsecro
2041 4289 2059 4313 ,
2088 4250 2315 4305 transire
2336 4249 2463 4303 mihi

336 4329 403 4382 12

407 4297 423 4311 .
465 4247 618 4323 Quod
647 4255 817 4310 Israel
843 4255 983 4308 misit
1011 4247 1326 4323 nuntiosay
1358 4247 1498 4323 Seon
1523 4249 1703 4323 (licens
1731 4247 2016 4323 {Obsecro
2041 4289 2059 4317 ,
2088 4250 2315 4305 transire
2336 4249 2467 4303 mihi
2495 4248 2651 4305 liceat
2677 4267 2770 4321 per
2796 4259 2993 4306 terram
3014 4257 3179 4305 tuam.

411 4365 425 4381 .
468 4317 620 4394 Quod
649 4323 912 4395 prwcipua
941 4322 1067 4376 urbs
1089 4321 1242 4395 regni
1271 4318 1415 4395 Seon
1436 4320 1630 4373 dicitur
1655 4317 1881 4374 Esebon.

338 4400 427 4454 15.
473 4387 616 4451 Tolle
650 4387 880 4451 'cunct'os
928 4387 1190 4464 principes
1234 4390 1438 4462 populi,
1463 4400 1511 4444 et
1538 4398 1796 4460 suspense
1823 4405 1912 4444 eos
1941 4390 1995 4445 in
2030 4388 2265 4461 patibulo
2309 4399 2492 4446 contra
2539 4389 2700 4446 solem
2725 4433 2740 4458 ,
2782 4398 2841 4445 ut
2876 4395 3146 4445 avertatur
3173 4387 3324 4457 furor
3364 4406 3509 4445 meus

512 4466 700 4521 Israel.

337 4538 425 4593 II.
469 4520 622 4603 Quod
647 4534 815 4588 tribus
843 4532 969 4587 Levi
996 4534 1065 4588 ad
1090 4530 1518 4603 repromissionis
1543 4540 1737 4584 terram
1771 4531 2081 4603 pervenerit,
2112 4531 2317 4603 emteris
2344 4530 2582 4603 tribubus
2612 4529 2670 4586 in
2697 4530 2900 4586 deserto
2930 4520 3227 4600 prostratis.

340 4610 425 4663 I5.
468 4600 624 4673 Quod
656 4603 909 4672 Salphaat
935 4619 1038 4655 non
1066 4600 1230 4669 ﬁlios.
1256 4602 1347 4655 sed
1373 4601 1600 4670 quinque
1626 4609 1829 4653 tantum
1855 4600 1997 4673 ﬁlias
2024 4602 2251 4673 moriens
2279 4600 2577 4673 dereliquit.

344 4680 428 4734 l6.
473 4669 553 4730 De
577 4684 693 4729 octo
721 4669 1117 4742 festivitatibus,
1148 4687 1282 4740 quas
1306 4669 1399 4739 per
1423 4684 1845 4742 unumquemque
1869 4670 1997 4742 anni
2032 4671 2289 4742 circulum
2315 4669 2576 4742 Dominus
2612 4670 2875 4742 observari
2907 4669 3173 4742 praecepit.

338 4750 424 4804 I7.
446 4748 679 4802 Armate
704 4738 768 4796 ea:
792 4741 934 4795 vobis
956 4740 1090 4809 viros
1118 4738 1186 4792 nrt
1214 4738 1469 4809 pugnam,
1493 4738 1585 4807 qui
1609 4739 1814 4809 possint
1833 4738 2082 4809 ultionem
2112 4738 2328 4809 Domini
2355 4748 2592 4809 expetere
2621 4738 2685 4791 de
2702 4739 3031 4794 .lladinnitis.

339 4818 428 4874 18.
468 4815 619 4882 Ωιιοά
652 4811 750 4881 ﬁlii
794 4808 963 4864 Israel
994 4805 1250 4864 cementes
1277 4805 1346 4863 ad
1390 4805 1586 4876 fontem
1611 4805 1839 4870 ‘Judicii,
1866 4808 1955 4873 qui
1998 4818 2073 4860 est
2117 4805 2306 4873 Gades,
2336 4805 2705 4875 interfecerunt
2754 4823 2929 4861 omnes
2976 4806 3238 4875 principes
3268 4806 3512 4863 Amalech
3554 4824 3601 4867 et

517 4881 872 4937 Amorrha’os.

340 4957 427 5012 I9.
471 4953 625 5021 Quod
654 4950 825 5005 Israel
856 4951 909 5003 in
940 4948 1294 5018 quadraginta
1317 4947 1520 5000 (limbus
1547 4946 1907 5000 mansionibus
1934 4947 2003 5001 ad
2026 4946 2349 5001 hwreditatis
2378 4945 2691 5016 principium
2716 4946 3021 5016 pervenerit.

1675 5058 1980 5129 Eniliciunt
2004 5058 2259 5129 capitula.

478 5194 835 5312 ras-124
914 5209 1555 5301 INCIPIUNT
1656 5202 2403 5298 TESTIMONIA
2505 5206 2832 5295 LIBRI
2942 5207 3463 5299 NUMERI.

854 5373 1080 5435 CAPUT
1117 5374 1405 5432 PRIMUM.

409 5491 478 5547 In
507 5489 724 5562 cpistola
754 5487 1212 5553 adﬂuentium
1239 5504 1459 5562 papam,
1492 5497 1547 5541 ut
1577 5487 1842 5541 canonicis

836 5561 1204 5630 proprietatem
1235 5558 1407 5611 tollat.

416 5671 436 5709 ι
469 5653 723 5725 Applica,
755 5652 930 5722 inquit
972 5650 1233 5707 Dominus
1265 5649 1467 5721 Moysi.
1503 5649 1702 5707 tribum
1749 5646 1911 5713 Levi,

744 5750 1016 5811 ΡΑτιιοι..
1063 5748 1277 5811 CXLV

1944 5389 1989 5449 ο
2021 5384 2077 5431 et
2112 5375 2197 5431 l‘ac
2226 5384 2374 5432 stare
2402 5377 2456 5431 in
2487 5384 2777 5447 conspectu
2803 5377 2982 5430 Aaron
3009 5377 3342 5445 sacerdotis,
3391 5390 3451 5435 ut
3494 5383 3597 5439 mi~

2022 5467 2251 5523 nistrent
2302 5467 2371 5521 ei.
2409 5484 2428 5517 ι
2476 5465 2542 5520 Et
2590 5466 2775 5519 intra:
2831 5482 2850 5516 ι
2883 5466 3151 5535 Dabisque
3198 5469 3338 5523 dono
3379 5470 3598 5529 Levitas

2020 5557 2199 5611 Aaron
2255 5565 2309 5613 et
2354 5556 2482 5612 Illiis
2528 5555 2679 5627 ejus.
2733 5556 2928 5627 quibus
2982 5558 3163 5611 traditi
3216 5570 3341 5614 sunt
3391 5575 3419 5615 a
3469 5562 3596 5620 ﬁliis

2020 5646 2187 5704 Israel
2216 5646 2408 5717 (Num.
2439 5646 2543 5720 ιιι).
2582 5667 2604 5701 ι
2640 5648 2817 5704 Aaron
2863 5647 3063 5717 quippe
3091 5656 3149 5702 et
3174 5647 3310 5707 ﬁlios
3336 5650 3453 5721 ejus
3475 5654 3592 5724 quis

3038 5740 3117 5801 33
