4028 6168
483 242 508 295 ‘l
521 242 621 298 035

1403 243 1899 300 COLLECTANEA
1944 246 2006 299 IN
2050 244 2274 302 VETUS
2313 246 2855 305 TESTAMENTUM.

3626 256 3651 310 ί
3663 256 3765 314 056

483 342 721 426 ambigat
747 352 829 408 ius
855 352 1107 409 habuisse
1147 353 1501 424 pontiﬁcum?
1526 355 1749 410 Tribum
1780 372 1908 411 vero
1937 358 2061 412 Levi
2094 368 2136 421 Α
2167 358 2274 428 puli
2308 358 2417 411 sint
2446 374 2509 413 ac
2537 359 2811 429 magistri,
2841 368 2897 413 et
2924 358 3089 415 duces
3132 375 3226 418 eos
3256 362 3323 419 ad
3350 364 3549 420 ostium
3586 369 3765 423 taber-

484 445 608 514 quis
635 446 840 500 nesciat
866 445 1168 516 prtetulisse
1194 446 1437 501 ordinem
1483 445 1839 502 clericorum?
1867 447 2067 506 Levita:

483 552 612 604 ergo
645 538 821 591 Aaron
855 548 909 590 et
940 536 1063 591 filiis
1088 538 1204 607 ejus
1243 552 1271 589 a
1306 537 1430 591 ﬁliis
1462 537 1623 593 Israel
1669 540 1811 593 dono
1840 541 2065 595 tradun-

486 639 594 691 tur,
624 642 745 680 cum
791 640 853 679 ex
906 626 1054 679 omni
1086 626 1395 681 Christiano
1423 628 1617 696 populo
1644 629 1908 683 clericalis
1937 632 2068 686 ordo

486 716 536 768 in
574 714 829 769 evcubias
857 713 1209 771 ecclesiastici
1256 716 1432 770 cultus
1460 719 1755 772 assumitur
1779 729 1832 773 et
1851 760 1865 783 ,
1895 730 1952 772 ut
1982 736 2068 774 as-

483 808 677 860 sistant
703 813 862 873 atque
887 806 1215 871 ministrent,
1241 806 1354 861 suis
1377 807 1723 875 pontiﬁcibus
1744 807 2062 863 offeruntur.

483 898 591 953 Sed
623 898 871 968 quisquis
903 914 1092 953 servus
1127 909 1210 954 est
1240 915 1587 963 mammona),
1641 901 1775 955 ritus
1807 901 2067 957 abhorret

479 988 866 1044 ecclesiadica:
891 989 1211 1059 disciplinte.
1234 990 1342 1045 Nec
1366 993 1795 1059 pnetereundum
1817 1004 1898 1045 est
1922 994 2065 1062 quod

481 1078 589 1133 illic
620 1090 821 1148 praesto
853 1078 1195 1149 subiungitur
1227 1099 1239 1133 :
1277 1099 1294 1132 ι
1335 1080 1446 1161 Ιξεο
1472 1122 1486 1146 ,
1538 1082 1615 1135 ait
1647 1080 1932 1147 Dmninns,
1966 1082 2062 1136 tuli

483 1176 700 1230 Levitas
742 1190 771 1229 a
819 1175 942 1230 filiis
985 1176 1150 1229 Israel
1192 1192 1289 1245 pro
1330 1177 1477 1230 onmi
1525 1177 1884 1246 primbgenito
1920 1177 2063 1247 quod

480 1268 657 1337 aperit
688 1267 900 1320 vulvam
948 1268 999 1321 in
1055 1267 1179 1321 filiis
1209 1268 1398 1332 Israel,
1428 1279 1697 1338 eruntque
1724 1268 1922 1323 Levita:
1958 1269 2063 1323 mei

480 1356 671 1427 (Num.
689 1358 803 1428 ιιι),
827 1375 843 1409 ι
867 1356 1137 1425 utliquido
1162 1366 1345 1426 pateat
1372 1357 1693 1412 clericorum
1710 1358 1953 1413 ordinem
1973 1358 2065 1413 Dei

477 1447 866 1517 omnipotentis
893 1462 1013 1501 esse
1045 1446 1344 1517 peculium,
1378 1448 1520 1503 sicut
1547 1458 1601 1502 et
1628 1449 1741 1518 ipse
1769 1447 1912 1504 Deus
1938 1465 2063 1518 spe-

479 1537 633 1592 cialis
660 1547 743 1592 est
774 1538 1059 1591 hazreditas
1086 1538 1433 1591 clericorum.
1459 1537 1563 1593 Sed
1586 1540 1673 1593 cui
1701 1538 1842 1594 Deus
1868 1540 1922 1593 in
1956 1540 2064 1594 lue-

483 1628 710 1682 rcditatc
762 1643 864 1681 non
900 1626 1096 1680 sufﬁcit
1116 1668 1128 1692 ,
1160 1628 1289 1695 quid
1319 1643 1441 1682 eum
1476 1629 1679 1683 satiare
1708 1630 1877 1697 possit
1908 1629 2062 1699 igno-

2171 446 2353 501 uaculi
2386 446 2633 512 foederis,
2667 448 2943 518 faciesque
2971 450 3041 504 ibi
3074 461 3221 506 stare
3249 462 3521 519 tecum,ut
3544 456 3765 512 descen-

2167 537 2290 591 dam
2320 549 2375 593 et
2401 539 2594 608 loquar
2622 540 2751 605 tibi,
2802 550 2858 595 et
2885 540 3128 595 auferam
3165 544 3232 598 de
3261 546 3455 613 spiritu
3507 556 3617 615 tuo,
3653 561 3763 604 tra-

2168 626 2403 696 damque
2447 627 2528 683 eis
2565 626 2757 699 (Num.
2808 630 2907 700 ιι).
2945 649 2962 681 ι
3018 630 3119 686 Ubi
3154 634 3451 688 notandum
3482 640 3623 705 quod
3653 657 3759 695 non

2168 718 2274 785 ait,
2304 718 2517 774 auferes
2541 720 2606 774 de
2631 721 2821 790 spiritu
2853 731 2965 787 tuo,
2993 723 3282 794 tradesque
3300 727 3418 793 eis;
3438 731 3535 783 sed
3558 731 3757 799 potius,

2168 807 2409 861 auferam
2446 818 2500 863 et
2529 810 2760 874 tradam,
2788 820 2850 865 ut
2879 811 3123 881 profeeto
3146 819 3463 872 ostenderet
3499 820 3625 889 quia
3655 838 3759 874 non

2168 896 2332 950 homo
2374 898 2577 952 homini
2632 898 2895 969 Spiritum
2929 911 3182 957 sanctum
3228 906 3430 971 tradit,
3472 908 3571 962 sed
3613 910 3761 965 solus

2167 983 2283 1052 ipse
2314 994 2399 1039 est
2440 987 2554 1054 qui,
2585 997 2743 1057 prout
2773 988 2913 1051 vult,
2941 992 3129 1061 gratia:
3150 1008 3260 1047 sum
3290 987 3431 1050 dona
3462 996 3755 1054 distribuit.

2175 1071 2330 1127 Unde
2351 1085 2402 1129 et
2428 1076 2589 1145 paulo
2616 1090 2737 1146 post
2755 1080 3011 1135 subditur
3033 1098 3057 1137 τ
3095 1100 3115 1135 ι
3146 1083 3544 1156 Descenditque
3569 1088 3755 1146 Domi-

2166 1177 2267 1216 nus
2294 1176 2391 1231 per
2423 1165 2645 1231 nubem,
2681 1176 2744 1222 et
2772 1166 2985 1224 locutus
3016 1182 3099 1226 est
3127 1174 3192 1225 ad
3226 1188 3373 1239 eum,
3419 1176 3670 1233 auferens
3691 1182 3758 1235 de

2165 1253 2356 1321 spiritu
2401 1257 2492 1324 qui
2531 1268 2652 1312 erat
2682 1259 2736 1312 in
2767 1261 2976 1331 Moyse,
3034 1272 3089 1319 et
3124 1264 3262 1318 dans
3298 1271 3641 1341 septuaginta
3676 1274 3756 1326 vi-

2166 1342 2240 1397 ris
2277 1343 2486 1416 (lbid.).
2525 1365 2543 1398 ι
2591 1347 2663 1403 De
2694 1351 2888 1418 spiritu
2940 1361 3121 1407 autem
3169 1353 3336 1426 Moysi
3388 1358 3518 1413 viris
3545 1361 3758 1418 dedisse

2165 1430 2423 1488 Dominus
2440 1436 2668 1504 dicitur,
2694 1449 2752 1492 ut
2770 1449 2823 1493 et
2847 1439 3187 1498 ordinatores
3220 1456 3274 1499 et
3294 1446 3574 1504 ordinatos
3596 1467 3760 1506 unum

2166 1524 2363 1582 debere
2390 1528 2644 1595 spiritum
2686 1531 2890 1587 habere
2932 1534 3279 1604 perspicuum
3316 1538 3598 1609 doceatur,
3628 1532 3761 1613 qua-

2167 1622 2322 1671 tenus
2350 1628 2587 1673 rectores
2616 1618 2871 1676 Ecclesiae
2898 1639 3239 1695 nequaquam
3282 1627 3425 1683 inter
3452 1644 3512 1685 se
3539 1633 3759 1687 diversa

486 1726 594 1779 rat,
651 1718 776 1786 quia
840 1719 1037 1771 mentis
1091 1717 1208 1787 ejus
1261 1717 1478 1772 oculum
1538 1719 1740 1775 furiosa
1800 1720 2054 1788 cupiditas

2165 1707 2433 1774 sentiant,
2465 1710 2607 1764 unde
2633 1711 2960 1779 schismata,
2994 1717 3138 1783 quod
3184 1716 3357 1772 absit!
3402 1730 3497 1773 aut
3525 1722 3762 1779 haereses

478 1818 661 1865 caecat.

1101 1901 1329 1956 CAPUT
1368 1901 1432 1957 ll.

850 1992 915 2047 In
943 2011 1178 2048 sermone
1206 1996 1270 2048 de
1299 2012 1441 2049 coma
1474 1995 1704 2051 Domini.

556 2099 575 2134 ι
615 2081 947 2138 Circumibat
975 2085 1229 2154 populus,
1257 2093 1311 2140 ct
1334 2087 1593 2158 colligens
1621 2103 1819 2159 manna
1852 2088 2064 2159 frange-

480 2172 575 2227 bat
598 2173 737 2229 mola
758 2213 773 2239 ,
800 2173 913 2228 sive
944 2178 1151 2228 terebat
1182 2176 1235 2230 in
1266 2178 1560 2246 mortario,
1591 2194 1830 2248 coquens
1875 2179 1928 2233 in
1956 2180 2063 2234 olla

480 2275 532 2315 et
562 2264 770 2317 faciens
813 2281 877 2319 ex
912 2281 978 2320 eo
1014 2265 1241 2321 tortulas
1278 2268 1489 2338 saporis
1519 2271 1671 2331 quasi
1698 2270 1856 2339 panis
1900 2270 2062 2325 oleati

479 2352 690 2407 (Num.
746 2356 863 2424 χι).
918 2373 936 2408 ι
997 2354 1164 2411 Porro
1214 2367 1395 2412 autem
1441 2360 1595 2429 quasi
1642 2375 1741 2428 per
1799 2360 1962 2415 multa
2008 2362 2062 2416 in

480 2439 706 2496 cellario
733 2441 948 2497 Domini
994 2444 1138 2498 dolia
1194 2448 1479 2501 transitum
1528 2448 1848 2515 habuimus,
1894 2460 1955 2505 ut
1996 2453 2063 2507 ad

474 2531 645 2587 solum
670 2534 937 2602 oleatum,
968 2538 1113 2593 velut
1141 2538 1243 2593 olei
1261 2537 1583 2607 'vasculum,
1628 2546 1911 2612 pervenire
1940 2560 2068 2614 pos-

473 2640 678 2681 semus.
704 2627 896 2682 Manna
920 2630 1174 2701 denique,
1200 2648 1307 2702 quo
1330 2634 1480 2703 plebs
1501 2635 1714 2689 vivebat
1743 2636 2061 2703 Israelitica,

478 2732 694 2771 sacrum
744 2721 1064 2789 designabat
1091 2725 1387 2794 eloquium,
1416 2743 1522 2795 quo
1562 2729 1799 2782 nutritur
1825 2739 1880 2783 et
1908 2746 2065 2800 vege-

473 2818 617 2862 tatur
644 2810 831 2880 religio
862 2812 1194 2868 Christiana.
1227 2816 1379 2883 Quod
1402 2819 1589 2888 utique
1621 2821 1886 2875 veraciter
1908 2822 2060 2876 olca-

473 2907 586 2950 tum
621 2908 742 2965 est,
770 2901 894 2969 quia
926 2906 1157 2973 mystica
1204 2908 1377 2960 sancti
1426 2908 1663 2977 Spiritus
1691 2920 1775 2964 est
1807 2914 2064 2968 unctione

472 3004 846 3060 conspersum.
869 2992 1175 3050 Notandum
1207 3013 1334 3052 vero
1352 3000 1477 3068 quia
1502 3000 1641 3054 idem
1673 3017 1889 3069 manna,
1916 3008 2057 3074 quod

2166 1797 2478 1867 pestilenter
2504 1810 2815 1870 emergant,
2852 1803 2945 1857 sed
2996 1818 3159 1860 unum
3190 1820 3382 1863 omnes
3412 1814 3761 1868 concorditer

2166 1892 2396 1947 doceant
2440 1902 2604 1962 atque
2651 1894 2705 1947 in
2750 1896 2957 1951 unitate
3000 1897 3225 1967 spiritus
3292 1904 3636 1957 unanimiter
3676 1908 3760 1959 vi-

2165 1989 2315 2035 vant.
2347 1980 2520 2037 Porro
2558 1991 2769 2049 autem,
2812 1986 2955 2040 sicut
2979 1990 3321 2059 septuaginta
3348 1992 3454 2057 illi,
3492 2008 3631 2063 quos
3655 1996 3762 2050 Do-

2165 2072 2346 2128 minus
2368 2084 2489 2144 post
2514 2076 2789 2144 apostolos
2812 2078 3085 2134 ordinavit
3105 2079 3256 2147 (Luc.
3282 2097 3314 2135 χ
3341 2085 3393 2153 ).
3423 2085 3762 2155 totidemque

2166 2160 2279 2217 fere
2307 2162 2432 2230 isti,
2478 2180 2616 2235 quos
2667 2183 2787 2221 cum
2818 2167 2988 2238 Moysi
3017 2178 3325 2226 sustentare
3376 2175 3560 2245 populi
3610 2191 3755 2230 cuius

2167 2254 2368 2322 voluit,
2396 2263 2580 2327 typum
2610 2260 3016 2327 praetendebant
3046 2263 3525 2333 presbyterorum;
3561 2267 3637 2320 ita
3667 2270 3756 2322 ni-

2167 2344 2465 2402 hilominus
2493 2346 2705 2419 Moyses
2733 2348 2992 2419 primum,
3019 2362 3093 2416 et,
3144 2364 3285 2422 post,
3313 2356 3543 2425 apostoli
3586 2358 3766 2429 digni-

2168 2445 2331 2491 tatem
2347 2437 2602 2492 videntur
2623 2439 2927 2496 obtinuisse
2947 2442 3290 2512 pontiﬁcum;
3318 2456 3393 2513 ct,
3418 2448 3559 2503 sicut
3580 2465 3764 2519 neque

2167 2525 2242 2581 illi
2265 2528 2335 2581 ab
2355 2528 2613 2598 apostolis
2640 2545 2814 2601 neque
2846 2532 2933 2586 isti
2957 2547 2988 2586 a
3013 2532 3194 2605 Moyse
3216 2535 3483 2609 Spiritum
3506 2548 3759 2595 sanctum

2167 2620 2417 2688 accipere
2459 2630 2784 2690 potuerunt,
2814 2622 2894 2679 sic
2928 2624 3094 2680 etiam
3124 2626 3190 2681 de
3213 2627 3488 2699 epist-opis
3517 2633 3766 2687 caeteris-

2166 2723 2272 2777 que
2317 2710 2701 2767 ecclesiastica:
2746 2713 3026 2784 dignitatis
3071 2716 3352 2773 ordinibus
3379 2723 3761 2791 proculdubio

2164 2798 2507 2853 sentiendum
2560 2811 2642 2855 est
2680 2803 2983 2859 :nimirum
3033 2808 3159 2876 quia
3210 2824 3350 2863 unus
3412 2808 3760 2882 omnipotens

2171 2887 2343 2953 Deus,
2382 2890 2472 2958 qui
2503 2905 2596 2945 eos
2641 2906 2738 2960 per
2780 2893 3022 2950 diversos
3052 2896 3304 2953 ordinum
3337 2902 3537 2970 gradus
3568 2904 3764 2957 mode-

2169 2980 2392 3035 raminis
2414 2982 2495 3035 sui
2520 2983 2924 3051 dispensatione
2936 2987 3209 3053 distinxit,
3226 2989 3371 3044 solus
3385 2992 3567 3056 etizun,
3594 3002 3759 3062 prout

472 3079 685 3134 inlibro
711 3079 931 3138 Numeri
952 3084 1152 3139 dicitur
1172 3086 1428 3153 oleatum,
1454 3089 1506 3142 in
1530 3090 1714 3145 Exodo
1736 3070 2052 3162 legitur-non
2081 3070 2128 3133 θ
2164 3073 2274 3162 ipse
2316 3073 2500 3137 "Mi"
2543 3074 2780 3162 Sl’i"i"'_s
2827 3080 2907 3132 sui
2938 3080 3164 3150 gramm
3213 3082 3264 3136 i"
3312 3098 3757 3155 “"“"'qu°“"l“°

472 3169 609 3235 olei,
642 3172 734 3226 sed
768 3172 944 3228 mellis
975 3176 1439 3245 potius'habuisse
1456 3195 1709 3249 saporem
1738 3200 1751 3235 :
1788 3200 1805 3233 ι
1834 3182 2050 3249 Gustus,

468 3261 672 3332 inquit,
722 3264 839 3334 ejus
875 3277 995 3320 erat
1037 3267 1192 3336 quasi
1239 3269 1430 3324 similar
1474 3285 1598 3324 cum
1651 3272 1807 3327 melle
1851 3272 2052 3343 (Exod.

469 3354 604 3421 ιιι).
639 3374 657 3405 ι
689 3353 960 3421 Quidnam
986 3366 1103 3421 est,
1132 3359 1275 3427 quod
1304 3360 1580 3430 angelieas
1608 3361 1699 3415 ille
1725 3362 1881 3417 cibus
1904 3366 2054 3433 prius

469 3442 668 3498 dicitur
691 3444 864 3499 mellis
888 3447 1201 3502 exhibuisse
1226 3450 1597 3517 dulcedinem,
1630 3463 1683 3508 et
1711 3458 2050 3525 postmodum

467 3547 577 3589 non
628 3536 804 3590 mellis
870 3537 967 3592 sed
1036 3538 1138 3593 olei
1195 3542 1492 3610 praebuisse
1543 3547 1893 3613 suavitatem,
1949 3548 2051 3604 nisi

467 3623 614 3693 quod
642 3624 972 3695 Redemptor
1014 3639 1217 3693 noster,
1256 3647 1540 3687 sacrarum
1572 3638 1813 3692 omnium
1861 3651 2054 3695 auctor

468 3722 529 3767 et
587 3714 834 3770 conditor
901 3715 1338 3787 Scripturarmn,
1404 3738 1561 3792 quem
1617 3726 1865 3782 videlicet
1915 3730 2050 3784 illud

469 3794 666 3860 manna
716 3806 1089 3878 principaliter
1132 3808 1427 3879 figurabat,
1476 3823 1533 3869 et
1573 3826 1700 3871 ante
1738 3820 2050 3887 passionem

467 3896 613 3952 velut
638 3899 744 3953 mel
776 3900 1115 3957 dulcedinem
1140 3904 1393 3960 exhibuit
1414 3907 1820 3976 miraculorum,
1846 3920 1901 3967 et
1934 3923 2053 3984 post

463 3991 833 4047 ascensionem
862 4007 1017 4048 suam
1044 4003 1297 4066 tanquam
1319 3996 1496 4052 oleum
1522 3997 1573 4052 in
1601 3996 1894 4070 discipulos
1916 4020 2045 4059 suos

461 4083 651 4143 eﬂudit
682 4085 945 4157 Spiritum
964 4090 1247 4144 sanctum?
1271 4089 1409 4160 (Act.
1435 4098 1520 4158 ιι.)
1542 4090 1675 4147 Nam
1698 4096 1853 4164 quasi
1877 4096 2050 4151 mellis

465 4178 678 4230 videtur
719 4179 1039 4246 propinasse
1077 4181 1455 4247 dulcedinem,
1504 4182 1630 4239 dum
1666 4186 1838 4253 signis
1882 4196 2047 4257 atque

460 4268 752 4325 virtutibus
777 4272 1084 4325 coruscavit
1100 4287 1117 4336 ;
1147 4271 1251 4325 olei
1286 4288 1413 4327 vero
1445 4283 1573 4329 tunc
1604 4279 1931 4332 suavitatem
1956 4279 2049 4333 de-

463 4358 637 4420 disse.
680 4374 802 4413 cum
848 4361 901 4413 in
941 4361 1214 4430 apostolos
1259 4377 1385 4417 suos
1413 4366 1585 4419 sancti
1622 4365 1859 4440 Spiritus
1888 4384 2045 4438 para-

2158 3160 2388 3215 diliudit.
2440 3162 2626 3233 Neque
2661 3158 2806 3220 enim
2853 3169 2904 3222 in
2948 3170 3037 3225 illa
3084 3170 3321 3241 Spiritus
3365 3174 3583 3230 datimte
3606 3175 3754 3231 aliud

2156 3253 2258 3307 sibi
2289 3253 2502 3324 Moyses
2528 3272 2788 3328 arrogare
2820 3261 3162 3333 privilegium
3192 3264 3367 3335 potuit
3405 3282 3571 3335 quam
3601 3270 3750 3340 quod

2156 3343 2229 3399 illi
2279 3362 2377 3401 vox
2411 3348 2592 3402 divina
2630 3352 2915 3420 praecepit,
2949 3350 3204 3409 nimirum
3238 3366 3295 3411 ut
3325 3359 3471 3412 viros
3492 3359 3751 3430 eligeret,

2153 3448 2353 3503 eosque
2376 3435 2580 3491 ducens
2606 3438 2671 3491 ad
2691 3441 2890 3493 ostium
2919 3443 3276 3505 tabernaculi.
3299 3462 3421 3501 cum
3445 3448 3526 3502 eis
3541 3457 3747 3515 staret;

2154 3523 2269 3579 haec
2298 3535 2383 3579 est
2412 3542 2621 3581 summa
2646 3532 2828 3600 operis
2856 3530 3045 3604 Moysi.
3077 3534 3216 3601 Quid
3238 3551 3369 3604 ergo
3394 3553 3505 3593 suze
3526 3540 3748 3596 virtutis

2154 3616 2207 3668 in
2237 3617 2335 3671 hoc
2361 3617 2453 3671 Dei
2480 3634 2708 3675 munere
2731 3621 2941 3694 Moyses
2969 3640 3364 3696 recognoscere
3394 3632 3594 3700 potuit,
3622 3648 3741 3688 cum

2153 3704 2372 3776 insuper
2400 3716 2456 3761 et
2484 3709 2592 3765 duo
2642 3726 2706 3764 ex
2759 3713 2844 3768 his
2875 3715 2965 3783 qui
3000 3717 3259 3787 descripti
3307 3719 3554 3789 fuerant,
3597 3723 3745 3781 Scri-

2152 3804 2308 3865 ptura
2344 3806 2500 3864 teste,
2526 3799 2578 3853 in
2603 3803 2800 3859 castris
2823 3806 2986 3874 positi
3010 3817 3067 3862 et
3088 3810 3154 3862 ad
3182 3810 3603 3869 tabernaculqu
3633 3832 3741 3871 non

2155 3897 2446 3953 venerunt,
2498 3900 2556 3945 et.
2601 3901 2800 3959 tamen,
2833 3911 2897 3950 eo
2939 3900 3235 3965 nesciente,
3272 3918 3425 3973 aeque
3455 3915 3515 3960 ut
3557 3910 3739 3963 caeteri

2148 3975 2403 4043 spiritum
2443 3985 2835 4051 perceperunt?
2878 3987 2935 4041 ln
2982 4005 3048 4042 eo
3095 4006 3230 4046 sane
3262 3996 3404 4062 quod
3441 3996 3510 4051 de
3549 4000 3742 4067 spiritu

2154 4066 2323 4139 Moysi
2374 4072 2485 4126 tolli
2520 4074 2721 4130 dicitur
2765 4088 2926 4147 atque
2974 4082 3130 4154 125
3180 4085 3301 4140 aliis
3333 4086 3484 4152 dari,
3535 4066 3743 4147 nullum

2153 4157 2365 4230 Moyses
2392 4163 2736 4232 dispendium
2762 4170 2843 4223 sui
2872 4172 3098 4239 spiritus
3130 4176 3420 4241 pertulisse
3439 4181 3743 4236 credendus

2149 4258 2238 4302 est
2273 4265 2286 4302 :
2322 4251 2468 4306 velut
2501 4255 2569 4309 ah
2596 4259 2822 4313 ardente
2857 4258 3079 4316 lucerna
3109 4263 3288 4320 lumen
3336 4269 3591 4337 qualibet
3621 4288 3740 4325 tua-

2155 4339 2297 4393 teria‘
2324 4351 2621 4411 mutuetur,
2668 4348 2815 4403 nullo
2865 4361 3088 4420 propter
3136 4354 3242 4409 hoc
3278 4357 3501 4412 lucerna
3530 4362 3738 4431 proprii

461 4443 585 4499 eleti
616 4446 753 4502 dona
780 4428 1014 4503 diﬂ‘udit.
1046 4448 1217 4516 Quem
1248 4452 1500 4507 videlicet
1535 4428 1782 4512 ordinem
1831 4428 2041 4530 Moyses
2071 4432 2120 4491 υ
2145 4428 2446 4499 splendoris
2476 4435 2802 4493 detrimemo
2844 4442 3129 4496 “unum”

459 4547 699 4604 congrue
722 4538 914 4602 lenuit,
932 4553 1053 4592 cmn
1074 4539 1127 4593 in
1144 4540 1560 4597 Deuteronomio
1570 4545 1636 4598 de
1655 4557 1828 4615 petra,
1845 4564 1963 4618 qua:
1988 4560 2044 4623 et

454 4625 807 4685 nihilominus
833 4647 1028 4687 manna
1059 4642 1196 4697 erat,
1217 4634 1389 4703 typiee
1413 4634 1723 4693 decantavit
1755 4657 1768 4694 :
1809 4660 1825 4692 ι
1861 4646 2036 4697 Suxe-

456 4727 618 4781 runt,
649 4720 852 4789 inquit,
880 4720 985 4776 mel
1014 4720 1083 4777 de
1110 4734 1263 4793 petra
1282 4764 1297 4791 ,
1327 4733 1380 4779 et
1402 4724 1579 4781 oleum
1607 4728 1675 4782 de
1702 4728 1855 4783 ﬁrma
1888 4740 2038 4800 petra

457 4812 640 4878 (Dm.
664 4814 857 4886 xxxii).
879 4832 897 4865 ι
927 4814 999 4870 De
1022 4816 1124 4873 hoe
1149 4818 1391 4894 mystica:
1413 4820 1684 4875 unctionis
1703 4820 1823 4877 oleo
1842 4837 2037 4891 sponsa

456 4903 524 4956 ad
551 4918 806 4972 sponsum
836 4905 968 4959 dicit
994 4907 1048 4960 in
1073 4906 1312 4966 Canticis
1338 4927 1351 4965 :
1386 4929 1404 4961 ι
1436 4908 1781 4980 Unguentum
1808 4912 2037 4968 effusum

455 5006 654 5048 nomen
689 5005 837 5049 tuum
878 4993 1057 5065 (Cant.
1088 4998 1150 5068 ι).
1188 5016 1207 5049 ι
1260 4997 1604 5066 Unguentum
1643 5002 1860 5070 quidem
1905 5004 2039 5058 effu-

455 5100 575 5139 sum
604 5088 788 5158 sponsi
818 5101 1014 5143 nomen
1046 5090 1332 5155 asseritur,
1358 5092 1482 5159 quia
1512 5093 1652 5149 sicut
1679 5109 1710 5147 a
1739 5095 2037 5151 chrismate

451 5175 734 5246 Christus,
772 5181 844 5235 ita
882 5190 1279 5251 consequenter
1313 5197 1342 5235 a
1388 5181 1607 5241 Christo
1638 5185 1840 5241 dicitur
1874 5186 2036 5243 Clrri-

448 5269 685 5323 stiauus.

1055 5362 1284 5418 CAPUT
1343 5363 1407 5417 ill

931 5469 997 5524 In
1030 5470 1185 5525 Libro
1198 5452 1203 5457 ⁸
1216 5472 1548 5531 Gratissima.

531 5594 550 5623 ι
580 5546 859 5649 Congrega
887 5581 1051 5646 mihi,
1081 5583 1159 5637 ait
1187 5583 1446 5640 Dominus
1465 5629 1479 5651 ,
1512 5591 1852 5659 septuaginta
1889 5595 2033 5652 viros

456 5659 522 5720 tie
552 5666 855 5723 senioribus
890 5670 1083 5739 Israel,
1112 5687 1244 5743 quos
1278 5683 1333 5729 tu
1380 5677 1519 5735 nosti
1565 5682 1705 5743 quod
1753 5698 1908 5741 senes
1936 5703 2034 5760 po-

2750 4532 2988 4601 ,carur
3028 4532 3116 4588 tv.

2393 4613 2461 4668 In
2498 4634 2735 4675 sermone
2770 4624 2997 4677 secundo
3027 4623 3092 4679 de
3120 4624 3178 4680 S.
3210 4626 3485 4685 Hammo.

2224 4723 2242 4756 ι
2287 4704 2580 4777 Pergentes
2616 4712 2989 4783 exploratores
3030 4716 3196 4773 Israel
3222 4736 3393 4790 usque
3423 4724 3489 4776 ad
3519 4732 3734 4781 torren-

2148 4803 2253 4850 tem
2271 4796 2408 4852 botri
2427 4801 2777 4857 absciderunt
2794 4805 3066 4875 palmitem
3090 4826 3210 4864 cum
3236 4813 3392 4865 botro
3420 4828 3541 4878 suo,
3566 4831 3733 4884 quem

2147 4896 2497 4953 portaverunt
2550 4892 2603 4945 in
2649 4904 2805 4949 vecte
2847 4897 2953 4951 duo
2998 4900 3098 4953 viri
3148 4899 3340 4970 (Nam.
3369 4905 3506 4972 xui).
3546 4923 3564 4955 ι
3616 4905 3739 4961 Duo

2138 4976 2345 5031 scilicet
2385 4981 2511 5048 viri,
2554 4982 2661 5037 duo
2706 4998 2832 5041 sunt
2873 4991 3078 5058 papuli,
3133 4989 3351 5050 Judteus
3393 5005 3449 5050 et
3487 4998 3735 5066 gentilis.

2142 5063 2205 5118 lli
2251 5068 2465 5124 botrum
2510 5084 2812 5141 posuerunt
2860 5076 2914 5131 in
2966 5089 3156 5146 vecte,
3214 5084 3341 5150 quia
3388 5063 3737 5143 Salvatorcm

2138 5159 2535 5226 suspenderunt
2576 5162 2629 5216 in
2665 5180 2851 5221 cruce.
2891 5168 2999 5223 Sed
3034 5185 3334 5240 praecessor
3372 5176 3515 5245 quod
3546 5189 3738 5246 porta-

2138 5246 2229 5300 bat
2267 5263 2381 5305 non
2405 5252 2733 5321 aspiciebat;
2774 5259 2865 5327 qui
2903 5262 3232 5332 sequebatur
3272 5265 3607 5323 intuebatur.
3664 5269 3739 5326 Et

2136 5336 2445 5395 Judarorum
2482 5346 2730 5416 populus,
2768 5349 2860 5417 qui
2901 5367 2998 5406 nos
3037 5355 3373 5424 temporibus
3409 5361 3735 5420 antecessit.

2138 5426 2453 5495 Dominum,
2488 5448 2649 5503 quem
2686 5437 2739 5491 in
2776 5442 3059 5510 prophetis
3110 5454 3165 5499 et
3214 5445 3334 5514 lege
3381 5459 3736 5517 portaverat.

2136 5519 2262 5576 dum
2296 5523 2619 5581 ohedientia:
2644 5529 2849 5585 vultum
2891 5548 3109 5604 semper
3140 5541 3355 5601 avertit,
3396 5541 3583 5595 videre
3613 5558 3737 5600 nou

2132 5604 2339 5675 potuit;
2381 5615 2599 5679 gentilis
2631 5627 2833 5687 autem,
2866 5623 2958 5691 qui
3000 5627 3269 5694 sequitur,
3319 5638 3577 5700 tauquam
3608 5648 3741 5704 pra

2132 5697 2303 5754 oculis
2327 5702 2561 5785 positum
2592 5706 2808 5762 assidue
2835 5714 3253 5784 contemplatur.
