4028 6168
981 327 1208 385 CAPUT
1248 324 1309 385 ν.

622 422 687 477 In
724 439 960 478 sermone
998 424 1063 477 de
1091 423 1361 477 nativitate
1401 420 1462 476 S.
1490 418 1697 475 Μανίαν.
1759 447 1767 453 -

428 514 585 569 Hunc
624 514 786 584 plane
824 513 1179 568 mediator-em
1208 512 1303 567 Dei
1344 521 1403 567 et
1439 511 1740 575 hominum,
1772 508 1951 565 homi-

361 622 484 662 nem
507 606 784 661 Christum
809 604 1018 668 Iesum,
1048 603 1140 673 qui
1171 618 1267 674 per
1304 601 1657 672 semetipsum
1697 602 1749 654 in
1779 599 1953 655 Evan-

362 697 502 766 gelio
547 704 779 750 testatur
821 708 836 747 :
889 712 907 745 ι
947 693 1060 765 Ego
1110 707 1263 757 sum,
1312 686 1598 761 inquiens,
1648 690 1774 744 vitis
1824 704 1954 744 vera

363 787 545 858 (Joan.
574 789 688 857 xv),
723 806 741 839 ι
784 787 975 841 botrus
1013 784 1103 839 ille
1139 785 1450 855 signaverat
1492 798 1653 854 quem
1690 782 1755 837 de
1808 790 1952 836 terra

362 881 741 955 promissionis
804 880 1178 951 exploratores
1247 879 1299 935 in
1358 878 1628 949 phalanga
1686 879 1753 932 ad
1816 873 1956 933 ﬁlios

362 973 527 1029 lst'ael
559 972 877 1029 deferebant
914 971 1106 1043 (Nam.
1171 970 1313 1043 xm).
1376 962 1600 1025 Duobus
1625 978 1806 1025 autem
1834 984 1958 1040 por-

366 1067 619 1122 titoribus
659 1066 787 1122 hinc
822 1065 949 1120 inde
984 1063 1304 1134 suppositis,
1344 1062 1513 1119 altero
1538 1057 1787 1118 videlicet
1820 1076 1958 1132 pra:-

366 1160 612 1223 eedente,
648 1158 823 1213 altero
850 1157 1239 1227 subsequente,
1282 1157 1474 1211 botrus
1516 1154 1568 1210 in
1600 1155 1777 1211 medio
1813 1155 1956 1210 fere—

364 1252 545 1313 batur,
588 1250 713 1320 quia
738 1248 1075 1318 Redemptor
1114 1258 1321 1311 noster,
1354 1246 1480 1303 dum
1512 1262 1543 1301 a
1568 1241 1823 1302 Patribus
1850 1242 1954 1302 Ve-

366 1343 498 1397 teris
536 1339 870 1396 Testamenti
914 1349 1176 1395 venturus
1210 1353 1333 1395 esse
1378 1337 1717 1409 prmdicitur,
1768 1336 1954 1392 aNovi

364 1444 495 1486 vero
537 1428 985 1500 prmdicatoribus
1015 1427 1133 1496 jam
1175 1427 1393 1483 venisse
1447 1428 1753 1493 nuntiatur,
1800 1426 1955 1498 quasi

364 1520 554 1577 botrus
605 1520 657 1575 in
703 1519 976 1590 phalanga
1029 1518 1298 1585 defertur,
1342 1527 1403 1573 ut
1452 1518 1521 1574 ad
1564 1517 1955 1590 capessendam

364 1624 613 1682 superna:
652 1608 1095 1680 repromissionis
1139 1618 1343 1682 terram
1388 1624 1545 1665 mens
1586 1607 1824 1663 ﬁdelium
1863 1622 1951 1662 ac-

1668 215 1737 270 IN
1777 216 2031 272 LIBRUM
2071 215 2335 273 NUMERI

1970 335 2017 393 Α
2048 326 2147 393 eis,
2175 327 2326 399 quasi
2362 328 2579 399 quidam
2629 328 2996 387 intervemens
3032 347 3240 400 murus,
3290 334 3548 402 exclusit,
3581 351 3641 393 ιιι

2014 434 2017 435 ⁷
2055 434 2217 474 vorax
2250 419 2461 473 ﬁamma
2491 419 2750 491 deglutiat
2783 421 3027 479 inﬁdeles
3052 439 3323 494 quosque,
3353 425 3421 481 de
3445 418 3642 499 quibus

3506 227 3528 281 1
3540 229 3643 284 (ἱδῦ

2052 511 2315 580 scriptum
2361 520 2483 564 est:
2515 529 2534 561 r
2568 508 2723 565 Nunc
2771 510 2910 582 ignis
2954 512 3303 570 adversarios
3348 519 3649 583 consumit,

2054 612 2109 657 et
2154 601 2322 672 justi,
2367 604 2457 672 qui
2508 604 2612 659 ﬁde
2651 604 2874 669 vivunt,
2924 605 3235 663 incendium
3283 608 3647 667 damnationis

2055 697 2296 750 evadunt
2342 694 2529 756 (Hebr.
2555 697 2633 767 x).
2668 715 2685 747 ι
2726 695 2968 763 Quorum
2999 705 3335 753 mortuorum
3373 709 3536 772 atque
3566 703 3649 757 vi-

2055 784 2432 853 ventiumjam
2466 796 2519 841 et
2553 785 2651 855 ipsi
2694 785 2936 842 latrones
2987 797 3289 842 noscuntur
3333 786 3502 845 fuisse
3531 793 3647 862 pri-

2055 878 2242 941 mitiae,
2302 878 2443 934 inter
2471 893 2608 950 quos
2633 879 2893 934 Dominus
2941 878 3235 936 cruciﬁxus
3278 890 3385 947 est,
3409 898 3641 953 quorum

2056 970 2196 1025 alter
2232 970 2458 1037 electus,
2502 971 2641 1027 alter
2669 979 2753 1027 est
2791 972 2986 1028 merito
3029 973 3270 1043 perﬁdia:
3306 977 3645 1047 reprobatus.

2057 1061 2171 1118 lloc
2204 1062 2388 1133 itaque
2419 1062 2716 1133 thymiama
2753 1063 3008 1118 sacriﬁcii
3040 1064 3298 1121 salutaris
3346 1076 3511 1138 atque
3540 1067 3652 1123 sin-

2056 1150 2275 1222 gularis,
2319 1154 2461 1221 quod
2504 1151 2559 1205 in
2604 1166 2698 1205 ara
2731 1152 2911 1207 erucis
2951 1152 3195 1208 oblatum
3228 1164 3311 1209 est
3338 1154 3447 1210 Deo
3477 1156 3647 1220 Patri,

2056 1256 2213 1297 mons
2269 1240 2358 1297 ille
2413 1240 2747 1297 fortitudinis
2805 1242 2949 1297 inter
3006 1252 3250 1298 mortuos
3301 1244 3651 1316 viventesque

2055 1333 2322 1403 portavit,
2354 1348 2476 1388 cum
2503 1332 2725 1388 odorem
2758 1348 2871 1389 sua:
2898 1334 3106 1389 notitire
3135 1349 3233 1406 per
3262 1334 3449 1392 ﬁdeles
3476 1347 3532 1392 et
3566 1338 3651 1393 in-

2056 1423 2244 1479 ﬁdeles
2264 1421 2469 1479 eﬁ‘udit.
2493 1423 2646 1479 Unde
2661 1432 2743 1478 est
2759 1423 2887 1478 illud
2902 1424 2954 1477 in
2969 1423 3240 1480 Canticis:
3263 1444 3281 1478 ι
3303 1425 3645 1499 Unguentum

2054 1511 2281 1568 effusum
2309 1528 2504 1568 nomen
2536 1511 2877 1585 tuum(Cant.
2904 1512 2966 1586 ι).
2992 1533 3011 1567 ι
3044 1514 3109 1568 Et
3134 1516 3454 1585 Apostolus:
3488 1535 3506 1568 ι
3538 1517 3648 1572 Deo

2056 1611 2236 1657 autem
2262 1602 2487 1674 gratias,
2518 1603 2610 1673 qui
2642 1618 2860 1673 semper
2891 1603 3191 1673 triumphat
3217 1620 3317 1661 nos
3348 1606 3401 1660 in
3430 1604 3650 1661 Christo

364 1704 649 1760 cendatur.
683 1701 960 1772 Phalanga
991 1702 1189 1772 quippe
1223 1700 1402 1755 delata
1444 1700 1688 1755 humeris
1722 1699 1955 1770 portito-
1985 1694 2031 1754 Β
2060 1689 2204 1754 Iesu,
2239 1704 2295 1747 et
2320 1695 2541 1749 odorem
2572 1693 2779 1748 notitiae
2815 1709 2928 1749 sua:
2964 1710 3181 1765 semper
3205 1696 3515 1752 manifestat
3554 1716 3651 1768 per

364 1807 503 1857 rum,
524 1792 705 1846 divina
732 1791 813 1846 lex
836 1803 919 1845 est
947 1791 1195 1861 imposita
1219 1789 1523 1845 cervicibus
1542 1789 1842 1860 hominum,
1868 1804 1955 1843 cu-

357 1880 449 1951 jus
485 1890 672 1952 partes
700 1881 893 1937 botrus
923 1880 1012 1935 ille
1041 1882 1252 1936 medius
1279 1880 1643 1945 continuavit;
1672 1881 1797 1950 quia
1832 1880 1950 1935 Sal-

366 1979 521 2026 vator
549 1980 755 2036 noster,
793 1988 812 2022 ι
832 1970 924 2041 qui
957 1968 1086 2025 fecit
1116 1979 1345 2040 utraque
1374 1985 1541 2024 unum
1565 1968 1783 2040 (Ep/tes.
1806 1970 1869 2025 ul
1890 2012 1903 2030 ,
1928 1988 1945 2023 ι

365 2078 489 2120 eum
532 2063 844 2135 evangelica
871 2063 1117 2119 doctrina
1145 2062 1280 2133 legis
1307 2070 1361 2117 et
1386 2060 1773 2133 prophetarum
1800 2077 1952 2117 man-

364 2151 492 2205 data
536 2148 838 2219 conjunxit.
888 2149 995 2205 Sed
1020 2150 1111 2220 qui
1140 2149 1506 2219 praecedebat,
1537 2150 1680 2221 quod
1710 2149 1953 2205 humeris

358 2238 632 2311 portabat,
657 2238 832 2293 oculis
853 2252 961 2293 non
990 2238 1238 2303 videbat;
1269 2238 1359 2308 qui
1384 2245 1569 2292 autem
1597 2239 1951 2309 sequebatur,

357 2349 498 2389 onus
534 2349 692 2387 suttm
724 2346 942 2401 semper
991 2330 1323 2386 intuebatur.
1375 2330 1481 2386 Per
1510 2330 1661 2387 illum
1690 2347 1822 2403 ergo
1858 2334 1949 2403 qui

357 2425 717 2494 pmcedebat,
745 2422 982 2494 populus
1009 2420 1359 2477 Judzeorum:
1390 2438 1489 2493 per
1521 2422 1671 2478 illum
1697 2438 1828 2478 vero
1857 2423 1952 2494 qui

356 2515 722 2584 sequebatur,
788 2527 893 2567 non
944 2512 1241 2583 incongrue
1295 2511 1614 2583 designatur
1662 2512 1951 2570 multitudo

353 2606 616 2680 gentium.
686 2604 781 2660 llle
826 2604 973 2659 enim
1022 2617 1123 2673 per
1166 2618 1337 2659 sacra:
1382 2602 1683 2674 Scriptura:
1726 2604 1951 2674 paginas

350 2697 511 2772 quasi
550 2695 603 2751 in
633 2695 880 2751 humeris
907 2693 1185 2750 Christum
1219 2694 1474 2765 portavit,
1517 2693 1611 2749 sed
1642 2694 1768 2764 quia
1805 2709 1948 2765 prae.

352 2771 562 2845 sentem
600 2786 653 2842 in
683 2800 874 2852 carne,
912 2783 1237 2857 impediente
1283 2784 1619 2839 inﬁdelitatis
1664 2771 1775 2839 sua:
1816 2784 1949 2839 cali-

352 2883 499 2953 gine,
531 2896 639 2936 non
670 2879 949 2950 cognovit,
982 2879 1205 2933 dorsum
1252 2878 1303 2933 ei
1339 2877 1743 2947 quodammodo
1776 2877 1828 2932 in
1858 2875 1946 2933 fa-

351 2973 491 3031 ciem
520 2972 697 3037 misit;
726 2972 829 3025 iste
854 2984 987 3025 vero
1013 2969 1105 3040 qui
1135 2969 1387 3040 sequitur
1412 2968 1632 3039 aspicit,
1662 2968 1786 3037 quia
1814 2983 1947 3039 gen-

2057 1798 2157 1838 nos
2192 1781 2248 1838 in
2287 1784 2433 1839 onmi
2474 1784 2624 1851 loco,
2664 1784 2791 1855 quia
2818 1784 3017 1841 Christi
3058 1786 3232 1841 bonus
3264 1788 3405 1842 odor
3450 1803 3641 1843 sumus

2053 1875 2166 1931 Deo
2194 1875 2248 1932 in
2280 1876 2348 1932 iis
2374 1876 2464 1946 qui
2497 1876 2635 1931 salvi
2664 1874 2801 1931 ﬁunt
2829 1887 2885 1931 et
2916 1876 2968 1931 in
2998 1878 3079 1932 eis
3108 1879 3200 1947 qui
3230 1887 3487 1947 pereunt;
3527 1879 3650 1934 aliis

2054 1965 2273 2035 quidem
2302 1968 2439 2022 odor
2464 1966 2658 2021 mortis
2698 1966 2750 2021 in
2797 1976 3055 2033 mortem,
3099 1967 3223 2022 aliis
3267 1969 3406 2024 odor
3426 1968 3553 2028 vita
3593 1968 3646 2024 in

2052 2058 2220 2113 vitam
2251 2058 2338 2131 (II
2362 2058 2486 2114 Cor.
2513 2059 2600 2131 11).
2622 2078 2641 2113 ι

2657 2149 2885 2208 CAPUT
2923 2150 3034 2207 VII.

2233 2242 2300 2296 In
2340 2259 2578 2298 sermone
2612 2244 2677 2298 de
2712 2243 3011 2299 inventione
3050 2255 3248 2301 sancta:
3276 2246 3467 2302 crucis.

2129 2350 2147 2387 ι
2184 2334 2426 2404 Praecipe
2454 2334 2581 2389 ﬁliis
2616 2334 2782 2390 Israel
2810 2344 2872 2389 ut
2900 2336 3172 2393 adducant
3197 2352 3419 2395 vaccam
3447 2336 3644 2399 rufam.

2052 2435 2216 2482 mtate
2251 2426 2482 2497 integra,
2510 2426 2629 2482 sine
2664 2426 2900 2494 macula,
2946 2442 3068 2497 quae
3110 2444 3391 2499 nunquam
3424 2431 3646 2501 pertulit

2046 2515 2233 2588 jugum
2263 2515 2453 2588 (Nam.
2486 2514 2625 2587 xix).
2660 2533 2680 2569 ι
2731 2514 2871 2570 Rufa
2909 2516 3168 2572 nimirum
3216 2517 3383 2573 vitula
3409 2533 3539 2575 caro
3563 2530 3646 2573 cst

2053 2605 2376 2671 Salvatoris,
2404 2619 2559 2660 rosea
2602 2603 2812 2659 scilicet
2845 2605 3109 2675 sanguine
3136 2606 3428 2677 passionis.
3460 2605 3647 2663 Perfe-

2050 2705 2153 2753 ctre
2198 2696 2417 2767 quidem
2462 2693 2639 2750 aetatis
2678 2694 2937 2750 Dominus
2992 2694 3061 2750 ad
3106 2695 3411 2766 passionem
3461 2698 3641 2763 venit;

2049 2787 2145 2843 sed
2177 2787 2297 2858 ejus
2324 2786 2520 2842 collum
2558 2786 2746 2857 jugum
2775 2786 2986 2857 peccati
3018 2785 3308 2856 cujuslibet
3353 2803 3459 2845 non
3486 2790 3644 2845 attri-

2050 2878 2149 2932 vit.
2214 2876 2317 2945 Qui
2356 2876 2581 2931 vitulam
2626 2873 2889 2942 oﬁ'erunt,
2934 2876 3197 2932 immundi
3247 2886 3400 2945 sunt;
3446 2888 3502 2933 et
3549 2882 3641 2950 qui

2049 2970 2327 3025 Christum
2378 2968 2737 3041 cruciﬁgunt,
2775 2971 2917 3025 unde
2952 2970 3186 3026 mundus
3233 2971 3489 3038 abluitur,
3540 2974 3642 3046 ipsi

353 3064 463 3118 tilis
501 3062 734 3135 populus
760 3060 1177 3131 Redemptorem
1217 3074 1403 3123 suum,
1439 3059 1491 3113 in
1525 3074 1685 3130 quem
1714 3057 1946 3115 ﬁdeliter
1972 3049 2020 3110 C
2050 3059 2434 3116 damnabiliter
2475 3060 2853 3129 inquinantur.
2888 3059 2989 3127 Qui
3028 3075 3178 3126 vero,
3222 3061 3460 3119 cinerem
3486 3065 3643 3120 colli-

349 3153 543 3219 credit,
572 3152 857 3209 manifeste
881 3150 1181 3222 cognoscit.
1209 3146 1398 3205 Potest
1420 3150 1587 3205 etiam
1623 3166 1721 3220 per
1751 3163 1944 3220 repro-

353 3243 627 3300 missionis
656 3236 856 3299 terrain
903 3258 1009 3299 non
1054 3243 1357 3314 incongrue
1387 3241 1563 3313 ipsum
1606 3242 1947 3297 beatissima:

351 3336 445 3392 Dei
474 3328 764 3393 Genitricis
809 3350 1007 3405 corpus
1054 3333 1277 3405 intelligi
1308 3374 1323 3399 ,
1372 3347 1441 3388 ex
1470 3348 1580 3405 quo
1613 3330 1945 3405 Redemptor

351 3438 539 3484 noster
566 3428 711 3483 velut
736 3426 1028 3497 singularis
1055 3427 1249 3483 botrus
1276 3426 1446 3481 voluit
1471 3426 1783 3481 humanitus
1818 3442 1943 3497 ger-

349 3521 571 3585 minari,
594 3519 748 3589 juxta
778 3519 907 3573 illud
945 3518 1089 3588 quod
1134 3518 1397 3589 scriptum
1423 3526 1503 3573 est
1534 3535 1547 3571 :
1581 3534 1599 3569 ι
1636 3515 1852 3573 Veritas
1878 3518 1945 3575 de

352 3624 498 3671 terra
528 3622 649 3669 orta
674 3622 757 3668 est
780 3610 956 3684 (Prol.
987 3610 1237 3681 Lxxxtv).
1260 3628 1278 3661 ι
1313 3610 1382 3665 Et
1407 3610 1543 3664 bene
1574 3622 1705 3664 caro
1732 3609 1940 3664 beatis-

351 3706 507 3761 sima:
532 3703 771 3775 Virginis
820 3711 967 3758 terra
1014 3699 1454 3772 repromissionis
1501 3707 1586 3756 est
1629 3699 1793 3764 dicta,
1822 3715 1944 3769 qua:

350 3798 511 3867 longe
544 3806 671 3851 ante
705 3795 950 3866 paritura
981 3792 1321 3849 Salvatorem
1359 3790 1547 3845 mundi
1593 3806 1624 3845 a
1663 3791 1944 3861 prophetis

352 3888 706 3944 multifariam
750 3895 836 3942 est
876 3884 1163 3957 promissa.
1215 3883 1378 3955 126
1420 3878 1553 3949 Qua:
1588 3896 1717 3937 vere
1760 3881 1844 3937 lac
1887 3892 1945 3937 ct

350 3977 458 4033 mel
509 3975 775 4041 manavit,
825 3975 953 4029 dum
1000 3972 1169 4027 Deum
1220 3980 1277 4026 et
1318 3970 1590 4025 hominem
1624 3970 1940 4025 intemerata

349 4069 666 4141 virginitate
692 4066 955 4137 profudit.
998 4064 1153 4121 Unde
1181 4073 1236 4117 et
1266 4078 1363 4131 per
1389 4062 1583 4117 lsaiam
1615 4063 1937 4133 prophetam

347 4161 597 4217 dicitur:
642 4178 660 4211 ι
693 4158 834 4213 Ecce
879 4156 1034 4227 virgo
1079 4155 1132 4209 in
1172 4166 1326 4208 utero
1366 4153 1639 4223 concipiet
1676 4162 1732 4209 et
1765 4153 1943 4225 pariet

351 4251 549 4318 ﬁlium,
593 4258 649 4306 et
675 4248 960 4304 vocabitur
990 4260 1188 4302 nomen
1233 4246 1351 4316 ejus
1383 4244 1731 4311 Emmanuel;
1778 4244 1938 4315 buty-

350 4356 472 4399 rum
507 4350 561 4398 ct
599 4339 705 4395 mel
740 4339 1010 4404 comedet,
1047 4346 1105 4391 ut
1142 4336 1281 4392 sciat
1312 4336 1607 4408 reprobate
1637 4333 1839 4391 malum
1880 4347 1935 4391 et

343 4432 549 4506 eligere
574 4433 773 4488 bonum
803 4430 957 4504 (ικαὶ.
988 4427 1107 4499 vn).
1135 4447 1153 4481 ι

963 4516 1193 4574 CAPUT
1230 4516 1318 4573 Vi.

467 4615 536 4672 In
575 4616 798 4684 epistola
833 4611 902 4666 ad
930 4609 1308 4665 llmnisindim
1344 4608 1820 4664 sanctimonialem.

1962 4397 2015 4457 D

2044 3170 2199 3228 gens,
2250 3163 2405 3210 extra
2451 3163 2633 3210 castra
2664 3154 2901 3225 projicit,
2949 3154 3182 3209 mundus
3213 3166 3326 3223 est;
3366 3157 3494 3228 quia
3521 3159 3643 3229 qui-

2045 3258 2261 3314 cunque
2323 3244 2507 3299 crucis
2554 3243 2849 3298 Dominica:
2895 3244 3275 3315 passionisque
3322 3248 3640 3320 mysterium

2044 3349 2143 3405 per
2167 3334 2353 3390 tnundi
2382 3333 2720 3389 latitudinem
2759 3335 3081 3403 praedicant,
3124 3352 3155 3391 a
3194 3348 3540 3407 peccatorum
3576 3357 3638 3397 se

2043 3427 2295 3497 contagio
2348 3440 2447 3497 per
2504 3424 2892 3482 mdiﬁcationis
2949 3424 3207 3483 fraternas
3273 3430 3635 3488 ministerium

2044 3527 2295 3591 purgant.
2776 3546 2779 3547 ν

2540 3611 2698 3683 127
2737 3610 2965 3668 CAPUT
3004 3610 3134 3668 vui.

2221 3703 2289 3759 In
2317 3718 2552 3759 semion:
2582 3704 2647 3758 de
2673 3702 2995 3759 exultatione
3034 3714 3233 3759 sancta?
3257 3708 3451 3762 crucis.

2119 3816 2137 3849 ι
2177 3796 2366 3868 Aperi,
2394 3795 2641 3858 Domine.
2674 3795 2992 3851 thesaurum
3037 3804 3211 3863 tuum,
3241 3795 3447 3854 fontem
3476 3812 3632 3871 aquae

2043 3889 2200 3958 vivae,
2234 3899 2294 3944 ut
2330 3888 2533 3953 satiati,
2581 3896 2762 3943 cesset
2805 3888 3163 3943 murmuratio
3205 3903 3395 3944 eorum
3438 3890 3632 3959 (Num.

2043 3979 2157 4052 xx).
2207 4000 2225 4032 ι
2296 3977 2481 4049 Neque
2522 3977 2669 4033 enim
2718 3987 2827 4033 tam
2876 3978 3178 4049 magniﬁcis
3226 3988 3392 4051 atque
3436 3981 3635 4039 divinis

2043 4070 2229 4125 verbis
2254 4068 2584 4123 elementum
2612 4066 2966 4132 describeret,
2995 4084 3062 4122 ex
3090 4070 3344 4125 cavernis
3373 4070 3630 4128 videlicet

2043 4169 2204 4214 terra:
2234 4156 2499 4229 proﬁnnm
2528 4170 2595 4212 ac
2627 4155 2882 4225 deinceps
2918 4156 2973 4211 in
3002 4172 3314 4214 secessunm
3349 4160 3630 4219 cuniculos

2041 4250 2392 4322 egerendum.
2438 4246 2695 4317 Nunquid
2733 4247 2878 4302 enim
2911 4248 3131 4320 dignum
3167 4249 3270 4305 fuit
3297 4252 3430 4308 viles
3456 4268 3628 4325 aquas

2041 4341 2312 4412 appellare
2362 4339 2456 4394 Dei
2486 4338 2841 4393 thesaurum?
2880 4337 2986 4393 Sed
3013 4340 3103 4394 Dei
3134 4340 3447 4399 thesaurum
3478 4343 3628 4401 illum

2042 4431 2229 4505 procul
2295 4430 2459 4486 dubio
2526 4429 2800 4493 nominat,
2851 4431 2918 4485 de
2958 4444 3068 4499 quo
3116 4430 3406 4503 Apostolus
3448 4435 3624 4492 dicit:

2044 4542 2062 4576 ι
2093 4522 2229 4591 Quia
2284 4521 2337 4575 in
2384 4529 2606 4591 pectore
2647 4518 2778 4575 Jesu
2825 4529 2951 4575 sunt
3001 4535 3193 4577 omnes
3231 4525 3475 4582 thesauri
3537 4542 3629 4583 sa-

2041 4611 2258 4681 pientia:
2304 4618 2362 4662 et
2386 4607 2631 4663 scientia:
2653 4607 2956 4662 absconditi
2982 4608 3207 4679 (Colon.
3234 4614 3317 4683 tt).
3351 4632 3371 4667 ι
3401 4615 3629 4672 Fontem

428 4733 445 4765 ι
481 4711 699 4766 Tollens
726 4708 905 4761 Aaron
934 4700 1290 4765 thuribulum,
1320 4701 1560 4756 cucurrit
1588 4714 1682 4769 per
1703 4697 1935 4754 mediam
2037 4701 2201 4756 etiam
2248 4714 2402 4767 aqua:
2449 4697 2585 4752 viva:
2627 4697 2777 4751 illum
2823 4698 3097 4767 perbibet,
3139 4701 3208 4755 de
3250 4719 3360 4773 quo
3394 4706 3627 4762 dicitur:

353 4800 755 4860 multitudinem
804 4810 970 4866 quam
1022 4792 1271 4847 vastabat
1304 4789 1633 4851 incendium,
1678 4798 1756 4853 et,
1787 4797 1939 4842 stans

351 4898 495 4953 inter
521 4902 767 4949 mortuos
792 4904 857 4944 ac
880 4888 1145 4950 viventes,
1170 4881 1468 4954 thymiama
1500 4879 1718 4941 obtulit,
1752 4879 1937 4950 sicque

352 4985 650 5042 desaaviens
688 4980 847 5052 plaga
884 4975 1117 5032 cessavit
1146 4971 1337 5044 (Num.
1364 4972 1497 5040 xvt).
1534 4989 1552 5023 ι
1586 4969 1753 5037 Quem
1807 4983 1936 5023 sane

350 5080 556 5141 Aaron,
603 5072 708 5129 nisi
756 5068 1177 5137 lietlemptorem
1240 5073 1485 5117 nostrum
1553 5059 1936 5131 signiﬁcabat?

355 5169 471 5238 Ipse
518 5179 753 5233 namque
802 5159 1063 5231 quoniam
1111 5155 1179 5210 ad
1226 5154 1548 5211 currendam
1593 5153 1736 5206 viam
1780 5151 1933 5221 quasi

350 5260 503 5330 gigas
529 5253 821 5310 exsultavit
858 5247 1031 5322 (Psal.
1061 5247 1238 5316 xvm),
1275 5253 1493 5315 arrepto
1528 5241 1795 5313 passionis
1824 5257 1935 5296 sua:

355 5349 649 5413 thuribulo,
667 5347 810 5402 inter
825 5352 1067 5401 mortuos
1087 5349 1143 5396 et
1163 5340 1407 5395 viventes
1419 5337 1682 5399 occurrit,
1710 5343 1765 5389 et
1792 5332 1938 5404 ebjeo

351 5451 443 5497 ctu
490 5439 669 5495 crucis
718 5452 849 5501 suae,
901 5437 953 5490 in
1000 5449 1107 5506 qua
1160 5430 1457 5503 thymiama
1504 5426 1644 5482 sacri
1692 5425 1937 5496 corporis

351 5536 757 5588 concrematam
786 5536 895 5592 est,
923 5528 1176 5597 etAgnus
1206 5522 1295 5578 ille
1322 5518 1560 5577 scelestis
1588 5528 1801 5572 assatus
1830 5526 1935 5581 est,

352 5623 506 5678 vivos
543 5636 607 5675 ac
638 5625 881 5675 mortuos
928 5614 1220 5693 separavit,
1260 5612 1503 5683 ignisque
1529 5609 1823 5680 perniciem
1870 5611 1938 5663 ab

2044 4813 2061 4845 ‹
2098 4791 2198 4858 Qui
2244 4790 2443 4844 biberit
2486 4803 2684 4857 aquam
2721 4804 2885 4857 quam
2941 4804 3043 4860 ego
3083 4792 3223 4847 dabo
3247 4795 3318 4857 ei,
3354 4796 3445 4850 ﬁet
3475 4798 3528 4853 in
3559 4814 3625 4854 eo

2045 4882 2165 4935 fons
2197 4892 2351 4948 aqum
2380 4876 2626 4932 salientis
2664 4876 2719 4930 in
2752 4877 2918 4931 vitam
2961 4888 3221 4936 aeternam
3250 4882 3435 4954 (Joan.
3468 4889 3566 4959 tv).
3606 4908 3624 4941 ι

2043 4971 2293 5043 Alioquin
2339 4984 2443 5039 qua
2487 4968 2713 5024 rationis
2753 4972 3143 5041 consequentia
3188 4974 3395 5032 diceret
3431 4995 3443 5032 :
3492 4996 3514 5035 ι
3552 4979 3622 5035 Ut

2044 5060 2809 5126 sa:iati,cessetmurmuratio
2832 5075 3042 5131 eorum,
3084 5080 3245 5122 scum
3284 5072 3626 5138 postmodmn

2046 5155 2185 5209 idem
2223 5150 2453 5223 populus
2478 5167 2826 5207 murmurans
2851 5152 2999 5209 dicat
3025 5172 3037 5209 :
3068 5173 3087 5207 ι
3122 5155 3234 5212 Cur
3259 5159 3496 5217 eduxisti
3526 5179 3641 5217 nos.

2046 5245 2112 5300 de
2134 5242 2391 5314 aflgypto,
2420 5252 2481 5298 ut
2516 5258 2852 5300 moreremur
2891 5236 2949 5302 in
2982 5247 3308 5305 solitudine?
3342 5252 3502 5310 Deest
3526 5229 3635 5326 pa:

2041 5336 2143 5396 nis.
2192 5350 2298 5388 non
2345 5343 2473 5389 sunt
2519 5349 2675 5403 aqua:
2715 5334 2913 5403 (Exod.
2942 5338 3086 5406 xiv);
3128 5358 3147 5391 ι
3198 5347 3255 5395 et
3301 5341 3405 5395 alia
3434 5343 3625 5409 multa,

2041 5443 2161 5498 qua:
2191 5426 2498 5497 prodigiosa
2528 5426 2802 5481 dementia
2846 5428 3204 5486 tumultuatus
3226 5435 3483 5490 evomuit.
3517 5434 3625 5492 Sed

2043 5519 2269 5574 allectus
2308 5518 2466 5571 taedio
2492 5515 2703 5588 Moyses
2743 5530 2852 5572 tam
2884 5518 3034 5573 durae
3072 5534 3138 5576 ac
3167 5522 3438 5581 seditiosa:
3485 5528 3624 5582 mul-

2050 5608 2320 5679 titudinis,
2369 5606 2658 5665 adventum
2685 5607 2846 5662 anxie
2876 5605 3084 5681 ﬂagitat
3112 5610 3446 5671 Salvatoris:
3482 5616 3625 5673 sicut
