4028 6168
290 393 416 450 ΙΟΗ

1600 397 1666 455 IN
1698 396 1955 455 LIBRUM
1994 394 2277 454 NUMERI.

3402 405 3539 458 iii-i2

290 517 377 563 tur
416 506 616 578 (Ereto.
651 508 750 579 vt).
800 525 818 559 ι
881 507 1201 567 Sanctorum
1261 494 1440 583 autem
1488 525 1711 583 regnum
1756 526 1862 567 non
1895 517 1938 573 Α
1970 524 2142 580 neque
2175 510 2228 564 in
2260 523 2450 579 agrum
2498 509 2639 579 regis
2679 508 2843 575 Seon,
2874 524 3049 580 neque
3086 511 3139 567 in
3167 512 3399 593 vineam,
3446 533 3541 571 ne-

283 607 368 653 est
415 598 468 651 in
508 613 791 661 sermone,
836 600 932 655 sed
979 601 1033 656 in
1069 602 1289 673 virtute.
1324 601 1431 657 Sed
1462 603 1554 674 qui
1596 590 1722 658 sunt
1752 603 1862 658 elo-

284 694 531 754 quentes,
552 682 716 741 iidem
742 682 867 743 sunt
913 697 967 743 et
990 686 1048 757 in
1072 689 1487 765 amaritudinem
1513 690 1861 757 adducentes,

283 774 433 843 quia,
459 772 604 832 sicut
630 774 803 833 sancti
833 775 1036 845 quique
1080 778 1322 855 ctehstis
1350 778 1552 847 eloquii
1596 778 1753 834 mella
1781 780 1862 835 di-

284 858 519 927 stillant,
558 864 639 918 sic
686 865 907 933 reprobi
941 866 1166 939 quilibet
1190 867 1304 925 suis
1339 868 1683 925 auditoribus
1711 869 1862 924 virus

280 957 519 1019 terrena:
555 954 812 1010 versutia:
837 956 1362 1033 amaritudinemque
1391 944 1697 1029 propitiant.
1736 960 1862 1015 Istis

282 1045 426 1098 enim
466 1046 523 1100 in
568 1059 801 1113 persona
848 1057 1049 1103 sancta:
1072 1048 1330 1104 Ecclesiae
1357 1044 1557 1125 dicitur
1586 1069 1599 1105 :
1637 1070 1657 1105 ι
1684 1048 1871 1109 ιτεγιιε

281 1131 556 1223 distillans
582 1133 725 1191 labia
755 1145 869 1202 tua,
901 1148 1098 1207 sponsa
1131 1136 1308 1209 (Cant.
1336 1142 1433 1221 tv).
1481 1160 1499 1194 ι
1697 1136 1874 1223 etiam

280 1225 337 1281 in
393 1208 565 1296 ﬁgura
621 1226 879 1295 ejusdem
924 1228 1182 1307 Etelesia:
1219 1208 1515 1288 concinunt
1559 1208 1641 1289 2°.
1686 1233 1861 1305 Quam

280 1308 456 1370 dulcia
483 1313 731 1372 faucibus
752 1318 889 1373 meis
909 1318 1120 1389 eloquia
1150 1329 1266 1389 tua,
1291 1336 1455 1407 super
1480 1322 1584 1378 mel
1605 1330 1659 1380 et
1676 1320 1873 1395 favum“

279 1406 360 1460 ori
399 1407 559 1473 meo!
591 1425 611 1459 ι
642 1407 816 1479 (Prol.
844 1400 1059 1482 cum.)
1085 1412 1159 1468 De
1186 1400 1415 1495 quorum
1444 1412 1608 1487 etiam
1644 1416 1861 1473 doctore

279 1508 477 1564 sponsa
518 1496 650 1554 dicit
685 1497 739 1552 in
782 1497 1021 1556 Canticis
1052 1519 1065 1554 :
1099 1519 1119 1554 σ
1151 1501 1352 1559 Guttur
1378 1501 1499 1575 ejus
1523 1504 1859 1574 dulcedines,

277 1595 335 1641 et
364 1594 512 1653 totus
539 1576 973 1660 cancupiseeutia
1023 1592 1203 1664 (Cant.
1248 1594 1325 1671 v).
1370 1614 1389 1648 ι
1432 1596 1507 1652 De
1544 1598 1650 1665 illis
1677 1592 1871 1653 autem

278 1692 312 1733 e
342 1681 622 1741 contrario
663 1683 863 1738 dicitur
895 1702 909 1739 :
944 1703 963 1737 ι
994 1684 1131 1752 Quia
1158 1685 1357 1759 linguis
1384 1670 1503 1744 suis
1527 1688 1714 1757 dolose
1736 1705 1862 1762 age-

277 1767 453 1853 bant;
493 1785 758 1827 venenum
812 1776 1060 1844 aSpidum
1108 1778 1207 1834 sub
1256 1774 1415 1835 labiis
1452 1770 1639 1835 eorum
1680 1779 1855 1852 (Pral.

280 1858 426 1933 xm).
477 1879 497 1912 ι
540 1859 641 1917 L’bi
694 1877 820 1917 mox
863 1865 1111 1937 sequitur
1161 1883 1175 1921 :

278 1949 516 2031 dictione
553 1962 607 2007 et
632 1940 992 2010 amaritudine
1020 1955 1236 2027 plenum
1266 1940 1352 2014 est
1379 1959 1569 2032 (Ibid).
1617 1981 1637 2015 ι

350 2041 506 2098 Unde
549 2051 606 2099 et
654 2045 872 2121 vineam
918 2046 1063 2102 illaut
1090 2032 1352 2106 Dominus
1393 2066 1493 2121 per
1539 2053 1856 2123 prOphetam

278 2132 629 2200 conqueritur
712 2132 765 2189 in
847 2138 1263 2213 amaritudinem
1306 2128 1311 2135 ’
1354 2155 1477 2199 esse
1539 2158 1858 2202 conversam

279 2216 435 2295 (Isai.
474 2239 537 2289 v;
580 2224 695 2280 Jer.
732 2225 835 2294 ti);
881 2212 1001 2301 quae
1029 2230 1287 2286 nimirum
1320 2220 1437 2300 illi,
1468 2249 1499 2289 a
1525 2250 1632 2306 quo
1658 2216 1858 2297 dudum

277 2321 596 2382 perceperat
649 2322 845 2370 terram
878 2315 1035 2372 lactis
1072 2329 1126 2374 et
1154 2320 1347 2385 mellis.
1389 2324 1728 2392 postmodum
1765 2327 1860 2383 ob-

279 2402 402 2475 tulit
443 2404 862 2462 amaritudinem
899 2407 1040 2464 aceti
1079 2394 1240 2466 simul
1260 2398 1311 2469 et
1331 2414 1857 2488 fellis(Deut.xxxu).

280 2490 485 2579 florum
540 2495 724 2567 itaque
779 2496 1146 2581 loquentium,
1194 2502 1281 2559 vel
1330 2496 1386 2561 in
1442 2508 1857 2565 amaritudinem

280 2584 689 2667 adducentium,
721 2586 863 2671 Seon
915 2604 1008 2667 re;
1038 2599 1145 2658 est,
1194 2593 1286 2664 qui
1335 2594 1510 2671 elatus
1555 2584 1855 2671 asseritur,

278 2678 408 2761 quia
437 2679 741 2763 vaniloquis
784 2668 847 2738 et
871 2683 1076 2770 amaris
1123 2685 1285 2754 hujus
1314 2668 1498 2761 mundi
1528 2694 1860 2767 amatoribus

278 2770 523 2867 diabolus
551 2784 745 2867 auctor
776 2764 1437 2867 syuperbitevprincipatur.
1485 2782 1639 2867 Unde
1663 2794 1717 2840 et
1748 2764 1860 2865 ipse

278 2861 533 2943 princeps
563 2863 748 2919 mundi
781 2865 985 2939 dicitur
1010 2865 1193 2937 (loan.
1231 2885 1328 2934 xu,
1362 2860 1507 2942 xxv),
1528 2871 1671 2929 illius
1709 2860 1859 2945 vide-

279 2950 407 3029 licet
443 2951 512 3031 de
550 2968 663 3024 quo
699 2954 831 3011 dicit
876 2953 1113 3012 Joannes
1157 2978 1169 3013 :
1208 2978 1227 3012 ι
1270 2950 1502 3018 Mundus
1539 2962 1592 3017 in
1623 2956 1858 3036 maligno

1964 614 2071 672 que
2107 599 2174 657 de
2198 599 2319 655 lacu
2348 600 2463 673 ejus
2491 614 2551 656 se
2592 598 2879 670 pollicetur
2919 590 3117 681 aliquo:
3147 590 3305 683 modo
3332 592 3543 683 potatu-

1965 706 2105 748 rum.
2148 692 2254 755 Per
2302 707 2494 771 agrum
2537 692 2768 760 scilicet,
2815 692 2997 771 cperis
3039 694 3388 775 exercitium;
3446 711 3543 766 per

1934 768 2179 839 ’vineam
2210 790 2258 837 et
2289 768 2489 849 lacum,
2514 798 2777 836 vanarum
2802 770 3000 865 artium
3031 768 3349 867 intelligitur
3376 772 3541 853 pocu-

1961 871 2097 953 lum,
2140 870 2446 953 astrologiae.
2491 860 2719 940 scilicet,
2760 856 3003 953 magicae,
3048 858 3461 953 necromantiae
3489 887 3544 932 et

1962 948 2237 1041 quidquid
2270 972 2355 1020 est
2400 952 2545 1034 quod
2576 952 2787 1041 vanum“
2831 948 3036 1034 aliquid
3074 950 3169 1019 “ve!
3221 950 3551 1037 sacrilegum

1963 1052 2297 1129 dogmatizat,
2351 1046 2545 1109 eontra
2589 1053 2871 1129 catholicae
2939 1052 3074 1129 ﬁdei,
3128 1052 3406 1124 pietatem.
3468 1048 3545 1110 llo

1960 1122 2161 1215 quibus
2194 1128 2384 1219 ultique
2427 1122 2811 1221 pestilentibus
2850 1126 3056 1211 poculis
3103 1122 3293 1198 contra
3316 1132 3557 1213 perver?

1961 1214 2079 1305 sum
2113 1214 2368 1304 populum
2396 1214 2496 1303 per
2526 1214 2818 1309 Jeretuiant
2866 1230 3127 1303 Dominus
3167 1220 3541 1304 conqueritur,

1962 1318 2193 1381 dicens:
2230 1344 2250 1378 ι
2297 1325 2413 1393 Duo
2444 1325 2583 1382 mala
2621 1312 2751 1381 fecit
2780 1314 3010 1398 poyulus
3047 1316 3228 1397 meus;
3264 1343 3349 1383 me
3392 1326 3545 1397 dere-

1960 1412 2255 1497 tiquerunt,
2285 1410 2493 1499 fontem
2515 1404 2843 1486 aqumvii'ae,
2874 1426 2927 1470 et
2954 1414 3204 1470 foderunt
3224 1412 3327 1470 sibi
3356 1398 3546 1499 cister-

1962 1496 2073 1583 nas.
2112 1490 2427 1583 dissipatas,
2480 1521 2601 1583 quae
2650 1508 2930 1575 continere
2977 1504 3083 1581 nan
3146 1508 3331 1583 valent
3378 1490 3546 1578 aquas

1962 1586 2098 1671 (der.
2132 1590 2231 1675 tt).
2261 1619 2287 1679 t
2324 1582 2404 1656 De
2438 1582 2635 1672 quibus
2662 1609 2718 1655 et
2761 1615 2858 1670 per
2910 1592 3253 1667 Salomonem
3302 1600 3500 1655 dicitur
3528 1617 3543 1654 :

1967 1706 1989 1741 α
2028 1688 2197 1767 Aquae
2245 1688 2456 1745 furtivae
2485 1678 2750 1759 dulciores
2782 1697 2907 1744 sunt
2954 1688 3133 1763 (Prov.
3166 1690 3263 1767 ix).
3309 1709 3328 1741 ι
3373 1678 3546 1761 Ilabet

1962 1764 2142 1863 autem
2184 1776 2352 1863 Israel
2398 1780 2577 1835 fontes
2625 1768 2753 1837 suos
2785 1799 2798 1835 :
2833 1800 2851 1833 ‹
2895 1780 2957 1861 In
3004 1764 3290 1845 ecclesiis,
3332 1772 3543 1849 inquit,

1233 1886 1252 1921 ι
1296 1867 1537 1949 Quorum
1580 1886 1644 1928 os
1691 1872 1857 1927 male-
1888 1854 2261 1945 Bbenedicite
2315 1870 2426 1925 Deo
2484 1858 2713 1949 Domino
2761 1871 2827 1949 de
2876 1854 3115 1949 fontibus
3157 1868 3319 1925 Israel
3370 1868 3543 1939 (I’sal.

1961 1960 2151 2029 vau).
2198 1978 2217 2035 ι
2262 1958 2493 2027 Superbi
2522 1946 2671 2030 'ergo
2702 1948 2845 2035 Seon
2890 1973 3062 2028 aquas
3101 1944 3344 2035 respuat,
3376 1950 3547 2013 Iniere-

1962 2034 2550 2121 ticorumidogr‘natnm
2599 2034 2800 2119 ﬂuenta
2856 2059 3186 2115 contemnat,
3252 2033 3327 2105 et.
3360 2070 3376 2101 ι
3414 2050 3547 2104 hau-

1959 2126 2067 2194 riat
2095 2154 2264 2211 aquas
2310 2126 2367 2194 in
2398 2130 2619 2213 gaudio
2646 2126 2712 2196 de
2744 2136 2996 2196 fontibus
3039 2124 3341 2199 Salvatoris
3387 2141 3541 2213 (Iani.

1958 2224 2077 2313 xui).
2124 2247 2147 2303 »ν
2185 2228 2290 2313 Qui
2336 2216 2483 2286 enim
2512 2230 2716 2300 dirupit
2748 2218 2929 2313 fontes
2968 2226 3019 2285 et
3058 2220 3337 2311 torrentes
3368 2224 3543 2313 (Erat.

1958 2304 2178 2401 dixin),
2203 2304 2296 2377 hic
2324 2321 2379 2376 in
2401 2322 2692 2394 Evangelio
2738 2306 2909 2379 dicit:
2943 2341 2963 2376 ‹
2993 2306 3094 2393 Qui
3122 2306 3321 2380 biberit
3348 2306 3545 2401 aquam

1957 2396 2119 2478 qnam
2146 2424 2248 2480 ego
2268 2400 2348 2465 do
2375 2450 2392 2477 ,
2435 2409 2659 2466 ﬂumina
2692 2412 2760 2466 de
2805 2422 2995 2491 ventre
3034 2412 3149 2481 ejus
3197 2413 3361 2468 ﬂuent
3392 2396 3546 2484 aqua:

1957 2497 2093 2553 vivae
2125 2496 2309 2573 (Joan.
2338 2498 2457 2571 vti).
2505 2519 2524 2553 ι
2568 2500 2676 2556 Sed
2719 2492 2775 2556 et
2801 2490 2893 2555 via
2918 2501 3086 2573 regia,
3135 2503 3276 2558 sicut
3318 2511 3401 2557 est
3430 2504 3548 2572 pol-

1959 2590 2163 2656 licitus,
2191 2578 2471 2663 gradiatur
2500 2582 2527 2648 z'
2555 2610 2574 2645 ‹
2607 2592 2726 2659 Via,
2756 2592 2956 2662 inquit,
2986 2594 3131 2664 regia
3158 2588 3486 2664 gradiemur.
3519 2614 3539 2647 ι

1956 2679 2089 2749 Qua:
2117 2690 2203 2737 est
2229 2691 2411 2741 autem
2440 2682 2524 2737 via
2554 2682 2724 2751 regia,
2755 2682 2857 2738 nisi
2893 2682 2979 2736 illa
3016 2697 3135 2754 quae
3163 2668 3337 2738 dicit;
3374 2701 3392 2735 ‹
3434 2682 3546 2755 Ego

1957 2760 2076 2830 sum
2106 2774 2233 2829 via?
2267 2792 2287 2827 ι
2328 2770 2510 2848 (Joan.
2542 2773 2679 2845 xxv.)
2704 2764 2811 2841 Qui
2845 2774 3009 2829 etiam
3046 2772 3100 2827 in
3132 2773 3248 2843 ipso
3274 2764 3545 2844 passionis

1956 2877 2069 2918 sua:
2092 2860 2323 2919 articulo
2348 2876 2406 2918 se
2433 2858 2611 2932 regem
2638 2852 2910 2933 perbibet,
2936 2852 3064 2918 dum
3082 2854 3174 2918 "ait
3200 2882 3213 2918 :
3248 2862 3357 2919 «Tu
3382 2863 3542 2931 dicis,

1957 2953 2082 3024 quia
2111 2969 2205 3031 rex
2232 2968 2353 3009 sum
2380 2967 2479 3023 ego
2508 2954 2692 3021 (Joan.
2722 2946 2901 3026 xviii).
2952 2974 2970 3006 ι
3282 2944 3311 2985 -“

282 3040 491 3112 positus
522 3053 606 3097 est
632 3042 685 3113 (ι
715 3042 877 3099 Ιοαη.
911 3046 987 3118 v).
1032 3065 1052 3099 ι
1093 3046 1162 3103 Ει
1206 3046 1469 3105 Dominus
1498 3030 1858 3123 promeruit»
1990 3030 2384 3123 ’t’x-omisimus
2413 3060 2546 3117 ergo
2573 3034 2805 3116 superbo
2853 3046 2962 3114 regi
3011 3044 3151 3101 Seon
3182 3036 3299 3115 eius
3342 3044 3541 3101 ﬂuenta

283 3129 398 3215 lum
426 3123 703 3211 discipulis
736 3133 997 3206 Spiritum
1028 3132 1373 3207 mittendum,
1395 3156 1555 3211 quem
1588 3142 1677 3199 hic
1704 3160 1857 3202 mun-
1899 3209 1931 3217 Α
1964 3152 2068 3217 non
2100 3138 2306 3205 bibere,
2354 3152 2461 3193 non
2491 3136 2545 3194 in
2589 3152 2750 3217 agros
2797 3135 2881 3193 vel
2911 3138 3096 3193 vincas
3127 3137 3425 3205 declinare,
3450 3153 3540 3193 re-

285 3209 395 3283 dus'
435 3209 542 3283 non
586 3237 767 3298 potest
808 3230 1059 3303 accipere
1110 3229 1294 3305 (Joan.
1348 3209 1484 3306 xxv).
1539 3235 1680 3292 Dicit
1730 3254 1860 3312 ergo
1889 3209 1935 3275 ο
1965 3210 2051 3302 gia
2086 3229 2172 3312 via
2214 3245 2313 3286 nos
2340 3214 2609 3295 incedere;
2638 3227 2746 3285 hoc
2785 3236 2890 3294 est.
2933 3229 3001 3312 ad
3027 3227 3304 3312 Christum
3336 3243 3436 3299 per
3462 3228 3557 3299 ip-’

282 3318 448 3377 Israel
478 3320 546 3377 ad
571 3320 713 3378 Seon
746 3340 759 3379 :
795 3339 815 3375 ι
847 3322 1107 3382 Transire
1134 3324 1294 3386 nobis
1330 3326 1492 3387 liceat
1531 3347 1629 3404 per
1660 3308 1862 3389 terram
1962 3336 2083 3377 sum
2112 3311 2506 3405 ’ρπορθτδηιεεν
2552 3321 2621 3376 3b
2672 3320 2925 3403 ρηιηίιωε
2964 3308 3171 3375 illam“
3202 3310 3431 3395 Ροῐιψίε
3490 3332 3546 3375 ει

286 3418 471 3482 tuam;
519 3427 627 3471 non
666 3412 1059 3475 declinabimus
1098 3417 1153 3474 in
1182 3434 1341 3493 agros
1367 3430 1423 3478 et
1448 3423 1636 3479 vineas
1668 3423 1859 3498 (Num.
1961 3415 2215 3491 operibus
2238 3413 2532 3470 abstinere.
2565 3412 2674 3470 Sed
2697 3412 2874 3468 elatus
2918 3411 3008 3469 ille
3056 3412 3197 3499 Seon
3240 3412 3541 3495 exercitum

283 3501 420 3577 ut).
469 3522 491 3560 ι
532 3503 663 3569 Nos,
692 3504 851 3578 plane
896 3522 996 3564 nos
1040 3524 1248 3575 sumus,
1278 3511 1370 3582 qui
1411 3526 1510 3581 per
1535 3512 1679 3570 hunc
1709 3530 1863 3569 mun-
1959 3507 2265 3581 colligit,et
2309 3505 2475 3563 Israel
2521 3521 2618 3593 per
2661 3520 2788 3589 suos
2831 3505 2965 3573 lines
3012 3504 3213 3560 habere
3256 3503 3543 3560 transitum

190 3624 213 3633 π
283 3595 412 3655 dum
455 3594 523 3652 ad
562 3604 763 3653 terram
809 3600 1058 3671 cupimus
1103 3600 1339 3655 transire
1363 3601 1681 3658 viventium.
1728 3601 1861 3669 Nos,
1962 3612 2071 3653 non
2102 3590 2385 3675 permittit.
2442 3586 2574 3665 Quis
2624 3586 2708 3653 est
2756 3604 2935 3653 autem
2976 3597 3205 3691 populus
3251 3598 3339 3652 ille
3382 3613 3540 3669 quem

286 3687 527 3761 inquam,
555 3702 651 3759 per
704 3688 965 3756 terminos
1016 3690 1236 3760 superbi
1286 3690 1433 3761 regis
1476 3689 1754 3749 humiliter
1784 3691 1864 3747 in-
1967 3688 2425 3761 Somtcongregat
2448 3690 2706 3759 adversus
2729 3688 2916 3755 Israel,
2965 3687 3070 3744 nisi
3099 3690 3316 3759 reprobi
3341 3690 3544 3761 quique

284 3781 479 3837 cedere
524 3779 775 3837 volumus
822 3781 890 3836 ad
939 3781 1172 3853 patriam
1224 3780 1421 3839 divinae
1465 3782 1858 3853 promissionis.
1963 3780 2058 3852 qui
2084 3764 2485 3857 persequuntur
2511 3780 2856 3837 Ecclesiam?
2888 3780 2968 3835 Ex
3017 3781 3102 3837 bis
3133 3790 3259 3837 sunt
3303 3782 3537 3856 tyranni.

283 3871 353 3927 Et
377 3871 633 3942 quoniam
680 3872 939 3929 Hebraeus
980 3872 1369 3947 interpretatur
1420 3873 1720 3938 transiens,
1764 3888 1864 3929 nos
1962 3866 2130 3929 duces
2175 3880 2230 3929 et
2272 3872 2545 3965 principes
2573 3871 2782 3938 mundi,
2823 3870 2915 3940 qui
2967 3871 3052 3926 vel
3087 3871 3375 3926 catholicis
3413 3870 3545 3924 viris

284 3961 375 4033 qui
417 3961 662 4032 discipuli
701 3978 889 4019 sumus
920 3963 1063 4020 illius
1097 3982 1116 4016 ι
1153 3964 1244 4036 qui
1290 3980 1398 4021 non
1428 3965 1716 4031 habitavit,
1769 3965 1867 4021 sed
1963 3979 2062 4034 per
2090 3960 2401 4021 luereti'cam
2431 3961 2755 4037 pravitatem
2796 3969 3073 4031 opponunt
3099 3960 3544 4019 contradictionis

285 4052 639 4122 pertransivit
667 4053 1056 4113 benefaciendo
1081 4064 1136 4110 et
1160 4057 1401 4112 sanando
1428 4071 1620 4113 omnes
1643 4071 1868 4129 oppres-
1963 4056 2261 4119 obstacula,
2288 4052 2375 4107 vel
2413 4053 2618 4108 sanctis
2659 4052 2989 4123 martyribus
3014 4051 3312 4105 moliuntur
3342 4049 3544 4107 inferre

285 4156 376 4198 sos
403 4156 436 4198 a
465 4142 713 4208 diabolo,
740 4144 995 4213 quoniam
1045 4144 1203 4217 130
1252 4145 1397 4202 Deus
1439 4154 1559 4202 erat
1606 4162 1730 4201 cum
1774 4147 1869 4203 illo
1967 4136 2259 4203 termenta.
2311 4142 2418 4198 Sed
2441 4143 2571 4213 quid
2595 4141 2664 4197 ad
2703 4142 2819 4198 haec
2844 4140 2973 4197 facit
3012 4141 3216 4197 Israel?
3245 4141 3559 4212 Interroge-_

287 4232 425 4303 (Act.
459 4233 540 4301 ι),
561 4253 581 4289 ι
617 4250 890 4305 nunquam
923 4252 1022 4292 nos
1043 4238 1383 4295 habitaturos
1415 4252 1537 4294 cum
1566 4237 1708 4294 Seon
1740 4254 1867 4311 rege
1967 4254 2088 4293 mus
2124 4236 2403 4292 historiam
2436 4252 2450 4289 :
2488 4253 2508 4289 ι
2549 4234 2728 4301 Venit,
2774 4233 2970 4305 inquit,
2999 4234 3052 4289 in
3082 4233 3226 4290 lssar
3250 4230 3445 4311 [Jasa],
3487 4238 3561 4313 et

286 4323 676 4394 promittimus,
701 4325 795 4381 sed
821 4326 907 4380 via
934 4327 1308 4384 tantummodo
1336 4327 1484 4399 regia
1512 4340 1868 4399 processuros
1967 4328 2228 4402 pugnavit
2254 4332 2448 4383 contra
2475 4341 2599 4382 eum
2644 4323 2827 4396 (Num.
2867 4324 3005 4395 xxi).
3053 4342 3072 4378 ι
3114 4325 3157 4380 Δ
3186 4340 3293 4395 quo
3324 4338 3544 4396 percus-

287 4428 389 4470 nos
439 4428 561 4473 esse
604 4415 951 4485 spondemns.
998 4415 1103 4473 Sed
1147 4417 1363 4486 quando
1404 4435 1508 4474 nos
1560 4418 1673 4488 regi
1721 4419 1866 4475 Seon
1967 4424 2060 4475 sus
2106 4427 2192 4474 est
2238 4417 2382 4473 Seon
2417 4417 2471 4472 in
2518 4432 2615 4473 ore
2642 4415 2827 4489 gladii,
2873 4426 2929 4472 et
2976 4430 3223 4485 possessa
3265 4424 3349 4470 est
3399 4424 3543 4469 terra

287 4504 391 4560 ista
434 4505 810 4576 promisimus?
842 4505 1071 4574 Quando
1116 4508 1501 4566 cohabitationi
1537 4509 1654 4579 ejus
1703 4526 1863 4581 repu-

288 4593 441 4649 dium
495 4595 773 4651 dedimus?
823 4597 1039 4666 quando
1090 4596 1370 4653 divisionis
1417 4606 1636 4654 aeternae
1686 4590 1863 4655 fmdus

287 4699 412 4741 cum
430 4698 509 4765 eo
537 4686 679 4757 pacti
704 4687 925 4742 sumus?

358 4776 688 4834 Recolamus
746 4778 930 4846 itaque
976 4777 1121 4832 diem
1167 4779 1308 4833 sacri
1357 4777 1733 4847 baptismatis;
1786 4778 1865 4846 ip-

288 4885 408 4927 sum
439 4884 591 4924 nova:
637 4868 1066 4938 regenerationis
1108 4866 1388 4923 exordium
1433 4866 1503 4922 ad
1548 4868 1865 4923 memoriam

292 4960 634 5023 reducamus,
670 4968 726 5014 et
754 4958 829 5014 ibi
863 4974 963 5013 nos
982 4956 1166 5031 procul
1193 4958 1357 5015 dubio
1382 4960 1723 5015 renuntiasse
1748 4959 1863 5014 dia-

290 5054 417 5112 bolo
462 5071 526 5111 ac
558 5054 771 5111 cunctis
797 5052 915 5123 ejus
941 5051 1154 5123 pompis
1180 5059 1234 5107 et
1257 5051 1509 5123 operibus
1540 5052 1862 5108 invenimus.

290 5147 691 5202 Commemoret
740 5142 1115 5212 unusquisque
1162 5142 1418 5209 ﬁdelium,
1463 5157 1588 5198 cum
1632 5142 1867 5213 primum

294 5239 361 5294 ad
388 5236 591 5293 fontem
624 5237 827 5295 lavacri
866 5236 1118 5292 salutaris
1150 5236 1418 5302 accessit,
1444 5252 1567 5293 cum
1593 5235 1868 5306 signacula

293 5328 420 5384 fidei
448 5327 621 5397 prima
641 5328 898 5398 suscepit.
925 5325 1137 5395 Nonne,
1160 5340 1256 5399 per
1276 5326 1663 5383 catechismum
1690 5339 1873 5381 sacer.

294 5415 491 5474 dotalis
520 5414 704 5484 oIIieii,
733 5415 820 5472 his
847 5431 979 5474 usus
1005 5425 1088 5473 est
1113 5416 1294 5473 verbis
1329 5417 1525 5487 quibus
1569 5430 1627 5472 se
1666 5415 1871 5487 signiti-

297 5514 449 5561 caret
486 5504 768 5562 Ietbifcras
795 5508 983 5562 mundi
1027 5506 1191 5579 hujus
1238 5506 1563 5577 capiditates
1612 5507 1869 5576 abjicere,

297 5610 364 5650 ac
389 5594 665 5653 diabolicae
696 5597 975 5654 societatis
1017 5598 1433 5654 contubernium
1468 5597 1819 5668 proﬁteretur
1840 5613 1871 5652 a

1968 4508 2084 4580 ejus
2110 4507 2179 4565 ab
2224 4507 2411 4577 Arnoa
2445 4520 2614 4578 usque
2652 4506 2873 4562 Laboch
2913 4503 3146 4578 [Jeboc].
3188 4504 3327 4561 Ecce
3356 4520 3546 4576 super-

1971 4600 2091 4665 bus,
2123 4611 2252 4654 ecce
2280 4599 2455 4655 elatus
2483 4612 2808 4667 congressus
2835 4605 2938 4660 est,
2970 4597 3064 4651 sed
3094 4596 3362 4651 contritus
3391 4611 3543 4651 com-

1969 4689 2119 4745 misit
2161 4697 2216 4744 et
2260 4688 2514 4757 perdidit,
2547 4687 2603 4742 in
2648 4700 2799 4741 arma
2848 4684 3098 4755 prosiluit
3143 4692 3198 4740 et
3238 4686 3541 4740 succubuit.

1971 4779 2074 4847 Qui
2104 4778 2279 4834 noluit
2307 4779 2459 4855 131
2489 4779 2620 4832 dare
2646 4777 2811 4841 viam,
2837 4774 3073 4845 perdidit
3096 4774 3285 4841 vitam,
3326 4784 3384 4829 et
3418 4775 3544 4829 dum

1971 4868 2299 4941 contempsit
2327 4883 2568 4923 annucre
2610 4867 2840 4937 publicae
2885 4865 2985 4921 via:
3012 4864 3301 4923 transitum
3327 4905 3342 4933 ,
3366 4866 3549 4921 amisit

1973 4948 2251 5031 proprium
2280 4958 2475 5030 regalis
2503 4957 2685 5031 gloria:
2711 4957 3096 5029 principatum.
3133 4956 3302 5013 Israel
3326 4969 3506 5018 autem
3528 5000 3545 5026 ,

1971 5053 2062 5127 qui
2098 5053 2386 5109 transitum
2421 5067 2529 5107 non
2556 5050 2816 5119 obtinuit,
2854 5052 2922 5108 ad
2948 5050 3305 5109 ltaereditarite
3331 5066 3539 5123 posses.

1973 5147 2144 5204 sionis
2180 5144 2305 5216 jura
2334 5145 2613 5218 pervenit;
2647 5154 2720 5213 et,
2754 5145 2841 5203 cui
2887 5146 3119 5225 transire
3142 5161 3249 5201 non
3284 5145 3456 5212 licuit,
3482 5144 3549 5201 de

1974 5238 2060 5294 via
2088 5237 2319 5307 patriam
2350 5235 2498 5291 fecit.

2046 5326 2154 5384 Sed
2183 5328 2300 5395 ubi,
2342 5342 2548 5400 quaiso,
2585 5326 2782 5383 fratres
2826 5327 2955 5395 mei,
2998 5326 3090 5381 ubi
3134 5328 3249 5382 bac
3292 5335 3377 5382 est
3428 5340 3553 5395 per-

1974 5424 2099 5473 acta
2136 5417 2405 5473 victoria?
2434 5416 2585 5473 Felix
2606 5417 2813 5473 scilicet
2840 5415 3010 5482 locus,
3033 5414 3125 5487 qui
3165 5425 3326 5470 tanta
3361 5414 3548 5487 gloria;

1975 5510 2177 5565 meruit
2202 5509 2384 5565 videre
2415 5507 2774 5579 triumphum!
2807 5507 2933 5575 Ubi,
2966 5506 3211 5577 inquam,
3252 5508 3546 5578 superbum

1976 5614 2158 5669 regem
2186 5599 2421 5654 obtinuit
2448 5596 2648 5654 Israel?
2668 5596 2722 5652 In
2748 5597 2941 5654 Issaar.
2970 5596 3144 5652 lssaar
3172 5604 3354 5650 autem
3378 5596 3549 5650 inter-

300 5699 360 5740 se
407 5686 648 5744 funditus
677 5686 964 5743 abdicare?
1007 5688 1075 5743 Et
1110 5691 1214 5745 hoc
1252 5697 1336 5751 est
1363 5690 1506 5760 quod
1549 5691 1603 5746 in
1633 5689 1874 5746 historiae
1974 5697 2218 5759 pretatur
2242 5689 2477 5743 mandati
2516 5687 2837 5758 ndiinpletio.
2868 5686 2935 5743 Et
2965 5703 3083 5753 nos,
3112 5686 3157 5741 'si
3186 5686 3254 5741 ad
3280 5686 3425 5741 hunc
3462 5686 3546 5742 lo-

301 5779 644 5837 sermonibus
674 5777 1043 5844 adumbratur,
1080 5780 1203 5851 quia
1238 5797 1341 5837 non
1376 5780 1665 5839 declinabit
1686 5781 1872 5847 Israel,

1978 5796 2099 5836 cum
2132 5780 2240 5835 Deo
2271 5780 2403 5835 duce
2449 5778 2823 5849 pertingimus,
2851 5777 3117 5834 diabolum
3153 5776 3335 5848 procul
3366 5776 3565 5840 dubie,
