4028 6168
485 395 624 450 1055

1411 390 1905 451 COLLECTANEA
1939 390 2007 449 IN
2046 390 2272 451 VETUS
2306 394 2847 456 TESTASIENTUM.

3610 408 3745 463 l0”

479 499 573 572 qui
609 508 772 569 caput
795 507 851 554 et
877 498 1030 569 origo
1072 505 1156 553 est
1183 497 1467 568 superbiae,
1518 514 1857 568 superamus.
1902 500 2053 556 Tune
2084 506 2126 563 Α
2158 517 2225 557 ne
2253 517 2465 573 parcas,
2504 504 2690 577 longos
2722 505 2808 563 fac
2841 506 3107 564 [utriculos
3140 516 3283 577 tuos,
3322 521 3375 566 et
3412 512 3594 570 clavos
3624 528 3743 573 tuus

480 592 626 646 enim
657 589 924 645 diabolum
970 586 1260 655 vincimus,
1288 602 1411 643 cum
1463 586 1840 659 Redemptoris
1885 589 2053 645 nostri

482 681 735 736 mandata
764 678 1119 750 compiemus,
1148 694 1454 749 quanquam
1482 679 1626 749 quod
1652 688 1737 735 est
1783 679 2054 735 diabolum

478 773 697 829 Vincere
724 812 739 838 ,
779 771 887 826 hoc
933 772 1108 841 ipsum
1152 771 1225 826 sit
1269 771 1450 827 divina
1483 770 1736 826 mandata
1762 771 2053 841 complere.

478 859 637 929 Nam,
681 860 808 916 dum
836 860 1020 916 carnis
1050 860 1333 915 illecebras
1362 860 1682 930 frangimus,
1708 843 1842 915 ldum
1876 861 2057 930 pravis

477 955 745 1011 viscerum
790 954 1135 1026 passionibus
1180 954 1543 1021 reluctantur,
1571 956 1696 1009 dum
1724 955 1921 1010 divinte
1940 953 2057 1024 jus-

476 1044 645 1102 sionis
690 1046 919 1117 imperio
963 1047 1268 1112 subdimur,
1312 1056 1367 1102 et
1415 1064 1520 1104 non
1568 1056 1752 1103 nostra
1784 1058 1907 1101 vota
1960 1048 2055 1103 sed

473 1138 619 1195 illius
658 1138 808 1207 jussa
859 1154 1175 1206 servamus,
1220 1148 1347 1194 tunc
1407 1140 1611 1210 absque
1656 1139 1819 1194 dubio
1868 1138 2052 1193 mundi

479 1229 776 1302 principem
827 1239 879 1285 et
915 1230 1079 1286 totius
1108 1231 1362 1300 nequitia:
1396 1230 1726 1286 debellamus
1752 1238 2053 1288 auctorem.

475 1321 630 1378 Tunc
676 1321 971 1393 apostolica
1026 1321 1117 1378 illa
1168 1321 1346 1378 oratio
1395 1322 1697 1391 completur
1744 1321 1797 1378 in
1844 1321 2005 1376 nobis
2037 1360 2052 1387 ,

475 1413 691 1485 quando
716 1414 914 1469 dicitur
946 1433 958 1469 :
1004 1433 1022 1467 ι
1066 1414 1208 1469 Deus
1239 1422 1421 1471 autem
1446 1414 1598 1486 pacis
1626 1422 1874 1470 conterat
1902 1412 2056 1467 Sata~

478 1523 602 1563 nam
632 1506 733 1562 sub
763 1506 991 1576 pedibus
1026 1506 1223 1563 vestris
1252 1504 1425 1577 (Rom.
1458 1505 1590 1576 xvi).
1639 1523 1657 1557 ο
1699 1505 1766 1560 Ει
1798 1504 1925 1560 illud
1956 1521 2053 1560 no-

475 1600 559 1656 bis
592 1598 856 1656 Dominus
887 1598 1033 1667 quod
1078 1598 1330 1671 promisit
1372 1598 1652 1669 impertit:
1687 1616 1705 1650 ι
1740 1597 1880 1655 Ecce
1929 1598 2051 1654 dedi

473 1692 627 1748 vobis
654 1700 974 1762 potestatem
1010 1691 1251 1749 calcandi
1296 1705 1459 1760 supra
1485 1698 1767 1759 serpentes
1805 1699 1861 1745 et
1902 1705 2055 1744 scor-

474 1783 684 1855 piones,
727 1792 784 1839 et
810 1798 972 1852 super
999 1797 1215 1842 omnem
1256 1782 1512 1836 virtutem
1544 1770 1770 1848 inimici,
1815 1789 1871 1835 et
1919 1780 2052 1835 nihil

2158 596 2433 651 consolida
2459 598 2616 668 (Isai.
2640 600 2772 669 LIV).
2806 619 2823 653 ι
2855 600 2968 656 Cur
2994 611 3172 657 autem
3202 603 3315 659 haec
3340 621 3502 675 agere
3527 607 3740 675 debeat,

2157 686 2355 753 aperit,
2400 703 2521 742 cmn
2570 687 2851 757 subiunxit
2891 707 2905 745 :
2941 707 2960 742 ι
2992 690 3075 745 Ad
3104 691 3381 747 dexteram
3414 696 3558 749 enim
3594 707 3648 751 ct
3675 699 3741 751 ad

2156 775 2344 833 laevam
2372 778 2700 849 pcnetrabis,
2727 789 2783 837 et
2825 795 3008 837 semen
3042 791 3190 837 tuum
3238 794 3426 854 gentes
3452 786 3743 842 haeredita-

2156 866 2237 921 bit
2267 867 2479 941 (Ιὺὸά.).
2529 890 2547 921 ι
2592 870 2780 927 Omnis
2806 887 2936 945 ergo
2964 882 3105 928 terra
3136 874 3278 931 Seon
3321 877 3515 933 cecidit
3554 877 3604 931 in
3636 880 3742 933 ha:—

2158 957 2440 1013 rcditatem
2464 958 2646 1024 Israel,
2671 960 2761 1029 qui
2794 961 2918 1015 dum
2949 962 3202 1033 princeps
3230 964 3414 1018 mundi
3445 964 3605 1035 hujus
3628 968 3742 1037 gla-

2157 1048 2247 1105 dio
2290 1050 2458 1105 divini
2491 1051 2641 1106 verbi
2674 1050 2959 1109 confossus
2984 1054 3279 1123 egreditur,
3315 1065 3501 1111 sancta
3525 1058 3743 1113 univer-

2156 1140 2286 1194 salis
2314 1141 2554 1197 Ecclesia
2585 1158 2681 1213 per
2705 1144 2947 1215 ejusdem
2976 1146 3160 1200 mundi
3184 1146 3443 1202 terminos
3465 1148 3739 1203 dilatatur.

2154 1228 2267 1285 Nec
2295 1234 2732 1301 przetercundum
2763 1234 3003 1291 arbitror
3040 1252 3162 1292 esse
3210 1238 3355 1308 quod
3388 1238 3588 1295 dicitur
3617 1241 3741 1310 quia

2153 1335 2403 1390 possessa
2453 1332 2535 1379 est
2583 1334 2727 1381 terra
2776 1326 2893 1397 ejus
2949 1327 3018 1382 ab
3063 1326 3248 1381 Arnon
3300 1343 3471 1398 usque
3528 1327 3742 1385 Laboch

2158 1410 2397 1485 [Jaboc].
2427 1414 2614 1469 Arnen
2658 1416 2861 1486 itaque,
2893 1432 3012 1486 qua:
3036 1425 3121 1473 est
3149 1417 3361 1472 initium
3392 1418 3542 1488 regni
3575 1418 3741 1474 Seon.

2158 1501 2556 1571 interpretatur
2611 1504 3005 1561 maledictionu
3076 1523 3278 1562 eorum.
3336 1506 3525 1565 Omnis
3598 1510 3744 1564 enim

2156 1592 2413 1661 mundus,
2444 1594 2540 1664 qui
2587 1604 2713 1648 ante
2742 1595 3043 1651 Salvatoris
3070 1596 3362 1652 adventum
3409 1599 3509 1653 sub
3548 1598 3746 1655 diaboli

2154 1683 2508 1752 premebatur
2553 1683 2806 1753 imperio,
2860 1685 3258 1741 maledictionis
3304 1685 3536 1742 habebat
3579 1689 3747 1758 origi-

2157 1791 2304 1842 nem,
2356 1776 2483 1847 quia
2532 1776 2929 1835 benedictionis
2987 1780 3272 1850 ignorabat
3326 1790 3637 1846 auctorem;
3675 1780 3745 1837 de

477 1854 630 1928 vobis
671 1872 891 1929 nocebit
918 1872 1069 1944 (Luc.
1102 1872 1180 1944 ι).
1229 1894 1246 1924 ι
1294 1871 1401 1927 Sed
1451 1888 1573 1927 cum
1614 1872 1755 1927 Seon
1785 1872 2056 1942 exprimat
2087 1854 2130 1914 Β
2158 1882 2266 1937 quo
2295 1867 2552 1922 nimirum
2582 1883 2677 1939 per
2706 1868 3030 1941 Prophetam
3061 1870 3261 1925 dicitur
3292 1888 3305 1924 :
3343 1890 3360 1921 ι
3400 1870 3742 1929 Benedictio-

472 1965 757 2036 antiqunm
797 1965 1032 2031 hostem,
1078 1965 1306 2036 populus
1349 1974 1529 2020 autem
1560 1963 1678 2034 ejus
1703 1981 1947 2036 quosque
1972 1981 2059 2021 re-

378 2116 381 2117 ,
472 2057 697 2131 probos,
744 2055 829 2113 vel
872 2055 1127 2117 Ecclesiae
1178 2065 1591 2127 persecutores,
1639 2056 1730 2126 qui
1777 2056 1946 2112 armis
1989 2057 2058 2111 ab

472 2145 659 2212 israel,
695 2144 797 2202 hoc
833 2154 939 2211 est,
969 2161 999 2199 a
1035 2146 1238 2201 sanctis
1285 2144 1730 2217 praedicatoribus
1767 2154 1892 2201 sunt
1933 2160 2059 2214 pro-

472 2235 649 2302 strati,
691 2251 797 2310 quo
846 2250 1105 2293 mucrone
1145 2234 1413 2307 perfossi,
1451 2252 1559 2306 quo
1603 2235 1837 2305 denique
1879 2234 2057 2307 gladio

470 2335 597 2385 sunt
648 2326 960 2398 perempti?
1026 2326 1134 2383 Sed
1185 2327 1311 2383 audi
1357 2325 1671 2397 Apostolum
1700 2368 1716 2393 ,
1760 2325 2056 2395 spiritualis

470 2418 659 2488 utique
703 2418 911 2473 militia:
960 2419 1175 2483 ducem,
1204 2426 1258 2474 et
1300 2427 1579 2473 strenuum
1607 2416 1848 2473 intestini
1883 2416 2052 2488 prmlii

468 2511 783 2572 bellatorem
814 2529 827 2567 :
862 2529 881 2566 ι
911 2510 1080 2566 Vivus
1105 2518 1189 2567 est
1211 2550 1228 2576 ,
1262 2510 1473 2580 inquit,
1504 2524 1683 2566 sermo
1710 2508 1829 2576 Dei,
1857 2517 1911 2564 et
1943 2507 2055 2564 elli-

467 2617 567 2661 enx
595 2610 651 2657 et
698 2601 1091 2673 peuotrabilior
1132 2602 1283 2657 omni
1328 2600 1509 2672 gladio
1559 2599 1818 2669 ancipiti,
1850 2600 2054 2671 pertin-

466 2711 601 2768 gens
630 2709 802 2765 usque
842 2695 909 2752 ad
954 2693 1274 2750 divisionem
1309 2693 1503 2747 animzc
1524 2707 1588 2747 ac
1630 2691 1878 2762 spiritus,
1906 2705 2053 2746 com-

466 2800 661 2864 pagum
689 2799 904 2856 quoque
945 2800 1010 2839 ac
1058 2784 1442 2848 medullarum,
1466 2791 1519 2836 et
1548 2782 1816 2838 discretor
1845 2783 2053 2850 cogita-

468 2877 673 2932 tionum
722 2885 777 2931 et
812 2875 1172 2930 intentionum
1212 2874 1395 2930 cordis
1439 2872 1629 2943 (Hebr.
1680 2872 1780 2945 tv).
1825 2893 1843 2925 ι
1897 2872 2051 2927 Hunc

466 2964 751 3025 divisionis
807 2964 1045 3036 gladium
1091 2961 1416 3034 evagindbat
1463 2964 1570 3017 dux
1616 2970 1670 3017 et
1718 2972 1912 3017 auctor
1963 2962 2051 3017 ille

465 3053 825 3114 certaminum
853 3068 919 3112 ac
952 3053 1213 3111 Dominus,
1239 3051 1561 3110 bellatorum
1588 3091 1603 3117 ,
1632 3066 1757 3106 cum
1784 3050 2001 3109 dicebat
2031 3068 2045 3107 :

471 3168 496 3202 ι
536 3145 711 3204 Nolite
735 3155 927 3217 putare
952 3146 1076 3218 quia
1116 3145 1240 3206 veni
1267 3145 1482 3201 mittere
1506 3158 1693 3217 pacem
1722 3143 1774 3197 in
1801 3151 2005 3198 terram
2029 3161 2045 3210 ;

2159 1971 2281 2012 nem
2322 1958 2471 2013 dabit
2519 1959 2610 2028 qui
2646 1958 2814 2030 legem
2852 1960 2998 2015 dedit
3023 1958 3195 2031 (Psal.
3234 1962 3484 2032 unm).
3529 1980 3548 2015 ι
3593 1962 3748 2019 Unde

2156 2058 2213 2103 et
2238 2048 2532 2119 Apostolus
2563 2050 2639 2103 ait
2669 2068 2682 2103 :
2719 2069 2737 2103 ι
2774 2050 3090 2122 Quicunque
3128 2053 3273 2107 enim
3304 2069 3369 2107 ex
3394 2053 3747 2122 Operibusle-

2156 2142 2239 2212 gis
2291 2152 2437 2207 sunt,
2485 2144 2586 2198 sub
2614 2144 2900 2200 maledicto
2951 2155 3077 2201 sunt
3125 2146 3272 2219 (Gal.
3302 2147 3401 2220 ιιι).
3456 2168 3472 2200 ι
3517 2150 3599 2203 An
3630 2165 3741 2205 non

2156 2234 2557 2290 maledictionis
2607 2235 2941 2293 habebamus
2989 2237 3223 2303 initium,
3276 2239 3343 2293 de
3385 2239 3583 2309 quibus
3610 2240 3749 2295 dici-

2157 2333 2245 2378 tur
2273 2343 2287 2380 :
2327 2343 2344 2376 ι
2379 2325 2633 2391 Eramus,
2666 2327 2861 2396 inquit,
2900 2338 3091 2382 natura
3123 2330 3214 2385 lilii
3245 2330 3357 2395 irte,
3380 2331 3520 2385 sicut
3548 2339 3603 2385 ει
3642 2347 3750 2386 ca:-

2157 2414 2254 2468 teri
2287 2412 2502 2485 (Eplm.
2531 2415 2615 2485 ιι).
2664 2435 2683 2468 ι
2728 2415 2878 2470 Finis
2906 2426 3086 2471 autem
3142 2419 3290 2488 regni
3343 2418 3485 2473 illius
3528 2429 3613 2474 cst
3642 2419 3751 2477 La-

2153 2503 2316 2572 boch,
2375 2508 2521 2575 quod
2584 2506 2977 2578 interpretatur
3039 2507 3320 2563 luctamen.
3371 2509 3605 2566 Necesse
3658 2524 3750 2569 est

2152 2593 2296 2648 enim
2326 2609 2518 2651 omnes
2567 2596 2659 2669 qui
2709 2596 2895 2651 volunt
2925 2598 3077 2653 exire
3127 2598 3194 2655 de
3240 2614 3406 2670 regno
3445 2600 3645 2658 diaboli
3687 2611 3747 2657 et

2151 2684 2270 2755 ejus
2298 2684 2432 2740 fines
2456 2687 2714 2751 evadere,
2746 2688 3106 2747 teutationum
3153 2690 3515 2762 ingruentium
3560 2704 3743 2749 certa-

2152 2773 2297 2828 tnina
2345 2774 2601 2830 tolerare.
2631 2775 2784 2841 Quod
2830 2776 2876 2830 si
2906 2777 3189 2850 quisquam
3229 2778 3467 2848 legitime
3497 2790 3746 2837 certave-

2152 2865 2247 2929 rit,
2302 2875 2359 2921 et
2408 2866 2641 2921 viriliter
2690 2867 3000 2923 obluctatus
3051 2868 3293 2934 evicerit,
3339 2868 3452 2937 jam
3501 2886 3608 2925 non
3637 2873 3744 2926 erit

2152 2953 2369 3010 Laboch
2399 2956 2592 3010 civitas
2620 2955 2789 3023 Seon,
2817 2958 2913 3013 sed
2941 2958 3133 3013 civitas
3160 2958 3354 3026 Israel;
3386 2976 3490 3016 non
3532 2962 3747 3018 scilicet

2151 3044 2242 3113 qui
2296 3045 2350 3099 in
2395 3062 2560 3100 carne.
2591 3046 2660 3101 sit
2706 3047 2890 3111 Israel,
2943 3062 3042 3101 nec
3093 3049 3144 3102 iu
3182 3048 3473 3105 manifesto
3499 3050 3741 3114 Judteus.

2152 3135 2245 3189 sed
2278 3136 2370 3205 qui
2402 3137 2455 3195 in
2484 3136 2701 3193 libristo
2723 3138 2792 3192 sit
2819 3137 3004 3203 Israel,
3032 3138 3390 3198 circumcisus
3418 3140 3601 3208 corde,
3633 3158 3740 3197 non

467 3255 570 3301 non
615 3206 760 3297 enim
789 3240 910 3295 veni
941 3206 1129 3309 pacem
1160 3240 1399 3303 mittere,
1444 3238 1540 3293 sed
1569 3237 1803 3309 gladium
1830 3237 2046 3309 (Matth.
2080 3206 2128 3270 Ο
2156 3241 2342 3281 Came.

466 3330 543 3401 χ),
583 3348 603 3384 ι
635 3329 847 3385 Audisti
878 3329 1115 3400 gladium
1140 3329 1496 3394 dividentem;
1543 3327 1670 3382 audi
1714 3343 2049 3398 consequen-

466 3430 551 3478 ter
604 3428 664 3477 et
693 3421 863 3493 ipsam
891 3420 1210 3479 divisionem
1246 3437 1265 3479 τ,
1295 3438 1313 3472 ι
1347 3418 1510 3486 Veni,
1555 3419 1751 3488 inquit,
1794 3434 2050 3488 separare

464 3507 743 3567 hominem
782 3509 1044 3566 adversus
1090 3518 1301 3584 patrem
1353 3524 1531 3572 suum,
1579 3517 1631 3564 et
1663 3508 1829 3568 filiam
1857 3511 2049 3564 adver-

462 3613 557 3655 sus
583 3610 817 3656 matrem
840 3615 1020 3666 suam,
1040 3609 1098 3655 et
1122 3614 1320 3656 nurum
1343 3598 1600 3655 adversus
1622 3615 1838 3656 socrum
1860 3616 2043 3665 suam;

462 3695 523 3744 et
572 3689 776 3747 inimici
827 3689 1066 3749 hominis
1114 3689 1401 3749 domestici
1443 3688 1559 3757 ejus
1604 3689 1816 3762 (Ibid.).
1865 3710 1883 3744 ι
1934 3691 2047 3747 lloc

451 3783 644 3853 itaque
678 3780 857 3853 gladio
886 3791 941 3837 et
970 3781 1112 3839 Seon
1153 3790 1236 3836 est
1264 3792 1599 3853 peremptus,
1642 3791 1700 3837 et
1726 3783 1903 3839 omnis
1930 3782 2047 3851 ejus

461 3872 738 3927 exercitus
784 3872 1058 3931 communi
1089 3871 1233 3930 caede
1262 3879 1587 3943 prostratus,
1630 3873 1759 3944 quia
1789 3873 2044 3929 nimirum

460 3963 638 4035 gladio
666 3963 909 4035 spiritus,
940 3964 1082 4035 quod
1110 3974 1193 4020 est
1217 3964 1443 4020 verbum
1490 3965 1585 4019 Dci
1616 3964 1832 4036 (Ephes.
1865 3967 1962 4036 vi),
1992 3976 2047 4022 et

459 4055 705 4115 diabolus
730 4056 957 4122 corruit,
975 4064 1031 4112 et
1056 4056 1335 4128 subjectus
1364 4055 1465 4111 sibi
1504 4056 1732 4127 populus
1760 4057 1829 4111 ab
1856 4056 2046 4112 inlide-

465 4148 637 4206 litatis
671 4163 783 4205 sua:
808 4148 916 4205 vita
942 4148 1158 4204 defecit.

529 4237 664 4295 Cum
709 4238 891 4311 itaque
923 4237 1206 4311 Scriptura
1248 4239 1531 4309 perhibeat
1559 4242 1702 4309 quod
1735 4242 1812 4296 illi
1844 4243 1898 4296 in
1947 4257 2044 4299 ore

457 4329 772 4401 gladiisunt
802 4331 1102 4400 perempti,
1151 4333 1218 4386 de
1268 4331 1388 4388 istis
1431 4348 1540 4387 non
1589 4332 1883 4404 incongrue
1934 4335 2042 4390 dici

452 4426 635 4491 potest
666 4420 925 4495 quoniam
964 4420 1233 4476 interfecti
1264 4432 1392 4477 sunt
1437 4422 1617 4493 gladio
1644 4422 1778 4478 oris.
1825 4424 2040 4479 Etcum

455 4507 718 4565 Dominus
744 4508 891 4564 dicat
923 4528 941 4561 ι
978 4510 1102 4581 quia
1134 4511 1388 4583 princeps
1414 4512 1598 4567 mundi
1624 4512 1870 4582 ejicietur
1893 4514 2039 4571 foras

455 4596 639 4669 (Joan.
669 4600 793 4669 ιιι),
813 4618 830 4650 ι
858 4615 983 4657 mox
1010 4608 1070 4657 ut
1097 4599 1239 4657 Seon
1260 4600 1497 4671 ejicitur,
1529 4600 1671 4658 illico
1701 4618 1797 4675 per
1820 4618 2036 4660 omnem

452 4689 641 4747 mundi
675 4689 1013 4748 latitudinem
1062 4691 1268 4758 Israel,
1322 4692 1376 4747 id
1420 4702 1505 4749 est
1556 4703 1743 4752 sancta
1773 4693 2036 4761 Ecclesia,

452 4792 821 4854 propagatur;
845 4799 967 4841 mox
995 4783 1138 4843 enim
1168 4793 1225 4842 ut
1253 4799 1375 4839 cum
1407 4784 1650 4855 principe
1678 4801 1776 4845 suo
1807 4786 2038 4843 infideli—

451 4884 540 4931 tas
566 4876 832 4933 exstincta
863 4876 1174 4942 collabitur,
1203 4876 1336 4935 fides
1366 4877 1753 4947 triumphantis
1781 4877 2037 4936 Ecclesiae

2750 3322 2977 3379 CAPUT
3029 3323 3141 3379 XII.

2150 3430 2218 3485 In
2242 3431 2476 3508 epistola
2512 3436 2581 3487 ad
2630 3433 2693 3487 ν.
2729 3437 3025 3508 episcOpum
3068 3448 3116 3492 et
3163 3438 3280 3508 ejus
3330 3442 3636 3506 canonicos,
3670 3442 3736 3496 de

2387 3504 2615 3574 quinque
2641 3506 2876 3560 sensibus
2904 3504 3139 3577 Corporis
3169 3504 3491 3563 cohibendis.

2221 3591 2499 3662 Prmcipua
2542 3595 2760 3663 quidem
2805 3596 2934 3652 urbs
2990 3598 3143 3667 regni
3180 3596 3323 3653 Seon
3355 3608 3580 3653 vocatur
3609 3598 3737 3654 Esc-

2147 3683 2252 3738 bon
2284 3722 2299 3747 ,
2330 3699 2449 3753 quae
2484 3683 2740 3739 nimirum
2782 3688 3122 3757 cogitationes
3165 3688 3585 3760 interpretatur;
3639 3707 3735 3760 per

2146 3775 2287 3844 quod
2315 3775 2475 3829 datur
2506 3775 2733 3848 intelligi
2760 3781 2884 3848 quia
2913 3780 3145 3836 maxima
3174 3797 3298 3852 pars
3338 3782 3621 3838 diabolicae
3641 3800 3732 3853 po-

2146 3865 2356 3920 testatis
2401 3865 2453 3919 in
2487 3867 2907 3936 cogitationibus
2942 3882 3149 3942 regnat.
3202 3871 3308 3928 Per
3357 3874 3496 3928 Seon
3528 3875 3733 3945 quippe

2144 3957 2398 4027 nequitiae
2424 3958 2649 4028 spiritus
2687 3960 2981 4030 figuratur;
3027 3965 3119 4017 sed
3163 3964 3377 4019 Escbon
3430 3982 3496 4021 ex
3530 3966 3737 4021 ditione

2145 4048 2289 4106 Seon
2323 4052 2375 4107 in
2402 4051 2764 4109 Israelitarum
2785 4054 2908 4123 jura
2940 4058 3284 4124 transfertur,
3319 4076 3443 4114 cum
3475 4061 3735 4131 cogitatio

2144 4153 2353 4210 nostra,
2384 4160 2507 4214 qua:
2531 4147 2795 4217 superbiae
2820 4157 2967 4219 peste
3004 4158 3301 4218 tumuerat,
3349 4152 3414 4206 ad
3447 4154 3736 4222 reprehen-

2143 4235 2315 4291 sionis
2351 4252 2464 4291 sua:
2487 4236 2748 4306 judicium
2779 4256 2875 4309 per
2911 4241 3140 4311 gratiam
3172 4256 3377 4297 severa:
3403 4242 3737 4297 humilitatis

2145 4324 2391 4391 inclinat,
2426 4336 2525 4393 ut,
2581 4343 2703 4397 qua:
2746 4344 2806 4382 se
2858 4329 3056 4383 dudum
3088 4340 3407 4401 arroganter
3435 4331 3735 4393 extulerat,

2133 4414 2245 4484 jam
2274 4432 2371 4472 sua
2401 4416 2704 4485 dijudicans
2721 4434 2785 4473 ac
2809 4419 3097 4489 diligenter
3122 4421 3475 4485 examinans,
3510 4421 3736 4475 humili-

2144 4515 2228 4561 ter
2263 4508 2625 4578 reprehendit.
2661 4509 2717 4564 In
2745 4508 2919 4565 Cades
2955 4525 3107 4582 ergo,
3137 4512 3229 4581 qui
3261 4522 3345 4567 est
3372 4511 3489 4580 fons
3509 4510 3733 4580 judicii.

2140 4598 2473 4655 Amalccitas
2510 4610 2565 4656 et
2592 4602 2938 4657 Amorrbteos
2958 4602 3136 4673 gladio
3159 4612 3382 4657 vorante
3410 4599 3734 4670 dejicimus;

2141 4691 2267 4763 quia
2295 4700 2422 4747 tunc
2456 4693 2710 4749 vitiorum
2759 4695 3000 4753 omnium
3053 4692 3358 4749 barbariem
3410 4693 3737 4755 sternimus,

2141 4792 2270 4840 tunc
2294 4795 2590 4858 potestates
2635 4802 2825 4843 aereas
2870 4787 3223 4845 invictissime
3276 4786 3646 4855 debellamus,
3686 4790 3741 4843 si

2139 4886 2195 4931 et
2251 4878 2569 4935 innocenter
2617 4878 2848 4933 vivimus
2882 4920 2896 4945 ,
2942 4888 2998 4935 et
3072 4888 3252 4935 tamen
3323 4894 3445 4937 reos
3517 4894 3617 4934 nos
3668 4895 3753 4939 ac

2140 4969 2377 5037 peccatis
2425 4970 2687 5026 obnoxios
2736 4969 3076 5039 iudicamus,
3122 4972 3368 5027 dicentes
3414 4991 3537 5037 cum
3586 4976 3752 5047 Apo.

2140 5062 2280 5117 stolo
2311 5080 2327 5117 :
2364 5080 2382 5113 ι
2419 5060 2475 5121 Si
2512 5063 2808 5119 dixerimus
2834 5064 2959 5133 quia
2988 5073 3279 5133 peccatum
3311 5086 3414 5123 non
3445 5070 3750 5135 habemus.

2138 5155 2500 5226 nosmetipsos
2539 5155 2868 5220 seducimus,
2909 5168 2965 5211 et
3009 5161 3214 5217 veritas
3242 5161 3293 5213 in
3332 5160 3485 5215 nobis
3513 5176 3618 5215 non
3648 5175 3755 5216 est

2136 5243 2188 5313 (ι
2218 5244 2379 5298 Joan.
2406 5244 2467 5316 ι).
2500 5265 2520 5297 ι
2554 5245 2618 5299 Et
2646 5255 2772 5300 tunc
2797 5245 3037 5316 Escbon,
3081 5267 3241 5320 qttam
3269 5251 3613 5318 cogitationes
3642 5250 3745 5304 in-

2134 5338 2418 5406 terpretari
2474 5335 2727 5401 diximus.
2780 5337 2835 5395 in
2870 5342 3236 5397 Israelitarum
3284 5342 3497 5409 cogitur
3550 5349 3754 5395 trans-

2133 5429 2214 5483 ire
2266 5427 2420 5499 133
2451 5427 2789 5495 dominium;
2826 5448 2945 5488 cum
2973 5449 3123 5488 mens
3170 5442 3351 5486 uestra
3377 5432 3442 5483 de
3472 5429 3753 5499 superbia

2133 5518 2219 5574 vel
2246 5519 2390 5572 omni
2418 5526 2635 5574 terrena
2664 5522 3100 5591 concupiscentia
3134 5523 3460 5576 transfertur
3490 5522 3542 5574 iu
3575 5537 3755 5578 amo.

2134 5622 2247 5660 rem
2275 5605 2422 5677 regni
2448 5620 2733 5663 castorum.
2765 5608 3166 5678 Cogitationum
3212 5610 3411 5680 quippe
3440 5620 3747 5671 certamen

2133 5711 2407 5765 nunquam
2437 5697 2637 5753 Christi
2685 5709 2860 5769 potest
2900 5702 3088 5756 deesse
3136 5701 3427 5764 militibus,
3461 5702 3751 5769 quoniam

2132 5786 2313 5859 aperis
2347 5790 2514 5845 nostri
2546 5803 2644 5845 nos
2667 5789 2933 5847 rectitude
2960 5804 3065 5846 non
3093 5791 3310 5860 liberat,
3334 5792 3377 5847 si
3401 5791 3585 5863 pravis
3608 5796 3753 5855 suis

450 4961 705 5020 dilatatur
732 4981 747 5021 :
785 4974 839 5021 et
872 4966 964 5037 qui
991 4965 1205 5021 fuerant
1247 4976 1471 5022 eatenus
1496 4968 1736 5033 exsules,
1759 4967 2036 5039 liuntpost

449 5053 738 5115 victoriam
758 5070 1120 5127 possessores.
1167 5055 1321 5112 Unde
1362 5066 1417 5111 et
1453 5056 1627 5112 eidem
1658 5056 1914 5113 Ecclesia:
1942 5074 2038 5131 per

448 5145 642 5202 Isaiam
674 5147 873 5201 dicitur
904 5164 917 5200 :
951 5164 969 5197 ι
1001 5146 1235 5217 Populus
1256 5155 1435 5202 autem
1485 5156 1633 5215 tuus,
1665 5164 1855 5203 omnes
1876 5148 2033 5219 justi,

447 5244 504 5297 in
553 5248 871 5311 perpetuum
933 5239 1089 5313 132
1162 5238 1555 5297 baereditabunt
1621 5250 1819 5297 terram
1873 5240 2030 5312 (ltai.

455 5344 517 5381 rx
538 5344 576 5401 ).
622 5357 641 5392 ι
754 5333 829 5387 De
855 5345 962 5399 quo
990 5332 1187 5403 p0pulo
1233 5339 1288 5386 et
1335 5331 1672 5400 postmodum
1704 5332 1873 5387 dicit;
1912 5350 1930 5383 ι
1966 5332 2035 5388 Et

446 5423 787 5488 habitabunt,
823 5431 879 5477 et
920 5421 1238 5491 plantabunt
1275 5423 1480 5488 vincas,
1503 5430 1558 5477 et
1585 5422 1874 5479 comedent
1918 5421 2034 5476 fru-

400 5508 405 5517 ’
448 5524 570 5576 etus
607 5531 793 5571 earum
843 5515 998 5587 (Isai.
1033 5516 1178 5586 ην).
1232 5535 1250 5567 ι
1292 5516 1482 5573 Adhuc
1534 5517 1698 5571 etiam
1734 5515 1875 5571 idem
1904 5531 2025 5585 pro-

443 5603 603 5671 pltcta
635 5605 778 5674 quod
809 5617 994 5661 saneta
1024 5606 1185 5661 debet
1212 5605 1453 5662 Ecclesia
1486 5621 1582 5675 per
1612 5606 1744 5661 fines
1783 5606 2022 5676 gentium

444 5692 654 5753 dilatari
682 5694 964 5752 tnanifeste
990 5695 1271 5752 denuntiat
1299 5714 1311 5750 :
1344 5715 1360 5746 ι
1397 5696 1590 5761 Dilata,
1622 5696 1816 5770 inquit.
1848 5696 2020 5752 locum

449 5782 662 5839 lcuturii
682 5793 776 5846 tut,
801 5792 853 5836 ct
872 5784 1037 5855 pelles
1052 5786 1515 5844 tabernaculorum
1532 5788 2017 5853 tuorumcxtcntle;
