4028 6168
326 328 467 390 {OH

322 536 635 596 Sumciebat
660 536 876 606 quidem
908 535 1040 607 legis
1068 534 1306 605 antiquze
1328 534 1626 589 cultoribus
1664 544 1723 588 ut
1752 543 1901 587 recta

322 631 591 685 duntaxat
625 630 964 682 extrinsecus
1015 635 1272 696 agerent;
1320 628 1473 681 nobis
1503 637 1681 681 autem
1736 625 1906 679 Evan-

322 716 462 789 gelio
511 716 825 771 terribiliter
853 716 1129 771 intonante
1168 715 1477 785 prmeipitur
1507 726 1581 775 ut.
1616 716 1742 769 dum
1773 728 1907 782 ope-

326 810 476 864 ribus
534 810 714 879 pravis
766 809 1055 871 exuimur,
1109 810 1273 864 etiam
1322 808 1908 877 cogitationibus‘per-

321 900 516 969 vigiles
540 900 899 953 obluctcmur.
931 918 949 949 ι
982 900 1223 954 Audistis
1244 939 1259 963 ,
1306 899 1515 967 inquit,
1538 898 1665 967 quia
1702 899 1906 952 dictum

322 996 406 1043 cst
459 987 745 1056 antiquis:
783 986 897 1041 Non
952 989 1334 1041 moechaberis.
1391 988 1505 1056 Ego
1561 996 1741 1041 autem
1787 987 1908 1041 dico

321 1078 474 1133 vobis
519 1077 644 1147 quia
691 1077 1000 1146 quicunque
1046 1077 1243 1131 viderit
1296 1077 1573 1132 mulierem
1606 1077 1672 1132 ad
1711 1093 1911 1133 concu-

323 1167 638 1237 piscendum
663 1182 805 1233 eam,
826 1166 937 1235 jam
959 1168 1260 1223 mmcliatus
1282 1176 1365 1221 est
1389 1183 1508 1222 eam
1538 1168 1590 1222 iu
1619 1168 1783 1223 corde
1812 1184 1910 1222 suo

323 1256 540 1333 (Matth.
570 1258 646 1330 v).
686 1280 702 1311 ι
743 1258 880 1314 llinc
933 1268 1018 1314 est
1060 1260 1203 1329 quod
1235 1258 1472 1315 Joannes
1503 1260 1770 1328 Baptista,
1810 1276 1910 1329 per

322 1363 483 1418 quem
533 1348 617 1403 lex
669 1358 826 1403 vetus
864 1350 1233 1419 exprimitur,
1279 1365 1474 1403 zonam
1526 1341 1806 1419 pelliceam
1855 1350 1907 1404 in

323 1436 521 1492 lumbis
575 1438 828 1493 habuisse
876 1438 1197 1507 perhibetur
1230 1438 1249 1509 (
1274 1436 1465 1492 Matth.
1500 1440 1619 1507 ην).
1662 1438 1912 1493 Salrator

321 1538 528 1594 noster,
561 1529 651 1599 qui
690 1538 883 1583 auctor
923 1537 1009 1583 est
1036 1528 1338 1599 Evangelii,
1371 1528 1516 1585 inter
1539 1537 1911 1598 septem-can-

323 1615 542 1672 dolabra
567 1632 733 1672 aurea
767 1617 916 1672 visus
939 1627 1023 1672 est
1048 1633 1076 1671 a
1102 1616 1311 1673 Joanne
1350 1618 1583 1672 vestitus
1622 1617 1833 1687 pedere
1856 1625 1912 1671 et

320 1709 651 1780 princinctus
681 1710 749 1763 ad
780 1708 1077 1765 mamillam
1104 1725 1242 1764 zona
1280 1724 1444 1764 aurea
1475 1710 1657 1778 (Apoc.
1684 1710 1743 1778 ι).
1769 1710 1907 1776 Quid

322 1810 553 1870 estergo
582 1816 713 1855 zona
743 1801 987 1870 pellicea~
1014 1802 1155 1856 circa
1194 1802 1424 1868 lumbos,
1458 1802 1561 1857 nisi
1592 1805 1735 1872 quod
1768 1805 1910 1859 anti-

324 1891 445 1961 quis
469 1891 670 1946 dictum
702 1902 783 1947 est
818 1910 832 1945 :
867 1911 886 1943 ι
922 1892 1036 1947 Non
1071 1894 1467 1949 mtechaberis?
1502 1913 1520 1946 ι
1560 1894 1757 1961 (Exod.
1794 1896 1910 1964 xx.)

325 1978 392 2035 Et
416 1980 543 2051 quid
573 1990 654 2035 est
676 1996 809 2034 zona
836 1994 996 2035 aurea
1029 1982 1094 2035 ad
1117 1983 1432 2046 mamillam,
1458 1984 1560 2038 nisi
1588 1984 1730 2053 quod
1761 1984 1915 2039 Cbri-

325 2072 509 2125 stianze
533 2070 967 2126 tidei‘cultoribus
988 2071 1215 2126 dicitur:
1238 2089 1256 2121 ι
1286 2070 1388 2138 Qui
1415 2071 1913 2129 videritmuliercnt
1966 2124 1971 2127 Α

324 2163 393 2218 ad
419 2164 906 2232 concupiscendum
952 2178 1095 2225 eam,
1123 2162 1235 2230 iam
1264 2163 1567 2219 mmebatus
1594 2172 1674 2222 est
1707 2178 1825 2220 eam
1860 2167 1913 2221 in

325 2255 488 2309 corde
525 2255 660 2310 suo?
693 2273 712 2306 ι
747 2253 959 2323 (Matth.
992 2255 1068 2323 v.)
1098 2252 1233 2307 ilinc
1261 2254 1427 2310 etiam
1470 2269 1567 2324 per
1599 2257 1913 2327 prophetam

325 2344 505 2400 divina
540 2360 669 2399 voce
700 2343 1012 2413 przecipitur
1042 2361 1055 2399 :
1094 2363 1112 2397 ι
1153 2344 1317 2412 Leva,
1352 2345 1709 2415 liierusalem,
1742 2364 1773 2403 a
1800 2365 1915 2403 ma-

330 2434 448 2489 litia
475 2450 571 2491 eor
603 2446 774 2490 tuum.
820 2435 1112 2506 Usquequo
1147 2437 1579 2493 morabunturin
1620 2448 1671 2493 te
1713 2440 1917 2511 cogita-

330 2526 508 2582 tiones
547 2527 756 2581 noxiae?
788 2546 807 2580 ι
843 2526 979 2597 (Jer.
1026 2528 1124 2598 tv.)
1162 2528 1228 2583 Et
1269 2528 1437 2585 alibi:
1473 2550 1490 2583 ι
1527 2531 1743 2585 Atteudi
1769 2571 1783 2597 ,
1834 2530 1919 2586 ins

327 2618 475 2688 quit,
515 2627 570 2673 et
596 2617 928 2683 auscultavi,
968 2634 1126 2674 nemo
1158 2620 1300 2689 quod
1334 2620 1533 2675 bonum
1566 2629 1649 2676 est
1681 2620 1917 2690 loquitur

331 2708 476 2781 (lor.
514 2709 655 2781 vui).
697 2728 716 2761 ι
764 2711 830 2766 Ει
863 2710 1116 2767 Salomon
1165 2710 1241 2766 alt
1293 2727 1307 2765 :
1348 2730 1387 2764 ιν
1416 2711 1663 2783 Spiritus».
1698 2722 1917 2767 sanctus

332 2798 633 2871 disciplinac
659 2800 879 2872 eﬁ‘ugiet
910 2801 1092 2857 [ictum
1116 2810 1220 2869 ,.et
1254 2801 1439 2857 aufert
1471 2818 1532 2858 se
1573 2818 1603 2858 a
1634 2803 1921 2873 cogitatio-

331 2888 495 2942 nibus
547 2904 666 2958 qua:
715 2898 843 2944 sunt
887 2890 1017 2945 sine
1043 2888 1318 2946 intellectu
1346 2891 1528 2961 (Sep.
1580 2893 1656 2961 ι).
1703 2910 1723 2945 ι
1762 2891 1918 2947 Arri-

329 2974 540 3045 piamus
564 2993 694 3049 ergo
723 2978 956 3049 gladium
1001 2980 1264 3050 spiritus,
1299 2992 1381 3034 et-~
1401 2995 1590 3037 contra
1636 2983 1917 3055 cogitatio~

333 3082 459 3121 unm
492 3084 590 3123 nos
632 3068 1000 3126 infestantium
1032 3086 1237 3128 cuneos
1284 3071 1917 3129 infmderabiliterdimia

333 3173 537 3215 scmus.

905 3254 1135 3313 CAPUT
1194 3255 1329 3313 XIII.

827 3359 895 3417 In
932 3362 1113 3417 eadem
1150 3362 1389 3433 epistola.

404 3474 541 3534 Cum
564 3468 895 3531 Israeliticus
924 3474 1013 3529 ille
1058 3475 1288 3545 populus
1324 3475 1572 3531 initiatus
1592 3485 1736 3531 esset
1761 3474 1915 3533 Beel-

331 3564 539 3635 pliegor
575 3565 628 3618 in
660 3564 899 3630 deserto,
934 3574 988 3619 et
1023 3564 1075 3619 in
1117 3557 1297 3621 scorta
1344 3565 1501 3621 Moab
1540 3567 1772 3637 turpiter
1794 3584 1917 3623 cora

337 3653 554 3715 ruisset,
585 3653 757 3708 iratus
802 3652 985 3708 furore
1019 3654 1276 3711 Dominus
1304 3657 1561 3712 adversus
1588 3657 1749 3714 israel
1780 3660 1915 3715 dixit

331 3742 400 3797 ad
424 3742 641 3814 Moysen
673 3762 685 3797 :
729 3763 746 3795 ι
778 3744 925 3799 Tolle
954 3755 1179 3801 cunctos
1208 3748 1477 3818 principes
1501 3750 1679 3819 populi
1715 3760 1770 3806 et
1797 3768 1914 3807 sus-

333 3836 506 3905 pende
540 3850 635 3890 eos
668 3837 721 3891 in
772 3836 1028 3906 patibulis
1075 3846 1261 3892 contra
1315 3839 1504 3902 solem,
1534 3850 1593 3893 ut
1638 3852 1917 3896 avertatur

334 3923 486 3978 l‘nror
515 3941 667 3979 meus
701 3926 770 3979 ab
819 3925 981 3980 Israel
1015 3926 1204 3994 (Num.
1240 3928 1386 3999 xxv).
1424 3947 1442 3979 ι
1480 3928 1618 3995 Quid
1664 3940 1745 3984 est
1774 3930 1917 4000 quod

333 4014 561 4085 populus
597 4016 648 4069 in
689 4015 918 4070 luxuria:
943 4018 1259 4087 voraginem
1295 4017 1514 4082 labitur,
1548 4029 1602 4074 et
1630 4020 1682 4073 iu
1724 4037 1912 4075 eorum

332 4108 650 4176 praepositos
688 4108 1033 4164 vindicatur?
1064 4108 1275 4165 Snbditi
1310 4110 1648 4179 delinquunt,
1677 4121 1732 4165 et
1771 4113 1917 4182 prin-

332 4194 484 4264 cipes
524 4195 576 4248 in
609 4195 864 4263 patibulis
915 4196 1318 4265 suspenduntur
1349 4197 1371 4250 ?
1403 4197 1627 4253 Scilicet
1668 4200 1804 4255 alius
1834 4210 1916 4254 est

331 4286 423 4354 qui
452 4297 661 4356 peccat.
685 4287 823 4341 alius
842 4287 941 4363 ille
968 4288 1059 4359 qui
1092 4288 1329 4359 vapulat.
1358 4288 1470 4343 Cur
1512 4290 1637 4355 hoc,
1662 4292 1761 4346 nisi
1790 4293 1912 4363 quia

333 4380 491 4449 culpa
518 4381 857 4436 subditorum
884 4381 937 4436 in
982 4382 1402 4453 praepositorum
1428 4383 1694 4438 redundat
1716 4400 1913 4454 oppro-

332 4468 531 4532 brium,
549 4480 601 4522 et
626 4471 769 4539 quod
796 4473 863 4525 ab
892 4472 1082 4526 ovibus
1095 4482 1336 4538 erratur,
1377 4474 1714 4545 negligentia:
1738 4484 1916 4545 pasto-

334 4559 410 4613 ris
442 4560 765 4615 ascribiur?
788 4562 854 4617 Et
882 4563 1002 4616 vide
1027 4578 1188 4631 quam
1212 4564 1558 4619 formidolosa
1584 4566 1655 4620 sit
1680 4568 1915 4621 conditio

332 4652 945 4723 praesidentiummtnon
964 4656 1123 4710 modo
1141 4671 1239 4725 pro
1267 4657 1507 4721 suis,sed
1535 4667 1585 4711 cl
1613 4673 1708 4726 pro
1732 4658 1917 4712 subdi-

336 4752 509 4797 torum
540 4744 832 4811 puniantur
850 4743 1299 4816 oti'eusis.Arguit
1320 4761 1414 4800 eos
1444 4745 1813 4817 Moyses,quia
1832 4747 1914 4800 lex

334 4838 429 4892 Dei
463 4838 799 4909 negligentia:
828 4837 947 4892 illos
977 4853 1042 4893 ac
1080 4839 1313 4909 torporis
1360 4847 1601 4894 accusat.
1636 4838 1734 4905 Qui
1792 4854 1915 4893 sus-

333 4929 522 4998 pendit
570 4944 667 4983 eos
718 4928 785 4981 ad
838 4928 1034 4986 solem.
1090 4928 1345 4998 quoniam
1392 4928 1457 4980 ad
1500 4927 1917 4981 cxaminamlum

332 5020 726 5087 producuntur,
768 5028 821 5073 et
849 5028 1151 5088 arguuntur
1180 5034 1208 5070 a
1239 5017 1357 5073 luce
1412 5035 1424 5070 :
1481 5036 1498 5067 ι
1534 5017 1721 5071 Omnis
1751 5018 1914 5081 enim,

336 5117 395 5164 ut
423 5110 678 5164 Dominus
710 5111 804 5173 ait,
851 5110 941 5180 qui
993 5108 1130 5162 mala
1161 5110 1294 5179 agit,
1350 5109 1463 5163 odit
1490 5108 1687 5171 lucem,
1728 5118 1781 5161 et
1812 5123 1917 5161 non

337 5203 486 5257 venit
524 5203 589 5257 ad
621 5202 818 5270 lucem,
849 5212 907 5257 ut
938 5217 1043 5257 non
1092 5211 1392 5269 arguantur
1439 5218 1600 5270 opera
1652 5201 1795 5270 ejus;
1826 5202 1915 5271 qui

338 5301 519 5347 autem
554 5292 682 5348 facit
710 5295 1013 5356 veritatem,
1043 5293 1190 5348 venit
1229 5293 1294 5346 ad
1336 5293 1508 5347 lucem
1541 5291 1721 5361 (loan.
1743 5291 1848 5361 ιιι).
1894 5310 1912 5344 ι

334 5381 417 5436 Ad
462 5381 634 5437 lucem
687 5384 882 5453 quippe
928 5384 1075 5436 venit
1125 5382 1214 5452 qui
1253 5382 1461 5437 occulta
1504 5368 1603 5436 sua.
1642 5397 1737 5452 per
1771 5396 1918 5452 pura:

332 5472 690 5529 oonfossionis
718 5476 923 5530 aditum
957 5475 1163 5546 pmdit.

1639 317 1997 381 metusest
2032 317 2312 377 suum.
2410 272 2415 275 Α

320 440 736 518 cogitationibus
774 453 926 500 mens
946 447 1153 499 armata
1184 440 1472 497 virtutibus
1499 455 1619 497 non'
1647 443 1891 497 resultat.
1923 444 1972 500 Α

3447 303 3591 369 Κ)ιὸ

2497 424 2655 503 1-3:,
2686 424 2915 485 eaeor
2961 422 3096 483 xw.

2009 527 2073 581 In
2119 523 2338 595 epistola
2392 523 2461 576 ad
2496 522 2789 595 _Albertmu
2819 560 2831 581 ,
2877 519 2941 571 in.
2979 534 3082 595 quo
3124 518 3194 571 de
3231 517 3590 573 mansionibus

2298 594 2299 597 “
2486 591 2733 644 Israelita
2743 604 2800 641 ru
2810 605 2857 641 ut
2904 588 3106 641 scribit.

2082 705 2101 738 ι
2141 685 2239 739 llic
2260 694 2351 738 est
2382 697 2637 737 numerus
2688 680 2944 741 ﬁliorum,
2972 678 3063 747 qui
3112 676 3416 747 descriptus
3446 687 3530 733 est
3560 696 3589 733 ει

2002 778 2192 849 Moyse
2219 785 2274 831 ct
2296 776 2558 830 Eleazaro
2586 774 2893 835 sacerdote,
2943 771 3085 824 inter
3114 786 3250 838 quos
3281 771 3461 825 nullus
3492 771 3592 826 fuit

2007 885 2195 927 eorum
2250 871 2340 938 qui
2375 878 2535 923 antea
2586 866 2853 920 numerati
2886 875 3011 919 sunt
3040 881 3069 918 a
3099 865 3279 935 Moyse
3323 875 3379 919 et
3412 866 3591 921 Aaron

2008 960 2062 1014 in
2096 968 2281 1014 monte
2332 957 2504 1012 Sinai.
2549 956 2884 1010 Emedixerat
2943 954 3088 1008 enim
3141 954 3402 1008 Dominus
3450 954 3594 1023 quod

2006 1042 3123 1113 omnesmorereuturinsolitudine(Nam.
3148 1042 3317 1113 xxvi).
3343 1062 3361 1096 ι
3387 1042 3597 1110 Quibus

2009 1136 2754 1193 videlketbistoriae'verbis
2792 1143 3044 1205 patenter
3091 1135 3396 1189 ostenditur
3439 1136 3589 1206 quia,

2008 1226 2219 1283 ueteris
2246 1227 2297 1280 in
2336 1226 2550 1279 deserto
2583 1225 2892 1294 prostratis,
2927 1224 2993 1277 ad
3028 1224 3465 1294 repromissionis
3492 1234 3598 1281 ter-

2010 1333 2125 1373 ram
2148 1318 2275 1373 Levi
2304 1317 2478 1371 tribus
2506 1315 2794 1370 incolumis
2824 1325 2877 1369 et
2901 1314 3105 1369 illibata
3134 1316 3397 1384 pervenit.
3432 1316 3594 1382 Quis—

2011 1411 2133 1480 quis
2177 1426 2307 1480 ergo
2345 1424 2403 1464 se
2443 1408 2680 1477 potuerit
2718 1408 2771 1461 in
2814 1408 3156 1461 sacerdotum
3186 1407 3265 1461 vel
3306 1408 3593 1464 levitarum

2010 1502 2205 1557 ordine
2249 1500 2603 1564 constituere,
2636 1500 2884 1569 quisquis
2922 1498 3157 1553 noluerit
3198 1513 3321 1553 eum
3376 1498 3599 1570 reliquis

2011 1589 2319 1645 hominibus
2369 1590 2420 1644 in
2462 1598 2606 1644 terra
2659 1599 2861 1643 sortem
2920 1588 3277 1643 luereditarize
3332 1587 3601 1657 portionis

2012 1682 2310 1750 acquirere,
2342 1681 2435 1735 sed
2469 1680 2639 1735 solum
2666 1694 2790 1734 cum
2841 1680 2982 1734 tribu
3033 1679 3162 1734 Levi
3198 1689 3493 1736 contentus
3522 1680 3598 1737 sit

1940 1786 1984 1844 η
2014 1771 2296 1825 Dominum
2325 1770 2623 1840 possidere,
2650 1770 2750 1824 iste
2774 1769 3017 1840 profecto
3036 1770 3088 1825 in
3118 1769 3276 1839 hujus
3292 1772 3473 1825 mundi
3502 1772 3602 1827 de-

2014 1868 2160 1915 serto
2187 1874 2291 1912 non
2316 1859 2571 1925 inoritur;
2599 1859 2692 1913 sed
2718 1869 2917 1915 terram
2934 1861 3597 1933 repromissionisingredi

2014 1951 2170 2006 vivus
2192 1959 2247 2007 et
2283 1949 2567 2009 incolumis
2592 1962 2956 2023 promeretur.
2984 1954 3084 2022 Qui
3112 1956 3179 2010 ad
3205 1956 3596 2026 promissiones

2015 2058 2145 2117 ergo
2195 2044 2412 2101 Patrum
2460 2047 2747 2117 pervenire
2800 2048 3111 2115 desiderat,
3166 2049 3499 2105 hereditatis
3546 2050 3599 2103 in

2015 2150 2159 2195 terra
2214 2140 2509 2197 funiculum
2535 2156 2657 2196 cum
2698 2142 2838 2197 tribu
2871 2141 2997 2197 Levi
3028 2142 3304 2212 possidere
3352 2150 3595 2197 contem.

2015 2243 2127 2289 nat.
2181 2233 2315 2287 Nam
2372 2236 2466 2303 qui
2516 2249 2575 2290 se
2636 2251 2736 2305 pro
2788 2235 3021 2289 terrenis
3062 2235 3115 2289 in
3157 2243 3356 2289 terram
3396 2232 3603 2302 dejicit,

2016 2322 2107 2393 qui
2141 2337 2280 2387 sese,
2310 2324 2399 2377 ubi
2431 2338 2558 2378 cum
2581 2324 2951 2379 amaritudine
2975 2325 3183 2380 Pascha
3217 2325 3600 2379 celebrandum

2016 2420 2102 2467 est
2130 2427 2193 2467 ac
2222 2411 2484 2466 velociter
2516 2412 2929 2476 transeundum,
2973 2412 3175 2467 diutius
3209 2412 3444 2483 gaudere
3473 2428 3601 2467 eon-

2018 2499 2159 2567 ﬁdit,
2220 2501 2493 2565 «Anima,
2526 2501 2798 2573 inquiens,
2846 2500 3014 2558 habes
3050 2501 3217 2556 muita
3264 2503 3404 2557 bona
3443 2518 3587 2571 repo‘

2017 2594 2119 2649 sita
2146 2594 2198 2649 in
2226 2607 2398 2648 annos
2421 2593 2635 2655 multos,
2672 2593 2977 2663 requiesce,
3017 2593 3262 2660 comede,
3305 2594 3447 2658 bibe,
3470 2609 3602 2663 epu-

2019 2681 2132 2739 lare
2176 2682 2328 2753 (ιρις.
2362 2685 2494 2755 xu);
2538 2700 2714 2739 w'non
2739 2684 2857 2739 sine
2892 2700 3058 2740 causa
3098 2693 3339 2739 meretur
3367 2684 3599 2740 audire:

2026 2794 2044 2828 ι
2082 2777 2276 2839 Stulte,
2308 2777 2409 2831 bac
2457 2786 2614 2833 nocte
2665 2786 2910 2847 repetent
2956 2777 3191 2831 animam
3240 2785 3385 2830 tuam
3432 2791 3462 2830 a
3511 2784 3599 2839 te;

2018 2882 2140 2937 quae
2175 2877 2356 2922 autem
2387 2867 2615 2936 parasti,
2645 2866 2797 2935 cujus
2849 2867 3044 2921 erunt?
3075 2886 3093 2919 ι
3143 2865 3331 2937 (Ibid)
3369 2865 3468 2920 Hic
3496 2866 3603 2920 ita-

2018 2971 2125 3026 que
2163 2972 2269 3011 non
2321 2956 2444 3020 die,
2493 2957 2587 3012 sed
2630 2965 2787 3013 nocte
2830 2957 3157 3027 perimitur,
3213 2957 3354 3013 sicut
3404 2956 3607 3026 primo-

2020 3048 2199 3119 genita
2222 3048 2619 3120 Egyptiorum.
2644 3048 2910 3103 Nimirum
2940 3048 3029 3117 qui
3064 3064 3169 3102 non
3203 3048 3406 3118 sprevit
3434 3046 3604 3117 Αἰθι-

1944 3159 1991 3221 C
2020 3148 2173 3208 ptum
2194 3180 2209 3204 ,
2250 3138 2342 3193 sed
2379 3138 2713 3208 obsequium.
2744 3140 2971 3209 praebuit
3003 3139 3309 3194 rectoribus
3340 3138 3603 3193 tenebra-

2020 3242 2139 3282 rum
2166 3267 2181 3291 ,
2219 3228 2310 3296 qui
2340 3236 2394 3281 et
2422 3227 2520 3295 ipsi
2551 3236 2711 3281 nocte
2738 3227 2976 3280 animam
3021 3227 3139 3296 ejus
3167 3237 3436 3298 repetunt,
3469 3242 3605 3297 quo-

2014 3314 2160 3369 niam
2182 3314 2352 3370 odivit
2380 3314 2583 3379 lucem,
2605 3330 2715 3371 nec
2731 3313 2960 3384 justitia:
2998 3326 3322 3372 consecutus
3349 3325 3430 3373 est
3459 3319 3604 3373 veri~

2023 3413 2074 3460 ta
2082 3415 2210 3461 tem.

2613 3494 2854 3556 CAPUT;
2900 3500 3014 3556 XV.

2016 3585 2083 3644 In
2128 3588 2345 3663 epistola
2376 3590 2444 3663 ad
2493 3587 2553 3645 V.
2595 3592 2891 3663 episcopum
2924 3602 2970 3645 et
2997 3591 3111 3663 ejus
3140 3606 3443 3663 canonicos,
3482 3608 3600 3663 qua:

2119 3670 2195 3714 est
2240 3660 2305 3714 (Ie
2339 3661 2565 3731 quinque
2593 3658 2827 3715 sensibus
2871 3658 3111 3729 corporis
3137 3658 3458 3715 cohibeudis.

2086 3748 2342 3821 Quisquis
2372 3766 2469 3821 per
2520 3750 2776 3820 injuncta:
2822 3750 3221 3820 pr:cdicationis
3275 3746 3505 3807 cilicium
3535 3754 3602 3806 ad

2016 3840 2364 3909 pugnandum
2411 3840 2546 3894 alios
2594 3840 2821 3904 incitat,
2867 3841 2961 3894 sed
2992 3842 3106 3908 ipse
3136 3855 3247 3894 non'
3272 3850 3493 3909 pugnat,
3528 3841 3600 3895 illi

2017 3928 2212 3983 similis
2240 3937 2322 3985 est
2352 3929 2443 3999 qui
2473 3929 2720 3985 buccinae
2766 3929 3114 3999 clangoribus
3161 3928 3459 3999 obstrepit,
3508 3931 3603 3985 sed

2018 4019 2273 4085 congredi
2314 4019 2559 4074 cominus
2609 4035 2714 4073 non
2764 4021 3060 4088 [)l'mStllttit.
3114 4016 3216 4073 Hic
3263 4020 3444 4089 itaque
3494 4036 3604 4076 non

2015 4113 2226 4167 virilem
2277 4120 2500 4184 generat
2557 4128 2744 4169 sexum
2775 4154 2790 4178 ,
2845 4113 2972 4166 dum
3027 4112 3099 4166 sit
3150 4121 3307 4182 pater
3356 4114 3601 4183 ignavus.

2017 4204 2188 4272 Quem
2233 4206 2476 4275 profecto
2536 4205 2832 4275 Salphaatb
2891 4205 2982 4259 ille
3018 4205 3294 4276 signavit,
3348 4208 3439 4274 qui
3494 4223 3605 4261 non

2019 4292 2206 4357 lilium,
2238 4295 2331 4349 sed
2383 4295 2623 4364 quinque
2655 4294 2795 4349 ﬁlias
2828 4294 3065 4348 moriens
3092 4293 3379 4363 dereliquit
3408 4293 3607 4361 (Num.

2016 4383 2209 4455 xxv").
2259 4382 2557 4453 Salphaatlt
2586 4384 2853 4455 siquidem
2904 4386 3293 4454 interpretatur
3331 4384 3515 4438 umbra
3547 4384 3601 4437 in

2018 4491 2107 4529 ore
2133 4476 2268 4545 ejus.
2296 4476 2551 4547 Quisquis
2580 4477 2725 4531 enim
2752 4476 2911 4530 fortia
2942 4476 3221 4546 praedicat,
3255 4485 3307 4531 et
3330 4475 3605 4531 cuerviter

2022 4567 2177 4629 vivit,
2206 4582 2273 4621 ne
2305 4569 2475 4637 turpis
2520 4577 2777 4637 appareat
2804 4608 2818 4630 ,
2866 4567 3021 4635 quasi
3055 4566 3155 4620 sub
3208 4565 3350 4619 foliis
3392 4582 3450 4620 se
3498 4565 3601 4621 ho-

2025 4656 2165 4709 nesti
2202 4656 2467 4710 serniOnis
2495 4655 2761 4719 occultat;
2800 4655 2900 4709 sub
2930 4655 3119 4708 umbra
3151 4670 3210 4708 se
3257 4654 3457 4723 proprii
3486 4668 3606 4708 ser-

2026 4744 2201 4797 monis
2242 4744 2546 4804 absconiit,
2577 4744 2704 4795 dum
2737 4743 2789 4796 in
2839 4758 3087 4812 campum
3138 4743 3453 4796 certaminis
3506 4758 3602 4810 per

2026 4837 2107 4889 sui
2163 4837 2396 4904 torporis
2447 4836 2717 4906 ignaviam
2765 4852 2870 4889 non
2924 4836 3187 4905 procedit.
3247 4834 3343 4889 llic
3376 4837 3594 4905 itaque,

2026 4935 2286 4996 quantum
2329 4928 2394 4979 ad
2425 4942 2517 4989 se,
2548 4943 2653 4980 non
2685 4927 2926 4990 virilem,
2969 4927 3061 4983 scd
3095 4926 3411 4982 muliebrem
3441 4929 3601 4982 sobo-

2024 5012 2237 5084 lem,,et
2287 5018 2427 5071 banc
2458 5018 2557 5072 sub
2600 5018 2851 5087 quinario
2894 5034 3120 5073 umnero
3163 5025 3423 5088 generat,
3476 5018 3606 5073 dum

2022 5121 2284 5175 sequaces
2314 5122 2441 5161 suos
2475 5123 2584 5160 non
2610 5107 2676 5160 ad
2708 5109 2871 5161 robur
2898 5106 3193 5178 spiritualis
3221 5106 3482 5167 audaciae,
3505 5107 3600 5161 sed

2021 5198 2091 5251 ad
2138 5197 2306 5252 otium
2355 5201 2551 5252 educat
2598 5200 2857 5269 ignobilis
2883 5201 3023 5253 vitae.
3056 5198 3199 5265 Quos
3246 5199 3434 5265 utique
3474 5200 3600 5253 dum

2021 5304 2126 5343 non
2157 5299 2310 5343 curat
2339 5290 2599 5345 industria
2623 5291 2917 5361 spiritualis
2943 5307 3133 5362 pugna:
3167 5291 3433 5353 imbuere,
3459 5292 3604 5361 cogit

2018 5379 2384 5435 exterioribus
2408 5381 2640 5452 negotiis
2683 5381 2835 5451 quasi
2870 5382 3106 5450 quinque
3154 5379 3397 5447 corporis
3431 5380 3600 5434 sensi-

2019 5468 2120 5523 bus
2152 5469 2419 5525 dcscrvirt‘
2434 5514 2447 5529 .
2730 5488 2733 5491 '

3406 5653 3439 5679 ιδ.
