4028 6168
441 330 578 402 tuti

923 441 1079 513 135
1116 439 1340 498 caper
1381 439 1520 496 xw.

438 555 506 610 In
533 554 750 626 epistola
775 555 844 608 ad
978 555 1272 626 episcopum
1305 562 1362 626 _e_t
1390 570 1515 626 suos
1539 556 1849 626 φησιποη
1895 572 2013 626 qua

577 624 741 678 estde
766 632 881 677 octo
905 622 1269 691 festivitatibus
1305 622 1506 678 Veteris
1548 622 1884 680 Testamenri.

508 713 644 769 Octo
689 709 990 780 praecipuas
1027 711 1402 768 solemnitates
1443 726 1543 781 per
1576 711 2016 786 unumquemque

440 805 570 861 anni
607 802 871 859 circulum
925 803 978 856 in
1014 801 1131 872 lege
1171 803 1350 861 veteri
1399 804 1661 862 Dominus
1711 804 2015 862 instituisse

437 897 656 966 legitur.
707 893 840 962 Quae
871 896 1120 965 profecto
1161 894 1486 951 festivitates
1515 902 1576 952 et
1599 897 1758 952 nobis
1804 906 1934 953 sunt
1960 907 2020 953 et

437 986 545 1043 illis
585 999 688 1057 pro
724 983 1027 1056 temporum
1057 986 1376 1043 diversitate
1410 1000 1748 1046 communes.
1796 983 2018 1043 litorum

435 1078 636 1150 quippe
668 1085 792 1133 sunt
821 1091 918 1148 per
945 1077 1183 1134 carnalis
1211 1079 1573 1136 observanti-13‘
1595 1079 1788 1145 ritum;
1816 1087 2024 1135 nostrae

436 1169 655 1242 quoque
682 1168 1036 1225 nihilominus
1077 1177 1205 1225 sunt
1240 1183 1342 1239 per
1367 1168 1667 1239 spi'ritualis
1713 1168 2022 1240 intelligené

437 1261 529 1316 tite
553 1269 980 1314 sacramentum.
1409 1244 1416 1250 ’

506 1349 686 1405 Prima
733 1349 1006 1420 siquidem
1041 1363 1232 1404 eorum
1264 1347 1532 1406 festivitas
1568 1357 1652 1406 est
1690 1351 1821 1423 juge
1849 1350 2020 1406 sacri;

439 1440 642 1505 ficium,
671 1439 816 1509 quod
845 1438 1031 1519 utique
1054 1452 1155 1508 per
1181 1439 1470 1495 continuos
1494 1440 1614 1496 dies
1642 1440 1927 1495 matutinis
1952 1453 2022 1495 ac

437 1528 758 1600 vespertinis
786 1529 938 1586 horis
960 1526 1184 1597 iubetur
1217 1525 1400 1584 offerri
1445 1526 1636 1600 (Num.
1670 1527 1886 1594 xxvnr).
1926 1527 2025 1583 ille

435 1618 860 1692 nimirum'jugis
887 1613 1143 1675 sacrificii
1185 1617 1583 1674 solemnitatem
1623 1619 1853 1674 Domino
1879 1617 2020 1675 cele-

435 1710 578 1774 brat,
608 1709 704 1781 qui
729 1710 790 1764 in
812 1707 1052 1765 coilestis
1078 1707 1281 1778 eloquii
1327 1707 1774 1765 meditatidnibus
1801 1708 2022 1766 assidue

435 1806 771 1867 perseverat.
818 1796 887 1852 Et
935 1797 1074 1866 quia
1113 1796 1435 1852 m‘anelucis
1469 1805 1670 1852 nostra;
1697 1797 1786 1853 lex
1835 1806 1918 1853 est
1961 1793 2022 1852 et
2047 1787 2093 1849 Β

435 1893 745 1966 prophetae;
775 1887 1060 1964 vesperum
1082 1900 1264 1947 autem
1284 1891 1426 1948 lucTs‘
1449 1891 1630 1962 hujus,
1659 1897 1931 1963 quantum
1949 1893 2023 1948 ad

438 1984 684 2040 ordinem
737 1985 1036 2054 temporum
1062 2022 1078 2048 ,
1133 1981 1485 2054 Evangelium
1534 1993 1649 2052 est;
1706 1984 1847 2041 sicut
1888 1985 2021 2042 dicit

438 2075 774 2146 Apostolus:
803 2096 823 2130 ‹
853 2075 982 2142 Nos,
1015 2075 1071 2132 in
1099 2076 1238 2144 quos
1275 2074 1412 2132 fines
1441 2075 1761 2132 szeculorum
1787 2075 2020 2132 devene-

439 2175 566 2223 runt
589 2166 643 2240 (Ι
665 2166 788 2222 Cor.
822 2165 908 2238 x);
942 2184 962 2217 ι
989 2175 1045 2223 et
1065 2166 1181 2236 ipse
1200 2165 1368 2222 David
1397 2185 1413 2221 :
1445 2186 1464 2220 ι
1498 2167 1742 2224 Elevatio
1763 2173 2022 2224 manuum

439 2271 715 2323 mearum,
767 2255 1097 2313 sacrificium
1153 2257 1521 2328 vespertinum
1571 2255 1758 2329 (Psal.
1803 2259 1959 2330 exn).
1996 2277 2014 2312 ι

440 2347 761 2404 Matutinum‘
804 2356 1022 2418 semper
1057 2357 1115 2402 et
1158 2349 1535 2418 vespertinum
1588 2347 1746 2407 oilert
1791 2347 2022 2410 Domino

437 2437 766 2494 sacrificium
793 2437 911 2508 qui,
938 2436 1296 2506 semetipsum
1327 2452 1359 2494 a
1389 2437 1744 2496 mulieribus
1789 2439 2024 2511 negotiis

443 2534 722 2595 mactans,
751 2532 1000 2607 Versatur
1041 2525 1333 2584 assiduein
1364 2531 1628 2585 novarum
1663 2527 1730 2588 ac
1775 2529 2021 2585 veterani

442 2618 888 2676 meditationibus
911 2618 1340 2691 Scripturarum.
1356 2619 1486 2677 Sive
1509 2621 1836 2678 matutinum
1855 2635 1920 2678 ac
1932 2637 2027 2677 ve-

438 2708 741 2779 spertinum
783 2707 1014 2765 Domino
1053 2709 1385 2766 sacrificium
1421 2709 1623 2782 iugiter
1657 2709 2022 2778 immolemus,

440 2815 564 2856 cum
598 2809 656 2856 et
699 2800 891 2872 dignas
917 2801 969 2856 ei
997 2800 1295 2870 gratiarum
1330 2802 1573 2858 actiones
1615 2802 1684 2858 de
1723 2809 1910 2859 nostra
1937 2815 2026 2861 te-

443 2891 755 2962 demptidne
783 2889 1094 2958 referimus,
1119 2890 1346 2964 ejusque
1368 2892 1610 2950 terribile
1622 2893 1887 2965 judicium
1910 2894 2026 2952 for-

441 2983 734 3051 midantes,
752 2981 867 3052 iam
895 2983 1051 3054 quasi
1067 2983 1425 3044 tribunalibus
1447 2985 1754 3056 praesidenti
1785 2993 2026 3044 tremena

449 3085 531 3130 EOS
573 3080 838 3130 astamus.

512 3182 644 3238 Post
675 3181 802 3254 j‘uge
845 3198 976 3240 vero
1023 3183 1349 3241 sacrificium
1371 3225 1387 3252 ,
1429 3185 1722 3243 Sabbatum
1774 3189 2016 3257 ponitur,

444 3270 700 3329 videlicet
718 3275 777 3328 ut
801 3273 870 3329 ab
906 3274 1054 3330 omni
1090 3274 1273 3345 operis
1314 3275 1526 3332 servilis
1553 3278 1906 3333 exsecutione
1933 3291 2024 3333 va-

444 3366 619 3418 cetur.
667 3363 979 3420 Christiano
1015 3365 1149 3423 vero
1198 3363 1481 3438 spirituale
1526 3369 1813 3424 sabbatum
1862 3385 2025 3442 agere

447 3461 533 3509 est
559 3468 590 3509 a
613 3451 888 3510 laboriosa
909 3469 1093 3511 rerum
1115 3457 1499 3528 temporalium
1519 3459 1816 3528 cupiditate
1844 3461 2026 3531 miles-

447 3557 593 3611 cere,
623 3542 754 3600 solis
774 3545 1079 3602 orationum
1106 3561 1171 3602 ac
1196 3545 1487 3603 lectionum
1519 3549 1713 3605 studiis
1747 3548 2022 3616 insudare,

448 3634 790 3691 wcularium
834 3638 1175 3709 negotiorum
1223 3639 1434 3711 pondus
1479 3641 1547 3697 de
1586 3643 1784 3701 mentis
1811 3645 2025 3700 cervice

449 3726 716 3796 projicere
742 3769 758 3794 ,
808 3727 875 3783 ad
919 3729 1336 3805 contemplanda
1390 3731 1632 3788 cmlestia
1684 3741 1796 3790 tota
1845 3733 2024 3791 cordis

449 3813 748 3876 intentione
772 3835 967 3876 vacare
982 3860 997 3886 ,
1036 3822 1221 3878 carnis
1240 3822 1632 3881 oblectamenta
1653 3836 2020 3890 contemnere,

447 3909 515 3966 de
541 3907 656 3967 s'ol‘a
677 3924 770 3981 spe
794 3909 1094 3968 caelestium
1117 3910 1381 3983 spirituali
1402 3907 1741 3984 iucunditate
1764 3917 2022 3988 gaudere.

449 4002 532 4057 De
555 4000 660 4058 hoc
711 4001 856 4058 enim
883 4001 1017 4059 dicit
1060 4001 1352 4076 Apostolus
1390 4023 1406 4061 :
1443 4025 1462 4058 ‹
1498 4005 1846 4077 Relinquitur
1893 4023 2023 4081 ergo

449 4087 812 4148 ‘sabbatismus
856 4090 1063 4164 popqu
1103 4093 1200 4150 Dei
1254 4094 1445 4166 (Hebr.
1498 4097 1596 4168 tv).
1648 4116 1668 4152 ›
1719 4095 1814 4153 llic
1857 4113 2023 4169 porro

446 4182 728 4239 sabbatum
759 4181 971 4240 Domini
995 4184 1261 4243 veraciter
1290 4183 1561 4254 celebrat,
1591 4188 1684 4257 qui
1713 4189 1793 4244 sic
1828 4188 1898 4244 ab
1938 4189 2024 4245 his

445 4285 570 4340 quae
595 4272 780 4328 mundi
810 4283 936 4330 sunt
988 4276 1243 4345 operibus
1285 4285 1475 4342 vacat,
1504 4273 1566 4332 ut
1593 4291 1624 4335 a
1652 4271 2025 4346 spiritualibus

449 4368 627 4416 tamen
649 4361 862 4419 actibus
888 4378 995 4419 non
1023 4366 1289 4434 quiescat.
1314 4363 1466 4422 Unde
1488 4363 1702 4423 Veritas
1724 4366 1802 4422 ait
1824 4385 1839 4419 :
1868 4385 1888 4420 ι
1915 4359 2026 4423 Aut

447 4463 554 4503 non
600 4447 810 4519 legistis
855 4452 982 4520 quia
1035 4453 1345 4508 sacerdotes
1389 4452 1442 4508 in
1492 4451 1692 4523 templo
1736 4453 2021 4511 sabbatum

448 4539 650 4594 violant
670 4549 724 4594 et
749 4540 867 4596 Sine
890 4541 1118 4619 crimine
1145 4543 1343 4599 sunt?i
1375 4541 1594 4616 (Matth.
1627 4543 1869 4617 xu.)Qui
1891 4561 2024 4619 ergo

449 4629 518 4684 ab
540 4628 811 4685 actionum
836 4629 1176 4687 saecularium
1200 4631 1476 4703 laboribus
1511 4644 1712 4702 cessat,
1741 4645 1797 4692 et
1825 4631 2023 4692 divina:

447 4715 725 4775 servitutis
749 4719 1007 4788 cperibus
1043 4729 1220 4790 vacat,
1259 4722 1350 4779 ille
1383 4722 1707 4779 Christianae
1747 4723 2026 4794 religionis

447 4807 729 4865 sabbatum
779 4810 1057 4876 celebrat,
1109 4811 1213 4868 iste
1263 4827 1369 4868 non
1429 4811 1627 4870 servile
1668 4827 1805 4883 opus
1851 4812 2022 4880 facit,

447 4899 575 4966 quia
605 4913 663 4954 se
691 4914 720 4953 a
747 4901 957 4969 peccati
985 4902 1390 4972 perpetratione
1415 4902 1674 4960 custodit.
1701 4921 1720 4954 ι
1753 4901 1855 4971 Qui
1877 4903 2021 4958 enim

447 4989 581 5042 facit
627 4999 907 5059 peccatum
932 5030 949 5054 ,
998 5001 1190 5046 servus
1227 5001 1309 5047 est
1344 4993 1552 5062 peccati
1601 4993 1785 5063 (Joan.
1822 4993 1966 5064 vtu).
1999 5007 2018 5044 ι

447 5075 553 5132 iste
588 5091 692 5133 non
723 5079 777 5132 in
805 5079 966 5134 domo
992 5093 1089 5134 sua
1123 5081 1306 5150 ignem
1351 5081 1619 5148 accendit,
1658 5082 1783 5151 quia
1836 5095 2026 5137 omnes

447 5167 703 5223 vitiorum
749 5166 998 5235 fomites,
1033 5177 1088 5223 et
1119 5169 1215 5224 ira:
1242 5178 1299 5225 et
1329 5169 1619 5226 simultatis
1647 5170 1914 5242 igniculos
1956 5186 2025 5228 ex

445 5255 717 5313 domicilio
737 5271 847 5313 sum
874 5259 1072 5314 mentis
1100 5260 1418 5330 exstinguit,
1439 5259 1509 5316 ab
1536 5259 1630 5317 illo
1653 5275 1850 5318 cavens
1899 5262 2025 5333 igne

445 5349 513 5404 de
557 5364 667 5419 quo
713 5349 974 5420 scriptum
1008 5357 1131 5406 est:
1170 5369 1188 5403 ι
1218 5349 1294 5406 ite
1322 5351 1377 5405 in
1432 5351 1635 5408 lumine
1681 5354 1820 5425 ignis
1857 5353 2024 5408 vestri

446 5443 503 5491 et
533 5437 584 5492 in
622 5437 834 5493 flamma
878 5453 1044 5520 quam
1093 5439 1418 5520 accendistis
1446 5439 1606 5512 (Isai.
1633 5439 1709 5511 ι).
1745 5459 1764 5492 ›
1795 5439 1896 5496 Hic
1924 5440 2023 5496 de--

447 5526 612 5596 nique
636 5529 846 5596 pondus
878 5511 932 5585 in
960 5531 1046 5585 via
1074 5546 1180 5586 non
1207 5513 1406 5600 portat,
1446 5511 1702 5600 quoniam
1743 5529 2026 5586 incurvan-

449 5616 583 5670 tium
615 5632 674 5672 se
705 5619 1045 5689 iniquitatum
1075 5622 1362 5679 ruderibus
1401 5636 1495 5678 cor
1523 5637 1621 5691 per
1650 5621 2023 5691 paenitentiam

449 5705 662 5778 lcvigat.
692 5706 766 5764 De
795 5710 988 5778 quibus
1034 5728 1130 5780 per
1174 5711 1499 5781 Prophe-tam
1549 5711 1787 5768 dicitur:
1825 5730 1842 5762 ι
1881 5711 2023 5781 Quo-

1352 321 1846 380 COLLECTANEA
1875 322 1941 377 IN
1969 320 2196 378 VETUS
2233 318 2770 378 TESTAMENTUM.

2049 4517 2104 4579 D

3549 322 3696 377 {053'

2032 443 2082 501 Α·
2108 441 2253 496 niam
2275 440 2588 510 iniquitates
2618 451 2752 495 mere
2778 446 3239 506 supcrposuerunt
3268 447 3430 505 caput
3479 451 3681 496 meum.

2113 542 2170 589 et
2213 532 2360 588 sicut
2391 531 2552 603 136
2576 545 2714 588 onus
2741 544 2906 600 grave
2942 539 3181 601 gravatae
3221 539 3348 584 sunt
3394 543 3557 598 super
3599 544 3688 586 me

2114 624 2288 698 (Psal.
2314 625 2546 690 xxxvn).
2588 640 2608 676 ι
2637 621 2708 678 Ει
2731 621 2892 694 paulo
2916 631 3073 694 post:
3103 639 3122 672 ι
3151 621 3470 678 lncurvatus
3493 637 3613 678 sum
3635 631 3689 676 et

2113 714 2428 772 humiliatus
2479 725 2600 769 sum
2647 721 3039 783 usquequaque
3083 708 3296 782 (Ibid).
3338 729 3356 761 ι
3391 709 3496 765 iste
3548 723 3686 778 prm-

2116 817 2284 873 terea,
2322 806 2379 862 in
2405 805 2525 861 loco
2552 819 2652 861 suo
2679 804 2922 860 residens
2946 843 2962 869 ,
3013 802 3228 874 longius
3272 817 3393 859 non-
3418 797 3696 874 procedit,

2113 896 2240 967 quia
2265 895 2542 951 Christum
2567 891 2672 950 sibi
2699 891 3115 958 fundamentum
3141 890 3326 961 ponit,»
3344 891 3412 946 in
3432 904 3542 960 quo

2112 987 2239 1045 licet
2286 986 2656 1042 firmissimum
2718 999 2833 1041 sure
2890 983 3092 1057 quietis
3143 981 3531 1038 habitaculum
3563 996 3694 1038 con-

2115 1076 2296 1134 struit.
2327 1075 2446 1146 lpse
2470 1074 2672 1146 quippe
2695 1073 2850 1130 locus
2875 1081 2980 1138 est,
3010 1072 3078 1128 de
3120 1086 3230 1142 quo
3279 1069 3538 1138 scriptum
3565 1077 3690 1126 est:

2119 1189 2139 1225 ι
2178 1170 2300 1228 Filii
2327 1183 2610 1226 servorum
2636 1174 2854 1222 tuorum
2880 1165 3203 1222 babitabunt
3230 1164 3303 1220 ibi
3334 1160 3509 1234 (Ptol.
3529 1159 3626 1231 ei).
3666 1179 3686 1214 ι

2112 1261 2234 1330 ipse
2259 1258 2696 1322 fundamentum,
2723 1255 2790 1311 de
2819 1269 2929 1327 quo
2970 1253 3168 1310 dicitur
3212 1252 3341 1323 quia
3373 1251 3690 1306 fundamen-

2115 1359 2230 1413 tum
2259 1348 2403 1405 aliud
2429 1362 2591 1405 nemo
2612 1353 2794 1419 potest
2818 1359 3024 1416 ponere
3065 1355 3265 1415 prater
3298 1344 3360 1398 id
3381 1342 3526 1413 quod
3551 1340 3696 1412 posi-

2117 1451 2232 1498 tum
2257 1449 2367 1507 est,
2392 1439 2669 1498 Christum
2692 1437 2882 1500 lusum
2905 1435 2956 1507 (Ι
2981 1434 3105 1491 Car.
3130 1436 3267 1505 lti).t

2189 1547 2373 1608 Tertia
2392 1561 2534 1604 vero
2547 1545 2817 1604 festivitas
2837 1554 2920 1600 est
2946 1539 3257 1601 Neomenize
3270 1578 3289 1610 ,ι
3310 1544 3362 1598 id
3390 1553 3474 1600 est
3544 1551 3702 1599 nem

2117 1641 2277 1698 lunae.
2326 1637 2478 1696 Tunc
2512 1643 2693 1694 autem
2724 1637 2973 1693 innovari
3017 1635 3146 1690 luna
3192 1627 3394 1691 dicitur
3433 1642 3564 1690 eum
3595 1627 3694 1689 soli

2119 1727 2494 1800 coniungitur,
2543 1735 2608 1782 ut
2649 1726 2720 1783 ab
2770 1739 2838 1781 eo
2878 1723 2947 1780 ad
2999 1722 3414 1793 concipiendum
3452 1718 3700 1790 splendo-

2122 1837 2237 1878 rem
2262 1820 2410 1877 velut
2436 1818 2624 1875 amissi
2666 1816 2894 1873 luminis
2935 1823 3239 1886 reparetur.
3276 1829 3296 1867 t
3343 1813 3443 1872 Sol
3475 1811 3708 1884 iustitia

2117 1911 2390 1970 Christus.
2430 1929 2450 1966 ι
2484 1909 2635 1966 [mna
2671 1911 2852 1965 autem
2898 1907 3076 1978 primo
3126 1914 3318 1962 sancta
3368 1904 3696 1961 universalis

2117 2003 2384 2069 Ecclesia,
2407 2002 2602 2060 deinde
2631 2014 2859 2071 quaeque
2893 1999 3066 2055 fidelis
3089 2007 3175 2055 est
3203 2000 3405 2064 anima,
3439 1998 3580 2069 ejus,
3609 1991 3707 2065 qui

2120 2092 2374 2164 splendor
2400 2093 2486 2150 est
2507 2091 2693 2162 gleriae
2713 2099 2766 2148 et
2789 2091 2959 2163 figura
2981 2089 3298 2146 substantiae
3320 2080 3508 2162 (Hebr.
3527 2086 3591 2158 ι),
3615 2103 3712 2142 τοις

2123 2185 2228 2241 diis
2263 2183 2557 2240 illustrata.
2589 2175 2725 2239 Cum
2751 2196 2883 2253 ergo
2900 2189 3092 2238 sancta
3111 2179 3364 2250 quaelibet
3386 2178 3565 2233 anima
3592 2177 3702 2231 Re-

2123 2273 2390 2344 demptori
2419 2288 2518 2330 suo
2564 2273 2834 2328 veraciter
2878 2271 2937 2328 in
2969 2271 3154 2327 amore
3181 2270 3543 2341 coniungitur,
3573 2279 3708 2324 cum-

2123 2363 2173 2419 ei
2192 2363 2428 2434 denique
2453 2362 2604 2418 velut
2630 2362 2687 2417 in
2715 2360 2953 2432 spons'ali
2985 2361 3226 2418 thalamo
3252 2374 3352 2432 per
3383 2359 3703 2414 oblectatio-

2121 2455 2210 2511 nis
2239 2455 2442 2511 intimae
2489 2453 2756 2526 glutinum
2790 2451 3094 2524 copulatur,
3141 2451 3270 2507 tunc
3312 2449 3501 2522 procul
3532 2448 3702 2505 dubio

2124 2545 2522 2603 solemnitatem
2553 2543 2861 2600 Neomenite
2890 2543 3164 2609 celebrat,
3193 2542 3320 2597 dum
3349 2541 3706 2596 reformatam'

2124 2632 2185 2693 se
2220 2651 2252 2691 a
2298 2649 2532 2708 superno
2584 2633 2788 2690 lumine
2838 2633 3074 2688 fratrum
3121 2645 3341 2689 suorum
3389 2632 3701 2700 aspectibus

2125 2735 2498 2800 repraesentat,
2533 2727 2677 2782 sicut
2718 2725 2844 2782 dicit
2883 2723 3216 2794 Apostolus:
3261 2739 3280 2776 ‹
3314 2720 3420 2789 Qui
3459 2720 3700 2775 adheret

2127 2815 2376 2884 Dulcitio.
2406 2832 2548 2874 unus
2571 2817 2792 2888 spiritus
2821 2823 2904 2871 est
2933 2813 2986 2886 (1
3012 2813 3135 2870 Cor.
3165 2811 3266 2884 vt).
3303 2830 3326 2865 ι
3373 2810 3508 2866 Nam
3555 2811 3604 2866 si
3639 2810 3694 2864 in

2128 2909 2214 2968 his
2257 2909 2510 2968 omnibus
2534 2906 2708 2963 solum
2737 2904 2981 2961 exterior
3021 2900 3111 2959 ille
3135 2900 3535 2958 solemnitatem
3563 2899 3700 2956 ritus

2128 3003 2415 3073 accipitur,
2458 3015 2568 3058 non
2612 2999 2727 3070 jam
2773 3013 2842 3054 ex
2864 2996 2950 3053 his
2999 2994 3250 3052 utilitatis
3297 2992 3501 3066 aliquid
3545 2986 3704 3049 nubis

2129 3091 2344 3150 videtur
2369 3095 2530 3162 posse
2567 3087 2825 3154 conferri,
2854 3086 2950 3142 sed
2972 3085 3350 3158 superstitiosa
3375 3085 3560 3156 potius
3583 3083 3704 3139 exi-

2050 3152 2097 3217 C
2126 3185 2256 3253 gent
2289 3152 2576 3236 ac'frivola
2621 3152 2873 3250 judicari.
2911 3152 3056 3232 Hine
3098 3184 3183 3231 est
3225 3152 3709 3247 quod—Apustium

2126 3271 2204 3329 ait
2238 3289 2251 3324 :
2276 3260 2318 3322 ’ἢ
2351 3267 2523 3324 Nemo
2549 3265 2807 3336 dijudicet
2831 3271 2930 3324 Vos
2953 3265 3008 3322 in
3038 3265 3162 3322 cibo
3211 3273 3305 3321 aut
3348 3274 3502 3334 potu,
3531 3269 3625 3319 aut
3649 3262 3703 3316 iu

2123 3369 2281 3431 parte
2307 3357 2412 3417 diei
2443 3355 2587 3422 festi,
2618 3365 2712 3412 aut
2737 3353 3054 3421 Neomenia,
3081 3355 3251 3409 autin
3292 3352 3555 3419 Sabbato,
3581 3366 3705 3422 qua:

2127 3457 2255 3505 sunt
2280 3447 2473 3504 umbra
2503 3444 2811 3501 futurorum
2854 3435 3012 3517 (Col.
3055 3443 3137 3514 ιι).
3174 3463 3193 3496 ›
3228 3442 3381 3512 Quod
3407 3457 3538 3513 ergo
3569 3452 3701 3496 tunc

2125 3541 2244 3596 erat
2280 3539 2470 3596 umbra
2520 3533 2827 3592 futurorum
2856 3530 3072 3601 Iudaeo,
3117 3551 3266 3590 nunc
3311 3542 3396 3589 est
3441 3531 3703 3588 exhibitio

2123 3624 2472 3702 praesentium
2501 3626 2837 3692 Christiano;
2870 3633 2925 3681 et
2952 3624 3096 3696 quod
3126 3623 3233 3681 illis
3272 3624 3457 3679 datum
3495 3629 3578 3678 est
3605 3621 3704 3676 sub

2125 3721 2485 3780 exterioribus
2531 3719 2890 3782 caeremoniis,
2930 3717 3088 3772 nobis
3129 3715 3334 3771 factum
3384 3722 3468 3768 cst
3510 3711 3707 3766 instru-

2126 3820 2370 3868 mentum
2405 3809 2777 3878 intelligentia:
2824 3807 3143 3879 Spiritualis.
3180 3795 3333 3861 Tunc
3383 3804 3528 3860 enim
3565 3801 3706 3857 Neo-

2125 3905 2380 3968 meniam,
2409 3902 2513 3960 hoc
2541 3911 2627 3959 est
2667 3917 2820 3957 nova:
2862 3900 3004 3956 lunae
3042 3899 3272 3957 colimus
3322 3906 3503 3953 ortum
3529 3936 3544 3961 ,
3579 3910 3702 3950 cum

2122 4002 2365 4049 veterem
2412 3992 2730 4063 deponimus
2759 3989 3058 4057 hominem,
3082 3998 3136 4045 et
3176 3999 3378 4045 sancta:
3416 3998 3708 4042 conversa-

2124 4085 2289 4141 tionis
2317 4083 2594 4139 induimus
2622 4083 2938 4138 novitatem.

2197 4177 2400 4244 Quarto
2443 4175 2564 4232 loco
2590 4173 2863 4246 paschalis
2891 4173 3032 4245 apud
3066 4171 3185 4229 illos
3228 4169 3500 4226 festivitas
3547 4166 3709 4240 poni-

2127 4278 2237 4335 tur,
2263 4266 2318 4324 in
2346 4281 2453 4337 qua
2477 4282 2623 4322 nunc
2648 4265 2789 4338 apud
2817 4281 2917 4322 nos
2942 4265 3158 4337 «Agnus
3180 4263 3269 4318 ille
3291 4262 3382 4332 qui
3417 4260 3556 4318 tollit
3581 4271 3710 4330 pec-

2127 4366 2249 4415 cata
2272 4354 2457 4411 mundi
2493 4351 2673 4426 (Joan.
2713 4355 2785 4425 ι),
2812 4375 2831 4408 ι
2872 4369 2972 4426 pro
2992 4351 3156 4409 totius
3177 4350 3561 4408 smculi’salute
3585 4355 3706 4404 rna-

2128 4443 2476 4501 ctatur.Nam
2495 4462 2513 4496 (
2535 4443 2737 4516 pascha
2761 4447 3005 4500 nustrum
3025 4441 3337 4500 immolatus
3361 4439 3712 4498 estChristns

2130 4529 2184 4607 (ι
2213 4534 2334 4590 Cor.
2355 4531 2434 4605 v).
2466 4551 2484 4585 ι
2515 4532 2654 4590 Huic
2701 4533 3052 4590 continuatur
3080 4529 3367 4597 festivitas,
3415 4545 3539 4603 quae
3573 4527 3711 4585 dici-

2125 4638 2216 4683 tur
2235 4627 2563 4699 Azymorum
2583 4666 2599 4692 ,
2624 4626 2679 4682 in
2710 4641 2813 4697 qua
2844 4624 3160 4697 prtecipitur
3186 4619 3245 4680 ut
3279 4639 3311 4678 a
3355 4622 3570 4678 cunctis
3613 4620 3713 4676 do-

2127 4720 2307 4776 mibus
2352 4719 2642 4790 abjiciatur
2693 4735 2857 4776 omne
2898 4717 3260 4783 fermentum;
3312 4730 3477 4785 quam
3521 4715 3709 4783 utique

2125 4810 2496 4876 festivitatem,
2527 4824 2650 4880 qua)
2673 4808 2927 4864 videlicet
2953 4809 3058 4862 una
3087 4823 3212 4863 cum
3240 4803 3453 4860 Pascha
3479 4799 3705 4860 dicenda

2124 4911 2228 4968 est,
2255 4917 2355 4958 nos
2382 4901 2652 4957 veraciter
2695 4899 3071 4967 celebramus,
3115 4900 3161 4956 si
3196 4897 3526 4954 fermentum
3557 4893 3709 4954 mali-

2129 4996 2218 5051 tia:
2245 5001 2300 5048 et
2323 4993 2582 5064 nequitiae
2604 4991 2672 5048 de
2699 4991 3050 5048 tabemaculo
3090 4991 3265 5047 nostri
3291 4991 3472 5047 cordis
3519 4984 3704 5058 abjicio

2129 5099 2271 5150 mus,
2310 5093 2369 5140 et
2405 5084 2738 5140 sinceritatis
2780 5099 2846 5140 ac
2873 5083 3123 5139 veritatis
3149 5097 3338 5154 azyma
3370 5082 3710 5136 custodimus

2129 5173 2340 5246 (Ibid.).
2361 5173 2672 5229 Cavendum
2698 5173 2934 5245 estergo
2957 5189 3023 5228 ne
3039 5173 3180 5228 sitin
3207 5173 3478 5227 mentibus
3506 5169 3709 5226 nostris

2128 5260 2471 5320 adumbratio
2498 5261 2627 5330 fuci,
2653 5263 2961 5333 corruptela
2986 5263 3258 5329 fcrmenti,
3289 5276 3522 5318 caverna
3552 5275 3707 5315 men-

2126 5353 2298 5420 dacii,
2331 5352 2425 5408 sed
2454 5353 2634 5423 potius
2682 5352 2737 5407 in
2770 5353 2930 5408 domo
2973 5354 3145 5409 nostri
3181 5353 3421 5425 pectoris
3448 5351 3628 5422 vigeat
3650 5356 3714 5404 et

2125 5445 2380 5515 puritatis
2421 5445 2706 5516 integritas
2734 5452 2789 5500 et
2817 5445 3064 5501 soliditas
3093 5446 3363 5502 veritatis.

2197 5535 2326 5592 Post
2348 5537 2508 5600 hanc,
2540 5534 2628 5590 illa
2655 5534 2924 5592 festivitas
2947 5538 3194 5608 sequitur
3229 5552 3354 5607 qua:
3379 5536 3578 5592 dicitur
3601 5531 3708 5590 No-

2125 5638 2336 5686 vorum.
2367 5639 2488 5680 cum
2519 5623 2770 5694 primitice
2815 5625 3022 5682 scilicet
3057 5627 3124 5682 de
3157 5627 3312 5681 novis
3344 5623 3588 5694 frugibus
3626 5622 3706 5679 of-

2128 5716 2390 5773 feruntur.
2426 5719 2560 5773 Dum
2591 5715 2733 5770 enim
2782 5718 2847 5773 ad
2880 5718 3250 5775 maturitatem
3294 5726 3536 5787 segetum
3581 5728 3702 5783 liuer-
