4028 6168
425 286 555 343 HM!)

1714 287 1779 341 IN
1812 284 2073 344 LIBRUM
2116 286 2404 344 NUMERI.

3536 288 3671 345 I050

417 400 631 455 venitur
654 439 668 466 ,
718 405 868 465 tunc,
898 399 952 455 in
982 400 1317 472 perfectione
1370 401 1635 460 bonorum
1694 403 1986 469 fructuum,
2021 390 2067 447 Α
2091 417 2234 457 mus.
2266 400 2421 456 lianc
2450 400 2614 471 igitur
2637 400 2792 457 nobis
2814 401 2918 456 hoc
2948 401 3107 457 modo
3156 396 3504 457 festivitatem
3531 402 3674 457 cele-

416 489 627 545 auctori
659 490 923 545 bonorum
975 492 1082 547 Deo
1120 490 1388 548 festivitas
1415 493 1610 563 agitur.
1646 491 1753 548 Nos
1781 507 1994 566 quoque

418 580 689 635 Novarum
739 581 995 636 solemnia
1025 584 1294 652 gerimus,
1324 584 1393 643 si.
1421 585 1570 653 prius
1594 599 1782 654 agrum
1823 586 1991 639 nostri

417 672 596 727 cordis
611 672 905 742 disciplina:
923 689 1139 729 vomere
1157 676 1588 745 proscindentes,
1604 676 1861 733 virtutum
1878 693 1997 745 ger-

422 761 566 813 mina
594 760 1133 830 sparginms,utboni
1165 764 1507 832 postmodum
1530 765 1708 835 Operis
1730 761 1996 821 frumenta

418 860 706 905 metamus.
746 851 897 907 Unde
935 868 1033 922 per
1076 856 1392 924 prophetam
1439 858 1682 912 dicitur:
1727 876 1745 909 ι
1795 858 1999 913 Novate

421 941 579 1011 137
606 943 761 997 vobis
791 944 1003 1009 novale,
1036 954 1090 999 et
1118 946 1285 1002 nolite
1303 962 1486 1003 serere
1506 949 1685 1017 spicas
1712 947 1844 1017 (Jer.
1864 950 1992 1019 tv)»

416 1033 494 1088 De
520 1033 660 1088 bono
688 1034 895 1089 scilicet
923 1032 1158 1105 agricola
1184 1034 1439 1093 Salomon
1466 1040 1570 1093 ait:
1623 1059 1640 1091 ι
1679 1040 1780 1108 Qui
1806 1055 1999 1107 opera-

421 1131 508 1175 tur
541 1132 737 1177 terram
765 1138 942 1190 suam,
971 1122 1220 1181 inaltabit
1252 1142 1505 1182 acervum
1544 1128 1779 1198 frugum,
1824 1130 1998 1197 etqui

418 1223 673 1281 cperatur
693 1212 985 1282 justitiam,
1021 1216 1132 1287 ipse
1162 1217 1491 1272 exaltabitur
1510 1214 1699 1287 (Ecclt'.
1736 1220 1847 1289 xx).
1873 1241 1899 1272 ι
1924 1219 2001 1275 De

418 1304 706 1373 negligenti
733 1318 946 1374 quoque
973 1306 1225 1373 operario
1256 1307 1394 1362 idem
1414 1307 1545 1363 dicit
1571 1321 1586 1361 :
1634 1326 1652 1359 ι
1682 1306 1787 1363 Per
1816 1324 1999 1378 agrum

419 1394 653 1448 hominis
684 1394 817 1464 pigri
845 1395 1093 1463 transivi,
1134 1407 1190 1451 et
1226 1412 1322 1466 per
1343 1398 1557 1453 vineam
1593 1398 1707 1452 viri
1745 1399 1918 1463 stulti,
1947 1408 2003 1454 et

418 1497 546 1537 ecce
572 1491 746 1537 totum
775 1484 1118 1553 repleverunt
1144 1487 1367 1551 urticae;
1396 1496 1729 1556 operuerunt
1770 1486 2001 1558 superil-

421 1572 559 1626 ciem
584 1573 701 1641 ejus
731 1575 920 1643 spinae,
943 1580 1004 1631 et
1030 1577 1269 1632 maceria
1297 1577 1537 1646 lapidum
1583 1576 1858 1635 destructa
1887 1589 2006 1635 erat

421 1654 603 1730 (Prov.
630 1662 803 1735 xxrv).
836 1684 854 1717 ι
889 1664 955 1720 Et
983 1664 1179 1720 iterum
1206 1684 1219 1721 :
1270 1684 1293 1719 r
1322 1666 1600 1738 Priepara,
1648 1668 1839 1741 inquit.
1872 1668 2005 1727 furis

2094 489 2378 546 brantibus
2417 490 2800 559 repropitiatur
2852 488 2940 543 ille
2996 504 3156 559 quem
3204 490 3485 561 proposuit
3535 491 3679 548 Deus

2095 579 2507 650 propitiatorem
2530 593 2628 647 per
2649 577 2811 633 fidem
2837 577 2891 632 in
2923 578 3187 648 sanguine
3208 596 3328 633 suo.

2166 666 2370 724 Octava
2400 683 2551 734 vero,
2582 682 2703 737 qua:
2728 676 2780 722 et
2798 666 2984 721 ultima
3012 668 3327 722 solemnitas
3351 677 3454 733 est,
3482 668 3686 723 dicitur

2097 755 2434 829 Scenopegia,
2485 759 2597 813 hoc
2643 768 2727 813 est
2766 758 3251 821 tabernaculorum,
3292 774 3411 828 quae
3434 759 3686 813 videlicet

2097 848 2287 919 quinto
2317 848 2529 902 decimo
2572 848 2659 903 die
2683 847 2921 914 ejusdem
2978 849 3189 918 septimi
3250 851 3451 905 mensis
3496 851 3688 918 incipit

2096 937 2383 995 celebrari.
2419 937 2662 993 Laetatur
2685 939 2827 993 enim
2857 938 2995 993 Deus
3046 939 3099 995 in
3131 946 3204 1002 te,
3251 954 3373 993 cum
3406 948 3459 995 te
3525 940 3683 1006 quasi

2096 1028 2445 1099 peregrinum
2473 1030 2644 1083 cernit
2694 1038 2747 1082 et
2797 1028 3081 1104 exsulem,
3127 1037 3181 1083 et
3236 1045 3339 1082 non
3396 1029 3449 1083 in
3494 1030 3685 1098 patria:

2100 1118 2371 1184 domibus,
2400 1119 2494 1173 sed
2534 1121 2587 1173 in
2615 1119 2788 1173 exsilii
2818 1119 3182 1182 tabernaculis
3231 1118 3491 1188 conspicit
3530 1119 3686 1173 habi-

2100 1220 2327 1267 tantem.
2363 1232 2382 1265 ι
2414 1210 2531 1267 Non
2558 1213 2702 1268 enim
2730 1212 2818 1269 hic
2853 1213 3123 1285 habemus.
3160 1214 3321 1287 1,38
3376 1224 3682 1269 manentem

2099 1304 2399 1369 civitatem,
2433 1304 2528 1358 sed
2577 1302 2814 1358 futuram
2864 1304 3187 1372 inquirimus
3233 1302 3416 1376 (Hebr.
3479 1304 3621 1373 xm).
3661 1322 3679 1353 ι

2100 1396 2247 1453 Cum.
2262 1399 2403 1452 enim
2434 1397 2523 1453 hic
2552 1398 2828 1454 cernimur
2875 1413 2969 1467 per
3002 1400 3197 1453 ntalem
3221 1398 3483 1467 corporis,
3532 1396 3689 1453 habi-

2102 1496 2280 1544 tamus
2309 1489 2363 1543 in
2386 1488 2527 1551 coelo
2556 1503 2654 1558 per
2684 1489 2923 1549 studium
2978 1490 3330 1554 intentionis;
3390 1504 3538 1552 cum,
3568 1496 3686 1541 tan—

2102 1594 2265 1648 quam
2289 1579 2525 1633 viatores
2553 1578 2772 1649 quidam
2824 1586 2878 1632 et
2927 1577 3171 1642 advenae,
3224 1594 3319 1647 per
3373 1579 3684 1647 despectum

2106 1668 2304 1723 mentis
2333 1666 2618 1737 prmsentia
2642 1678 2837 1723 cuncta
2872 1670 3319 1733 transcurrimus,
3372 1670 3442 1724 ad
3499 1684 3690 1739 super-

420 1734 1528 1827 opustuum,etdiiigenterexerceagrum
1553 1734 2011 1833 tuumﬂupostea-
2032 1734 2087 1793 θ’
2110 1775 2233 1813 nam
2291 1774 2422 1812 vero
2479 1760 2710 1828 patriam
2763 1759 2939 1814 anxiis
2982 1760 3373 1814 desideriorum
3430 1760 3690 1830 gestibus

419 1842 655 1898 :editlces
680 1846 897 1899 domum
932 1858 1076 1902 tuam
1102 1847 1127 1919 (
1150 1848 1336 1917 Ibid.).
1375 1868 1394 1901 ι
1441 1848 1551 1906 Sed
1573 1853 1820 1922 quisquis
1870 1855 2006 1910 inte-

421 1933 621 1988 riorem
648 1935 919 1991 hominem
954 1952 1111 1994 suum
1144 1939 1213 1993 de
1242 1940 1330 1995 die
1378 1940 1431 1997 in
1481 1942 1647 2009 diem,
1702 1944 2004 2001 secundum

421 2024 666 2093 Apostoli
722 2029 1072 2094 sententiam,
1117 2038 1367 2097 renovat,
1413 2035 1661 2105 quisquis
1701 2051 1794 2090 cor
1846 2052 2003 2091 suum

322 2116 331 2123 ’
417 2117 585 2173 divini
610 2119 836 2174 terroris
859 2119 1124 2191 ligonibus
1142 2123 1337 2189 sulcat,
1364 2124 1465 2181 iste
1479 2142 1582 2182 non
1613 2142 1777 2197 super
1798 2129 2002 2198 spinas,

421 2208 512 2261 sed
529 2218 694 2277 super
710 2209 919 2262 novalia
941 2211 1192 2277 seminat,
1220 2222 1279 2268 ut
1307 2215 1586 2269 centesimi
1610 2226 1904 2284 proventus
1921 2235 2006 2273 se-

423 2306 596 2367 getem
625 2303 811 2354 metat.
832 2296 982 2354 Unde
998 2300 1123 2356 dicit
1139 2301 1431 2373 Apostolus
1450 2322 1463 2357 :
1484 2324 1502 2356 ‹
1517 2304 1652 2373 Quia
1667 2309 1757 2376 qui
1773 2309 2007 2365 seminat

422 2390 477 2442 in
502 2387 721 2458 spiritu,
747 2386 812 2444 de
833 2390 1021 2459 spiritu
1046 2400 1210 2447 metet
1232 2394 1397 2448 vitam
1420 2404 1679 2450 :eternam
1699 2394 1840 2469 (Gal.
1870 2400 2000 2471 vi)»

419 2476 523 2549 Qui
548 2480 907 2537 verofructus
934 2490 989 2537 et
1019 2485 1073 2538 in
1096 2482 1198 2540 hac
1214 2484 1325 2540 vita
1351 2485 1416 2542 de
1443 2489 1634 2558 spiritu
1657 2490 2003 2560 colliguntur,

419 2572 559 2627 idem
590 2566 717 2628 alibi
752 2572 1036 2644 diligenter
1092 2587 1395 2646 enumerat,
1437 2578 1624 2637 dicens
1654 2602 1666 2638 :
1722 2602 1741 2637 ι
1776 2583 2005 2641 Fructus

417 2669 599 2716 autem
629 2658 863 2733 Spiritus
891 2672 973 2720 est
993 2664 1251 2733 charitas,
1275 2668 1694 2741 gaudium,pax,
1720 2675 2003 2745 patientia,

420 2749 817 2819 longanimitas,
848 2746 1427 2828 bonitas,benignitas,
1448 2763 1824 2829 mansuetudo,
1848 2763 2003 2831 fides,

423 2840 710 2907 modestia,
743 2844 1096 2910 continentia,
1127 2848 1351 2904 castitas
1382 2846 1527 2918 (Cal.
1555 2850 1631 2923 v).
1669 2872 1688 2905 ι
1745 2853 2003 2925 Quisquis

420 2930 588 3001 igitur
609 2932 708 2987 hos
735 2932 944 2989 fructus
973 2934 1114 2991 intra
1140 2952 1251 2991 suae
1280 2940 1475 2994 mentis
1496 2941 1751 2996 horreum
1776 2944 2003 3013 colligit,

422 3022 513 3077 hic
538 3024 722 3094 procul
758 3025 918 3081 dubio
949 3024 1347 3085 solemnitatem
1397 3029 1669 3089 Novarum
1714 3033 2006 3099 salubriter

424 3114 571 3169 coiit.

493 3200 696 3263 Deinde
724 3209 971 3279 sequitur
1022 3208 1291 3269 festivitas
1337 3215 1542 3271 mensis
1587 3216 1825 3287 septimi,
1884 3234 2006 3289 quae

416 3293 616 3353 dicitur
643 3298 945 3369 Ciangoris,
972 3303 1086 3360 sive
1112 3304 1409 3361 Tubarum.
1434 3306 1527 3363 Sic
1557 3310 1703 3363 enim
1727 3310 1868 3365 inter
1888 3313 2003 3367 dies

415 3390 674 3458 septimus
698 3390 927 3460 quisque
954 3391 1156 3447 dicitur
1186 3394 1514 3462 Sabbatum;
1543 3398 1614 3451 ita
1648 3398 2003 3456 nihilominus

413 3486 467 3531 et
491 3479 632 3533 inter
660 3492 896 3542 menses.
922 3482 1016 3551 qui
1047 3484 1307 3551 septimus
1328 3493 1433 3549 est,
1479 3487 1680 3542 dicitur
1701 3487 1999 3545 Sabbatum

416 3570 708 3631 mensium,
744 3576 806 3625 ut
832 3572 997 3627 etiam
1026 3572 1322 3629 Sabbatum
1359 3574 1730 3633 sabbatorum.
1762 3578 1894 3647 Quis
1921 3592 2003 3637 est

412 3668 593 3713 autem
624 3659 849 3731 clangor
876 3661 963 3717 ilic
1011 3662 1285 3729 tubarum,
1343 3665 1429 3721 cui
1481 3666 1772 3724 debeamus
1820 3686 2001 3728 annua

416 3749 553 3805 festa
602 3750 932 3821 persolvere.
957 3752 1061 3809 nisi
1089 3752 1397 3823 evangelica
1427 3757 1586 3811 simul
1622 3768 1676 3814 et
1704 3763 1999 3831 apostolica

410 3834 676 3902 doctrina,
700 3852 841 3907 quae,
869 3848 1125 3910 tanquam
1156 3842 1380 3899 creleste
1413 3845 1707 3902 tonitruum
1736 3862 1802 3905 ac
1843 3853 2003 3905 terri-

411 3926 533 3986 bilis
561 3931 810 3997 buccina,
850 3946 950 3987 nos
976 3932 1047 3987 ad
1087 3933 1425 4003 procinctum
1468 3937 1764 4008 Spiritualis
1794 3941 2001 3997 militiae

408 4030 690 4090 provocat.
728 4031 892 4090 atque
939 4029 1000 4076 ut
1040 4038 1139 4093 pro
1165 4026 1360 4080 castris
1408 4025 1754 4096 imperatoris
1806 4016 1997 4087 aaterni

409 4117 601 4166 contra
627 4112 884 4181 nequitiae
907 4113 1131 4182 spiritus
1176 4113 1633 4172 infostlerahiliter
1678 4119 1998 4177 dimicemus

407 4201 665 4271 instigat?
693 4202 823 4270 Quis
850 4213 933 4259 est
965 4219 1095 4274 ergo
1117 4206 1208 4275 qui
1246 4207 1499 4262 tubarum
1558 4208 1674 4266 sive
1723 4211 1995 4283 clangoris

407 4292 600 4348 festum
630 4293 865 4364 legitime
886 4296 1145 4361 celebret,
1189 4297 1295 4353 nisi
1323 4298 1417 4369 qui
1444 4296 1755 4371 Scripturas
1785 4302 1995 4359 Veteris
2025 4378 2031 4383 _

408 4397 472 4436 ac
495 4378 630 4437 Novi
668 4384 1002 4440 Tcstamenti
1032 4386 1215 4443 studet
1245 4386 1299 4441 in
1351 4390 1587 4445 armario
1617 4404 1730 4447 sua:
1794 4394 1993 4448 mentis

2106 1848 2449 1915 festinamus,
2480 1858 2669 1911 tuuca
2724 1848 2879 1902 nobis
2938 1849 3295 1919 spiritualiter
3352 1849 3686 1920 Scenepegia

2105 1940 2324 2007 colitur,
2353 1955 2472 2010 quae
2520 1938 2725 1994 dudum
2775 1940 2916 2009 apud
2954 1939 3075 1996 illos
3129 1956 3241 2011 per,
3280 1940 3505 2011 legitimi
3548 1943 3688 1997 ritus

2106 2036 2460 2093 caeremonias
2483 2035 2777 2091 carnaliter
2797 2033 3077 2105 agebatur.
3099 2034 3224 2089 lianc
3240 2050 3399 2109 tun-ro
3422 2033 3691 2090 festivitas

2105 2124 2505 2196 quintodecimo
2526 2124 2613 2181 die
2632 2124 2845 2193 septimi
2865 2124 3067 2179 mensis
3098 2123 3306 2194 incipit,
3338 2134 3415 2190 et,
3436 2125 3561 2192 quia
3592 2141 3691 2193 per

2103 2226 2233 2275 octo
2253 2216 2373 2272 dies
2398 2215 2623 2282 colitur,
2638 2216 2857 2272 decimo.
2876 2215 3237 2272 Kalendarum
3283 2215 3534 2272 Octobris
3560 2232 3690 2287 pro-

2105 2306 2192 2361 cul
2227 2305 2393 2361 dubio
2428 2306 2772 2360 terminatur.
2790 2305 2999 2363 Dicitur
3018 2306 3163 2361 enim
3196 2306 3247 2360 in
3272 2306 3410 2361 libro
3427 2306 3643 2364 Numeri
3672 2326 3691 2363 :

2111 2418 2131 2450 ι
2170 2398 2367 2464 Quinta
2392 2398 2597 2455 decima
2629 2396 2715 2451 die
2741 2396 2941 2453 mensis
2976 2398 3231 2465 septimi,
3258 2414 3377 2468 qua:
3404 2400 3557 2457 vobis
3579 2401 3688 2457 erit

2106 2503 2295 2547 saneta
2360 2498 2416 2545 et
2473 2489 2839 2557 venerabilis,
2904 2505 3063 2547 onuie
3145 2505 3280 2559 opus
3339 2491 3533 2549 servile
3579 2509 3687 2549 non

2107 2581 2317 2639 facietis
2344 2582 2395 2638 in
2422 2597 2513 2649 ea,
2540 2583 2636 2639 sed
2670 2581 3014 2640 celebrabitis
3036 2581 3437 2639 solemnitatem
3455 2582 3684 2640 Domino

2105 2685 2313 2745 septem
2373 2675 2562 2732 diebus
2592 2674 2782 2746 (Num.
2821 2675 2996 2747 uix).
3036 2693 3054 2728 ι
3120 2675 3189 2731 Et.
3236 2675 3514 2744 aliquanto
3566 2686 3689 2745 post

2104 2764 2325 2838 subiicit
2355 2787 2371 2824 :
2404 2787 2423 2821 ι
2462 2770 2556 2824 Die
2586 2778 2800 2834 octavo,
2830 2769 2925 2839 qui
2980 2776 3066 2824 est
3094 2765 3502 2839 celeberrimus,
3528 2784 3689 2829 omne

2104 2873 2239 2930 opas
2263 2859 2462 2917 servile
2494 2874 2600 2915 non
2631 2857 2841 2915 facietis
2870 2849 2922 2913 in
2953 2874 3017 2913 eo
3046 2857 3257 2929 (Ibid.).
3289 2878 3314 2912 ι

2682 2948 2911 3006 CAPUT
2953 2948 3116 3005 XVII.

2106 3042 2178 3101 In
2202 3040 2417 3113 epistola
2439 3041 2508 3095 ad
2543 3038 2602 3095 V.
2630 3040 2923 3113 episcopum
2937 3051 2983 3094 et
3005 3039 3118 3111 ejus
3138 3040 3517 3113 canonicos,de
3536 3042 3689 3111 quin-

2583 3126 2680 3182 que
2706 3112 2938 3165 sensibus
2968 3111 3222 3180 corporis.

2186 3223 2205 3256 ι
2234 3207 2475 3266 Armate,
2498 3203 2673 3272 inquit
2702 3201 2933 3273 Moyses,
2959 3216 3024 3255 ex
3058 3202 3213 3255 vobis
3265 3201 3411 3256 viros
3472 3202 3540 3256 ad
3587 3218 3688 3270 pu-

2106 3307 2288 3366 gnam,
2318 3283 2408 3362 qui
2439 3292 2646 3361 possint
2669 3290 2926 3344 ultionem
2968 3290 3176 3343 Domini
3203 3300 3457 3359 expetere
3482 3292 3550 3345 de
3578 3290 3681 3346 Ma-

2104 3384 2345 3443 diauitis.
2373 3382 2617 3452 Cumque
2653 3389 2984 3451 pugnassent
3010 3388 3198 3434 contra
3240 3380 3583 3450 Madiauilas,
3628 3390 3688 3435 ut

2103 3490 2258 3531 sacra
2288 3483 2475 3528 narrat
2496 3473 2742 3539 historia,
2765 3483 2928 3542 atque
2958 3471 3236 3537 vicissent,
3277 3488 3469 3525 omnes
3503 3487 3684 3529 mares

2101 3568 2415 3623 occiderunt
2444 3574 2497 3621 et
2527 3583 2683 3636 reges
2712 3580 2922 3629 eorum,
2957 3564 3077 3628 Evi,
3129 3574 3182 3619 et
3205 3564 3425 3623 necem.
3452 3575 3507 3618 et
3552 3566 3683 3629 Sur,

2100 3675 2149 3715 et
2168 3659 2359 3723 Bur,et
2374 3658 2540 3725 ﬂebo,
2553 3658 2788 3727 quinque
2802 3656 3069 3726 principes
3081 3657 3257 3728 gentis
3271 3654 3458 3726 (Num.
3475 3673 3575 3709 xxx
3588 3656 3622 3728 I)
3659 3676 3681 3711 ι

2101 3751 2400 3823 Evi,plaue
2422 3749 2679 3805 belluinus
2709 3751 2820 3803 sive
2859 3748 3062 3819 ferinus
3091 3748 3497 3818 interpretatur.
3529 3748 3685 3803 llunc

2100 3842 2287 3914 itaque
2314 3858 2496 3913 regem
2526 3841 2577 3895 in
2618 3840 2774 3895 nobis
2802 3838 3067 3910 spirituaii
3111 3854 3370 3895 mucrone
3411 3839 3683 3910 transﬁgi-

2099 3951 2242 4001 mus,
2268 3951 2388 3992 cum
2421 3932 2626 3989 ferinos
2652 3950 2683 3987 a
2715 3933 2867 3988 nobis
2910 3948 3089 3988 mores
3138 3932 3526 3995 abscindimus,
3559 3948 3681 3986 cum

2098 4026 2341 4083 bestiolis
2363 4026 2654 4083 iracundia:
2684 4026 2889 4081 rabiem
2919 4040 2949 4080 a
2981 4035 3169 4081 nostro
3201 4034 3419 4095 pectore
3450 4024 3680 4089 detrun-

2097 4135 2305 4175 camus.
2352 4117 2486 4173 Nam
2535 4134 2656 4172 cum
2694 4116 2951 4171 Dominus
2979 4116 3126 4171 dicat
3167 4134 3180 4168 :
3246 4134 3265 4167 ι
3301 4114 3449 4169 Beati
3498 4115 3680 4180 mites,

2097 4209 2353 4279 quoniam
2385 4208 2486 4279 ipsi
2514 4209 2868 4279 possidebunt
2910 4218 3110 4262 terram
3139 4206 3355 4279 (Matth.
3388 4206 3463 4277 v),
3502 4226 3520 4257 ι
3552 4223 3682 4277 quo-

2096 4299 2256 4353 modo
2294 4299 2497 4369 poteris
2524 4308 2930 4353 mansuetorum
2963 4297 3209 4351 obtinere
3266 4296 3678 4363 beatitudinem,

2096 4392 2199 4447 nisi
2232 4391 2455 4446 belluiui
2484 4390 2703 4461 spiritus
2740 4390 2794 4444 in
2832 4398 2882 4443 te
2904 4388 3161 4444 cohibcas
3207 4388 3523 4442 feritatem?
3574 4387 3681 4442 Re~

406 4475 703 4543 includere,
752 4492 816 4532 ac
841 4488 1109 4549 praecepta
1143 4479 1385 4535 caelestia
1416 4483 1591 4539 tenaci
1628 4498 1844 4554 semper
1874 4501 1992 4539 mc-
2024 4459 2071 4518 D
2097 4498 2213 4537 cem
2243 4498 2394 4549 vero,
2432 4484 2567 4547 sive,
2596 4481 2735 4537 sicut
2789 4481 2840 4535 in
2870 4480 3036 4535 veteri
3071 4479 3423 4535 translatione
3458 4478 3677 4548 dicitur,

405 4566 591 4620 moria:
622 4569 1043 4625 commendare?
1066 4567 1193 4625 Haec
1218 4569 1403 4641 itaque
1428 4572 1564 4628 festa
1589 4572 1991 4634 celebrantibus

404 4655 509 4711 rite
534 4668 630 4723 per
654 4656 978 4726 Prophetam
1009 4658 1210 4714 dicitur
1238 4675 1253 4714 :
1301 4680 1324 4714 1
1352 4661 1547 4719 Canite
1602 4665 1758 4720 initio
1785 4670 1989 4724 mensis

405 4746 555 4814 tuba,
581 4749 633 4801 iu
660 4748 1333 4819 dieinsiguisolemnitatis
1349 4763 1544 4808 vestrae
1565 4753 1738 4826 (Psal.
1758 4756 1945 4828 Lux).
1961 4779 1979 4811 ι

478 4835 607 4891 Post
642 4836 786 4892 hanc
821 4846 907 4892 est
952 4846 1006 4893 et
1058 4837 1147 4893 illa
1187 4840 1453 4897 festivitas
1501 4859 1622 4913 quae
1676 4846 1988 4903 celebratur

404 4927 611 4981 decima
642 4927 728 4982 die
752 4928 953 4983 mensis
974 4930 1212 5000 septimi,
1258 4931 1315 4987 in
1345 4948 1449 5003 qua
1481 4934 1734 4991 videlicet
1777 4938 1989 4994 animas

404 5031 532 5072 suas
559 5016 731 5073 Judzei
762 5020 1147 5091 prtecipiunlttt'
1171 5022 1430 5096 atligere.
1458 5022 1566 5082 Nos
1625 5028 1791 5083 etiam
1844 5030 1988 5086 hanc

406 5110 511 5161 rite
538 5108 942 5165 solemnitatem
993 5112 1246 5180 colimus,
1292 5126 1422 5170 cum
1468 5130 1689 5173 carnem
1742 5128 1986 5174 nostram

406 5201 771 5258 maceratione
816 5203 1144 5274 castigamus
1172 5206 1387 5273 inediae,
1440 5224 1561 5265 cum
1625 5212 1986 5285 nosmetipsos

405 5292 747 5362 reprimimus
772 5294 874 5351 sub
898 5306 1062 5353 arctoe
1078 5301 1323 5381 custodia
1353 5301 1669 5374 disciplima,
1702 5319 1827 5360 cum
1878 5306 1973 5361 de-

402 5383 568 5453 nique
618 5385 924 5454 petulantes
975 5389 1277 5445 carnalium
1334 5394 1647 5463 passionum
1702 5393 1986 5451 illecebras

401 5476 792 5547 crucifigimus,
819 5494 943 5536 cum
976 5494 1174 5553 corpus
1220 5492 1467 5540 nostrum
1494 5498 1592 5555 pro
1632 5485 1863 5541 Domino
1902 5486 1984 5540 la-

403 5563 624 5623 boribus
658 5578 715 5623 et
736 5573 991 5629 terumnis
1020 5573 1324 5638 atterimus,
1373 5590 1497 5630 cum
1542 5576 1851 5632 interimam
1879 5576 1980 5632 ho-

403 5654 600 5711 minem
623 5673 718 5727 per
746 5662 1174 5731 compunctiouis
1204 5662 1494 5746 sedentum
1520 5664 1753 5721 lamenta
1781 5674 1982 5721 macta—

2094 4571 2301 4639 Rocou,
2356 4574 2747 4642 interpretatur
2794 4571 3048 4624 inanitas.
3085 4571 3178 4626 Ἐῑ
3231 4570 3360 4641 quid
3417 4571 3677 4625 estaliud

2093 4661 2349 4732 quidquid
2383 4662 2437 4715 in
2465 4660 2667 4715 mundo
2712 4674 2808 4727 pro
2856 4659 3042 4711 tuundi
3068 4659 3503 4727 concupiscentia
3536 4660 3679 4726 geri-

2096 4761 2206 4820 tur,
2232 4752 2341 4806 nisi
2371 4752 2516 4821 quod
2542 4751 2825 4820 Scriptura
2846 4748 3086 4818 loquitur
3110 4766 3123 4801 :
3172 4767 3190 4800 ι
3216 4749 3443 4803 Vanitas
3464 4749 3675 4803 vanita-

2095 4852 2229 4908 tum,
2261 4840 2512 4899 etomnia
2537 4840 2782 4895 vanitas?
2811 4858 2829 4891 ι
2862 4837 3058 4909 (Eccle.
3084 4837 3387 4909 t).\’anitas
3408 4837 3675 4907 siquidem

2096 4933 2258 4990 cﬂicit
2278 4932 2548 4989 vanitates
2567 4940 2621 4987 et
2654 4931 2784 5003 ipsa:
2818 4932 3085 4985 vanitates
3114 4928 3318 4984 faciunt
3350 4931 3669 4994 vanitatem,

2093 5024 2220 5081 dum
2246 5031 2303 5080 et
2329 5023 2583 5092 mundus,
2610 5022 2703 5095 qui
2738 5022 3083 5078 transitorius
3116 5028 3218 5088 est,
3243 5021 3511 5082 homines,
3537 5035 3674 5089 quos

2092 5116 2308 5187 decipit,
2334 5129 2505 5171 vanos
2550 5112 2769 5179 etiiciat,
2796 5122 2852 5169 et
2896 5112 3144 5168 homines
3198 5111 3479 5170 mundum,
3512 5125 3670 5180 quem

2091 5208 2286 5265 insane
2312 5207 2563 5279 diligunt,
2612 5206 2667 5263 in
2714 5206 3010 5261 vanitatem
3061 5213 3291 5258 vertant.
3332 5202 3485 5256 Iiunc
3542 5219 3672 5272 ergo

2091 5312 2274 5369 regem
2298 5296 2391 5352 Dei
2423 5297 2580 5352 miles
2605 5297 2839 5367 perimit,
2881 5310 3043 5352 verus
3070 5295 3311 5350 Israelita
3342 5292 3597 5354 concidit,
3622 5292 3668 5346 si

2089 5388 2165 5445 nil
2193 5385 2479 5458 superﬂue,
2513 5386 2587 5441 nil
2610 5386 2860 5449 inaniter,
2881 5386 2966 5441 vel
2997 5386 3140 5457 quod
3171 5386 3238 5439 ad
3268 5400 3379 5437 rem
3403 5399 3510 5437 non
3541 5398 3665 5452 pcr-

2087 5481 2244 5546 tinct,
2266 5487 2437 5552 gerat,
2453 5479 2547 5535 sed
2574 5479 2811 5550 graviter
2823 5487 2874 5535 et
2899 5474 3295 5533 rationabiliter
3316 5476 3509 5532 divinze
3533 5475 3666 5547 legis

2088 5571 2313 5641 implere
2339 5568 2594 5624 mandata
2624 5570 2931 5625 contendat.
2973 5569 3189 5624 Tertius
3238 5580 3419 5624 autem
3464 5569 3664 5623 Mallia-

2088 5666 2323 5719 uitatum
2358 5677 2473 5730 rex,
2526 5662 2634 5718 Sur
2672 5661 2901 5726 dicitur;
2971 5662 3113 5732 quod
3184 5661 3430 5731 profecto
3476 5678 3659 5716 murus
