4028 6168
388 338 513 394 “ibi

1270 334 1775 400 COLLECTANEA
1831 340 1897 399 IN
1940 337 2171 397 VETUS
2211 331 2758 396 TESTAMENTUM.

3522 338 3661 399 I053

384 457 501 512 sive
531 457 794 524 robustus,
817 454 901 511 vel
927 454 1091 510 etiam
1124 456 1364 524 angustia
1394 457 1804 527 interpretatur.
1834 454 1972 521 Quid
2002 456 2051 514 Α
2077 459 2377 521 exspectat.
2432 444 2678 505 Perfecte
2738 457 2918 503 autem
2973 448 3322 520 semetipsum
3367 450 3667 519 diiudicare

383 560 514 599 vere
546 562 641 618 per
679 561 891 601 murum
930 544 1043 599 sive
1083 542 1384 608 robustmn,
1444 544 1549 598 nisi
1583 545 1730 599 dura:
1779 543 1977 598 mentis

385 635 681 689 obstinatio
717 635 795 689 vel
837 633 1141 704 pervicacia
1173 633 1334 689 debet
1377 634 1641 705 intelligi?
1675 634 1829 701 Quod
1847 649 1979 688 vero

389 736 446 780 et
472 725 715 794 angustia
770 724 1119 794 interpretari
1158 723 1377 790 dicitur,
1420 738 1594 795 neque
1640 723 1742 779 hoc
1767 722 1980 792 longius

389 831 419 867 a
452 814 580 868 vitio
600 812 812 867 duritia:
836 822 1141 881 separatur,
1156 813 1411 880 quoniam
1433 811 1679 883 quisquis
1699 811 1767 866 ad
1792 812 1978 866 dimit-

390 905 547 960 tenda
580 905 828 977 proximo
880 904 1061 959 debita
1094 905 1262 960 durus
1311 913 1365 959 et
1400 896 1705 960 obstinatus
1747 914 1854 971 est,
1892 918 1983 957 an-

389 997 563 1066 gusda
617 996 1009 1068 constringitur
1065 998 1289 1059 mentis,
1335 996 1463 1051 dum
1528 996 1675 1051 nulIa
1719 993 1983 1050 dilatatur

393 1088 747 1160 amplitudine
779 1090 1087 1145 charitatis.
1134 1089 1208 1144 De
1250 1104 1356 1157 qua
1404 1089 1661 1144 nimirum
1714 1088 1985 1145 cbaritate

391 1194 487 1250 per
518 1178 839 1251 Prophetam
871 1181 1071 1235 dicitur
1103 1198 1116 1234 :
1183 1199 1201 1231 ι
1240 1180 1432 1236 Latum
1481 1180 1796 1236 mandatum
1833 1190 1983 1237 tuum

405 1273 573 1329 nimis
606 1271 777 1340 (Puri.
802 1272 1017 1341 cxvut).
1052 1290 1072 1325 ι
1111 1269 1240 1327 Sive
1268 1262 1449 1326 "etiam
1479 1268 1584 1325 hoc
1612 1267 1791 1325 valeat
1817 1267 1982 1327 intel-

328 1406 331 1407 ν
402 1368 516 1438 Ιίεὶ.
540 1368 668 1438 quia
697 1366 953 1420 duritiam
984 1365 1184 1422 tuentis
1208 1363 1460 1436 sequitur
1482 1362 1733 1433 angustia
1752 1364 1982 1417 damna-

402 1457 588 1512 tionis.
617 1453 773 1513 Unde
801 1472 896 1526 per
922 1455 1084 1527 139
1104 1456 1449 1513 Salomouem
1471 1456 1703 1513 dicitur:
1731 1478 1750 1511 ι
1784 1455 1983 1513 Beatus

398 1548 487 1603 vir
527 1549 621 1619 qui
668 1563 883 1618 semper
914 1560 997 1603 est
1023 1550 1288 1618 pavidus;
1320 1549 1412 1622 qui
1441 1558 1627 1614 autem
1673 1549 1874 1608 mentis
1896 1556 1983 1608 est

400 1642 573 1708 durae,
609 1651 836 1697 corruet
871 1643 923 1697 in
958 1642 1159 1698 malum
1190 1642 1377 1714 (Prov.
1412 1642 1628 1715 sunt).
1670 1662 1692 1698 ι

466 1728 705 1795 Quartus
738 1738 1002 1800 pneterea
1044 1729 1461 1785 Madianitarum
1493 1748 1587 1787 rex
1613 1732 1724 1787 Bur
1746 1732 1984 1799 dicitur,

2078 551 2164 597 est
2194 552 2249 595 et
2277 538 2716 608 reprehendenda
2742 554 2847 593 non
2877 551 3057 609 agere,
3089 550 3144 595 et
3172 556 3292 611 qua:
3320 541 3667 612 irreprchen.

2080 631 2314 689 sibiliter
2344 640 2463 685 acta
2486 639 2634 691 sunt.
2666 630 2854 686 timide
2879 640 3199 686 retractare.
3263 630 3435 689 Porro
3485 644 3661 689 autem

2079 725 2328 795 quisquis
2383 724 2485 780 boc
2514 724 2645 795 agit,
2703 718 2794 779 ille
2861 735 2988 779 vere
3042 722 3459 780 Madianitarnm
3514 738 3665 796 reges

2079 814 2319 887 perimit,
2337 815 2427 869 ille
2439 813 2859 870 Amalecitarum
2874 813 3149 886 principes
3173 811 3387 882 sternit,
3406 820 3461 871 et
3481 828 3666 873 omnes

2082 924 2112 962 a
2140 922 2199 963 se
2228 905 2482 963 vitiorum
2505 912 2688 978 pestes
2716 905 2974 962 excludit.

2647 994 2874 1056 CAPUT
2907 995 3094 1054 XVIII.

2599 1087 2666 1145 1η
2692 1089 2873 1145 eadem
2899 1086 3140 1161 epistola.

2146 1176 2296 1240 illine
2350 1192 2435 1240 est
2476 1183 2620 1254 quod
2661 1180 2851 1238 eadem
2903 1198 3060 1238 sacra
3120 1190 3354 1239 testatur
3398 1182 3666 1240 historia:

2088 1293 2107 1327 ι
2148 1274 2413 1343 Quoniam
2439 1273 2645 1346 egressi
2677 1272 2771 1328 lilii
2810 1272 2974 1329 Israel
3014 1283 3282 1328 venerunt
3332 1276 3398 1328 ad
3445 1275 3671 1329 Foutem

2080 1365 2291 1436 iudicii,
2344 1366 2448 1423 hoc
2494 1376 2610 1431 est,
2662 1365 2884 1421 Cades:
2931 1375 2988 1421 et
3045 1366 3437 1422 interfecerunt
3483 1383 3672 1423 omnes

2083 1458 2360 1530 principes
2384 1458 2610 1515 Amalec
2647 1468 2701 1514 et
2725 1458 3091 1524 Amorrlneos,
3124 1458 3215 1526 qui
3268 1459 3588 1513 habitabant
3619 1459 3672 1513 in

2086 1550 2444 1607 Titaransem.
2485 1569 2503 1603 ι
2561 1550 2737 1606 Cades
2761 1558 2941 1604 autem
2971 1549 3320 1619 sanctiﬁcatio
3350 1550 3676 1619 interpreta-

1970 1670 1989 1698 ,ε
2088 1650 2193 1696 tur.
2225 1641 2282 1696 In
2308 1640 2483 1698 Gades
2507 1639 2667 1713 ιω
2691 1656 2838 1711 ergo,
2865 1641 2957 1711 qui
2988 1639 3130 1695 Fons
3156 1650 3239 1695 est
3262 1640 3474 1708 iudicii,
3504 1641 3673 1696 Ama-

2090 1730 2279 1787 lecitas
2313 1731 2474 1787 simul
2505 1740 2562 1787 et
2606 1731 2955 1786 Amorrhzeos
3009 1731 3366 1801 spirituaiiter
3419 1730 3677 1787 interﬁci-

396 1816 540 1885 quod
567 1817 797 1871 irritatio
820 1819 1231 1890 interpretatur.
1272 1818 1433 1876 Vides
1461 1837 1592 1893 ergo
1618 1823 1743 1894 quia
1768 1824 1984 1879 nomina
2016 1804 2063 1865 Β
2092 1837 2237 1887 mus,
2266 1836 2391 1877 cum
2418 1831 2473 1876 et
2495 1822 2664 1876 vitam
2701 1830 2944 1876 nostram
2986 1821 3093 1891 piis
3140 1821 3398 1892 cperibus
3436 1823 3679 1877 sanctiii-

397 1924 584 1979 regunt
623 1911 828 1965 umbrte
854 1921 1055 1966 suntet
1081 1912 1344 1984 imagines
1376 1914 1649 1969 vitiorum.
1692 1915 1796 1981 Qui
1844 1915 1989 1970 enim

397 2015 563 2054 onera
587 2002 772 2072 gravia
792 2017 889 2071 per
912 2013 1094 2072 portas
1116 2019 1242 2059 suas
1273 2003 1537 2069 inferunt,
1565 2004 1807 2075 profecto
1821 2004 1993 2060 I'orin-

398 2100 557 2141 secus
587 2087 978 2157 obstrepentia,
1028 2103 1126 2159 per
1169 2103 1425 2144 sensuum
1452 2104 1672 2145 suorum
1704 2089 1901 2155 aditus,
1936 2090 1990 2145 in

398 2188 682 2250 pectorum
732 2194 952 2235 suorum
1002 2196 1201 2237 arcana
1244 2180 1649 2247 transfundunt,
1689 2183 1857 2237 Deum
1905 2181 1992 2236 in-

398 2270 711 2325 dubitanter
737 2271 974 2338 irritant,
1004 2287 1165 2342 quem
1199 2272 1456 2327 videlicet
1507 2272 1590 2328 bis
1637 2271 1704 2327 ad
1754 2270 1994 2326 inferen-

399 2368 526 2423 dam
557 2366 777 2423 ultionis
828 2367 1153 2423 sententiam
1184 2377 1502 2437 provocant.
1527 2366 1684 2423 Unde
1728 2366 1993 2437 scriptum

400 2466 488 2515 est
518 2474 535 2513 :
570 2476 590 2511 ι
621 2457 981 2515 Simulatores
1037 2466 1092 2515 et
1134 2458 1312 2514 callidi
1367 2468 1665 2529 provocant
1720 2459 1858 2515 iram
1896 2458 1994 2515 Dei

406 2548 533 2621 (Job
573 2550 788 2622 xxxvi).
825 2568 844 2602 ι
903 2550 974 2605 Et
1018 2550 1085 2606 de
1116 2549 1314 2620 quibus
1350 2563 1494 2620 stupe
1533 2548 1601 2604 ad
1652 2548 1995 2606 Ezechiele-1

399 2639 600 2698 dicitur
628 2660 641 2697 :
677 2660 696 2695 ‹
733 2642 871 2711 Quia
901 2643 1095 2698 domus
1125 2656 1457 2713 exasperans
1484 2651 1569 2698 est
1593 2640 1812 2711 (Eucti.
1834 2643 1897 2712 ιι)
1924 2658 1939 2707 ;
1970 2659 1989 2695 ι

398 2730 788 2790 etPsahuista:
822 2752 839 2785 ι
869 2733 938 2791 Ut
960 2735 1115 2805 quid,
1132 2732 1296 2801 Deus,
1317 2734 1703 2805 improperavit
1721 2734 1994 2802 inimicus,

404 2822 588 2879 irritat
620 2823 969 2879 adversarius
1002 2840 1199 2880 nomen
1252 2833 1401 2879 tuum
1434 2824 1488 2879 in
1516 2825 1718 2880 tinem?
1752 2842 1772 2877 ι
1816 2824 1995 2897 (Psal.

408 2916 637 2986 ιηιιι.)
670 2914 819 2970 liebe
858 2930 1017 2980 vero,
1044 2916 1136 2987 qui
1166 2916 1441 2971 ordinatus
1480 2916 1709 2983 dicitur,
1738 2932 1845 2972 non
1897 2915 1997 2972 ali-

411 3013 496 3060 ter
535 3006 622 3060 hic
643 3005 904 3076 procedit,
938 3005 1042 3060 nisi
1081 3015 1143 3061 ut
1172 3019 1271 3076 per
1305 3006 1538 3063 ironiam
1583 3007 1671 3063 vel
1715 3008 1999 3079 antiphra-

410 3094 513 3149 sim
551 3095 754 3150 dictum
786 3095 1118 3168 intelligatur
1139 3104 1431 3167 quatenus,
1462 3097 1554 3167 qui
1595 3098 1880 3153 ordinatus
1909 3098 1997 3152 di-
2033 3148 2087 3168 _.

407 3187 574 3253 citur,
597 3203 627 3241 e
651 3187 928 3243 contrario
966 3188 1309 3245 inordinatus
1337 3190 1408 3246 sit
1440 3197 1498 3245 et
1521 3188 1798 3245 confusus.
1826 3188 2002 3244 Vitio-

409 3295 503 3335 sus
529 3280 675 3335 enim
713 3281 939 3351 quisque
960 3320 977 3348 ,
1003 3280 1107 3337 etsi
1150 3280 1438 3352 superﬁcie
1461 3289 1617 3337 tenus
1643 3282 1801 3353 quasi
1851 3289 2002 3337 recte

2090 1924 2217 1966 care
2247 1911 2567 1981 satagimus,
2602 1921 2657 1967 et
2688 1920 2867 1966 tamen
2895 1912 2994 1981 ipsi
3018 1927 3116 1968 nos
3139 1922 3395 1983 tanquam
3421 1922 3681 1969 nocentes

2090 2019 2157 2061 ac
2184 2003 2980 2076 reprehensibilesjudicamus.
3005 2003 3138 2060 Cum
3170 2003 3518 2060 elaboramus
3537 2020 3680 2060 scm-

2090 2111 2190 2166 per
2249 2094 2807 2166 irreprehensibiiiter
2851 2095 3057 2162 vivere,
3110 2109 3205 2165 per
3256 2094 3678 2151 sollicitudinem
3726 2115 3746 2138 ο

2092 2194 2275 2241 tamen
2298 2184 2814 2241 districtiexaminis
2842 2200 3007 2256 opera
3060 2194 3247 2240 nostra
3301 2200 3411 2241 non
3464 2185 3683 2241 desisti-

2092 2292 2214 2332 mus
2242 2291 2521 2333 accusare.
2546 2276 2613 2333 Et
2644 2276 2940 2333 notandum
2966 2277 3225 2347 quoniam
3247 2286 3302 2331 et
3324 2276 3470 2333 Fons
3489 2276 3681 2348 judicii

2044 2428 2045 2431 η
2092 2373 2149 2421 et
2183 2365 2378 2431 Gades,
2411 2366 2505 2436 qui
2550 2365 2912 2421 sanctiﬁcatio
2959 2365 3178 2431 dicitur,
3241 2381 3379 2422 unus
3430 2365 3683 2435 idemque

2094 2456 2249 2514 locus
2267 2465 2370 2523 est,
2397 2456 2524 2527 quia
2549 2455 2806 2512 nimirum
2828 2456 3012 2528 justus
3042 2456 3275 2527 quisque
3301 2456 3681 2527 semetipsum,

2095 2549 2223 2605 dum
2253 2557 2439 2605 sancte
2458 2548 2614 2615 vivit,
2636 2556 2880 2615 accusat,
2902 2556 2953 2603 et
2980 2562 3039 2603 se
3065 2545 3411 2617 dijudicande
3462 2544 3550 2600 vel
3590 2560 3684 2600 ae-

2097 2640 2339 2696 cusando
2373 2639 2549 2710 magis
2616 2639 2898 2711 magisque
2955 2637 3282 2693 sanctiﬁcat.
3340 2634 3457 2691 Hoc
3502 2636 3686 2707 itaque

2098 2729 2260 2805 modo
2292 2728 2402 2784 vita
2425 2737 2737 2784 sanctorum
2759 2738 2817 2783 et
2869 2727 2922 2782 in
2980 2727 3215 2799 propriis
3268 2726 3685 2798 cogitationibus

2096 2820 2532 2890 reprehenditur,
2556 2829 2611 2877 et
2632 2828 2812 2876 tamen
2835 2819 2889 2875 in
2910 2819 3165 2891 operibus
3187 2817 3686 2885 irrepreltensibilis

2099 2912 2396 2968 invenitur.

2697 3001 2923 3059 CAPUT
2949 3004 3090 3060 XIX.

2459 3094 2525 3150 In
2553 3096 2771 3165 epistola
2801 3098 2870 3151 ad
2899 3097 3336 3153 Hildebrandum.

2180 3205 2199 3239 ι
2235 3185 2294 3242 In
2349 3187 2710 3260 quadraginta
2759 3190 2973 3247 duabus
3024 3191 3397 3247 mansionibus
3422 3206 3690 3263 pervene-

2103 3287 2234 3333 runt
2256 3277 2349 3333 lilii
2380 3278 2565 3346 Israel,
2592 3295 2764 3350 usque
2785 3281 2851 3335 ad
2878 3281 3203 3352 principium
3219 3282 3496 3352 capienda:
3516 3284 3692 3340 haere-

412 3370 625 3425 vivendi
660 3372 962 3441 praetendat
993 3371 1261 3434 ordinem,
1291 3371 1531 3428 confusae
1554 3380 1733 3427 tamen
1758 3381 1813 3427 et
1855 3370 2011 3426 inor~
2103 3370 2290 3427 ditatis
2323 3370 2400 3444 (Ν
2407 3389 2513 3427 um.
2545 3373 2766 3441 xxxiii).
2799 3392 2818 3425 ι
2877 3373 3212 3445 Principium
3252 3389 3382 3430 vero
3412 3375 3691 3447 capienda!

410 3459 608 3516 dinatre
632 3462 976 3533 cegitationis
1019 3471 1203 3519 versat
1237 3462 1292 3518 in
1321 3462 1487 3519 corde
1546 3462 1853 3533 caliginem.
1898 3461 2005 3518 Per

408 3548 651 3622 quinque
671 3566 801 3623 ergo
840 3567 994 3624 reges
1018 3551 1433 3608 Madianitarum
1458 3592 1475 3618 ,
1500 3552 1742 3623 quinque
1777 3552 2004 3621 signan-

415 3651 505 3698 tur
527 3644 773 3713 eorporis
800 3659 1021 3709 sensus;
1065 3644 1195 3715 quia
1223 3659 1388 3700 ontne
1416 3645 1611 3701 vitium
1633 3644 1778 3715 quod
1813 3651 2005 3715 regnat

402 3730 473 3788 'in
502 3747 753 3803 corpore,
776 3734 845 3787 ab
872 3733 990 3789 istis
1013 3734 1253 3805 quinque
1279 3734 1528 3790 sensibus
1570 3734 1817 3805 corporis
1866 3750 2003 3805 pen-

415 3821 526 3875 det.
549 3820 591 3876 li
616 3836 746 3892 ergo
775 3831 945 3878 tunca
977 3823 1134 3879 nobis
1169 3823 1551 3895 exstinguendi
1579 3832 1707 3878 sunt
1737 3832 1792 3879 et
1810 3822 2003 3895 gladiis

413 3912 801 3977 obtruncandi,
839 3929 964 3969 cum
992 3913 1281 3969 adversum
1308 3930 1407 3969 nos
1434 3914 1488 3969 in
1521 3912 1724 3969 bellum
1777 3929 2006 3969 consur-

413 4013 569 4070 gunt,
602 4018 725 4058 eum
754 4019 853 4059 nos
890 4004 1263 4060 scandalizare
1294 4020 1402 4061 non
1435 4004 1712 4060 desinunt.
1770 4003 1853 4058 An
1898 4020 2005 4058 non

413 4094 548 4150 istos
579 4110 737 4166 reges
762 4095 1033 4169 eaStingui
1056 4105 1109 4151 et
1142 4096 1641 4168 spiritusmucrone
1666 4094 1841 4151 occidi
1870 4110 2008 4165 prte-

411 4189 551 4258 cipit
590 4188 850 4245 Dominus
876 4230 890 4253 ,
932 4206 1054 4245 cum
1108 4192 1574 4247 scandalizantem
1614 4191 1829 4247 oculum
1865 4192 2005 4256 erui,

415 4293 544 4335 cum
572 4294 791 4333 manum
835 4279 917 4334 vel
942 4281 1303 4352 pedemjubet
1330 4282 1608 4336 abseindi?
1631 4299 1649 4332 ι
1686 4280 1875 4336 Melius
1896 4291 2004 4346 est,

416 4369 617 4441 inquit,
642 4386 765 4425 cum
795 4386 901 4425 uno
928 4370 1104 4434 oculo,
1132 4371 1215 4425 vel
1238 4371 1469 4427 debilem
1493 4372 1558 4426 ad
1580 4372 1745 4425 vitam
1775 4371 2005 4441 ingredi,

415 4476 580 4533 quam
613 4461 748 4515 duos
774 4460 991 4524 oculos,
1041 4460 1206 4531 pedes
1249 4476 1315 4515 ac
1366 4477 1558 4515 manus
1616 4463 1905 4517 habentem
1948 4462 2002 4517 in

414 4550 628 4607 inferna
657 4550 895 4619 demergi
912 4550 1323 4622 (Matthavuqa
1342 4550 1382 4607 li
1394 4550 1553 4621 plane
1575 4559 1702 4606 sunt
1717 4566 1872 4622 reges
1895 4551 2005 4607 Ma-

417 4642 778 4712 dianitarum;
807 4644 1020 4700 Madian
1048 4655 1227 4701 autem
1261 4647 1650 4718 interpretatur
1677 4649 1742 4700 de
1770 4647 2004 4718 judicio.

418 4734 742 4807 Quicunque
780 4738 928 4793 enim
984 4753 1139 4810 reges
1186 4738 1380 4809 spiritu
1434 4756 1540 4796 non
1590 4752 1871 4811 reguntur,
1911 4738 2007 4794 sed

420 4825 673 4882 sensibus
723 4829 910 4884 carnis
960 4829 1260 4895 obediunt,
1303 4847 1410 4886 non
1460 4831 1528 4885 ad
1570 4828 2005 4889 misericordiam

424 4919 521 4975 scd
547 4919 615 4974 ad
631 4917 896 4988 judicium
926 4935 984 4975 sc
1009 4922 1282 4993 pertinere
1304 4933 1589 4987 testantur,
1622 4924 1764 4979 sicut
1782 4923 1848 4978 de
1870 4938 2007 4992 quo-

426 5008 560 5066 libet
582 5011 855 5067 incredulo
884 5012 1083 5067 dicitur
1110 5030 1122 5066 :
1162 5031 1180 5064 ‹
1213 5013 1313 5080 Qui
1338 5023 1518 5069 autem
1542 5030 1649 5070 non
1677 5015 1874 5079 credit,
1893 5012 2008 5082 jam

419 5102 696 5176 judicatus
724 5113 807 5159 est
830 5102 1011 5176 (Joan.
1041 5108 1147 5180 ιιι).
1188 5125 1205 5159 ι
1239 5108 1309 5161 At
1338 5115 1527 5162 contra
1551 5107 1617 5163 de
1639 5122 1704 5163 eo
1744 5108 1836 5177 qui
1885 5122 2012 5162 vcr-

425 5196 555 5255 bum
577 5199 877 5255 Salvatoris
914 5202 1085 5269 audit,
1135 5203 1369 5258 dicitur:
1413 5224 1430 5256 ‹
1466 5203 1603 5269 Quia
1653 5204 1705 5258 in
1749 5204 2011 5274 judicium

427 5310 537 5348 non
562 5294 729 5359 venit,
763 5294 856 5349 sed
893 5296 1169 5351 transitde
1208 5306 1382 5352 morte
1410 5297 1462 5351 in
1495 5298 1659 5352 vitam
1690 5299 1873 5369 (Joan.
1900 5298 2007 5369 \').)

426 5385 559 5441 Illud
595 5387 775 5455 potius
799 5386 1089 5456 unicuique
1112 5388 1434 5443 studendum
1463 5397 1550 5444 est
1578 5397 1637 5443 ut
1675 5406 1733 5445 se
1758 5391 1809 5444 iu
1836 5390 2015 5461 operi—

431 5475 530 5529 bus
554 5476 761 5532 sanctis
796 5486 1067 5539 exerceat,
1099 5487 1295 5532 utsese
1318 5478 1369 5531 in
1421 5478 1673 5533 omnibus
1726 5479 2015 5549 purifieare

427 5582 495 5621 ac
524 5567 868 5623 sanctiﬁcare
909 5569 1220 5623 contendat.
1274 5568 1385 5625 lloc
1413 5572 1784 5626 tantummodo
1811 5582 2013 5627 semct-

434 5659 611 5727 ipsum
646 5658 994 5729 insuggillu'e
1035 5671 1091 5714 ct
1126 5660 1423 5729 diiudicare
1455 5678 1560 5715 non
1599 5662 1830 5717 desinat.
1881 5661 2011 5715 Nam

432 5747 525 5816 qui
584 5750 931 5819 semetipsum
982 5751 1219 5820 perfecte
1265 5753 1520 5824 diiudicat
1551 5794 1563 5817 ,
1603 5753 1863 5823 judicium
1908 5769 2011 5809 non

2106 3464 2443 3520 hatreditatis
2471 3464 2571 3520 fuit
2601 3465 2691 3521 ubi
2723 3464 2915 3522 Ruben
2939 3475 2995 3521 et
3022 3465 3163 3533 Gad,
3190 3475 3245 3523 et
3271 3467 3495 3523 dimidia
3518 3468 3691 3524 tribus

2104 3553 2372 3621 Manasse,
2402 3555 2675 3627 accipiunt
2707 3566 2910 3611 terram
2933 3555 3138 3614 Gaiand
3186 3557 3240 3614 in
3271 3560 3691 3628 possessionem.

2105 3650 2277 3707 Porro
2303 3660 2506 3717 autem,
2531 3651 2673 3707 sicut
2696 3650 2770 3706 iiii
2792 3652 3156 3707 ascenderunt
3194 3666 3291 3723 per
3323 3654 3690 3724 quadraginta

2107 3742 2243 3799 duas
2264 3743 2597 3811 mansiones,
2643 3743 2716 3798 ita
2753 3742 3006 3798 Salvator
3044 3753 3227 3799 noster
3282 3744 3336 3798 in
3391 3743 3691 3815 Egyptum

2107 3833 2294 3890 mundi
2322 3835 2482 3906 hujus
2502 3836 2785 3892 descendit
2809 3851 2906 3907 per
2932 3836 3153 3891 totidem
3204 3845 3409 3900 partes.
3462 3835 3615 3905 Quod
3643 3836 3691 3892 si

2100 3929 2216 4002 jam
2242 3929 2591 4002 intelligimus
2611 3942 2875 4002 quantum
2915 3932 3242 3989 sacramenti
3288 3950 3549 3989 numerus
3593 3935 3694 3988 iste

2108 4024 2409 4089 contineat.
2450 4024 2703 4080 humana:
2755 4023 2966 4081 scilicet
3012 4025 3348 4081 ascensionis
3390 4037 3447 4082 et
3499 4024 3701 4080 dirimi!

2108 4114 2505 4180 dcscensionis,
2531 4113 2856 4185 incipiamus
2884 4114 2997 4184 jam
3022 4129 3119 4183 per
3142 4129 3204 4169 ea
3252 4114 3699 4183 quat-descendit

2108 4204 2358 4261 Christus
2374 4206 2691 4271 ascendere,
2713 4205 3005 4276 etprimam
3028 4220 3147 4260 cam
3171 4205 3327 4260 nobis
3339 4205 3697 4271 mansionem,

2110 4313 2276 4368 quam
2301 4298 2414 4369 ipse
2467 4297 2821 4353 novissimam
2871 4296 3084 4361 habuit,
3125 4295 3418 4353 :ediiieare.
3476 4296 3533 4352 Si
3576 4296 3702 4366 quis

2110 4392 2256 4447 enim
2279 4393 2347 4446 ad
2369 4406 2469 4446 nos
2490 4405 2586 4461 per
2605 4378 2720 4445 loca
2739 4387 2992 4460 quaelibet
3019 4387 3224 4453 veniat,
3252 4396 3309 4442 ut
3337 4402 3460 4442 mox
3485 4386 3699 4442 rediens

2110 4499 2209 4553 per
2234 4482 2351 4537 loca
2377 4497 2473 4537 nos
2498 4482 2687 4537 eadem
2713 4481 2876 4536 ducat
2900 4480 2993 4536 ubi
3038 4479 3239 4536 desiuit
3281 4479 3392 4547 ille,
3441 4495 3541 4535 nos
3597 4480 3705 4534 iter

2110 4571 2427 4642 incipimus;
2450 4575 2505 4626 et
2533 4570 2624 4627 ubi
2658 4568 2747 4627 ille
2776 4579 3039 4641 crepet-at,
3078 4585 3179 4625 nos
3233 4569 3469 4624 (iniurius.
3519 4568 3704 4624 Prima

2110 4664 2319 4721 scilicet
2347 4663 2627 4735 generatio
2650 4662 2855 4720 Christi
2878 4663 3046 4733 erepit
3070 4662 3139 4717 ab
3168 4662 3479 4727 Abraham;
3509 4659 3701 4715 ultima

2112 4771 2242 4813 vero
2274 4756 2422 4812 velut
2442 4764 2715 4826 postrema
2739 4755 2949 4810 mansio
2972 4755 3284 4809 terminavit
3311 4754 3366 4809 in
3397 4753 3701 4823 Virginem.

2111 4848 2180 4903 Et
2207 4848 2463 4918 quoniam
2494 4847 2768 4902 Abraham
2799 4847 3188 4916 interpretatur
3237 4856 3390 4915 pater
3439 4844 3704 4909 excelsus,

2114 4956 2213 4995 nos
2242 4941 2342 4995 hoc
2381 4940 2485 4995 iter
2535 4939 2825 5010 incipimus
2865 4955 2895 4995 a
2930 4939 3171 5011 Virginis
3208 4948 3390 5008 partu,
3449 4946 3527 5003 ut,
3582 4952 3695 5007 per-

2117 5039 2377 5101 agrantes
2394 5031 2678 5099 sequentia
2700 5030 2956 5100 deinceps
2969 5030 3311 5085 mansionum
3326 5030 3463 5094 loca,
3488 5037 3709 5099 postre-

2115 5138 2206 5178 mo
2244 5122 2313 5177 ad
2362 5122 2551 5188 Deum,
2576 5121 2791 5177 Patrem
2820 5121 3077 5178 videlicet
3112 5122 3494 5193 perveniamus
3528 5122 3714 5178 excel-

2116 5227 2259 5268 sum.
2288 5210 2483 5266 Partus
2506 5226 2636 5281 ergo
2673 5212 2909 5282 Virginis
2965 5210 3127 5275 nobis
3171 5212 3509 5283 exASgypto
3557 5213 3714 5267 exire

2116 5303 2424 5360 volentibus
2455 5304 2509 5360 in
2533 5304 2725 5374 primis
2743 5305 3007 5369 occurrit,
3028 5321 3175 5370 eum,
3202 5305 3438 5361 Verbum
3472 5305 3566 5359 Dei
3588 5322 3718 5360 car-

2097 5410 2245 5451 .nem
2276 5394 2476 5450 factum
2513 5395 2567 5450 in
2593 5396 2740 5451 hunc
2760 5396 3019 5451 mundum
3049 5398 3263 5453 venisse
3283 5397 3595 5461 credentes,
3628 5412 3720 5450 re-

2118 5484 2261 5541 lictis
2289 5485 2544 5540 omnibus
2568 5485 2789 5542 caducis
2812 5494 2868 5541 et
2893 5487 3242 5553 transitoriis,
3292 5487 3345 5542 iu
3370 5487 3464 5541 illo
3486 5487 3606 5542 loco
3629 5501 3723 5540 re-

2119 5576 2471 5646 quiescimus,
2504 5576 2557 5630 in
2597 5575 2688 5632 illo
2728 5586 2926 5632 nostra:
2984 5578 3185 5649 quietis
3220 5586 3278 5633 et
3316 5579 3432 5648 spei
3494 5578 3715 5633 habita-

2119 5667 2296 5721 culum
2317 5667 2665 5723 collocamus.
2692 5668 2821 5724 Post
2864 5672 2980 5725 iure
3000 5669 3114 5739 jam
3144 5670 3188 5725 si
3226 5670 3511 5741 perlicere,
3542 5678 3597 5723 et
3642 5672 3716 5724 ad

2122 5756 2358 5827 singulos
2396 5772 2637 5829 quosque
2675 5758 2793 5815 fidei
2820 5769 2872 5816 ct
2896 5751 3384 5832 virtuttnn'gradus
3412 5760 3714 5817 ascendere
