  <div class='ocr_page' id='page_1' title='image "/cluster/home/n/w/nwhite01/storage/ocr_20150623/145/hvd.32044048207542/534.png"; bbox 0 0 4028 6168; ppageno 0'>
   <div class='ocr_carea' id='block_1_1' title="bbox 413 350 594 407">
    <p class='ocr_par' dir='ltr' id='par_1_1' title="bbox 413 350 594 407">
     <span class='ocr_line' id='line_1_1' title="bbox 413 350 594 407; baseline -0.006 0"><span class='ocrx_word' id='word_1_1' title='bbox 413 352 551 407; x_wconf 66' lang='grc'><strong>1053</strong></span> <span class='ocrx_word' id='word_1_2' title='bbox 590 350 594 355; x_wconf 77' lang='grc'><strong>’</strong></span> 
     </span>
    </p>
   </div>
   <div class='ocr_carea' id='block_1_2' title="bbox 1680 333 2449 394">
    <p class='ocr_par' dir='ltr' id='par_1_2' title="bbox 1680 333 2449 394">
     <span class='ocr_line' id='line_1_2' title="bbox 1680 333 2449 394; baseline -0.007 0"><span class='ocrx_word' id='word_1_3' title='bbox 1680 336 1745 394; x_wconf 74' lang='lat' dir='ltr'><strong>IN</strong></span> <span class='ocrx_word' id='word_1_4' title='bbox 1788 335 2045 392; x_wconf 65' lang='lat' dir='ltr'><strong>[annua</strong></span> <span class='ocrx_word' id='word_1_5' title='bbox 2083 333 2372 392; x_wconf 75' lang='lat' dir='ltr'><strong>NUMERI.</strong></span> 
     </span>
    </p>
   </div>
   <div class='ocr_carea' id='block_1_3' title="bbox 3536 328 3676 384">
    <p class='ocr_par' dir='ltr' id='par_1_3' title="bbox 3536 328 3676 384">
     <span class='ocr_line' id='line_1_3' title="bbox 3536 328 3676 384; baseline 0.007 -1"><span class='ocrx_word' id='word_1_6' title='bbox 3536 328 3676 384; x_wconf 65' lang='lat' dir='ltr'><strong>10M</strong></span> 
     </span>
    </p>
   </div>
   <div class='ocr_carea' id='block_1_4' title="bbox 409 442 3677 527">
    <p class='ocr_par' dir='ltr' id='par_1_4' title="bbox 409 442 3677 527">
     <span class='ocr_line' id='line_1_4' title="bbox 409 442 3677 527; baseline -0.009 -5"><span class='ocrx_word' id='word_1_7' title='bbox 409 467 652 527; x_wconf 86' lang='lat' dir='ltr'><strong>nitimur,</strong></span> <span class='ocrx_word' id='word_1_8' title='bbox 687 461 871 517; x_wconf 71' lang='lat' dir='ltr'><strong>tandiu</strong></span> <span class='ocrx_word' id='word_1_9' title='bbox 916 457 1175 515; x_wconf 89' lang='lat' dir='ltr'><strong>debemus</strong></span> <span class='ocrx_word' id='word_1_10' title='bbox 1203 454 1502 516; x_wconf 84' lang='lat' dir='ltr'><strong>immorari,</strong></span> <span class='ocrx_word' id='word_1_11' title='bbox 1553 453 1723 509; x_wconf 86' lang='lat' dir='ltr'><strong>donec</strong></span> <span class='ocrx_word' id='word_1_12' title='bbox 1776 451 1988 504; x_wconf 87' lang='lat' dir='ltr'><strong>valeant</strong></span> <span class='ocrx_word' id='word_1_13' title='bbox 2020 451 2067 509; x_wconf 81' lang='grc' dir='ltr'><strong>Α</strong></span> <span class='ocrx_word' id='word_1_14' title='bbox 2094 446 2371 502; x_wconf 85' lang='lat' dir='ltr'><strong>Phiairnth</strong></span> <span class='ocrx_word' id='word_1_15' title='bbox 2406 445 2751 517; x_wconf 87' lang='lat' dir='ltr'><strong>interpretari</strong></span> <span class='ocrx_word' id='word_1_16' title='bbox 2783 444 2980 499; x_wconf 87' lang='lat' dir='ltr'><strong>dicitur</strong></span> <span class='ocrx_word' id='word_1_17' title='bbox 3009 460 3064 497; x_wconf 75' lang='lat' dir='ltr'><strong>os</strong></span> <span class='ocrx_word' id='word_1_18' title='bbox 3103 442 3374 505; x_wconf 83' lang='lat' dir='ltr'><strong>nobilium,</strong></span> <span class='ocrx_word' id='word_1_19' title='bbox 3408 456 3504 511; x_wconf 88' lang='lat' dir='ltr'><strong>per</strong></span> <span class='ocrx_word' id='word_1_20' title='bbox 3534 442 3677 512; x_wconf 86' lang='lat' dir='ltr'><strong>quod</strong></span> 
     </span>
    </p>
   </div>
   <div class='ocr_carea' id='block_1_5' title="bbox 411 538 1989 609">
    <p class='ocr_par' dir='ltr' id='par_1_5' title="bbox 411 538 1989 609">
     <span class='ocr_line' id='line_1_5' title="bbox 411 538 1989 609; baseline -0.011 0"><span class='ocrx_word' id='word_1_21' title='bbox 411 556 641 609; x_wconf 86' lang='lat' dir='ltr'><strong>virtutes</strong></span> <span class='ocrx_word' id='word_1_22' title='bbox 692 551 745 606; x_wconf 87' lang='lat' dir='ltr'><strong>in</strong></span> <span class='ocrx_word' id='word_1_23' title='bbox 773 546 1222 604; x_wconf 89' lang='lat' dir='ltr'><strong>consuetudinem</strong></span> <span class='ocrx_word' id='word_1_24' title='bbox 1261 545 1427 600; x_wconf 88' lang='lat' dir='ltr'><strong>verti.</strong></span> <span class='ocrx_word' id='word_1_25' title='bbox 1454 543 1518 597; x_wconf 83' lang='lat' dir='ltr'><strong>Et</strong></span> <span class='ocrx_word' id='word_1_26' title='bbox 1545 552 1674 597; x_wconf 88' lang='lat' dir='ltr'><strong>tunc</strong></span> <span class='ocrx_word' id='word_1_27' title='bbox 1700 554 1805 595; x_wconf 91' lang='lat' dir='ltr'><strong>non</strong></span> <span class='ocrx_word' id='word_1_28' title='bbox 1834 538 1989 609; x_wconf 85' lang='lat' dir='ltr'><strong>quasi</strong></span> 
     </span>
    </p>
   </div>
   <div class='ocr_carea' id='block_1_6' title="bbox 412 633 1986 711">
    <p class='ocr_par' dir='ltr' id='par_1_6' title="bbox 412 633 1986 711">
     <span class='ocr_line' id='line_1_6' title="bbox 412 633 1986 711; baseline -0.012 -10"><span class='ocrx_word' id='word_1_29' title='bbox 412 656 787 701; x_wconf 91' lang='lat' dir='ltr'><strong>transcurrere</strong></span> <span class='ocrx_word' id='word_1_30' title='bbox 813 639 1109 711; x_wconf 88' lang='lat' dir='ltr'><strong>spiritualis</strong></span> <span class='ocrx_word' id='word_1_31' title='bbox 1152 639 1280 693; x_wconf 80' lang='lat' dir='ltr'><strong>vita:</strong></span> <span class='ocrx_word' id='word_1_32' title='bbox 1334 637 1548 692; x_wconf 91' lang='lat' dir='ltr'><strong>deserta</strong></span> <span class='ocrx_word' id='word_1_33' title='bbox 1596 633 1986 701; x_wconf 89' lang='lat' dir='ltr'><strong>conspicimur,</strong></span> 
     </span>
    </p>
   </div>
   <div class='ocr_carea' id='block_1_7' title="bbox 408 720 1991 795">
    <p class='ocr_par' dir='ltr' id='par_1_7' title="bbox 408 720 1991 795">
     <span class='ocr_line' id='line_1_7' title="bbox 408 720 1991 795; baseline -0.011 -2"><span class='ocrx_word' id='word_1_34' title='bbox 408 736 503 793; x_wconf 81' lang='lat' dir='ltr'><strong>sed</strong></span> <span class='ocrx_word' id='word_1_35' title='bbox 526 734 832 789; x_wconf 82' lang='lat' dir='ltr'><strong>mansiones</strong></span> <span class='ocrx_word' id='word_1_36' title='bbox 858 732 1059 795; x_wconf 89' lang='lat' dir='ltr'><strong>facere,</strong></span> <span class='ocrx_word' id='word_1_37' title='bbox 1078 729 1165 784; x_wconf 90' lang='lat' dir='ltr'><strong>vel</strong></span> <span class='ocrx_word' id='word_1_38' title='bbox 1185 729 1347 783; x_wconf 88' lang='lat' dir='ltr'><strong>etiam</strong></span> <span class='ocrx_word' id='word_1_39' title='bbox 1372 725 1619 781; x_wconf 90' lang='lat' dir='ltr'><strong>habitare</strong></span> <span class='ocrx_word' id='word_1_40' title='bbox 1648 724 1701 789; x_wconf 88' lang='lat' dir='ltr'><strong>in</strong></span> <span class='ocrx_word' id='word_1_41' title='bbox 1733 722 1865 791; x_wconf 90' lang='lat' dir='ltr'><strong>ipsis</strong></span> <span class='ocrx_word' id='word_1_42' title='bbox 1890 720 1991 775; x_wconf 86' lang='lat' dir='ltr'><strong>vir-</strong></span> 
     </span>
    </p>
   </div>
   <div class='ocr_carea' id='block_1_8' title="bbox 411 818 1993 895">
    <p class='ocr_par' dir='ltr' id='par_1_8' title="bbox 411 818 1993 895">
     <span class='ocr_line' id='line_1_8' title="bbox 411 818 1993 895; baseline -0.009 -13"><span class='ocrx_word' id='word_1_43' title='bbox 411 837 584 882; x_wconf 89' lang='lat' dir='ltr'><strong>tutum</strong></span> <span class='ocrx_word' id='word_1_44' title='bbox 615 824 946 895; x_wconf 74' lang='lat' dir='ltr'><strong>profectibus</strong></span> <span class='ocrx_word' id='word_1_45' title='bbox 968 822 1294 890; x_wconf 76' lang='lat' dir='ltr'><strong>iudicamur.</strong></span> <span class='ocrx_word' id='word_1_46' title='bbox 1326 818 1460 875; x_wconf 85' lang='lat' dir='ltr'><strong>Nam</strong></span> <span class='ocrx_word' id='word_1_47' title='bbox 1484 818 1577 887; x_wconf 86' lang='lat' dir='ltr'><strong>qui</strong></span> <span class='ocrx_word' id='word_1_48' title='bbox 1627 819 1830 872; x_wconf 89' lang='lat' dir='ltr'><strong>bonum</strong></span> <span class='ocrx_word' id='word_1_49' title='bbox 1855 828 1993 884; x_wconf 87' lang='lat' dir='ltr'><strong>epus</strong></span> 
     </span>
    </p>
   </div>
   <div class='ocr_carea' id='block_1_9' title="bbox 410 907 1993 985">
    <p class='ocr_par' dir='ltr' id='par_1_9' title="bbox 410 907 1993 985">
     <span class='ocr_line' id='line_1_9' title="bbox 410 907 1993 985; baseline -0.005 -16"><span class='ocrx_word' id='word_1_50' title='bbox 410 931 516 970; x_wconf 91' lang='lat' dir='ltr'><strong>non</strong></span> <span class='ocrx_word' id='word_1_51' title='bbox 553 922 999 985; x_wconf 85' lang='lat' dir='ltr'><strong>perseveraturus</strong></span> <span class='ocrx_word' id='word_1_52' title='bbox 1027 912 1234 981; x_wconf 81' lang='lat' dir='ltr'><strong>incipit,</strong></span> <span class='ocrx_word' id='word_1_53' title='bbox 1266 910 1419 980; x_wconf 89' lang='lat' dir='ltr'><strong>quasi</strong></span> <span class='ocrx_word' id='word_1_54' title='bbox 1448 911 1593 964; x_wconf 88' lang='lat' dir='ltr'><strong>viam</strong></span> <span class='ocrx_word' id='word_1_55' title='bbox 1646 907 1993 979; x_wconf 89' lang='lat' dir='ltr'><strong>properando</strong></span> 
     </span>
    </p>
   </div>
   <div class='ocr_carea' id='block_1_10' title="bbox 410 1002 1995 1077">
    <p class='ocr_par' dir='ltr' id='par_1_10' title="bbox 410 1002 1995 1077">
     <span class='ocr_line' id='line_1_10' title="bbox 410 1002 1995 1077; baseline -0.004 -15"><span class='ocrx_word' id='word_1_56' title='bbox 410 1008 769 1074; x_wconf 79' lang='lat' dir='ltr'><strong>transcurrit;</strong></span> <span class='ocrx_word' id='word_1_57' title='bbox 812 1007 903 1077; x_wconf 90' lang='lat' dir='ltr'><strong>qui</strong></span> <span class='ocrx_word' id='word_1_58' title='bbox 939 1020 1067 1061; x_wconf 89' lang='lat' dir='ltr'><strong>vero</strong></span> <span class='ocrx_word' id='word_1_59' title='bbox 1116 1006 1168 1060; x_wconf 91' lang='lat' dir='ltr'><strong>in</strong></span> <span class='ocrx_word' id='word_1_60' title='bbox 1199 1022 1264 1061; x_wconf 90' lang='lat' dir='ltr'><strong>ea</strong></span> <span class='ocrx_word' id='word_1_61' title='bbox 1319 1020 1481 1075; x_wconf 90' lang='lat' dir='ltr'><strong>quam</strong></span> <span class='ocrx_word' id='word_1_62' title='bbox 1531 1004 1701 1059; x_wconf 80' lang='lat' dir='ltr'><strong>semel</strong></span> <span class='ocrx_word' id='word_1_63' title='bbox 1754 1002 1995 1072; x_wconf 85' lang='lat' dir='ltr'><strong>arripuit</strong></span> 
     </span>
    </p>
   </div>
   <div class='ocr_carea' id='block_1_11' title="bbox 411 1096 1995 1171">
    <p class='ocr_par' dir='ltr' id='par_1_11' title="bbox 411 1096 1995 1171">
     <span class='ocr_line' id='line_1_11' title="bbox 411 1096 1995 1171; baseline -0.004 -18"><span class='ocrx_word' id='word_1_64' title='bbox 411 1108 695 1171; x_wconf 82' lang='lat' dir='ltr'><strong>permanet</strong></span> <span class='ocrx_word' id='word_1_65' title='bbox 717 1100 1029 1162; x_wconf 88' lang='lat' dir='ltr'><strong>sanctitate,</strong></span> <span class='ocrx_word' id='word_1_66' title='bbox 1056 1099 1129 1154; x_wconf 89' lang='lat' dir='ltr'><strong>ibi</strong></span> <span class='ocrx_word' id='word_1_67' title='bbox 1157 1097 1556 1168; x_wconf 88' lang='lat' dir='ltr'><strong>quodammodo</strong></span> <span class='ocrx_word' id='word_1_68' title='bbox 1583 1096 1818 1151; x_wconf 59' lang='lat' dir='ltr'><strong>aedificat</strong></span> <span class='ocrx_word' id='word_1_69' title='bbox 1842 1110 1995 1150; x_wconf 85' lang='lat' dir='ltr'><strong>man-</strong></span> 
     </span>
    </p>
   </div>
   <div class='ocr_carea' id='block_1_12' title="bbox 410 1188 1990 1259">
    <p class='ocr_par' dir='ltr' id='par_1_12' title="bbox 410 1188 1990 1259">
     <span class='ocr_line' id='line_1_12' title="bbox 410 1188 1990 1259; baseline -0.004 -14"><span class='ocrx_word' id='word_1_70' title='bbox 410 1189 639 1245; x_wconf 84' lang='lat' dir='ltr'><strong>sionem.</strong></span> <span class='ocrx_word' id='word_1_71' title='bbox 673 1189 739 1244; x_wconf 83' lang='lat' dir='ltr'><strong>Et</strong></span> <span class='ocrx_word' id='word_1_72' title='bbox 770 1190 1065 1243; x_wconf 88' lang='lat' dir='ltr'><strong>notandum</strong></span> <span class='ocrx_word' id='word_1_73' title='bbox 1086 1190 1237 1259; x_wconf 90' lang='lat' dir='ltr'><strong>quia,</strong></span> <span class='ocrx_word' id='word_1_74' title='bbox 1261 1205 1385 1244; x_wconf 87' lang='lat' dir='ltr'><strong>cum</strong></span> <span class='ocrx_word' id='word_1_75' title='bbox 1416 1188 1495 1243; x_wconf 91' lang='lat' dir='ltr'><strong>ire</strong></span> <span class='ocrx_word' id='word_1_76' title='bbox 1518 1198 1574 1241; x_wconf 88' lang='lat' dir='ltr'><strong>et</strong></span> <span class='ocrx_word' id='word_1_77' title='bbox 1606 1202 1846 1249; x_wconf 91' lang='lat' dir='ltr'><strong>manere,</strong></span> <span class='ocrx_word' id='word_1_78' title='bbox 1905 1200 1990 1251; x_wconf 89' lang='lat' dir='ltr'><strong>ac,</strong></span> 
     </span>
    </p>
   </div>
   <div class='ocr_carea' id='block_1_13' title="bbox 409 1278 1994 1349">
    <p class='ocr_par' dir='ltr' id='par_1_13' title="bbox 409 1278 1994 1349">
     <span class='ocr_line' id='line_1_13' title="bbox 409 1278 1994 1349; baseline -0.001 -16"><span class='ocrx_word' id='word_1_79' title='bbox 409 1294 506 1349; x_wconf 89' lang='lat' dir='ltr'><strong>per</strong></span> <span class='ocrx_word' id='word_1_80' title='bbox 527 1281 650 1346; x_wconf 88' lang='lat' dir='ltr'><strong>hoc,</strong></span> <span class='ocrx_word' id='word_1_81' title='bbox 674 1280 776 1334; x_wconf 89' lang='lat' dir='ltr'><strong>iter</strong></span> <span class='ocrx_word' id='word_1_82' title='bbox 800 1289 854 1334; x_wconf 90' lang='lat' dir='ltr'><strong>et</strong></span> <span class='ocrx_word' id='word_1_83' title='bbox 880 1279 1090 1335; x_wconf 84' lang='lat' dir='ltr'><strong>mansio</strong></span> <span class='ocrx_word' id='word_1_84' title='bbox 1112 1294 1221 1335; x_wconf 64' lang='lat' dir='ltr'><strong>a~se</strong></span> <span class='ocrx_word' id='word_1_85' title='bbox 1243 1280 1352 1334; x_wconf 91' lang='lat' dir='ltr'><strong>sint</strong></span> <span class='ocrx_word' id='word_1_86' title='bbox 1378 1278 1595 1349; x_wconf 87' lang='lat' dir='ltr'><strong>penitus</strong></span> <span class='ocrx_word' id='word_1_87' title='bbox 1625 1278 1862 1342; x_wconf 86' lang='lat' dir='ltr'><strong>dissona,</strong></span> <span class='ocrx_word' id='word_1_88' title='bbox 1893 1292 1994 1331; x_wconf 88' lang='lat' dir='ltr'><strong>nec</strong></span> 
     </span>
    </p>
   </div>
   <div class='ocr_carea' id='block_1_14' title="bbox 407 1368 1995 1439">
    <p class='ocr_par' dir='ltr' id='par_1_14' title="bbox 407 1368 1995 1439">
     <span class='ocr_line' id='line_1_14' title="bbox 407 1368 1995 1439; baseline -0.003 -12"><span class='ocrx_word' id='word_1_89' title='bbox 407 1369 626 1427; x_wconf 80' lang='lat' dir='ltr'><strong>sibimet</strong></span> <span class='ocrx_word' id='word_1_90' title='bbox 646 1372 877 1426; x_wconf 88' lang='lat' dir='ltr'><strong>invicem</strong></span> <span class='ocrx_word' id='word_1_91' title='bbox 917 1380 1238 1438; x_wconf 80' lang='lat' dir='ltr'><strong>congruant,</strong></span> <span class='ocrx_word' id='word_1_92' title='bbox 1288 1378 1580 1439; x_wconf 88' lang='lat' dir='ltr'><strong>utrumque</strong></span> <span class='ocrx_word' id='word_1_93' title='bbox 1610 1378 1789 1425; x_wconf 89' lang='lat' dir='ltr'><strong>tamen</strong></span> <span class='ocrx_word' id='word_1_94' title='bbox 1825 1368 1879 1423; x_wconf 91' lang='lat' dir='ltr'><strong>in</strong></span> <span class='ocrx_word' id='word_1_95' title='bbox 1905 1368 1995 1423; x_wconf 94' lang='lat' dir='ltr'><strong>illo</strong></span> 
     </span>
    </p>
   </div>
   <div class='ocr_carea' id='block_1_15' title="bbox 408 1459 1993 1532">
    <p class='ocr_par' dir='ltr' id='par_1_15' title="bbox 408 1459 1993 1532">
     <span class='ocr_line' id='line_1_15' title="bbox 408 1459 1993 1532; baseline -0.004 -15"><span class='ocrx_word' id='word_1_96' title='bbox 408 1459 709 1517; x_wconf 80' lang='lat' dir='ltr'><strong>Israelitico</strong></span> <span class='ocrx_word' id='word_1_97' title='bbox 729 1462 1013 1532; x_wconf 90' lang='lat' dir='ltr'><strong>procinctu</strong></span> <span class='ocrx_word' id='word_1_98' title='bbox 1030 1459 1349 1517; x_wconf 83' lang='lat' dir='ltr'><strong>convenisse</strong></span> <span class='ocrx_word' id='word_1_99' title='bbox 1371 1461 1653 1529; x_wconf 83' lang='lat' dir='ltr'><strong>Scriptura</strong></span> <span class='ocrx_word' id='word_1_100' title='bbox 1684 1459 1993 1523; x_wconf 78' lang='lat' dir='ltr'><strong>conﬁrmat,</strong></span> 
     </span>
    </p>
   </div>
   <div class='ocr_carea' id='block_1_16' title="bbox 409 1551 1988 1624">
    <p class='ocr_par' dir='ltr' id='par_1_16' title="bbox 409 1551 1988 1624">
     <span class='ocr_line' id='line_1_16' title="bbox 409 1551 1988 1624; baseline -0.001 -15"><span class='ocrx_word' id='word_1_101' title='bbox 409 1562 468 1609; x_wconf 91' lang='lat' dir='ltr'><strong>ut</strong></span> <span class='ocrx_word' id='word_1_102' title='bbox 491 1553 565 1608; x_wconf 92' lang='lat' dir='ltr'><strong>illi</strong></span> <span class='ocrx_word' id='word_1_103' title='bbox 592 1569 690 1624; x_wconf 89' lang='lat' dir='ltr'><strong>per</strong></span> <span class='ocrx_word' id='word_1_104' title='bbox 710 1554 986 1609; x_wconf 90' lang='lat' dir='ltr'><strong>desertum</strong></span> <span class='ocrx_word' id='word_1_105' title='bbox 1017 1564 1073 1609; x_wconf 90' lang='lat' dir='ltr'><strong>et</strong></span> <span class='ocrx_word' id='word_1_106' title='bbox 1102 1555 1205 1607; x_wconf 83' lang='lat' dir='ltr'><strong>iter</strong></span> <span class='ocrx_word' id='word_1_107' title='bbox 1235 1553 1489 1608; x_wconf 85' lang='lat' dir='ltr'><strong>habuisse</strong></span> <span class='ocrx_word' id='word_1_108' title='bbox 1515 1552 1788 1615; x_wconf 88' lang='lat' dir='ltr'><strong>dicantur,</strong></span> <span class='ocrx_word' id='word_1_109' title='bbox 1835 1551 1988 1623; x_wconf 59' lang='grc' dir='ltr'><strong>ιιι</strong></span> 
     </span>
    </p>
   </div>
   <div class='ocr_carea' id='block_1_17' title="bbox 407 1644 1995 1714">
    <p class='ocr_par' dir='ltr' id='par_1_17' title="bbox 407 1644 1995 1714">
     <span class='ocr_line' id='line_1_17' title="bbox 407 1644 1995 1714; baseline 0 -17"><span class='ocrx_word' id='word_1_110' title='bbox 407 1652 465 1698; x_wconf 90' lang='lat' dir='ltr'><strong>et</strong></span> <span class='ocrx_word' id='word_1_111' title='bbox 494 1645 802 1699; x_wconf 91' lang='lat' dir='ltr'><strong>mansiones</strong></span> <span class='ocrx_word' id='word_1_112' title='bbox 826 1660 841 1710; x_wconf 90' lang='lat'><strong>;</strong></span> <span class='ocrx_word' id='word_1_113' title='bbox 871 1644 996 1714; x_wconf 88' lang='lat' dir='ltr'><strong>quia</strong></span> <span class='ocrx_word' id='word_1_114' title='bbox 1027 1644 1284 1698; x_wconf 89' lang='lat' dir='ltr'><strong>nimirum</strong></span> <span class='ocrx_word' id='word_1_115' title='bbox 1307 1658 1427 1708; x_wconf 88' lang='lat' dir='ltr'><strong>nos,</strong></span> <span class='ocrx_word' id='word_1_116' title='bbox 1459 1644 1552 1714; x_wconf 87' lang='lat' dir='ltr'><strong>qui</strong></span> <span class='ocrx_word' id='word_1_117' title='bbox 1578 1653 1779 1698; x_wconf 88' lang='lat' dir='ltr'><strong>terram</strong></span> <span class='ocrx_word' id='word_1_118' title='bbox 1806 1645 1995 1698; x_wconf 82' lang='lat' dir='ltr'><strong>viven-</strong></span> 
     </span>
    </p>
   </div>
   <div class='ocr_carea' id='block_1_18' title="bbox 410 1734 1992 1804">
    <p class='ocr_par' dir='ltr' id='par_1_18' title="bbox 410 1734 1992 1804">
     <span class='ocr_line' id='line_1_18' title="bbox 410 1734 1992 1804; baseline 0 -15"><span class='ocrx_word' id='word_1_119' title='bbox 410 1734 544 1789; x_wconf 88' lang='lat' dir='ltr'><strong>tium</strong></span> <span class='ocrx_word' id='word_1_120' title='bbox 578 1735 780 1790; x_wconf 90' lang='lat' dir='ltr'><strong>intrare</strong></span> <span class='ocrx_word' id='word_1_121' title='bbox 803 1736 1200 1802; x_wconf 85' lang='lat' dir='ltr'><strong>contendimus,</strong></span> <span class='ocrx_word' id='word_1_122' title='bbox 1248 1743 1305 1789; x_wconf 92' lang='lat' dir='ltr'><strong>et</strong></span> <span class='ocrx_word' id='word_1_123' title='bbox 1334 1750 1556 1790; x_wconf 90' lang='lat' dir='ltr'><strong>manere</strong></span> <span class='ocrx_word' id='word_1_124' title='bbox 1608 1737 1867 1790; x_wconf 82' lang='lat' dir='ltr'><strong>debemus</strong></span> <span class='ocrx_word' id='word_1_125' title='bbox 1894 1751 1992 1804; x_wconf 89' lang='lat' dir='ltr'><strong>per</strong></span> 
     </span>
    </p>
   </div>
   <div class='ocr_carea' id='block_1_19' title="bbox 408 1824 1995 1895">
    <p class='ocr_par' dir='ltr' id='par_1_19' title="bbox 408 1824 1995 1895">
     <span class='ocr_line' id='line_1_19' title="bbox 408 1824 1995 1895; baseline 0 -17"><span class='ocrx_word' id='word_1_126' title='bbox 408 1824 573 1879; x_wconf 76' lang='lat' dir='ltr'><strong>fixum</strong></span> <span class='ocrx_word' id='word_1_127' title='bbox 610 1825 964 1894; x_wconf 81' lang='lat' dir='ltr'><strong>professionis</strong></span> <span class='ocrx_word' id='word_1_128' title='bbox 987 1834 1186 1878; x_wconf 66' lang='lat' dir='ltr'><strong>nostrae</strong></span> <span class='ocrx_word' id='word_1_129' title='bbox 1212 1824 1568 1894; x_wconf 88' lang='lat' dir='ltr'><strong>propositum,</strong></span> <span class='ocrx_word' id='word_1_130' title='bbox 1594 1834 1650 1878; x_wconf 89' lang='lat' dir='ltr'><strong>et</strong></span> <span class='ocrx_word' id='word_1_131' title='bbox 1672 1825 1752 1879; x_wconf 91' lang='lat' dir='ltr'><strong>ire</strong></span> <span class='ocrx_word' id='word_1_132' title='bbox 1780 1839 1995 1895; x_wconf 76' lang='lat' dir='ltr'><strong>semper</strong></span> 
     </span>
    </p>
   </div>
   <div class='ocr_carea' id='block_1_20' title="bbox 408 1914 1997 1984">
    <p class='ocr_par' dir='ltr' id='par_1_20' title="bbox 408 1914 1997 1984">
     <span class='ocr_line' id='line_1_20' title="bbox 408 1914 1997 1984; baseline 0.001 -17"><span class='ocrx_word' id='word_1_133' title='bbox 408 1926 506 1982; x_wconf 89' lang='lat' dir='ltr'><strong>per</strong></span> <span class='ocrx_word' id='word_1_134' title='bbox 554 1914 907 1968; x_wconf 73' lang='lat' dir='ltr'><strong>melioranda:</strong></span> <span class='ocrx_word' id='word_1_135' title='bbox 946 1914 1380 1971; x_wconf 78' lang='lat' dir='ltr'><strong>conversationis</strong></span> <span class='ocrx_word' id='word_1_136' title='bbox 1427 1924 1483 1970; x_wconf 92' lang='lat' dir='ltr'><strong>et</strong></span> <span class='ocrx_word' id='word_1_137' title='bbox 1507 1914 1826 1969; x_wconf 84' lang='lat' dir='ltr'><strong>&#39;cumulandi</strong></span> <span class='ocrx_word' id='word_1_138' title='bbox 1872 1929 1997 1984; x_wconf 87' lang='lat' dir='ltr'><strong>pro-</strong></span> 
     </span>
    </p>
   </div>
   <div class='ocr_carea' id='block_1_21' title="bbox 407 2001 983 2072">
    <p class='ocr_par' dir='ltr' id='par_1_21' title="bbox 407 2001 983 2072">
     <span class='ocr_line' id='line_1_21' title="bbox 407 2001 983 2072; baseline 0.005 -15"><span class='ocrx_word' id='word_1_139' title='bbox 407 2001 583 2057; x_wconf 77' lang='lat' dir='ltr'><strong>fectus</strong></span> <span class='ocrx_word' id='word_1_140' title='bbox 610 2013 983 2072; x_wconf 81' lang='lat' dir='ltr'><strong>augmentum.</strong></span> 
     </span>
    </p>
   </div>
   <div class='ocr_carea' id='block_1_22' title="bbox 480 2092 1997 2165">
    <p class='ocr_par' dir='ltr' id='par_1_22' title="bbox 480 2092 1997 2165">
     <span class='ocr_line' id='line_1_22' title="bbox 480 2092 1997 2165; baseline 0 -17"><span class='ocrx_word' id='word_1_141' title='bbox 480 2092 538 2148; x_wconf 91' lang='lat' dir='ltr'><strong>In</strong></span> <span class='ocrx_word' id='word_1_142' title='bbox 587 2092 775 2163; x_wconf 83' lang='lat' dir='ltr'><strong>primis</strong></span> <span class='ocrx_word' id='word_1_143' title='bbox 808 2109 939 2165; x_wconf 84' lang='lat' dir='ltr'><strong>ergo</strong></span> <span class='ocrx_word' id='word_1_144' title='bbox 979 2096 1395 2163; x_wconf 85' lang='lat' dir='ltr'><strong>proficiscuntur</strong></span> <span class='ocrx_word' id='word_1_145' title='bbox 1431 2094 1526 2149; x_wconf 82' lang='lat' dir='ltr'><strong>filii</strong></span> <span class='ocrx_word' id='word_1_146' title='bbox 1568 2092 1733 2149; x_wconf 86' lang='lat' dir='ltr'><strong>Israel</strong></span> <span class='ocrx_word' id='word_1_147' title='bbox 1775 2092 1843 2150; x_wconf 93' lang='lat' dir='ltr'><strong>de</strong></span> <span class='ocrx_word' id='word_1_148' title='bbox 1881 2092 1997 2148; x_wconf 76' lang='lat' dir='ltr'><strong>Ra-</strong></span> 
     </span>
    </p>
   </div>
   <div class='ocr_carea' id='block_1_23' title="bbox 406 2184 1997 2251">
    <p class='ocr_par' dir='ltr' id='par_1_23' title="bbox 406 2184 1997 2251">
     <span class='ocr_line' id='line_1_23' title="bbox 406 2184 1997 2251; baseline 0.001 -11"><span class='ocrx_word' id='word_1_149' title='bbox 406 2198 574 2240; x_wconf 86' lang='lat' dir='ltr'><strong>mese.</strong></span> <span class='ocrx_word' id='word_1_150' title='bbox 628 2184 894 2248; x_wconf 76' lang='lat' dir='ltr'><strong>llanicse,</strong></span> <span class='ocrx_word' id='word_1_151' title='bbox 944 2185 1086 2240; x_wconf 89' lang='lat' dir='ltr'><strong>sicut</strong></span> <span class='ocrx_word' id='word_1_152' title='bbox 1123 2187 1393 2240; x_wconf 90' lang='lat' dir='ltr'><strong>nonnullis</strong></span> <span class='ocrx_word' id='word_1_153' title='bbox 1436 2188 1671 2251; x_wconf 88' lang='lat' dir='ltr'><strong>videtur,</strong></span> <span class='ocrx_word' id='word_1_154' title='bbox 1708 2187 1761 2241; x_wconf 93' lang='lat' dir='ltr'><strong>in</strong></span> <span class='ocrx_word' id='word_1_155' title='bbox 1810 2197 1997 2241; x_wconf 88' lang='lat' dir='ltr'><strong>nostra</strong></span> 
     </span>
    </p>
   </div>
   <div class='ocr_carea' id='block_1_24' title="bbox 407 2275 1997 2347">
    <p class='ocr_par' dir='ltr' id='par_1_24' title="bbox 407 2275 1997 2347">
     <span class='ocr_line' id='line_1_24' title="bbox 407 2275 1997 2347; baseline 0.001 -16"><span class='ocrx_word' id='word_1_156' title='bbox 407 2275 589 2347; x_wconf 89' lang='lat' dir='ltr'><strong>lingua</strong></span> <span class='ocrx_word' id='word_1_157' title='bbox 616 2277 893 2330; x_wconf 88' lang='lat' dir='ltr'><strong>commotio</strong></span> <span class='ocrx_word' id='word_1_158' title='bbox 921 2276 1130 2330; x_wconf 80' lang='lat' dir='ltr'><strong>turbida</strong></span> <span class='ocrx_word' id='word_1_159' title='bbox 1185 2277 1267 2330; x_wconf 87' lang='lat' dir='ltr'><strong>vel</strong></span> <span class='ocrx_word' id='word_1_160' title='bbox 1293 2279 1572 2331; x_wconf 76' lang='lat' dir='ltr'><strong>commotio</strong></span> <span class='ocrx_word' id='word_1_161' title='bbox 1599 2278 1754 2332; x_wconf 67' lang='lat' dir='ltr'><strong>tinet:</strong></span> <span class='ocrx_word' id='word_1_162' title='bbox 1779 2278 1997 2333; x_wconf 86' lang='lat' dir='ltr'><strong>dicitur.</strong></span> 
     </span>
    </p>
   </div>
   <div class='ocr_carea' id='block_1_25' title="bbox 407 2366 1999 2440">
    <p class='ocr_par' dir='ltr' id='par_1_25' title="bbox 407 2366 1999 2440">
     <span class='ocr_line' id='line_1_25' title="bbox 407 2366 1999 2440; baseline 0 -18"><span class='ocrx_word' id='word_1_163' title='bbox 407 2366 466 2422; x_wconf 88' lang='lat' dir='ltr'><strong>ln</strong></span> <span class='ocrx_word' id='word_1_164' title='bbox 497 2384 604 2437; x_wconf 90' lang='lat' dir='ltr'><strong>quo</strong></span> <span class='ocrx_word' id='word_1_165' title='bbox 626 2369 788 2424; x_wconf 89' lang='lat' dir='ltr'><strong>datur</strong></span> <span class='ocrx_word' id='word_1_166' title='bbox 816 2368 1039 2438; x_wconf 81' lang='lat' dir='ltr'><strong>intelligi</strong></span> <span class='ocrx_word' id='word_1_167' title='bbox 1067 2370 1209 2439; x_wconf 90' lang='lat' dir='ltr'><strong>quod</strong></span> <span class='ocrx_word' id='word_1_168' title='bbox 1232 2370 1414 2425; x_wconf 84' lang='lat' dir='ltr'><strong>omnia</strong></span> <span class='ocrx_word' id='word_1_169' title='bbox 1444 2386 1564 2440; x_wconf 79' lang='lat' dir='ltr'><strong>qua:</strong></span> <span class='ocrx_word' id='word_1_170' title='bbox 1618 2371 1801 2425; x_wconf 89' lang='lat' dir='ltr'><strong>mundi</strong></span> <span class='ocrx_word' id='word_1_171' title='bbox 1849 2379 1999 2434; x_wconf 87' lang='lat' dir='ltr'><strong>sunt,</strong></span> 
     </span>
    </p>
   </div>
   <div class='ocr_carea' id='block_1_26' title="bbox 410 2461 2002 2529">
    <p class='ocr_par' dir='ltr' id='par_1_26' title="bbox 410 2461 2002 2529">
     <span class='ocr_line' id='line_1_26' title="bbox 410 2461 2002 2529; baseline -0.001 -13"><span class='ocrx_word' id='word_1_172' title='bbox 410 2462 464 2516; x_wconf 90' lang='lat' dir='ltr'><strong>ln</strong></span> <span class='ocrx_word' id='word_1_173' title='bbox 493 2461 943 2517; x_wconf 86' lang='lat' dir='ltr'><strong>commotionibus</strong></span> <span class='ocrx_word' id='word_1_174' title='bbox 983 2470 1039 2516; x_wconf 88' lang='lat' dir='ltr'><strong>et</strong></span> <span class='ocrx_word' id='word_1_175' title='bbox 1083 2461 1581 2529; x_wconf 88' lang='lat' dir='ltr'><strong>perturbationibus</strong></span> <span class='ocrx_word' id='word_1_176' title='bbox 1614 2462 1905 2517; x_wconf 90' lang='lat' dir='ltr'><strong>constituta</strong></span> <span class='ocrx_word' id='word_1_177' title='bbox 1946 2470 2002 2515; x_wconf 91' lang='lat' dir='ltr'><strong>et</strong></span> 
     </span>
    </p>
   </div>
   <div class='ocr_carea' id='block_1_27' title="bbox 410 2552 1997 2623">
    <p class='ocr_par' dir='ltr' id='par_1_27' title="bbox 410 2552 1997 2623">
     <span class='ocr_line' id='line_1_27' title="bbox 410 2552 1997 2623; baseline -0.003 -15"><span class='ocrx_word' id='word_1_178' title='bbox 410 2553 763 2622; x_wconf 55' lang='lat' dir='ltr'><strong>corruptelae,</strong></span> <span class='ocrx_word' id='word_1_179' title='bbox 787 2568 950 2621; x_wconf 89' lang='lat' dir='ltr'><strong>quam</strong></span> <span class='ocrx_word' id='word_1_180' title='bbox 974 2553 1116 2606; x_wconf 89' lang='lat' dir='ltr'><strong>tinea</strong></span> <span class='ocrx_word' id='word_1_181' title='bbox 1142 2553 1407 2623; x_wconf 83' lang='lat' dir='ltr'><strong>designat,</strong></span> <span class='ocrx_word' id='word_1_182' title='bbox 1433 2552 1728 2623; x_wconf 86' lang='lat' dir='ltr'><strong>probantur</strong></span> <span class='ocrx_word' id='word_1_183' title='bbox 1747 2552 1997 2607; x_wconf 81' lang='lat' dir='ltr'><strong>obnoxia.</strong></span> 
     </span>
    </p>
   </div>
   <div class='ocr_carea' id='block_1_28' title="bbox 409 2644 2001 2715">
    <p class='ocr_par' dir='ltr' id='par_1_28' title="bbox 409 2644 2001 2715">
     <span class='ocr_line' id='line_1_28' title="bbox 409 2644 2001 2715; baseline 0.002 -16"><span class='ocrx_word' id='word_1_184' title='bbox 409 2645 466 2699; x_wconf 94' lang='lat' dir='ltr'><strong>ln</strong></span> <span class='ocrx_word' id='word_1_185' title='bbox 493 2644 691 2714; x_wconf 90' lang='lat' dir='ltr'><strong>quibus</strong></span> <span class='ocrx_word' id='word_1_186' title='bbox 727 2646 912 2715; x_wconf 87' lang='lat' dir='ltr'><strong>utique</strong></span> <span class='ocrx_word' id='word_1_187' title='bbox 942 2660 1049 2699; x_wconf 93' lang='lat' dir='ltr'><strong>non</strong></span> <span class='ocrx_word' id='word_1_188' title='bbox 1081 2653 1297 2714; x_wconf 85' lang='lat' dir='ltr'><strong>oportet</strong></span> <span class='ocrx_word' id='word_1_189' title='bbox 1332 2645 1569 2699; x_wconf 90' lang='lat' dir='ltr'><strong>animam</strong></span> <span class='ocrx_word' id='word_1_190' title='bbox 1605 2645 1874 2711; x_wconf 81' lang='lat' dir='ltr'><strong>residere,</strong></span> <span class='ocrx_word' id='word_1_191' title='bbox 1906 2647 2001 2702; x_wconf 88' lang='lat' dir='ltr'><strong>sed</strong></span> 
     </span>
    </p>
   </div>
   <div class='ocr_carea' id='block_1_29' title="bbox 410 2735 2001 2809">
    <p class='ocr_par' dir='ltr' id='par_1_29' title="bbox 410 2735 2001 2809">
     <span class='ocr_line' id='line_1_29' title="bbox 410 2735 2001 2809; baseline 0.003 -20"><span class='ocrx_word' id='word_1_192' title='bbox 410 2735 792 2791; x_wconf 85' lang='lat' dir='ltr'><strong>incunctanter</strong></span> <span class='ocrx_word' id='word_1_193' title='bbox 818 2736 987 2791; x_wconf 79' lang='lat' dir='ltr'><strong>exire.</strong></span> <span class='ocrx_word' id='word_1_194' title='bbox 1028 2736 1258 2804; x_wconf 82' lang='lat' dir='ltr'><strong>Quidam</strong></span> <span class='ocrx_word' id='word_1_195' title='bbox 1287 2751 1416 2792; x_wconf 90' lang='lat' dir='ltr'><strong>vero</strong></span> <span class='ocrx_word' id='word_1_196' title='bbox 1455 2738 1687 2794; x_wconf 79' lang='lat' dir='ltr'><strong>Ramcse</strong></span> <span class='ocrx_word' id='word_1_197' title='bbox 1731 2739 2001 2809; x_wconf 88' lang='lat' dir='ltr'><strong>interpre-</strong></span> 
     </span>
    </p>
   </div>
   <div class='ocr_carea' id='block_1_30' title="bbox 409 2827 2000 2899">
    <p class='ocr_par' dir='ltr' id='par_1_30' title="bbox 409 2827 2000 2899">
     <span class='ocr_line' id='line_1_30' title="bbox 409 2827 2000 2899; baseline 0.002 -16"><span class='ocrx_word' id='word_1_198' title='bbox 409 2827 512 2883; x_wconf 79' lang='lat' dir='ltr'><strong>tari</strong></span> <span class='ocrx_word' id='word_1_199' title='bbox 554 2827 949 2881; x_wconf 80' lang='lat' dir='ltr'><strong>commotionem</strong></span> <span class='ocrx_word' id='word_1_200' title='bbox 1000 2829 1084 2882; x_wconf 87' lang='lat' dir='ltr'><strong>vel</strong></span> <span class='ocrx_word' id='word_1_201' title='bbox 1113 2830 1403 2882; x_wconf 76' lang='lat' dir='ltr'><strong>tonitruum</strong></span> <span class='ocrx_word' id='word_1_202' title='bbox 1470 2838 1816 2899; x_wconf 90' lang='lat' dir='ltr'><strong>putaverunt.</strong></span> <span class='ocrx_word' id='word_1_203' title='bbox 1847 2831 2000 2898; x_wconf 82' lang='lat' dir='ltr'><strong>Quod</strong></span> 
     </span>
    </p>
   </div>
   <div class='ocr_carea' id='block_1_31' title="bbox 411 2918 1999 2991">
    <p class='ocr_par' dir='ltr' id='par_1_31' title="bbox 411 2918 1999 2991">
     <span class='ocr_line' id='line_1_31' title="bbox 411 2918 1999 2991; baseline 0.002 -19"><span class='ocrx_word' id='word_1_204' title='bbox 411 2918 597 2990; x_wconf 88' lang='lat' dir='ltr'><strong>utique</strong></span> <span class='ocrx_word' id='word_1_205' title='bbox 626 2918 783 2973; x_wconf 91' lang='lat' dir='ltr'><strong>nobis</strong></span> <span class='ocrx_word' id='word_1_206' title='bbox 803 2919 979 2988; x_wconf 91' lang='lat' dir='ltr'><strong>aptari</strong></span> <span class='ocrx_word' id='word_1_207' title='bbox 1006 2934 1113 2974; x_wconf 90' lang='lat' dir='ltr'><strong>non</strong></span> <span class='ocrx_word' id='word_1_208' title='bbox 1141 2920 1438 2989; x_wconf 87' lang='lat' dir='ltr'><strong>incongrue</strong></span> <span class='ocrx_word' id='word_1_209' title='bbox 1462 2921 1845 2991; x_wconf 89' lang='lat' dir='ltr'><strong>poterit,quia,</strong></span> <span class='ocrx_word' id='word_1_210' title='bbox 1873 2921 1999 2976; x_wconf 90' lang='lat' dir='ltr'><strong>dum</strong></span> 
     </span>
    </p>
   </div>
   <div class='ocr_carea' id='block_1_32' title="bbox 412 3009 2003 3083">
    <p class='ocr_par' dir='ltr' id='par_1_32' title="bbox 412 3009 2003 3083">
     <span class='ocr_line' id='line_1_32' title="bbox 412 3009 2003 3083; baseline 0.003 -19"><span class='ocrx_word' id='word_1_211' title='bbox 412 3009 480 3065; x_wconf 87' lang='lat' dir='ltr'><strong>ad</strong></span> <span class='ocrx_word' id='word_1_212' title='bbox 512 3012 954 3082; x_wconf 73' lang='lat' dir='ltr'><strong>prmdicationem</strong></span> <span class='ocrx_word' id='word_1_213' title='bbox 989 3012 1320 3083; x_wconf 63' lang='lat' dir='ltr'><strong>evangelica</strong></span> <span class='ocrx_word' id='word_1_214' title='bbox 1359 3014 1501 3068; x_wconf 74' lang='lat' dir='ltr'><strong>tubae</strong></span> <span class='ocrx_word' id='word_1_215' title='bbox 1542 3013 1799 3068; x_wconf 89' lang='lat' dir='ltr'><strong>commoti</strong></span> <span class='ocrx_word' id='word_1_216' title='bbox 1840 3012 2003 3068; x_wconf 83' lang='lat' dir='ltr'><strong>fueri-</strong></span> 
     </span>
    </p>
   </div>
   <div class='ocr_carea' id='block_1_33' title="bbox 412 3102 1994 3171">
    <p class='ocr_par' dir='ltr' id='par_1_33' title="bbox 412 3102 1994 3171">
     <span class='ocr_line' id='line_1_33' title="bbox 412 3102 1994 3171; baseline 0 -14"><span class='ocrx_word' id='word_1_217' title='bbox 412 3118 551 3165; x_wconf 84' lang='lat' dir='ltr'><strong>mus,</strong></span> <span class='ocrx_word' id='word_1_218' title='bbox 583 3102 727 3157; x_wconf 87' lang='lat' dir='ltr'><strong>velut</strong></span> <span class='ocrx_word' id='word_1_219' title='bbox 756 3102 821 3157; x_wconf 88' lang='lat' dir='ltr'><strong>ad</strong></span> <span class='ocrx_word' id='word_1_220' title='bbox 853 3104 1152 3159; x_wconf 90' lang='lat' dir='ltr'><strong>tonitruum</strong></span> <span class='ocrx_word' id='word_1_221' title='bbox 1180 3104 1722 3161; x_wconf 79' lang='lat' dir='ltr'><strong>ctelestiumnubium</strong></span> <span class='ocrx_word' id='word_1_222' title='bbox 1752 3106 1994 3171; x_wconf 76' lang='lat' dir='ltr'><strong>excitati,</strong></span> 
     </span>
    </p>
   </div>
   <div class='ocr_carea' id='block_1_34' title="bbox 2092 532 3680 610">
    <p class='ocr_par' dir='ltr' id='par_1_34' title="bbox 2092 532 3680 610">
     <span class='ocr_line' id='line_1_34' title="bbox 2092 532 3680 610; baseline -0.006 -16"><span class='ocrx_word' id='word_1_223' title='bbox 2092 541 2414 609; x_wconf 74' lang='lat' dir='ltr'><strong>exprimitur</strong></span> <span class='ocrx_word' id='word_1_224' title='bbox 2457 540 2636 610; x_wconf 80' lang='lat' dir='ltr'><strong>lingua</strong></span> <span class='ocrx_word' id='word_1_225' title='bbox 2666 539 2965 592; x_wconf 91' lang='lat' dir='ltr'><strong>doctorum.</strong></span> <span class='ocrx_word' id='word_1_226' title='bbox 2997 534 3055 589; x_wconf 91' lang='lat' dir='ltr'><strong>lu</strong></span> <span class='ocrx_word' id='word_1_227' title='bbox 3086 533 3325 587; x_wconf 87' lang='lat' dir='ltr'><strong>convalle</strong></span> <span class='ocrx_word' id='word_1_228' title='bbox 3351 532 3547 603; x_wconf 86' lang='lat' dir='ltr'><strong>quippe</strong></span> <span class='ocrx_word' id='word_1_229' title='bbox 3585 548 3680 601; x_wconf 75' lang='lat' dir='ltr'><strong>pa-</strong></span> 
     </span>
    </p>
   </div>
   <div class='ocr_carea' id='block_1_35' title="bbox 2094 626 3675 700">
    <p class='ocr_par' dir='ltr' id='par_1_35' title="bbox 2094 626 3675 700">
     <span class='ocr_line' id='line_1_35' title="bbox 2094 626 3675 700; baseline -0.006 -12"><span class='ocrx_word' id='word_1_230' title='bbox 2094 634 2295 688; x_wconf 68' lang='lat' dir='ltr'><strong>tientiae</strong></span> <span class='ocrx_word' id='word_1_231' title='bbox 2324 634 2674 693; x_wconf 88' lang='lat' dir='ltr'><strong>constitutus,</strong></span> <span class='ocrx_word' id='word_1_232' title='bbox 2707 646 2814 700; x_wconf 89' lang='lat' dir='ltr'><strong>quo</strong></span> <span class='ocrx_word' id='word_1_233' title='bbox 2843 629 3061 699; x_wconf 81' lang='lat' dir='ltr'><strong>gravius</strong></span> <span class='ocrx_word' id='word_1_234' title='bbox 3113 626 3194 680; x_wconf 87' lang='lat' dir='ltr'><strong>vel</strong></span> <span class='ocrx_word' id='word_1_235' title='bbox 3238 626 3675 697; x_wconf 87' lang='lat' dir='ltr'><strong>persecutionum</strong></span> 
     </span>
    </p>
   </div>
   <div class='ocr_carea' id='block_1_36' title="bbox 2093 716 3681 788">
    <p class='ocr_par' dir='ltr' id='par_1_36' title="bbox 2093 716 3681 788">
     <span class='ocr_line' id='line_1_36' title="bbox 2093 716 3681 788; baseline -0.004 -10"><span class='ocrx_word' id='word_1_236' title='bbox 2093 724 2179 779; x_wconf 87' lang='lat' dir='ltr'><strong>vel</strong></span> <span class='ocrx_word' id='word_1_237' title='bbox 2234 723 2532 778; x_wconf 87' lang='lat' dir='ltr'><strong>carnalium</strong></span> <span class='ocrx_word' id='word_1_238' title='bbox 2587 722 2949 776; x_wconf 88' lang='lat' dir='ltr'><strong>tentationum</strong></span> <span class='ocrx_word' id='word_1_239' title='bbox 3004 717 3226 788; x_wconf 82' lang='lat' dir='ltr'><strong>ﬂagellis</strong></span> <span class='ocrx_word' id='word_1_240' title='bbox 3282 716 3563 782; x_wconf 87' lang='lat' dir='ltr'><strong>atteritur,</strong></span> <span class='ocrx_word' id='word_1_241' title='bbox 3614 732 3681 771; x_wconf 92' lang='lat' dir='ltr'><strong>eo</strong></span> 
     </span>
    </p>
   </div>
   <div class='ocr_carea' id='block_1_37' title="bbox 2092 806 3677 885">
    <p class='ocr_par' dir='ltr' id='par_1_37' title="bbox 2092 806 3677 885">
     <span class='ocr_line' id='line_1_37' title="bbox 2092 806 3677 885; baseline -0.004 -17"><span class='ocrx_word' id='word_1_242' title='bbox 2092 816 2264 885; x_wconf 80' lang='lat' dir='ltr'><strong>magis</strong></span> <span class='ocrx_word' id='word_1_243' title='bbox 2301 830 2522 869; x_wconf 90' lang='lat' dir='ltr'><strong>necesse</strong></span> <span class='ocrx_word' id='word_1_244' title='bbox 2547 822 2720 869; x_wconf 89' lang='lat' dir='ltr'><strong>estut</strong></span> <span class='ocrx_word' id='word_1_245' title='bbox 2759 813 2808 865; x_wconf 92' lang='lat' dir='ltr'><strong>ei</strong></span> <span class='ocrx_word' id='word_1_246' title='bbox 2837 811 2905 865; x_wconf 92' lang='lat' dir='ltr'><strong>ab</strong></span> <span class='ocrx_word' id='word_1_247' title='bbox 2945 825 3040 865; x_wconf 88' lang='lat' dir='ltr'><strong>ore</strong></span> <span class='ocrx_word' id='word_1_248' title='bbox 3080 806 3375 869; x_wconf 90' lang='lat' dir='ltr'><strong>nobilium.</strong></span> <span class='ocrx_word' id='word_1_249' title='bbox 3417 806 3471 861; x_wconf 83' lang='lat' dir='ltr'><strong>id</strong></span> <span class='ocrx_word' id='word_1_250' title='bbox 3525 818 3606 863; x_wconf 86' lang='lat' dir='ltr'><strong>est</strong></span> <span class='ocrx_word' id='word_1_251' title='bbox 3648 824 3677 861; x_wconf 89' lang='lat' dir='ltr'><strong>a</strong></span> 
     </span>
    </p>
   </div>
   <div class='ocr_carea' id='block_1_38' title="bbox 2090 902 3676 966">
    <p class='ocr_par' dir='ltr' id='par_1_38' title="bbox 2090 902 3676 966">
     <span class='ocr_line' id='line_1_38' title="bbox 2090 902 3676 966; baseline -0.005 -4"><span class='ocrx_word' id='word_1_252' title='bbox 2090 917 2403 962; x_wconf 88' lang='lat' dir='ltr'><strong>sanctorum</strong></span> <span class='ocrx_word' id='word_1_253' title='bbox 2452 908 2733 961; x_wconf 88' lang='lat' dir='ltr'><strong>doctorum</strong></span> <span class='ocrx_word' id='word_1_254' title='bbox 2782 902 3276 966; x_wconf 82' lang='lat' dir='ltr'><strong>exhortationibus,</strong></span> <span class='ocrx_word' id='word_1_255' title='bbox 3307 909 3676 955; x_wconf 87' lang='lat' dir='ltr'><strong>succurratur.</strong></span> 
     </span>
    </p>
   </div>
   <div class='ocr_carea' id='block_1_39' title="bbox 2094 978 3703 1061">
    <p class='ocr_par' dir='ltr' id='par_1_39' title="bbox 2094 978 3703 1061">
     <span class='ocr_line' id='line_1_39' title="bbox 2094 978 3703 1061; baseline -0.006 -11"><span class='ocrx_word' id='word_1_256' title='bbox 2094 995 2152 1050; x_wconf 90' lang='lat' dir='ltr'><strong>Si</strong></span> <span class='ocrx_word' id='word_1_257' title='bbox 2183 1011 2311 1050; x_wconf 87' lang='lat' dir='ltr'><strong>vero</strong></span> <span class='ocrx_word' id='word_1_258' title='bbox 2353 1011 2458 1049; x_wconf 88' lang='lat' dir='ltr'><strong>non</strong></span> <span class='ocrx_word' id='word_1_259' title='bbox 2496 995 2773 1050; x_wconf 85' lang='lat' dir='ltr'><strong>Phiairoth</strong></span> <span class='ocrx_word' id='word_1_260' title='bbox 2799 1035 2815 1058; x_wconf 93' lang='lat'><strong>,</strong></span> <span class='ocrx_word' id='word_1_261' title='bbox 2861 993 2955 1047; x_wconf 87' lang='lat' dir='ltr'><strong>sed</strong></span> <span class='ocrx_word' id='word_1_262' title='bbox 2993 991 3211 1048; x_wconf 82' lang='lat' dir='ltr'><strong>Osiratb</strong></span> <span class='ocrx_word' id='word_1_263' title='bbox 3241 1032 3255 1053; x_wconf 86' lang='lat'><strong>.</strong></span> <span class='ocrx_word' id='word_1_264' title='bbox 3298 978 3703 1061; x_wconf 51' lang='lat' dir='ltr'><strong>proferendum&quot;</strong></span> 
     </span>
    </p>
   </div>
   <div class='ocr_carea' id='block_1_40' title="bbox 2092 1080 3681 1160">
    <p class='ocr_par' dir='ltr' id='par_1_40' title="bbox 2092 1080 3681 1160">
     <span class='ocr_line' id='line_1_40' title="bbox 2092 1080 3681 1160; baseline -0.006 -17"><span class='ocrx_word' id='word_1_265' title='bbox 2092 1099 2199 1152; x_wconf 89' lang='lat' dir='ltr'><strong>est,</strong></span> <span class='ocrx_word' id='word_1_266' title='bbox 2233 1100 2290 1142; x_wconf 94' lang='lat' dir='ltr'><strong>ut</strong></span> <span class='ocrx_word' id='word_1_267' title='bbox 2326 1089 2428 1143; x_wconf 88' lang='lat' dir='ltr'><strong>alia</strong></span> <span class='ocrx_word' id='word_1_268' title='bbox 2461 1098 2690 1143; x_wconf 88' lang='lat' dir='ltr'><strong>testatur</strong></span> <span class='ocrx_word' id='word_1_269' title='bbox 2718 1087 2907 1160; x_wconf 80' lang='lat' dir='ltr'><strong>editio,</strong></span> <span class='ocrx_word' id='word_1_270' title='bbox 2947 1084 3225 1139; x_wconf 89' lang='lat' dir='ltr'><strong>sciendum</strong></span> <span class='ocrx_word' id='word_1_271' title='bbox 3255 1090 3337 1136; x_wconf 87' lang='lat' dir='ltr'><strong>est</strong></span> <span class='ocrx_word' id='word_1_272' title='bbox 3365 1081 3504 1150; x_wconf 90' lang='lat' dir='ltr'><strong>quod</strong></span> <span class='ocrx_word' id='word_1_273' title='bbox 3537 1080 3681 1134; x_wconf 90' lang='lat' dir='ltr'><strong>lrath</strong></span> 
     </span>
    </p>
   </div>
   <div class='ocr_carea' id='block_1_41' title="bbox 2093 1169 3679 1247">
    <p class='ocr_par' dir='ltr' id='par_1_41' title="bbox 2093 1169 3679 1247">
     <span class='ocr_line' id='line_1_41' title="bbox 2093 1169 3679 1247; baseline -0.008 -13"><span class='ocrx_word' id='word_1_274' title='bbox 2093 1181 2232 1234; x_wconf 80' lang='lat' dir='ltr'><strong>vicus</strong></span> <span class='ocrx_word' id='word_1_275' title='bbox 2259 1180 2667 1247; x_wconf 87' lang='lat' dir='ltr'><strong>interpretatur.</strong></span> <span class='ocrx_word' id='word_1_276' title='bbox 2698 1176 2777 1229; x_wconf 85' lang='lat' dir='ltr'><strong>Ad</strong></span> <span class='ocrx_word' id='word_1_277' title='bbox 2807 1192 2869 1230; x_wconf 93' lang='lat' dir='ltr'><strong>os</strong></span> <span class='ocrx_word' id='word_1_278' title='bbox 2895 1190 3045 1243; x_wconf 89' lang='lat' dir='ltr'><strong>ergo,</strong></span> <span class='ocrx_word' id='word_1_279' title='bbox 3083 1173 3186 1227; x_wconf 90' lang='lat' dir='ltr'><strong>hoc</strong></span> <span class='ocrx_word' id='word_1_280' title='bbox 3212 1182 3321 1234; x_wconf 87' lang='lat' dir='ltr'><strong>est,</strong></span> <span class='ocrx_word' id='word_1_281' title='bbox 3349 1171 3414 1225; x_wconf 88' lang='lat' dir='ltr'><strong>ad</strong></span> <span class='ocrx_word' id='word_1_282' title='bbox 3446 1169 3679 1239; x_wconf 90' lang='lat' dir='ltr'><strong>primum</strong></span> 
     </span>
    </p>
   </div>
   <div class='ocr_carea' id='block_1_42' title="bbox 2093 1263 3682 1341">
    <p class='ocr_par' dir='ltr' id='par_1_42' title="bbox 2093 1263 3682 1341">
     <span class='ocr_line' id='line_1_42' title="bbox 2093 1263 3682 1341; baseline -0.006 -16"><span class='ocrx_word' id='word_1_283' title='bbox 2093 1271 2197 1325; x_wconf 84' lang='lat' dir='ltr'><strong>vici</strong></span> <span class='ocrx_word' id='word_1_284' title='bbox 2233 1272 2392 1341; x_wconf 86' lang='lat' dir='ltr'><strong>hujus</strong></span> <span class='ocrx_word' id='word_1_285' title='bbox 2424 1270 2639 1324; x_wconf 88' lang='lat' dir='ltr'><strong>venitur</strong></span> <span class='ocrx_word' id='word_1_286' title='bbox 2676 1271 3009 1339; x_wconf 86' lang='lat' dir='ltr'><strong>ingressum;</strong></span> <span class='ocrx_word' id='word_1_287' title='bbox 3048 1266 3192 1336; x_wconf 88' lang='lat' dir='ltr'><strong>quod</strong></span> <span class='ocrx_word' id='word_1_288' title='bbox 3231 1263 3499 1333; x_wconf 82' lang='lat' dir='ltr'><strong>significat</strong></span> <span class='ocrx_word' id='word_1_289' title='bbox 3530 1275 3682 1316; x_wconf 66' lang='lat' dir='ltr'><strong>noun</strong></span> 
     </span>
    </p>
   </div>
   <div class='ocr_carea' id='block_1_43' title="bbox 2094 1353 3681 1418">
    <p class='ocr_par' dir='ltr' id='par_1_43' title="bbox 2094 1353 3681 1418">
     <span class='ocr_line' id='line_1_43' title="bbox 2094 1353 3681 1418; baseline -0.006 -3"><span class='ocrx_word' id='word_1_290' title='bbox 2094 1361 2523 1415; x_wconf 83' lang='lat' dir='ltr'><strong>conversationis</strong></span> <span class='ocrx_word' id='word_1_291' title='bbox 2553 1360 2786 1414; x_wconf 90' lang='lat' dir='ltr'><strong>initium.</strong></span> <span class='ocrx_word' id='word_1_292' title='bbox 2820 1358 2973 1413; x_wconf 89' lang='lat' dir='ltr'><strong>Unde</strong></span> <span class='ocrx_word' id='word_1_293' title='bbox 3001 1372 3107 1411; x_wconf 89' lang='lat' dir='ltr'><strong>non</strong></span> <span class='ocrx_word' id='word_1_294' title='bbox 3135 1356 3201 1410; x_wconf 90' lang='lat' dir='ltr'><strong>ad</strong></span> <span class='ocrx_word' id='word_1_295' title='bbox 3232 1356 3454 1418; x_wconf 86' lang='lat' dir='ltr'><strong>urbem,</strong></span> <span class='ocrx_word' id='word_1_296' title='bbox 3491 1355 3585 1408; x_wconf 87' lang='lat' dir='ltr'><strong>sed</strong></span> <span class='ocrx_word' id='word_1_297' title='bbox 3615 1353 3681 1406; x_wconf 90' lang='lat' dir='ltr'><strong>ad</strong></span> 
     </span>
    </p>
   </div>
   <div class='ocr_carea' id='block_1_44' title="bbox 2094 1443 3684 1519">
    <p class='ocr_par' dir='ltr' id='par_1_44' title="bbox 2094 1443 3684 1519">
     <span class='ocr_line' id='line_1_44' title="bbox 2094 1443 3684 1519; baseline -0.004 -16"><span class='ocrx_word' id='word_1_298' title='bbox 2094 1451 2273 1504; x_wconf 88' lang='lat' dir='ltr'><strong>vicum</strong></span> <span class='ocrx_word' id='word_1_299' title='bbox 2308 1452 2560 1516; x_wconf 86' lang='lat' dir='ltr'><strong>veniunt;</strong></span> <span class='ocrx_word' id='word_1_300' title='bbox 2598 1450 2723 1519; x_wconf 86' lang='lat' dir='ltr'><strong>quia</strong></span> <span class='ocrx_word' id='word_1_301' title='bbox 2766 1462 2990 1504; x_wconf 88' lang='lat' dir='ltr'><strong>necesse</strong></span> <span class='ocrx_word' id='word_1_302' title='bbox 3026 1455 3110 1502; x_wconf 89' lang='lat' dir='ltr'><strong>est</strong></span> <span class='ocrx_word' id='word_1_303' title='bbox 3151 1455 3211 1500; x_wconf 92' lang='lat' dir='ltr'><strong>ut</strong></span> <span class='ocrx_word' id='word_1_304' title='bbox 3253 1443 3442 1499; x_wconf 87' lang='lat' dir='ltr'><strong>novitii</strong></span> <span class='ocrx_word' id='word_1_305' title='bbox 3484 1445 3684 1515; x_wconf 86' lang='lat' dir='ltr'><strong>quique</strong></span> 
     </span>
    </p>
   </div>
   <div class='ocr_carea' id='block_1_45' title="bbox 2095 1536 3683 1600">
    <p class='ocr_par' dir='ltr' id='par_1_45' title="bbox 2095 1536 3683 1600">
     <span class='ocr_line' id='line_1_45' title="bbox 2095 1536 3683 1600; baseline -0.004 -5"><span class='ocrx_word' id='word_1_306' title='bbox 2095 1541 2315 1595; x_wconf 89' lang='lat' dir='ltr'><strong>interim</strong></span> <span class='ocrx_word' id='word_1_307' title='bbox 2343 1557 2402 1597; x_wconf 89' lang='lat' dir='ltr'><strong>se</strong></span> <span class='ocrx_word' id='word_1_308' title='bbox 2434 1543 2577 1597; x_wconf 90' lang='lat' dir='ltr'><strong>intra</strong></span> <span class='ocrx_word' id='word_1_309' title='bbox 2607 1542 2930 1596; x_wconf 76' lang='lat' dir='ltr'><strong>suburbana:</strong></span> <span class='ocrx_word' id='word_1_310' title='bbox 2958 1538 3084 1593; x_wconf 77' lang='lat' dir='ltr'><strong>vita:</strong></span> <span class='ocrx_word' id='word_1_311' title='bbox 3112 1536 3404 1592; x_wconf 87' lang='lat' dir='ltr'><strong>cohibeant</strong></span> <span class='ocrx_word' id='word_1_312' title='bbox 3433 1537 3645 1590; x_wconf 88' lang='lat' dir='ltr'><strong>modum</strong></span> <span class='ocrx_word' id='word_1_313' title='bbox 3666 1574 3683 1600; x_wconf 89' lang='lat'><strong>,</strong></span> 
     </span>
    </p>
   </div>
   <div class='ocr_carea' id='block_1_46' title="bbox 2096 1624 3685 1701">
    <p class='ocr_par' dir='ltr' id='par_1_46' title="bbox 2096 1624 3685 1701">
     <span class='ocr_line' id='line_1_46' title="bbox 2096 1624 3685 1701; baseline -0.003 -14"><span class='ocrx_word' id='word_1_314' title='bbox 2096 1649 2196 1687; x_wconf 87' lang='lat' dir='ltr'><strong>nec</strong></span> <span class='ocrx_word' id='word_1_315' title='bbox 2236 1634 2637 1701; x_wconf 77' lang='lat' dir='ltr'><strong>przecipitanter</strong></span> <span class='ocrx_word' id='word_1_316' title='bbox 2681 1631 2857 1686; x_wconf 87' lang='lat' dir='ltr'><strong>adhuc</strong></span> <span class='ocrx_word' id='word_1_317' title='bbox 2895 1631 3128 1684; x_wconf 88' lang='lat' dir='ltr'><strong>audeant</strong></span> <span class='ocrx_word' id='word_1_318' title='bbox 3175 1628 3462 1684; x_wconf 63' lang='lat' dir='ltr'><strong>senatoria:</strong></span> <span class='ocrx_word' id='word_1_319' title='bbox 3505 1624 3685 1698; x_wconf 82' lang='lat' dir='ltr'><strong>perfe-</strong></span> 
     </span>
    </p>
   </div>
   <div class='ocr_carea' id='block_1_47' title="bbox 2094 1720 3689 1793">
    <p class='ocr_par' dir='ltr' id='par_1_47' title="bbox 2094 1720 3689 1793">
     <span class='ocr_line' id='line_1_47' title="bbox 2094 1720 3689 1793; baseline -0.003 -14"><span class='ocrx_word' id='word_1_320' title='bbox 2094 1725 2291 1779; x_wconf 90' lang='lat' dir='ltr'><strong>ctionis</strong></span> <span class='ocrx_word' id='word_1_321' title='bbox 2331 1734 2602 1779; x_wconf 89' lang='lat' dir='ltr'><strong>attentare</strong></span> <span class='ocrx_word' id='word_1_322' title='bbox 2636 1722 2931 1793; x_wconf 83' lang='lat' dir='ltr'><strong>fastigium.</strong></span> <span class='ocrx_word' id='word_1_323' title='bbox 2966 1722 3120 1777; x_wconf 88' lang='lat' dir='ltr'><strong>Unde</strong></span> <span class='ocrx_word' id='word_1_324' title='bbox 3150 1722 3287 1775; x_wconf 84' lang='lat' dir='ltr'><strong>bene</strong></span> <span class='ocrx_word' id='word_1_325' title='bbox 3329 1720 3527 1774; x_wconf 89' lang='lat' dir='ltr'><strong>dicitur</strong></span> <span class='ocrx_word' id='word_1_326' title='bbox 3554 1736 3689 1788; x_wconf 67' lang='lat' dir='ltr'><strong>queo</strong></span> 
     </span>
    </p>
   </div>
   <div class='ocr_carea' id='block_1_48' title="bbox 2028 1794 3689 1883">
    <p class='ocr_par' dir='ltr' id='par_1_48' title="bbox 2028 1794 3689 1883">
     <span class='ocr_line' id='line_1_48' title="bbox 2028 1794 3689 1883; baseline -0.005 -14"><span class='ocrx_word' id='word_1_327' title='bbox 2028 1794 2071 1852; x_wconf 70' lang='grc' dir='ltr'><strong>Β</strong></span> <span class='ocrx_word' id='word_1_328' title='bbox 2100 1816 2242 1869; x_wconf 88' lang='lat' dir='ltr'><strong>niam</strong></span> <span class='ocrx_word' id='word_1_329' title='bbox 2279 1814 2469 1868; x_wconf 80' lang='lat' dir='ltr'><strong>Airoth</strong></span> <span class='ocrx_word' id='word_1_330' title='bbox 2502 1814 2727 1883; x_wconf 87' lang='lat' dir='ltr'><strong>respicit</strong></span> <span class='ocrx_word' id='word_1_331' title='bbox 2754 1813 3110 1883; x_wconf 79' lang='lat' dir='ltr'><strong>Beelsephon.</strong></span> <span class='ocrx_word' id='word_1_332' title='bbox 3157 1810 3486 1880; x_wconf 83' lang='lat' dir='ltr'><strong>Beelsephnn</strong></span> <span class='ocrx_word' id='word_1_333' title='bbox 3523 1811 3689 1880; x_wconf 86' lang='lat' dir='ltr'><strong>siqui-</strong></span> 
     </span>
    </p>
   </div>
   <div class='ocr_carea' id='block_1_49' title="bbox 2099 1900 3685 1978">
    <p class='ocr_par' dir='ltr' id='par_1_49' title="bbox 2099 1900 3685 1978">
     <span class='ocr_line' id='line_1_49' title="bbox 2099 1900 3685 1978; baseline -0.007 -15"><span class='ocrx_word' id='word_1_334' title='bbox 2099 1908 2219 1963; x_wconf 89' lang='lat' dir='ltr'><strong>dem</strong></span> <span class='ocrx_word' id='word_1_335' title='bbox 2246 1908 2638 1978; x_wconf 86' lang='lat' dir='ltr'><strong>interpretatur</strong></span> <span class='ocrx_word' id='word_1_336' title='bbox 2657 1900 2895 1960; x_wconf 70' lang='lat' dir='ltr'><strong>ascensio</strong></span> <span class='ocrx_word' id='word_1_337' title='bbox 2940 1903 3164 1973; x_wconf 74' lang='lat' dir='ltr'><strong>specula:</strong></span> <span class='ocrx_word' id='word_1_338' title='bbox 3190 1901 3348 1974; x_wconf 62' lang='grc'><strong>142</strong></span> <span class='ocrx_word' id='word_1_339' title='bbox 3371 1902 3484 1955; x_wconf 85' lang='lat' dir='ltr'><strong>sive</strong></span> <span class='ocrx_word' id='word_1_340' title='bbox 3507 1901 3685 1954; x_wconf 76' lang='lat' dir='ltr'><strong>turris.</strong></span> 
     </span>
    </p>
   </div>
   <div class='ocr_carea' id='block_1_50' title="bbox 2096 1992 3688 2069">
    <p class='ocr_par' dir='ltr' id='par_1_50' title="bbox 2096 1992 3688 2069">
     <span class='ocr_line' id='line_1_50' title="bbox 2096 1992 3688 2069; baseline -0.005 -16"><span class='ocrx_word' id='word_1_341' title='bbox 2096 2000 2141 2053; x_wconf 80' lang='grc' dir='ltr'><strong>Α</strong></span> <span class='ocrx_word' id='word_1_342' title='bbox 2181 2000 2363 2069; x_wconf 90' lang='lat' dir='ltr'><strong>parvis</strong></span> <span class='ocrx_word' id='word_1_343' title='bbox 2395 1999 2541 2053; x_wconf 89' lang='lat' dir='ltr'><strong>enim</strong></span> <span class='ocrx_word' id='word_1_344' title='bbox 2583 1998 2649 2052; x_wconf 90' lang='lat' dir='ltr'><strong>ad</strong></span> <span class='ocrx_word' id='word_1_345' title='bbox 2696 2013 2888 2067; x_wconf 89' lang='lat' dir='ltr'><strong>magna</strong></span> <span class='ocrx_word' id='word_1_346' title='bbox 2928 1994 3331 2051; x_wconf 87' lang='lat' dir='ltr'><strong>conscenditur.</strong></span> <span class='ocrx_word' id='word_1_347' title='bbox 3380 1992 3496 2047; x_wconf 82' lang='lat' dir='ltr'><strong>Non</strong></span> <span class='ocrx_word' id='word_1_348' title='bbox 3544 1992 3688 2045; x_wconf 90' lang='lat' dir='ltr'><strong>enim</strong></span> 
     </span>
    </p>
   </div>
   <div class='ocr_carea' id='block_1_51' title="bbox 2098 2081 3689 2159">
    <p class='ocr_par' dir='ltr' id='par_1_51' title="bbox 2098 2081 3689 2159">
     <span class='ocr_line' id='line_1_51' title="bbox 2098 2081 3689 2159; baseline -0.008 -13"><span class='ocrx_word' id='word_1_349' title='bbox 2098 2091 2214 2146; x_wconf 69' lang='lat' dir='ltr'><strong>haec</strong></span> <span class='ocrx_word' id='word_1_350' title='bbox 2260 2091 2468 2144; x_wconf 87' lang='lat' dir='ltr'><strong>mansio</strong></span> <span class='ocrx_word' id='word_1_351' title='bbox 2506 2088 2605 2143; x_wconf 91' lang='lat' dir='ltr'><strong>fuit</strong></span> <span class='ocrx_word' id='word_1_352' title='bbox 2651 2089 2703 2143; x_wconf 88' lang='lat' dir='ltr'><strong>in</strong></span> <span class='ocrx_word' id='word_1_353' title='bbox 2755 2088 2869 2159; x_wconf 87' lang='lat' dir='ltr'><strong>ipsa</strong></span> <span class='ocrx_word' id='word_1_354' title='bbox 2914 2085 3129 2157; x_wconf 84' lang='lat' dir='ltr'><strong>specula</strong></span> <span class='ocrx_word' id='word_1_355' title='bbox 3158 2126 3172 2151; x_wconf 93' lang='lat'><strong>,</strong></span> <span class='ocrx_word' id='word_1_356' title='bbox 3219 2086 3312 2139; x_wconf 87' lang='lat' dir='ltr'><strong>sed</strong></span> <span class='ocrx_word' id='word_1_357' title='bbox 3362 2081 3689 2155; x_wconf 79' lang='lat' dir='ltr'><strong>respiciebat</strong></span> 
     </span>
    </p>
   </div>
   <div class='ocr_carea' id='block_1_52' title="bbox 2098 2176 3693 2251">
    <p class='ocr_par' dir='ltr' id='par_1_52' title="bbox 2098 2176 3693 2251">
     <span class='ocr_line' id='line_1_52' title="bbox 2098 2176 3693 2251; baseline -0.004 -16"><span class='ocrx_word' id='word_1_358' title='bbox 2098 2182 2393 2251; x_wconf 87' lang='lat' dir='ltr'><strong>speculam.</strong></span> <span class='ocrx_word' id='word_1_359' title='bbox 2425 2182 2562 2249; x_wconf 82' lang='lat' dir='ltr'><strong>Quia</strong></span> <span class='ocrx_word' id='word_1_360' title='bbox 2602 2182 2837 2235; x_wconf 88' lang='lat' dir='ltr'><strong>novitius</strong></span> <span class='ocrx_word' id='word_1_361' title='bbox 2868 2180 3098 2249; x_wconf 87' lang='lat' dir='ltr'><strong>quisque</strong></span> <span class='ocrx_word' id='word_1_362' title='bbox 3118 2221 3133 2245; x_wconf 91' lang='lat'><strong>,</strong></span> <span class='ocrx_word' id='word_1_363' title='bbox 3173 2179 3273 2233; x_wconf 85' lang='lat' dir='ltr'><strong>etsi</strong></span> <span class='ocrx_word' id='word_1_364' title='bbox 3304 2179 3370 2231; x_wconf 92' lang='lat' dir='ltr'><strong>ad</strong></span> <span class='ocrx_word' id='word_1_365' title='bbox 3401 2176 3693 2247; x_wconf 85' lang='lat' dir='ltr'><strong>speculati-</strong></span> 
     </span>
    </p>
   </div>
   <div class='ocr_carea' id='block_1_53' title="bbox 2099 2267 3687 2340">
    <p class='ocr_par' dir='ltr' id='par_1_53' title="bbox 2099 2267 3687 2340">
     <span class='ocr_line' id='line_1_53' title="bbox 2099 2267 3687 2340; baseline -0.003 -16"><span class='ocrx_word' id='word_1_366' title='bbox 2099 2286 2223 2325; x_wconf 90' lang='lat' dir='ltr'><strong>vam</strong></span> <span class='ocrx_word' id='word_1_367' title='bbox 2275 2273 2436 2324; x_wconf 85' lang='lat' dir='ltr'><strong>vitam</strong></span> <span class='ocrx_word' id='word_1_368' title='bbox 2482 2270 2595 2338; x_wconf 86' lang='lat' dir='ltr'><strong>jam</strong></span> <span class='ocrx_word' id='word_1_369' title='bbox 2647 2287 2744 2340; x_wconf 89' lang='lat' dir='ltr'><strong>per</strong></span> <span class='ocrx_word' id='word_1_370' title='bbox 2794 2271 3122 2325; x_wconf 86' lang='lat' dir='ltr'><strong>desiderium</strong></span> <span class='ocrx_word' id='word_1_371' title='bbox 3178 2269 3402 2332; x_wconf 86' lang='lat' dir='ltr'><strong>tendat,</strong></span> <span class='ocrx_word' id='word_1_372' title='bbox 3458 2267 3687 2321; x_wconf 87' lang='lat' dir='ltr'><strong>necdunt</strong></span> 
     </span>
    </p>
   </div>
   <div class='ocr_carea' id='block_1_54' title="bbox 2102 2357 3690 2429">
    <p class='ocr_par' dir='ltr' id='par_1_54' title="bbox 2102 2357 3690 2429">
     <span class='ocr_line' id='line_1_54' title="bbox 2102 2357 3690 2429; baseline -0.004 -12"><span class='ocrx_word' id='word_1_373' title='bbox 2102 2372 2281 2417; x_wconf 83' lang='lat' dir='ltr'><strong>tamen</strong></span> <span class='ocrx_word' id='word_1_374' title='bbox 2327 2362 2393 2415; x_wconf 89' lang='lat' dir='ltr'><strong>ad</strong></span> <span class='ocrx_word' id='word_1_375' title='bbox 2423 2360 2774 2429; x_wconf 40' lang='lat' dir='ltr'><strong>.speculativae</strong></span> <span class='ocrx_word' id='word_1_376' title='bbox 2818 2358 3171 2428; x_wconf 78' lang='lat' dir='ltr'><strong>perfectionis</strong></span> <span class='ocrx_word' id='word_1_377' title='bbox 3211 2357 3422 2413; x_wconf 88' lang='lat' dir='ltr'><strong>culmen</strong></span> <span class='ocrx_word' id='word_1_378' title='bbox 3467 2357 3690 2428; x_wconf 68' lang='lat' dir='ltr'><strong>anpirat.</strong></span> 
     </span>
    </p>
   </div>
   <div class='ocr_carea' id='block_1_55' title="bbox 2100 2449 3690 2522">
    <p class='ocr_par' dir='ltr' id='par_1_55' title="bbox 2100 2449 3690 2522">
     <span class='ocr_line' id='line_1_55' title="bbox 2100 2449 3690 2522; baseline -0.006 -15"><span class='ocrx_word' id='word_1_379' title='bbox 2100 2455 2465 2522; x_wconf 85' lang='lat' dir='ltr'><strong>Quamobrem</strong></span> <span class='ocrx_word' id='word_1_380' title='bbox 2500 2452 2609 2507; x_wconf 91' lang='lat' dir='ltr'><strong>illic</strong></span> <span class='ocrx_word' id='word_1_381' title='bbox 2638 2461 2765 2521; x_wconf 90' lang='lat' dir='ltr'><strong>apte</strong></span> <span class='ocrx_word' id='word_1_382' title='bbox 2805 2451 3149 2521; x_wconf 72' lang='lat' dir='ltr'><strong>subiungitur</strong></span> <span class='ocrx_word' id='word_1_383' title='bbox 3178 2468 3192 2503; x_wconf 91' lang='lat'>:</span> <span class='ocrx_word' id='word_1_384' title='bbox 3236 2468 3255 2501; x_wconf 85' lang='grc'><strong><em>‹</em></strong></span> <span class='ocrx_word' id='word_1_385' title='bbox 3290 2449 3353 2503; x_wconf 85' lang='lat' dir='ltr'><strong>Et</strong></span> <span class='ocrx_word' id='word_1_386' title='bbox 3396 2460 3690 2502; x_wconf 76' lang='lat' dir='ltr'><strong>castrame-</strong></span> 
     </span>
    </p>
   </div>
   <div class='ocr_carea' id='block_1_56' title="bbox 2100 2538 3689 2615">
    <p class='ocr_par' dir='ltr' id='par_1_56' title="bbox 2100 2538 3689 2615">
     <span class='ocr_line' id='line_1_56' title="bbox 2100 2538 3689 2615; baseline -0.006 -14"><span class='ocrx_word' id='word_1_387' title='bbox 2100 2548 2199 2601; x_wconf 88' lang='lat' dir='ltr'><strong>tati</strong></span> <span class='ocrx_word' id='word_1_388' title='bbox 2231 2555 2355 2600; x_wconf 90' lang='lat' dir='ltr'><strong>sunt</strong></span> <span class='ocrx_word' id='word_1_389' title='bbox 2385 2556 2512 2600; x_wconf 89' lang='lat' dir='ltr'><strong>ante</strong></span> <span class='ocrx_word' id='word_1_390' title='bbox 2541 2542 2841 2615; x_wconf 83' lang='lat' dir='ltr'><strong>Magdalum</strong></span> <span class='ocrx_word' id='word_1_391' title='bbox 2871 2542 3059 2613; x_wconf 87' lang='lat' dir='ltr'><strong>(Num.</strong></span> <span class='ocrx_word' id='word_1_392' title='bbox 3085 2542 3304 2611; x_wconf 74' lang='lat' dir='ltr'><strong>xxntt).</strong></span> <span class='ocrx_word' id='word_1_393' title='bbox 3336 2560 3353 2592; x_wconf 82' lang='grc' dir='ltr'><strong>ι</strong></span> <span class='ocrx_word' id='word_1_394' title='bbox 3392 2538 3689 2609; x_wconf 81' lang='lat' dir='ltr'><strong>Magdalus,</strong></span> 
     </span>
    </p>
   </div>
   <div class='ocr_carea' id='block_1_57' title="bbox 2100 2628 3692 2706">
    <p class='ocr_par' dir='ltr' id='par_1_57' title="bbox 2100 2628 3692 2706">
     <span class='ocr_line' id='line_1_57' title="bbox 2100 2628 3692 2706; baseline -0.007 -15"><span class='ocrx_word' id='word_1_395' title='bbox 2100 2636 2491 2706; x_wconf 78' lang='lat' dir='ltr'><strong>magniﬁcentia</strong></span> <span class='ocrx_word' id='word_1_396' title='bbox 2521 2635 2739 2689; x_wconf 84' lang='lat' dir='ltr'><strong>dicitur.</strong></span> <span class='ocrx_word' id='word_1_397' title='bbox 2772 2632 2993 2687; x_wconf 86' lang='lat' dir='ltr'><strong>Novitcr</strong></span> <span class='ocrx_word' id='word_1_398' title='bbox 3019 2631 3163 2686; x_wconf 89' lang='lat' dir='ltr'><strong>enim</strong></span> <span class='ocrx_word' id='word_1_399' title='bbox 3191 2629 3315 2700; x_wconf 85' lang='lat' dir='ltr'><strong>quis</strong></span> <span class='ocrx_word' id='word_1_400' title='bbox 3349 2629 3416 2682; x_wconf 86' lang='lat' dir='ltr'><strong>ad</strong></span> <span class='ocrx_word' id='word_1_401' title='bbox 3455 2628 3545 2682; x_wconf 81' lang='lat' dir='ltr'><strong>Dei</strong></span> <span class='ocrx_word' id='word_1_402' title='bbox 3575 2641 3692 2681; x_wconf 85' lang='lat' dir='ltr'><strong>ser-</strong></span> 
     </span>
    </p>
   </div>
   <div class='ocr_carea' id='block_1_58' title="bbox 2100 2715 3694 2790">
    <p class='ocr_par' dir='ltr' id='par_1_58' title="bbox 2100 2715 3694 2790">
     <span class='ocr_line' id='line_1_58' title="bbox 2100 2715 3694 2790; baseline -0.006 -10"><span class='ocrx_word' id='word_1_403' title='bbox 2100 2726 2291 2780; x_wconf 84' lang='lat' dir='ltr'><strong>vitium</strong></span> <span class='ocrx_word' id='word_1_404' title='bbox 2322 2725 2547 2779; x_wconf 90' lang='lat' dir='ltr'><strong>veniens</strong></span> <span class='ocrx_word' id='word_1_405' title='bbox 2591 2722 2963 2777; x_wconf 88' lang='lat' dir='ltr'><strong>ascensionem</strong></span> <span class='ocrx_word' id='word_1_406' title='bbox 2994 2719 3224 2790; x_wconf 77' lang='lat' dir='ltr'><strong>specula:</strong></span> <span class='ocrx_word' id='word_1_407' title='bbox 3254 2728 3305 2773; x_wconf 91' lang='lat' dir='ltr'><strong>et</strong></span> <span class='ocrx_word' id='word_1_408' title='bbox 3343 2715 3694 2788; x_wconf 76' lang='lat' dir='ltr'><strong>magniﬁcen-</strong></span> 
     </span>
    </p>
   </div>
   <div class='ocr_carea' id='block_1_59' title="bbox 2100 2806 3696 2885">
    <p class='ocr_par' dir='ltr' id='par_1_59' title="bbox 2100 2806 3696 2885">
     <span class='ocr_line' id='line_1_59' title="bbox 2100 2806 3696 2885; baseline -0.007 -14"><span class='ocrx_word' id='word_1_409' title='bbox 2100 2817 2231 2871; x_wconf 89' lang='lat' dir='ltr'><strong>tiam</strong></span> <span class='ocrx_word' id='word_1_410' title='bbox 2253 2816 2364 2885; x_wconf 68' lang='lat' dir='ltr'><strong>iam</strong></span> <span class='ocrx_word' id='word_1_411' title='bbox 2390 2815 2608 2884; x_wconf 86' lang='lat' dir='ltr'><strong>quidem</strong></span> <span class='ocrx_word' id='word_1_412' title='bbox 2646 2814 2698 2867; x_wconf 91' lang='lat' dir='ltr'><strong>in</strong></span> <span class='ocrx_word' id='word_1_413' title='bbox 2735 2818 3029 2880; x_wconf 88' lang='lat' dir='ltr'><strong>conspectu</strong></span> <span class='ocrx_word' id='word_1_414' title='bbox 3071 2824 3170 2864; x_wconf 91' lang='lat' dir='ltr'><strong>suo</strong></span> <span class='ocrx_word' id='word_1_415' title='bbox 3198 2825 3293 2880; x_wconf 87' lang='lat' dir='ltr'><strong>per</strong></span> <span class='ocrx_word' id='word_1_416' title='bbox 3340 2806 3696 2861; x_wconf 84' lang='lat' dir='ltr'><strong>intentionem</strong></span> 
     </span>
    </p>
   </div>
   <div class='ocr_carea' id='block_1_60' title="bbox 2103 2897 3690 2978">
    <p class='ocr_par' dir='ltr' id='par_1_60' title="bbox 2103 2897 3690 2978">
     <span class='ocr_line' id='line_1_60' title="bbox 2103 2897 3690 2978; baseline -0.009 -13"><span class='ocrx_word' id='word_1_417' title='bbox 2103 2916 2270 2974; x_wconf 90' lang='lat' dir='ltr'><strong>tenet,</strong></span> <span class='ocrx_word' id='word_1_418' title='bbox 2285 2910 2377 2964; x_wconf 90' lang='lat' dir='ltr'><strong>sed</strong></span> <span class='ocrx_word' id='word_1_419' title='bbox 2392 2923 2489 2978; x_wconf 90' lang='lat' dir='ltr'><strong>per</strong></span> <span class='ocrx_word' id='word_1_420' title='bbox 2499 2906 2748 2962; x_wconf 79' lang='lat' dir='ltr'><strong>eﬂ&#39;ectutn</strong></span> <span class='ocrx_word' id='word_1_421' title='bbox 2766 2903 2981 2959; x_wconf 83' lang='lat' dir='ltr'><strong>virtutis</strong></span> <span class='ocrx_word' id='word_1_422' title='bbox 2994 2902 3228 2957; x_wconf 86' lang='lat' dir='ltr'><strong>nondum</strong></span> <span class='ocrx_word' id='word_1_423' title='bbox 3252 2899 3484 2971; x_wconf 89' lang='lat' dir='ltr'><strong>possidet</strong></span> <span class='ocrx_word' id='word_1_424' title='bbox 3502 2914 3517 2964; x_wconf 89' lang='lat'><strong>;</strong></span> <span class='ocrx_word' id='word_1_425' title='bbox 3542 2897 3690 2968; x_wconf 86' lang='lat' dir='ltr'><strong>quia,</strong></span> 
     </span>
    </p>
   </div>
   <div class='ocr_carea' id='block_1_61' title="bbox 2101 2990 3697 3071">
    <p class='ocr_par' dir='ltr' id='par_1_61' title="bbox 2101 2990 3697 3071">
     <span class='ocr_line' id='line_1_61' title="bbox 2101 2990 3697 3071; baseline -0.01 -13"><span class='ocrx_word' id='word_1_426' title='bbox 2101 3003 2230 3058; x_wconf 85' lang='lat' dir='ltr'><strong>licet</strong></span> <span class='ocrx_word' id='word_1_427' title='bbox 2264 3016 2358 3071; x_wconf 90' lang='lat' dir='ltr'><strong>spe</strong></span> <span class='ocrx_word' id='word_1_428' title='bbox 2389 2997 2865 3069; x_wconf 86' lang='lat' dir='ltr'><strong>contemplationis</strong></span> <span class='ocrx_word' id='word_1_429' title='bbox 2896 3004 2948 3050; x_wconf 92' lang='lat' dir='ltr'><strong>et</strong></span> <span class='ocrx_word' id='word_1_430' title='bbox 2988 2991 3340 3065; x_wconf 85' lang='lat' dir='ltr'><strong>perfectionis</strong></span> <span class='ocrx_word' id='word_1_431' title='bbox 3371 2990 3481 3057; x_wconf 84' lang='lat' dir='ltr'><strong>jam</strong></span> <span class='ocrx_word' id='word_1_432' title='bbox 3509 3004 3697 3059; x_wconf 55' lang='lat' dir='ltr'><strong>pasca.</strong></span> 
     </span>
    </p>
   </div>
   <div class='ocr_carea' id='block_1_62' title="bbox 2102 3088 3697 3153">
    <p class='ocr_par' dir='ltr' id='par_1_62' title="bbox 2102 3088 3697 3153">
     <span class='ocr_line' id='line_1_62' title="bbox 2102 3088 3697 3153; baseline -0.011 -4"><span class='ocrx_word' id='word_1_433' title='bbox 2102 3103 2193 3150; x_wconf 92' lang='lat' dir='ltr'><strong>tur</strong></span> <span class='ocrx_word' id='word_1_434' title='bbox 2221 3101 2277 3149; x_wconf 91' lang='lat' dir='ltr'><strong>et</strong></span> <span class='ocrx_word' id='word_1_435' title='bbox 2317 3091 2607 3153; x_wconf 89' lang='lat' dir='ltr'><strong>nutriatur,</strong></span> <span class='ocrx_word' id='word_1_436' title='bbox 2654 3088 2884 3143; x_wconf 86' lang='lat' dir='ltr'><strong>necdum</strong></span> <span class='ocrx_word' id='word_1_437' title='bbox 2912 3096 3095 3140; x_wconf 89' lang='lat' dir='ltr'><strong>tamen</strong></span> <span class='ocrx_word' id='word_1_438' title='bbox 3126 3089 3516 3137; x_wconf 70' lang='lat' dir='ltr'><strong>consummata:</strong></span> <span class='ocrx_word' id='word_1_439' title='bbox 3542 3094 3697 3133; x_wconf 89' lang='lat' dir='ltr'><strong>mun-</strong></span> 
     </span>
    </p>
   </div>
   <div class='ocr_carea' id='block_1_63' title="bbox 410 3154 3697 3266">
    <p class='ocr_par' dir='ltr' id='par_1_63' title="bbox 410 3154 3697 3266">
     <span class='ocr_line' id='line_1_63' title="bbox 410 3154 3697 3266; baseline -0.003 -15"><span class='ocrx_word' id='word_1_440' title='bbox 410 3154 739 3265; x_wconf 45' lang='lat' dir='ltr'><strong>assii.</strong></span> <span class='ocrx_word' id='word_1_441' title='bbox 758 3154 1995 3266; x_wconf 52' lang='grc' dir='ltr'><strong>ῌυὲιὶιῖᾗιῇἷιὲῖἐξξῇἷᾷξῖἐὲιέὲῖέιῖἶξιιῖἶέιζῖιιιξ</strong></span> <span class='ocrx_word' id='word_1_442' title='bbox 2025 3154 2072 3217; x_wconf 70' lang='grc'><strong>(³</strong></span> <span class='ocrx_word' id='word_1_443' title='bbox 2099 3186 2246 3240; x_wconf 73' lang='lat' dir='ltr'><strong>auiae</strong></span> <span class='ocrx_word' id='word_1_444' title='bbox 2289 3182 2373 3237; x_wconf 73' lang='lat' dir='ltr'><strong>vel</strong></span> <span class='ocrx_word' id='word_1_445' title='bbox 2417 3194 2665 3251; x_wconf 63' lang='lat' dir='ltr'><strong>supernae</strong></span> <span class='ocrx_word' id='word_1_446' title='bbox 2712 3177 2902 3247; x_wconf 67' lang='lat' dir='ltr'><strong>gratiae</strong></span> <span class='ocrx_word' id='word_1_447' title='bbox 2946 3176 3122 3229; x_wconf 70' lang='lat' dir='ltr'><strong>nitore</strong></span> <span class='ocrx_word' id='word_1_448' title='bbox 3161 3172 3482 3266; x_wconf 61' lang='lat' dir='ltr'><strong>pertrlnitur-</strong></span> <span class='ocrx_word' id='word_1_449' title='bbox 3517 3168 3619 3266; x_wconf 73' lang='lat' dir='ltr'><strong>_Ut.</strong></span> <span class='ocrx_word' id='word_1_450' title='bbox 3651 3169 3697 3223; x_wconf 72' lang='lat' dir='ltr'><strong>si</strong></span> 
     </span>
    </p>
   </div>
   <div class='ocr_carea' id='block_1_64' title="bbox 410 3284 2002 3356">
    <p class='ocr_par' dir='ltr' id='par_1_64' title="bbox 410 3284 2002 3356">
     <span class='ocr_line' id='line_1_64' title="bbox 410 3284 2002 3356; baseline 0.001 -17"><span class='ocrx_word' id='word_1_451' title='bbox 410 3298 599 3339; x_wconf 79' lang='lat' dir='ltr'><strong>mense</strong></span> <span class='ocrx_word' id='word_1_452' title='bbox 642 3284 817 3353; x_wconf 89' lang='lat' dir='ltr'><strong>primo</strong></span> <span class='ocrx_word' id='word_1_453' title='bbox 840 3325 856 3348; x_wconf 92' lang='lat'><strong>,</strong></span> <span class='ocrx_word' id='word_1_454' title='bbox 886 3285 1075 3354; x_wconf 91' lang='lat' dir='ltr'><strong>quinta</strong></span> <span class='ocrx_word' id='word_1_455' title='bbox 1109 3286 1317 3340; x_wconf 88' lang='lat' dir='ltr'><strong>decima</strong></span> <span class='ocrx_word' id='word_1_456' title='bbox 1361 3286 1482 3340; x_wconf 91' lang='lat' dir='ltr'><strong>luna</strong></span> <span class='ocrx_word' id='word_1_457' title='bbox 1507 3326 1523 3351; x_wconf 95' lang='lat'><strong>,</strong></span> <span class='ocrx_word' id='word_1_458' title='bbox 1565 3287 1619 3341; x_wconf 92' lang='lat' dir='ltr'><strong>in</strong></span> <span class='ocrx_word' id='word_1_459' title='bbox 1652 3287 1769 3356; x_wconf 92' lang='lat' dir='ltr'><strong>ipso</strong></span> <span class='ocrx_word' id='word_1_460' title='bbox 1795 3287 2002 3342; x_wconf 85' lang='lat' dir='ltr'><strong>scilicet</strong></span> 
     </span>
    </p>
   </div>
   <div class='ocr_carea' id='block_1_65' title="bbox 411 3373 2001 3443">
    <p class='ocr_par' dir='ltr' id='par_1_65' title="bbox 411 3373 2001 3443">
     <span class='ocr_line' id='line_1_65' title="bbox 411 3373 2001 3443; baseline 0.001 -16"><span class='ocrx_word' id='word_1_461' title='bbox 411 3373 709 3443; x_wconf 87' lang='lat' dir='ltr'><strong>plenilunio</strong></span> <span class='ocrx_word' id='word_1_462' title='bbox 734 3390 798 3430; x_wconf 89' lang='lat' dir='ltr'><strong>ac</strong></span> <span class='ocrx_word' id='word_1_463' title='bbox 828 3376 970 3431; x_wconf 84' lang='lat' dir='ltr'><strong>veris</strong></span> <span class='ocrx_word' id='word_1_464' title='bbox 994 3376 1238 3431; x_wconf 77' lang='lat' dir='ltr'><strong>exordio.</strong></span> <span class='ocrx_word' id='word_1_465' title='bbox 1268 3376 1335 3431; x_wconf 87' lang='lat' dir='ltr'><strong>Et</strong></span> <span class='ocrx_word' id='word_1_466' title='bbox 1372 3392 1491 3440; x_wconf 87' lang='lat' dir='ltr'><strong>nos,</strong></span> <span class='ocrx_word' id='word_1_467' title='bbox 1516 3393 1638 3431; x_wconf 74' lang='lat' dir='ltr'><strong>cum</strong></span> <span class='ocrx_word' id='word_1_468' title='bbox 1665 3392 1889 3431; x_wconf 63' lang='lat' dir='ltr'><strong>summae</strong></span> <span class='ocrx_word' id='word_1_469' title='bbox 1916 3376 2001 3429; x_wconf 84' lang='lat' dir='ltr'><strong>Iu-</strong></span> 
     </span>
    </p>
   </div>
   <div class='ocr_carea' id='block_1_66' title="bbox 411 3468 2031 3534">
    <p class='ocr_par' dir='ltr' id='par_1_66' title="bbox 411 3468 2031 3534">
     <span class='ocr_line' id='line_1_66' title="bbox 411 3468 2031 3534; baseline 0.001 -11"><span class='ocrx_word' id='word_1_470' title='bbox 411 3468 493 3523; x_wconf 81' lang='lat' dir='ltr'><strong>cis</strong></span> <span class='ocrx_word' id='word_1_471' title='bbox 526 3468 694 3522; x_wconf 91' lang='lat' dir='ltr'><strong>radiis</strong></span> <span class='ocrx_word' id='word_1_472' title='bbox 722 3468 1074 3534; x_wconf 86' lang='lat' dir='ltr'><strong>illustramur,</strong></span> <span class='ocrx_word' id='word_1_473' title='bbox 1107 3484 1229 3524; x_wconf 88' lang='lat' dir='ltr'><strong>cum</strong></span> <span class='ocrx_word' id='word_1_474' title='bbox 1262 3470 1314 3523; x_wconf 91' lang='lat' dir='ltr'><strong>in</strong></span> <span class='ocrx_word' id='word_1_475' title='bbox 1346 3470 1502 3525; x_wconf 90' lang='lat' dir='ltr'><strong>nobis</strong></span> <span class='ocrx_word' id='word_1_476' title='bbox 1528 3472 1682 3525; x_wconf 73' lang='lat' dir='ltr'><strong>bonte</strong></span> <span class='ocrx_word' id='word_1_477' title='bbox 1710 3469 2031 3525; x_wconf 81' lang='lat' dir='ltr'><strong>voluntatis&quot;</strong></span> 
     </span>
    </p>
   </div>
   <div class='ocr_carea' id='block_1_67' title="bbox 412 3559 2000 3630">
    <p class='ocr_par' dir='ltr' id='par_1_67' title="bbox 412 3559 2000 3630">
     <span class='ocr_line' id='line_1_67' title="bbox 412 3559 2000 3630; baseline 0.001 -17"><span class='ocrx_word' id='word_1_478' title='bbox 412 3559 576 3613; x_wconf 81' lang='lat' dir='ltr'><strong>llores</strong></span> <span class='ocrx_word' id='word_1_479' title='bbox 601 3568 913 3628; x_wconf 88' lang='lat' dir='ltr'><strong>erumpunt,</strong></span> <span class='ocrx_word' id='word_1_480' title='bbox 942 3574 1066 3614; x_wconf 89' lang='lat' dir='ltr'><strong>cum</strong></span> <span class='ocrx_word' id='word_1_481' title='bbox 1097 3560 1281 3615; x_wconf 87' lang='lat' dir='ltr'><strong>omnia</strong></span> <span class='ocrx_word' id='word_1_482' title='bbox 1314 3570 1667 3626; x_wconf 89' lang='lat' dir='ltr'><strong>renovantur,</strong></span> <span class='ocrx_word' id='word_1_483' title='bbox 1694 3577 1816 3616; x_wconf 92' lang='lat' dir='ltr'><strong>cum</strong></span> <span class='ocrx_word' id='word_1_484' title='bbox 1846 3572 2000 3630; x_wconf 90' lang='lat' dir='ltr'><strong>prata</strong></span> 
     </span>
    </p>
   </div>
   <div class='ocr_carea' id='block_1_68' title="bbox 414 3647 2003 3720">
    <p class='ocr_par' dir='ltr' id='par_1_68' title="bbox 414 3647 2003 3720">
     <span class='ocr_line' id='line_1_68' title="bbox 414 3647 2003 3720; baseline 0.001 -16"><span class='ocrx_word' id='word_1_485' title='bbox 414 3647 650 3716; x_wconf 82' lang='lat' dir='ltr'><strong>denique</strong></span> <span class='ocrx_word' id='word_1_486' title='bbox 679 3657 988 3703; x_wconf 89' lang='lat' dir='ltr'><strong>nostrorum</strong></span> <span class='ocrx_word' id='word_1_487' title='bbox 1014 3650 1258 3703; x_wconf 89' lang='lat' dir='ltr'><strong>cordinm</strong></span> <span class='ocrx_word' id='word_1_488' title='bbox 1294 3651 1514 3720; x_wconf 88' lang='lat' dir='ltr'><strong>superni</strong></span> <span class='ocrx_word' id='word_1_489' title='bbox 1542 3650 1670 3706; x_wconf 92' lang='lat' dir='ltr'><strong>solis</strong></span> <span class='ocrx_word' id='word_1_490' title='bbox 1706 3651 1893 3706; x_wconf 83' lang='lat' dir='ltr'><strong>fomite</strong></span> <span class='ocrx_word' id='word_1_491' title='bbox 1922 3668 2003 3706; x_wconf 82' lang='lat' dir='ltr'><strong>rc-</strong></span> 
     </span>
    </p>
   </div>
   <div class='ocr_carea' id='block_1_69' title="bbox 304 3737 2001 3811">
    <p class='ocr_par' dir='ltr' id='par_1_69' title="bbox 304 3737 2001 3811">
     <span class='ocr_line' id='line_1_69' title="bbox 304 3737 2001 3811; baseline 0.001 -17"><span class='ocrx_word' id='word_1_492' title='bbox 304 3743 315 3755; x_wconf 93' lang='lat'><strong><em>&#39;</em></strong></span> <span class='ocrx_word' id='word_1_493' title='bbox 413 3737 720 3805; x_wconf 80' lang='lat' dir='ltr'><strong>calescunt,</strong></span> <span class='ocrx_word' id='word_1_494' title='bbox 764 3747 890 3794; x_wconf 89' lang='lat' dir='ltr'><strong>tunc</strong></span> <span class='ocrx_word' id='word_1_495' title='bbox 930 3754 998 3794; x_wconf 83' lang='lat' dir='ltr'><strong>ex</strong></span> <span class='ocrx_word' id='word_1_496' title='bbox 1027 3738 1247 3811; x_wconf 57' lang='lat' dir='ltr'><strong>[Egypti</strong></span> <span class='ocrx_word' id='word_1_497' title='bbox 1288 3740 1527 3797; x_wconf 85' lang='lat' dir='ltr'><strong>tenebris</strong></span> <span class='ocrx_word' id='word_1_498' title='bbox 1554 3740 1739 3811; x_wconf 83' lang='lat' dir='ltr'><strong>egredi</strong></span> <span class='ocrx_word' id='word_1_499' title='bbox 1776 3740 2001 3796; x_wconf 80' lang='lat' dir='ltr'><strong>festina-</strong></span> 
     </span>
    </p>
   </div>
   <div class='ocr_carea' id='block_1_70' title="bbox 416 3844 560 3884">
    <p class='ocr_par' dir='ltr' id='par_1_70' title="bbox 416 3844 560 3884">
     <span class='ocr_line' id='line_1_70' title="bbox 416 3844 560 3884; baseline -0.007 0"><span class='ocrx_word' id='word_1_500' title='bbox 416 3844 560 3884; x_wconf 73' lang='grc'><strong>111118.</strong></span> 
     </span>
    </p>
   </div>
   <div class='ocr_carea' id='block_1_71' title="bbox 487 3921 2002 3979">
    <p class='ocr_par' dir='ltr' id='par_1_71' title="bbox 487 3921 2002 3979">
     <span class='ocr_line' id='line_1_71' title="bbox 487 3921 2002 3979; baseline 0.002 -3"><span class='ocrx_word' id='word_1_501' title='bbox 487 3921 734 3976; x_wconf 78' lang='lat' dir='ltr'><strong>Secunda</strong></span> <span class='ocrx_word' id='word_1_502' title='bbox 775 3923 985 3977; x_wconf 82' lang='lat' dir='ltr'><strong>mansio</strong></span> <span class='ocrx_word' id='word_1_503' title='bbox 1020 3922 1079 3977; x_wconf 86' lang='lat' dir='ltr'><strong>fit</strong></span> <span class='ocrx_word' id='word_1_504' title='bbox 1114 3924 1165 3977; x_wconf 94' lang='lat' dir='ltr'><strong>in</strong></span> <span class='ocrx_word' id='word_1_505' title='bbox 1204 3922 1428 3978; x_wconf 88' lang='lat' dir='ltr'><strong>Sochot.</strong></span> <span class='ocrx_word' id='word_1_506' title='bbox 1468 3922 1672 3978; x_wconf 88' lang='lat' dir='ltr'><strong>Sochot</strong></span> <span class='ocrx_word' id='word_1_507' title='bbox 1698 3933 1878 3979; x_wconf 88' lang='lat' dir='ltr'><strong>autem</strong></span> <span class='ocrx_word' id='word_1_508' title='bbox 1916 3924 2002 3979; x_wconf 88' lang='lat' dir='ltr'><strong>in-</strong></span> 
     </span>
    </p>
   </div>
   <div class='ocr_carea' id='block_1_72' title="bbox 416 4013 2004 4086">
    <p class='ocr_par' dir='ltr' id='par_1_72' title="bbox 416 4013 2004 4086">
     <span class='ocr_line' id='line_1_72' title="bbox 416 4013 2004 4086; baseline 0.002 -18"><span class='ocrx_word' id='word_1_509' title='bbox 416 4020 751 4081; x_wconf 88' lang='lat' dir='ltr'><strong>terpretatur</strong></span> <span class='ocrx_word' id='word_1_510' title='bbox 789 4014 1152 4068; x_wconf 82' lang='lat' dir='ltr'><strong>tabernacula.</strong></span> <span class='ocrx_word' id='word_1_511' title='bbox 1190 4013 1405 4069; x_wconf 88' lang='lat' dir='ltr'><strong>Primus</strong></span> <span class='ocrx_word' id='word_1_512' title='bbox 1444 4014 1609 4083; x_wconf 85' lang='lat' dir='ltr'><strong>igitur</strong></span> <span class='ocrx_word' id='word_1_513' title='bbox 1652 4016 1846 4070; x_wconf 65' lang='lat' dir='ltr'><strong>anima:</strong></span> <span class='ocrx_word' id='word_1_514' title='bbox 1879 4032 2004 4086; x_wconf 81' lang='lat' dir='ltr'><strong>pro-</strong></span> 
     </span>
    </p>
   </div>
   <div class='ocr_carea' id='block_1_73' title="bbox 417 4102 2004 4175">
    <p class='ocr_par' dir='ltr' id='par_1_73' title="bbox 417 4102 2004 4175">
     <span class='ocr_line' id='line_1_73' title="bbox 417 4102 2004 4175; baseline 0.003 -19"><span class='ocrx_word' id='word_1_515' title='bbox 417 4102 591 4156; x_wconf 86' lang='lat' dir='ltr'><strong>fectus</strong></span> <span class='ocrx_word' id='word_1_516' title='bbox 626 4113 711 4157; x_wconf 90' lang='lat' dir='ltr'><strong>est</strong></span> <span class='ocrx_word' id='word_1_517' title='bbox 743 4111 803 4155; x_wconf 93' lang='lat' dir='ltr'><strong>ut</strong></span> <span class='ocrx_word' id='word_1_518' title='bbox 842 4118 872 4155; x_wconf 90' lang='lat' dir='ltr'><strong>a</strong></span> <span class='ocrx_word' id='word_1_519' title='bbox 905 4104 1139 4158; x_wconf 86' lang='lat' dir='ltr'><strong>terrenis</strong></span> <span class='ocrx_word' id='word_1_520' title='bbox 1170 4118 1232 4158; x_wconf 88' lang='lat' dir='ltr'><strong>se</strong></span> <span class='ocrx_word' id='word_1_521' title='bbox 1275 4106 1728 4162; x_wconf 89' lang='lat' dir='ltr'><strong>commotionibus</strong></span> <span class='ocrx_word' id='word_1_522' title='bbox 1756 4107 2004 4175; x_wconf 87' lang='lat' dir='ltr'><strong>dividat,</strong></span> 
     </span>
    </p>
   </div>
   <div class='ocr_carea' id='block_1_74' title="bbox 416 4192 2001 4264">
    <p class='ocr_par' dir='ltr' id='par_1_74' title="bbox 416 4192 2001 4264">
     <span class='ocr_line' id='line_1_74' title="bbox 416 4192 2001 4264; baseline 0.003 -16"><span class='ocrx_word' id='word_1_523' title='bbox 416 4192 630 4262; x_wconf 83' lang='lat' dir='ltr'><strong>sibique</strong></span> <span class='ocrx_word' id='word_1_524' title='bbox 656 4201 914 4263; x_wconf 86' lang='lat' dir='ltr'><strong>tanquam</strong></span> <span class='ocrx_word' id='word_1_525' title='bbox 946 4195 1247 4264; x_wconf 65' lang='lat' dir='ltr'><strong>peregrinae</strong></span> <span class='ocrx_word' id='word_1_526' title='bbox 1273 4204 1330 4251; x_wconf 86' lang='lat' dir='ltr'><strong>et</strong></span> <span class='ocrx_word' id='word_1_527' title='bbox 1361 4194 1551 4252; x_wconf 60' lang='lat' dir='ltr'><strong>incolae</strong></span> <span class='ocrx_word' id='word_1_528' title='bbox 1580 4212 1687 4251; x_wconf 92' lang='lat' dir='ltr'><strong>non</strong></span> <span class='ocrx_word' id='word_1_529' title='bbox 1722 4197 2001 4253; x_wconf 86' lang='lat' dir='ltr'><strong>habitacu-</strong></span> 
     </span>
    </p>
   </div>
   <div class='ocr_carea' id='block_1_75' title="bbox 420 4283 2006 4359">
    <p class='ocr_par' dir='ltr' id='par_1_75' title="bbox 420 4283 2006 4359">
     <span class='ocr_line' id='line_1_75' title="bbox 420 4283 2006 4359; baseline 0.005 -23"><span class='ocrx_word' id='word_1_530' title='bbox 420 4284 526 4337; x_wconf 91' lang='lat' dir='ltr'><strong>lum</strong></span> <span class='ocrx_word' id='word_1_531' title='bbox 568 4283 738 4353; x_wconf 86' lang='lat' dir='ltr'><strong>figat,</strong></span> <span class='ocrx_word' id='word_1_532' title='bbox 772 4283 866 4338; x_wconf 90' lang='lat' dir='ltr'><strong>sed</strong></span> <span class='ocrx_word' id='word_1_533' title='bbox 902 4283 1078 4337; x_wconf 76' lang='lat' dir='ltr'><strong>exsilii</strong></span> <span class='ocrx_word' id='word_1_534' title='bbox 1118 4283 1521 4339; x_wconf 88' lang='lat' dir='ltr'><strong>tabernaculum</strong></span> <span class='ocrx_word' id='word_1_535' title='bbox 1560 4294 1773 4351; x_wconf 88' lang='lat' dir='ltr'><strong>struat,</strong></span> <span class='ocrx_word' id='word_1_536' title='bbox 1817 4286 2006 4359; x_wconf 79' lang='lat' dir='ltr'><strong>lugens</strong></span> 
     </span>
    </p>
   </div>
   <div class='ocr_carea' id='block_1_76' title="bbox 415 4377 2007 4450">
    <p class='ocr_par' dir='ltr' id='par_1_76' title="bbox 415 4377 2007 4450">
     <span class='ocr_line' id='line_1_76' title="bbox 415 4377 2007 4450; baseline 0.003 -20"><span class='ocrx_word' id='word_1_537' title='bbox 415 4392 541 4431; x_wconf 88' lang='lat' dir='ltr'><strong>cum</strong></span> <span class='ocrx_word' id='word_1_538' title='bbox 568 4377 830 4447; x_wconf 88' lang='lat' dir='ltr'><strong>propheta</strong></span> <span class='ocrx_word' id='word_1_539' title='bbox 859 4394 874 4430; x_wconf 90' lang='lat'><strong>:</strong></span> <span class='ocrx_word' id='word_1_540' title='bbox 912 4394 931 4429; x_wconf 81' lang='grc' dir='ltr'><strong>ι</strong></span> <span class='ocrx_word' id='word_1_541' title='bbox 962 4377 1075 4432; x_wconf 82' lang='lat' dir='ltr'><strong>Heu</strong></span> <span class='ocrx_word' id='word_1_542' title='bbox 1106 4379 1217 4432; x_wconf 88' lang='lat' dir='ltr'><strong>me!</strong></span> <span class='ocrx_word' id='word_1_543' title='bbox 1251 4378 1378 4449; x_wconf 91' lang='lat' dir='ltr'><strong>quia</strong></span> <span class='ocrx_word' id='word_1_544' title='bbox 1407 4378 1675 4435; x_wconf 88' lang='lat' dir='ltr'><strong>incolatus</strong></span> <span class='ocrx_word' id='word_1_545' title='bbox 1700 4394 1855 4435; x_wconf 89' lang='lat' dir='ltr'><strong>meus</strong></span> <span class='ocrx_word' id='word_1_546' title='bbox 1879 4395 2007 4450; x_wconf 87' lang='lat' dir='ltr'><strong>pro-</strong></span> 
     </span>
    </p>
   </div>
   <div class='ocr_carea' id='block_1_77' title="bbox 346 4459 1243 4541">
    <p class='ocr_par' dir='ltr' id='par_1_77' title="bbox 346 4459 1243 4541">
     <span class='ocr_line' id='line_1_77' title="bbox 346 4459 1243 4541; baseline 0.009 -22"><span class='ocrx_word' id='word_1_547' title='bbox 346 4459 359 4467; x_wconf 69' lang='grc'>’</span> <span class='ocrx_word' id='word_1_548' title='bbox 420 4465 675 4537; x_wconf 83' lang='lat' dir='ltr'><strong>longattts</strong></span> <span class='ocrx_word' id='word_1_549' title='bbox 702 4478 786 4523; x_wconf 88' lang='lat' dir='ltr'><strong>est</strong></span> <span class='ocrx_word' id='word_1_550' title='bbox 812 4466 984 4538; x_wconf 78' lang='lat' dir='ltr'><strong>(Paul.</strong></span> <span class='ocrx_word' id='word_1_551' title='bbox 1002 4485 1123 4526; x_wconf 69' lang='lat' dir='ltr'><strong>cst:</strong></span> <span class='ocrx_word' id='word_1_552' title='bbox 1144 4470 1185 4541; x_wconf 93' lang='lat'><strong>).</strong></span> <span class='ocrx_word' id='word_1_553' title='bbox 1221 4490 1243 4526; x_wconf 71' lang='grc' dir='ltr'><strong>ι</strong></span> 
     </span>
    </p>
   </div>
   <div class='ocr_carea' id='block_1_78' title="bbox 360 4558 2004 4636">
    <p class='ocr_par' dir='ltr' id='par_1_78' title="bbox 360 4558 2004 4636">
     <span class='ocr_line' id='line_1_78' title="bbox 360 4558 2004 4636; baseline 0.004 -24"><span class='ocrx_word' id='word_1_554' title='bbox 360 4558 365 4563; x_wconf 88' lang='grc'><em>’</em></span> <span class='ocrx_word' id='word_1_555' title='bbox 488 4559 690 4615; x_wconf 87' lang='lat' dir='ltr'><strong>Deinde</strong></span> <span class='ocrx_word' id='word_1_556' title='bbox 738 4561 959 4614; x_wconf 85' lang='lat' dir='ltr'><strong>veniunt</strong></span> <span class='ocrx_word' id='word_1_557' title='bbox 1000 4561 1053 4615; x_wconf 92' lang='lat' dir='ltr'><strong>in</strong></span> <span class='ocrx_word' id='word_1_558' title='bbox 1101 4562 1318 4627; x_wconf 85' lang='lat' dir='ltr'><strong>Ethan,</strong></span> <span class='ocrx_word' id='word_1_559' title='bbox 1365 4563 1482 4618; x_wconf 82' lang='lat' dir='ltr'><strong>sive</strong></span> <span class='ocrx_word' id='word_1_560' title='bbox 1539 4575 1597 4618; x_wconf 91' lang='lat' dir='ltr'><strong>ut</strong></span> <span class='ocrx_word' id='word_1_561' title='bbox 1664 4566 2004 4636; x_wconf 78' lang='lat' dir='ltr'><strong>septuaginta</strong></span> 
     </span>
    </p>
   </div>
   <div class='ocr_carea' id='block_1_79' title="bbox 420 4650 2010 4721">
    <p class='ocr_par' dir='ltr' id='par_1_79' title="bbox 420 4650 2010 4721">
     <span class='ocr_line' id='line_1_79' title="bbox 420 4650 2010 4721; baseline 0.004 -16"><span class='ocrx_word' id='word_1_562' title='bbox 420 4652 746 4721; x_wconf 89' lang='lat' dir='ltr'><strong>interpretes</strong></span> <span class='ocrx_word' id='word_1_563' title='bbox 790 4651 1017 4717; x_wconf 88' lang='lat' dir='ltr'><strong>dicunt,</strong></span> <span class='ocrx_word' id='word_1_564' title='bbox 1065 4650 1278 4705; x_wconf 84' lang='lat' dir='ltr'><strong>Buthan</strong></span> <span class='ocrx_word' id='word_1_565' title='bbox 1307 4691 1323 4714; x_wconf 93' lang='lat'><strong>,</strong></span> <span class='ocrx_word' id='word_1_566' title='bbox 1361 4668 1482 4721; x_wconf 70' lang='lat' dir='ltr'><strong>qute</strong></span> <span class='ocrx_word' id='word_1_567' title='bbox 1524 4663 1607 4709; x_wconf 86' lang='lat' dir='ltr'><strong>est</strong></span> <span class='ocrx_word' id='word_1_568' title='bbox 1650 4656 1701 4710; x_wconf 93' lang='lat' dir='ltr'><strong>in</strong></span> <span class='ocrx_word' id='word_1_569' title='bbox 1747 4657 2010 4711; x_wconf 83' lang='lat' dir='ltr'><strong>extremis</strong></span> 
     </span>
    </p>
   </div>
   <div class='ocr_carea' id='block_1_80' title="bbox 420 4741 2008 4812">
    <p class='ocr_par' dir='ltr' id='par_1_80' title="bbox 420 4741 2008 4812">
     <span class='ocr_line' id='line_1_80' title="bbox 420 4741 2008 4812; baseline 0.003 -16"><span class='ocrx_word' id='word_1_570' title='bbox 420 4742 619 4796; x_wconf 83' lang='lat' dir='ltr'><strong>linilms</strong></span> <span class='ocrx_word' id='word_1_571' title='bbox 662 4741 988 4796; x_wconf 83' lang='lat' dir='ltr'><strong>solitudinis.</strong></span> <span class='ocrx_word' id='word_1_572' title='bbox 1033 4741 1241 4805; x_wconf 85' lang='lat' dir='ltr'><strong>Ethan,</strong></span> <span class='ocrx_word' id='word_1_573' title='bbox 1284 4742 1647 4810; x_wconf 71' lang='lat' dir='ltr'><strong>fortitudine»:</strong></span> <span class='ocrx_word' id='word_1_574' title='bbox 1689 4754 1867 4800; x_wconf 87' lang='lat' dir='ltr'><strong>sonat.</strong></span> <span class='ocrx_word' id='word_1_575' title='bbox 1907 4747 2008 4812; x_wconf 86' lang='lat' dir='ltr'><strong>Qui</strong></span> 
     </span>
    </p>
   </div>
   <div class='ocr_carea' id='block_1_81' title="bbox 420 4831 2012 4905">
    <p class='ocr_par' dir='ltr' id='par_1_81' title="bbox 420 4831 2012 4905">
     <span class='ocr_line' id='line_1_81' title="bbox 420 4831 2012 4905; baseline 0.004 -21"><span class='ocrx_word' id='word_1_576' title='bbox 420 4850 549 4904; x_wconf 74' lang='lat' dir='ltr'><strong>ergo</strong></span> <span class='ocrx_word' id='word_1_577' title='bbox 578 4832 689 4903; x_wconf 87' lang='lat' dir='ltr'><strong>jam</strong></span> <span class='ocrx_word' id='word_1_578' title='bbox 722 4848 820 4904; x_wconf 90' lang='lat' dir='ltr'><strong>pro</strong></span> <span class='ocrx_word' id='word_1_579' title='bbox 860 4831 971 4885; x_wconf 88' lang='lat' dir='ltr'><strong>Deo</strong></span> <span class='ocrx_word' id='word_1_580' title='bbox 1004 4832 1421 4902; x_wconf 84' lang='lat' dir='ltr'><strong>peregrinantur</strong></span> <span class='ocrx_word' id='word_1_581' title='bbox 1459 4833 1513 4887; x_wconf 93' lang='lat' dir='ltr'><strong>in</strong></span> <span class='ocrx_word' id='word_1_582' title='bbox 1547 4836 1783 4899; x_wconf 85' lang='lat' dir='ltr'><strong>mundo,</strong></span> <span class='ocrx_word' id='word_1_583' title='bbox 1823 4836 1913 4905; x_wconf 91' lang='lat' dir='ltr'><strong>qui</strong></span> <span class='ocrx_word' id='word_1_584' title='bbox 1952 4850 2012 4891; x_wconf 86' lang='lat' dir='ltr'><strong>sc</strong></span> 
     </span>
    </p>
   </div>
   <div class='ocr_carea' id='block_1_82' title="bbox 423 4923 2015 4994">
    <p class='ocr_par' dir='ltr' id='par_1_82' title="bbox 423 4923 2015 4994">
     <span class='ocr_line' id='line_1_82' title="bbox 423 4923 2015 4994; baseline -0.001 -15"><span class='ocrx_word' id='word_1_585' title='bbox 423 4926 629 4981; x_wconf 82' lang='lat' dir='ltr'><strong>incolas</strong></span> <span class='ocrx_word' id='word_1_586' title='bbox 648 4934 703 4979; x_wconf 90' lang='lat' dir='ltr'><strong>et</strong></span> <span class='ocrx_word' id='word_1_587' title='bbox 723 4923 938 4979; x_wconf 80' lang='lat' dir='ltr'><strong>exsules</strong></span> <span class='ocrx_word' id='word_1_588' title='bbox 959 4933 1374 4992; x_wconf 82' lang='lat' dir='ltr'><strong>recognoscant,</strong></span> <span class='ocrx_word' id='word_1_589' title='bbox 1394 4939 1615 4980; x_wconf 86' lang='lat' dir='ltr'><strong>necesse</strong></span> <span class='ocrx_word' id='word_1_590' title='bbox 1631 4935 1715 4979; x_wconf 91' lang='lat' dir='ltr'><strong>est</strong></span> <span class='ocrx_word' id='word_1_591' title='bbox 1736 4935 1792 4979; x_wconf 91' lang='lat' dir='ltr'><strong>nt</strong></span> <span class='ocrx_word' id='word_1_592' title='bbox 1811 4942 1953 4994; x_wconf 86' lang='lat' dir='ltr'><strong>quan</strong></span> <span class='ocrx_word' id='word_1_593' title='bbox 1962 4934 2015 4978; x_wconf 90' lang='lat' dir='ltr'><strong>to</strong></span> 
     </span>
    </p>
   </div>
   <div class='ocr_carea' id='block_1_83' title="bbox 422 5014 2013 5087">
    <p class='ocr_par' dir='ltr' id='par_1_83' title="bbox 422 5014 2013 5087">
     <span class='ocr_line' id='line_1_83' title="bbox 422 5014 2013 5087; baseline -0.001 -16"><span class='ocrx_word' id='word_1_594' title='bbox 422 5019 598 5087; x_wconf 86' lang='lat' dir='ltr'><strong>magis</strong></span> <span class='ocrx_word' id='word_1_595' title='bbox 644 5030 702 5070; x_wconf 89' lang='lat' dir='ltr'><strong>se</strong></span> <span class='ocrx_word' id='word_1_596' title='bbox 734 5016 976 5085; x_wconf 68' lang='lat' dir='ltr'><strong>prtebent</strong></span> <span class='ocrx_word' id='word_1_597' title='bbox 1006 5014 1061 5071; x_wconf 91' lang='lat' dir='ltr'><strong>in</strong></span> <span class='ocrx_word' id='word_1_598' title='bbox 1100 5014 1333 5070; x_wconf 90' lang='lat' dir='ltr'><strong>terrenis</strong></span> <span class='ocrx_word' id='word_1_599' title='bbox 1371 5016 1582 5069; x_wconf 90' lang='lat' dir='ltr'><strong>actibus</strong></span> <span class='ocrx_word' id='word_1_600' title='bbox 1615 5016 1837 5079; x_wconf 84' lang='lat' dir='ltr'><strong>debiles,</strong></span> <span class='ocrx_word' id='word_1_601' title='bbox 1863 5025 2013 5070; x_wconf 86' lang='lat' dir='ltr'><strong>tanto</strong></span> 
     </span>
    </p>
   </div>
   <div class='ocr_carea' id='block_1_84' title="bbox 423 5107 2010 5176">
    <p class='ocr_par' dir='ltr' id='par_1_84' title="bbox 423 5107 2010 5176">
     <span class='ocr_line' id='line_1_84' title="bbox 423 5107 2010 5176; baseline -0.002 -12"><span class='ocrx_word' id='word_1_602' title='bbox 423 5109 533 5164; x_wconf 85' lang='lat' dir='ltr'><strong>sint</strong></span> <span class='ocrx_word' id='word_1_603' title='bbox 562 5110 614 5163; x_wconf 91' lang='lat' dir='ltr'><strong>in</strong></span> <span class='ocrx_word' id='word_1_604' title='bbox 642 5108 948 5163; x_wconf 85' lang='lat' dir='ltr'><strong>humilitate</strong></span> <span class='ocrx_word' id='word_1_605' title='bbox 979 5122 1043 5161; x_wconf 89' lang='lat' dir='ltr'><strong>ac</strong></span> <span class='ocrx_word' id='word_1_606' title='bbox 1064 5107 1324 5176; x_wconf 87' lang='lat' dir='ltr'><strong>patientia</strong></span> <span class='ocrx_word' id='word_1_607' title='bbox 1363 5107 1635 5163; x_wconf 88' lang='lat' dir='ltr'><strong>fortiores.</strong></span> <span class='ocrx_word' id='word_1_608' title='bbox 1665 5108 1874 5163; x_wconf 83' lang='lat' dir='ltr'><strong>Buthan</strong></span> <span class='ocrx_word' id='word_1_609' title='bbox 1911 5124 2010 5162; x_wconf 90' lang='lat' dir='ltr'><strong>au-</strong></span> 
     </span>
    </p>
   </div>
   <div class='ocr_carea' id='block_1_85' title="bbox 427 5199 2012 5269">
    <p class='ocr_par' dir='ltr' id='par_1_85' title="bbox 427 5199 2012 5269">
     <span class='ocr_line' id='line_1_85' title="bbox 427 5199 2012 5269; baseline -0.002 -14"><span class='ocrx_word' id='word_1_610' title='bbox 427 5211 534 5256; x_wconf 91' lang='lat' dir='ltr'><strong>tem</strong></span> <span class='ocrx_word' id='word_1_611' title='bbox 569 5201 721 5255; x_wconf 77' lang='lat' dir='ltr'><strong>vallis</strong></span> <span class='ocrx_word' id='word_1_612' title='bbox 763 5200 1174 5269; x_wconf 89' lang='lat' dir='ltr'><strong>interpretatur,</strong></span> <span class='ocrx_word' id='word_1_613' title='bbox 1205 5199 1348 5267; x_wconf 88' lang='lat' dir='ltr'><strong>quod</strong></span> <span class='ocrx_word' id='word_1_614' title='bbox 1384 5200 1452 5253; x_wconf 90' lang='lat' dir='ltr'><strong>ah</strong></span> <span class='ocrx_word' id='word_1_615' title='bbox 1493 5200 1683 5253; x_wconf 87' lang='lat' dir='ltr'><strong>eodem</strong></span> <span class='ocrx_word' id='word_1_616' title='bbox 1721 5216 1882 5254; x_wconf 89' lang='lat' dir='ltr'><strong>sensu</strong></span> <span class='ocrx_word' id='word_1_617' title='bbox 1918 5215 2012 5253; x_wconf 88' lang='lat' dir='ltr'><strong>ne-</strong></span> 
     </span>
    </p>
   </div>
   <div class='ocr_carea' id='block_1_86' title="bbox 424 5288 2011 5361">
    <p class='ocr_par' dir='ltr' id='par_1_86' title="bbox 424 5288 2011 5361">
     <span class='ocr_line' id='line_1_86' title="bbox 424 5288 2011 5361; baseline -0.001 -16"><span class='ocrx_word' id='word_1_618' title='bbox 424 5304 694 5361; x_wconf 86' lang='lat' dir='ltr'><strong>quaquam</strong></span> <span class='ocrx_word' id='word_1_619' title='bbox 737 5292 1028 5359; x_wconf 85' lang='lat' dir='ltr'><strong>discrepat.</strong></span> <span class='ocrx_word' id='word_1_620' title='bbox 1079 5288 1306 5358; x_wconf 90' lang='lat' dir='ltr'><strong>Oportet</strong></span> <span class='ocrx_word' id='word_1_621' title='bbox 1343 5290 1486 5343; x_wconf 89' lang='lat' dir='ltr'><strong>enim</strong></span> <span class='ocrx_word' id='word_1_622' title='bbox 1543 5298 1601 5342; x_wconf 92' lang='lat' dir='ltr'><strong>ut</strong></span> <span class='ocrx_word' id='word_1_623' title='bbox 1660 5290 1905 5359; x_wconf 84' lang='lat' dir='ltr'><strong>quisquis</strong></span> <span class='ocrx_word' id='word_1_624' title='bbox 1946 5291 2011 5344; x_wconf 87' lang='lat' dir='ltr'><strong>ad</strong></span> 
     </span>
    </p>
   </div>
   <div class='ocr_carea' id='block_1_87' title="bbox 428 5380 2011 5451">
    <p class='ocr_par' dir='ltr' id='par_1_87' title="bbox 428 5380 2011 5451">
     <span class='ocr_line' id='line_1_87' title="bbox 428 5380 2011 5451; baseline -0.001 -15"><span class='ocrx_word' id='word_1_625' title='bbox 428 5391 627 5439; x_wconf 90' lang='lat' dir='ltr'><strong>terram</strong></span> <span class='ocrx_word' id='word_1_626' title='bbox 669 5382 960 5436; x_wconf 85' lang='lat' dir='ltr'><strong>viventium</strong></span> <span class='ocrx_word' id='word_1_627' title='bbox 1007 5389 1279 5451; x_wconf 89' lang='lat' dir='ltr'><strong>properat,</strong></span> <span class='ocrx_word' id='word_1_628' title='bbox 1304 5381 1370 5435; x_wconf 90' lang='lat' dir='ltr'><strong>ad</strong></span> <span class='ocrx_word' id='word_1_629' title='bbox 1398 5380 1717 5450; x_wconf 86' lang='lat' dir='ltr'><strong>perferenda</strong></span> <span class='ocrx_word' id='word_1_630' title='bbox 1760 5382 2011 5435; x_wconf 86' lang='lat' dir='ltr'><strong>tentatio-</strong></span> 
     </span>
    </p>
   </div>
   <div class='ocr_carea' id='block_1_88' title="bbox 427 5471 2008 5542">
    <p class='ocr_par' dir='ltr' id='par_1_88' title="bbox 427 5471 2008 5542">
     <span class='ocr_line' id='line_1_88' title="bbox 427 5471 2008 5542; baseline 0 -16"><span class='ocrx_word' id='word_1_631' title='bbox 427 5488 557 5526; x_wconf 86' lang='lat' dir='ltr'><strong>nqu</strong></span> <span class='ocrx_word' id='word_1_632' title='bbox 600 5471 768 5539; x_wconf 82' lang='lat' dir='ltr'><strong>iacula</strong></span> <span class='ocrx_word' id='word_1_633' title='bbox 805 5472 855 5525; x_wconf 93' lang='lat' dir='ltr'><strong>in</strong></span> <span class='ocrx_word' id='word_1_634' title='bbox 890 5471 1207 5525; x_wconf 87' lang='lat' dir='ltr'><strong>humilitatis</strong></span> <span class='ocrx_word' id='word_1_635' title='bbox 1235 5479 1289 5526; x_wconf 86' lang='lat' dir='ltr'><strong>et</strong></span> <span class='ocrx_word' id='word_1_636' title='bbox 1322 5472 1597 5541; x_wconf 66' lang='lat' dir='ltr'><strong>patientia:</strong></span> <span class='ocrx_word' id='word_1_637' title='bbox 1620 5472 1860 5527; x_wconf 87' lang='lat' dir='ltr'><strong>convalle</strong></span> <span class='ocrx_word' id='word_1_638' title='bbox 1887 5488 2008 5542; x_wconf 88' lang='lat' dir='ltr'><strong>per-</strong></span> 
     </span>
    </p>
   </div>
   <div class='ocr_carea' id='block_1_89' title="bbox 424 5561 604 5617">
    <p class='ocr_par' dir='ltr' id='par_1_89' title="bbox 424 5561 604 5617">
     <span class='ocr_line' id='line_1_89' title="bbox 424 5561 604 5617; baseline -0.022 0"><span class='ocrx_word' id='word_1_639' title='bbox 424 5561 604 5617; x_wconf 82' lang='lat' dir='ltr'><strong>sistat.</strong></span> 
     </span>
    </p>
   </div>
   <div class='ocr_carea' id='block_1_90' title="bbox 500 5652 2013 5721">
    <p class='ocr_par' dir='ltr' id='par_1_90' title="bbox 500 5652 2013 5721">
     <span class='ocr_line' id='line_1_90' title="bbox 500 5652 2013 5721; baseline -0.001 -15"><span class='ocrx_word' id='word_1_640' title='bbox 500 5654 626 5707; x_wconf 87' lang='lat' dir='ltr'><strong>lude</strong></span> <span class='ocrx_word' id='word_1_641' title='bbox 677 5653 899 5721; x_wconf 75' lang='lat' dir='ltr'><strong>proiecti</strong></span> <span class='ocrx_word' id='word_1_642' title='bbox 966 5662 1087 5706; x_wconf 77' lang='lat' dir='ltr'><strong>sunt</strong></span> <span class='ocrx_word' id='word_1_643' title='bbox 1143 5653 1193 5705; x_wconf 91' lang='lat' dir='ltr'><strong>in</strong></span> <span class='ocrx_word' id='word_1_644' title='bbox 1248 5652 1563 5713; x_wconf 85' lang='lat' dir='ltr'><strong>l‘hiairnth.</strong></span> <span class='ocrx_word' id='word_1_645' title='bbox 1619 5668 1740 5721; x_wconf 68' lang='lat' dir='ltr'><strong>qure</strong></span> <span class='ocrx_word' id='word_1_646' title='bbox 1795 5652 2013 5721; x_wconf 64' lang='lat' dir='ltr'><strong>respicit</strong></span> 
     </span>
    </p>
   </div>
   <div class='ocr_carea' id='block_1_91' title="bbox 428 5743 2008 5817">
    <p class='ocr_par' dir='ltr' id='par_1_91' title="bbox 428 5743 2008 5817">
     <span class='ocr_line' id='line_1_91' title="bbox 428 5743 2008 5817; baseline -0.003 -15"><span class='ocrx_word' id='word_1_647' title='bbox 428 5744 777 5817; x_wconf 75' lang='lat' dir='ltr'><strong>Beelphcgor,</strong></span> <span class='ocrx_word' id='word_1_648' title='bbox 825 5757 879 5802; x_wconf 87' lang='lat' dir='ltr'><strong>et</strong></span> <span class='ocrx_word' id='word_1_649' title='bbox 929 5748 1295 5802; x_wconf 85' lang='lat' dir='ltr'><strong>castrametati</strong></span> <span class='ocrx_word' id='word_1_650' title='bbox 1344 5759 1466 5803; x_wconf 90' lang='lat' dir='ltr'><strong>sunt</strong></span> <span class='ocrx_word' id='word_1_651' title='bbox 1515 5756 1642 5801; x_wconf 81' lang='lat' dir='ltr'><strong>ante</strong></span> <span class='ocrx_word' id='word_1_652' title='bbox 1688 5743 2008 5813; x_wconf 71' lang='lat' dir='ltr'><strong>Magtlaluui.</strong></span> 
     </span>
    </p>
   </div>
   <div class='ocr_carea' id='block_1_92' title="bbox 2029 4507 2084 4568">
    <p class='ocr_par' dir='ltr' id='par_1_92' title="bbox 2029 4507 2084 4568">
     <span class='ocr_line' id='line_1_92' title="bbox 2029 4507 2084 4568; baseline 0 0"><span class='ocrx_word' id='word_1_653' title='bbox 2029 4507 2084 4568; x_wconf 90' lang='lat' dir='ltr'><strong>D</strong></span> 
     </span>
    </p>
   </div>
   <div class='ocr_carea' id='block_1_93' title="bbox 2101 3260 3698 3345">
    <p class='ocr_par' dir='ltr' id='par_1_93' title="bbox 2101 3260 3698 3345">
     <span class='ocr_line' id='line_1_93' title="bbox 2101 3260 3698 3345; baseline -0.011 -14"><span class='ocrx_word' id='word_1_654' title='bbox 2101 3276 2428 3345; x_wconf 86' lang='lat' dir='ltr'><strong>Beelsephor</strong></span> <span class='ocrx_word' id='word_1_655' title='bbox 2473 3274 2858 3338; x_wconf 85' lang='lat' dir='ltr'><strong>interpretatur</strong></span> <span class='ocrx_word' id='word_1_656' title='bbox 2889 3266 3136 3319; x_wconf 81' lang='lat' dir='ltr'><strong>dominus</strong></span> <span class='ocrx_word' id='word_1_657' title='bbox 3160 3261 3443 3332; x_wconf 82' lang='lat' dir='ltr'><strong>aquilonis,</strong></span> <span class='ocrx_word' id='word_1_658' title='bbox 3485 3260 3625 3314; x_wconf 87' lang='lat' dir='ltr'><strong>sicut</strong></span> <span class='ocrx_word' id='word_1_659' title='bbox 3667 3275 3698 3314; x_wconf 90' lang='lat' dir='ltr'><strong>a</strong></span> 
     </span>
    </p>
   </div>
   <div class='ocr_carea' id='block_1_94' title="bbox 2102 3351 3701 3438">
    <p class='ocr_par' dir='ltr' id='par_1_94' title="bbox 2102 3351 3701 3438">
     <span class='ocr_line' id='line_1_94' title="bbox 2102 3351 3701 3438; baseline -0.013 -16"><span class='ocrx_word' id='word_1_660' title='bbox 2102 3367 2423 3438; x_wconf 88' lang='lat' dir='ltr'><strong>quibusdam</strong></span> <span class='ocrx_word' id='word_1_661' title='bbox 2458 3363 2690 3425; x_wconf 88' lang='lat' dir='ltr'><strong>dicitur;</strong></span> <span class='ocrx_word' id='word_1_662' title='bbox 2731 3358 2857 3428; x_wconf 91' lang='lat' dir='ltr'><strong>quid</strong></span> <span class='ocrx_word' id='word_1_663' title='bbox 2901 3373 2998 3427; x_wconf 90' lang='lat' dir='ltr'><strong>per</strong></span> <span class='ocrx_word' id='word_1_664' title='bbox 3030 3357 3174 3410; x_wconf 89' lang='lat' dir='ltr'><strong>hunc</strong></span> <span class='ocrx_word' id='word_1_665' title='bbox 3215 3352 3484 3423; x_wconf 83' lang='lat' dir='ltr'><strong>aquilonis</strong></span> <span class='ocrx_word' id='word_1_666' title='bbox 3525 3351 3701 3405; x_wconf 64' lang='lat' dir='ltr'><strong>domi.</strong></span> 
     </span>
    </p>
   </div>
   <div class='ocr_carea' id='block_1_95' title="bbox 2103 3441 3702 3522">
    <p class='ocr_par' dir='ltr' id='par_1_95' title="bbox 2103 3441 3702 3522">
     <span class='ocr_line' id='line_1_95' title="bbox 2103 3441 3702 3522; baseline -0.012 -9"><span class='ocrx_word' id='word_1_667' title='bbox 2103 3475 2256 3520; x_wconf 90' lang='lat' dir='ltr'><strong>num,</strong></span> <span class='ocrx_word' id='word_1_668' title='bbox 2297 3456 2398 3511; x_wconf 89' lang='lat' dir='ltr'><strong>nisi</strong></span> <span class='ocrx_word' id='word_1_669' title='bbox 2439 3454 2697 3522; x_wconf 86' lang='lat' dir='ltr'><strong>antiquus</strong></span> <span class='ocrx_word' id='word_1_670' title='bbox 2728 3449 2899 3505; x_wconf 91' lang='lat' dir='ltr'><strong>hostis</strong></span> <span class='ocrx_word' id='word_1_671' title='bbox 2924 3444 3376 3516; x_wconf 81' lang='lat' dir='ltr'><strong>exprituitnr,qui</strong></span> <span class='ocrx_word' id='word_1_672' title='bbox 3410 3441 3621 3509; x_wconf 85' lang='lat' dir='ltr'><strong>frigidis</strong></span> <span class='ocrx_word' id='word_1_673' title='bbox 3644 3448 3702 3494; x_wconf 92' lang='lat' dir='ltr'><strong>et</strong></span> 
     </span>
    </p>
   </div>
   <div class='ocr_carea' id='block_1_96' title="bbox 2104 3531 3700 3604">
    <p class='ocr_par' dir='ltr' id='par_1_96' title="bbox 2104 3531 3700 3604">
     <span class='ocr_line' id='line_1_96' title="bbox 2104 3531 3700 3604; baseline -0.013 -2"><span class='ocrx_word' id='word_1_674' title='bbox 2104 3550 2171 3603; x_wconf 91' lang='lat' dir='ltr'><strong>ab</strong></span> <span class='ocrx_word' id='word_1_675' title='bbox 2220 3561 2405 3602; x_wconf 87' lang='lat' dir='ltr'><strong>amore</strong></span> <span class='ocrx_word' id='word_1_676' title='bbox 2453 3545 2546 3599; x_wconf 88' lang='lat' dir='ltr'><strong>Dei</strong></span> <span class='ocrx_word' id='word_1_677' title='bbox 2594 3541 2785 3597; x_wconf 89' lang='lat' dir='ltr'><strong>alienis</strong></span> <span class='ocrx_word' id='word_1_678' title='bbox 2830 3537 3088 3595; x_wconf 88' lang='lat' dir='ltr'><strong>cordilms</strong></span> <span class='ocrx_word' id='word_1_679' title='bbox 3134 3532 3506 3604; x_wconf 82' lang='lat' dir='ltr'><strong>principatur?</strong></span> <span class='ocrx_word' id='word_1_680' title='bbox 3556 3531 3700 3584; x_wconf 79' lang='lat' dir='ltr'><strong>Ante</strong></span> 
     </span>
    </p>
   </div>
   <div class='ocr_carea' id='block_1_97' title="bbox 2104 3631 3695 3707">
    <p class='ocr_par' dir='ltr' id='par_1_97' title="bbox 2104 3631 3695 3707">
     <span class='ocr_line' id='line_1_97' title="bbox 2104 3631 3695 3707; baseline -0.014 -11"><span class='ocrx_word' id='word_1_681' title='bbox 2104 3641 2247 3696; x_wconf 92' lang='lat' dir='ltr'><strong>hunc</strong></span> <span class='ocrx_word' id='word_1_682' title='bbox 2272 3652 2423 3707; x_wconf 88' lang='lat' dir='ltr'><strong>ergo,</strong></span> <span class='ocrx_word' id='word_1_683' title='bbox 2454 3636 2507 3690; x_wconf 91' lang='lat' dir='ltr'><strong>id</strong></span> <span class='ocrx_word' id='word_1_684' title='bbox 2534 3643 2618 3690; x_wconf 91' lang='lat' dir='ltr'><strong>est</strong></span> <span class='ocrx_word' id='word_1_685' title='bbox 2648 3640 2837 3688; x_wconf 90' lang='lat' dir='ltr'><strong>contra</strong></span> <span class='ocrx_word' id='word_1_686' title='bbox 2866 3631 3032 3692; x_wconf 88' lang='lat' dir='ltr'><strong>lnmc,</strong></span> <span class='ocrx_word' id='word_1_687' title='bbox 3066 3632 3544 3685; x_wconf 88' lang='lat' dir='ltr'><strong>castrametamur,</strong></span> <span class='ocrx_word' id='word_1_688' title='bbox 3571 3636 3695 3676; x_wconf 90' lang='lat' dir='ltr'><strong>cum</strong></span> 
     </span>
    </p>
   </div>
   <div class='ocr_carea' id='block_1_98' title="bbox 2104 3713 3697 3789">
    <p class='ocr_par' dir='ltr' id='par_1_98' title="bbox 2104 3713 3697 3789">
     <span class='ocr_line' id='line_1_98' title="bbox 2104 3713 3697 3789; baseline -0.014 0"><span class='ocrx_word' id='word_1_689' title='bbox 2104 3734 2364 3789; x_wconf 89' lang='lat' dir='ltr'><strong>adversus</strong></span> <span class='ocrx_word' id='word_1_690' title='bbox 2401 3745 2525 3784; x_wconf 90' lang='lat' dir='ltr'><strong>eum</strong></span> <span class='ocrx_word' id='word_1_691' title='bbox 2554 3723 2916 3783; x_wconf 74' lang='lat' dir='ltr'><strong>infmderabili</strong></span> <span class='ocrx_word' id='word_1_692' title='bbox 2950 3717 3301 3776; x_wconf 88' lang='lat' dir='ltr'><strong>dimicatione</strong></span> <span class='ocrx_word' id='word_1_693' title='bbox 3336 3713 3697 3783; x_wconf 77' lang='lat' dir='ltr'><strong>conﬂigimus.</strong></span> 
     </span>
    </p>
   </div>
   <div class='ocr_carea' id='block_1_99' title="bbox 2175 3802 3698 3893">
    <p class='ocr_par' dir='ltr' id='par_1_99' title="bbox 2175 3802 3698 3893">
     <span class='ocr_line' id='line_1_99' title="bbox 2175 3802 3698 3893; baseline -0.018 -11"><span class='ocrx_word' id='word_1_694' title='bbox 2175 3826 2304 3882; x_wconf 87' lang='lat' dir='ltr'><strong>lude</strong></span> <span class='ocrx_word' id='word_1_695' title='bbox 2329 3820 2557 3893; x_wconf 89' lang='lat' dir='ltr'><strong>profecti</strong></span> <span class='ocrx_word' id='word_1_696' title='bbox 2586 3834 2685 3889; x_wconf 87' lang='lat' dir='ltr'><strong>per</strong></span> <span class='ocrx_word' id='word_1_697' title='bbox 2707 3831 2855 3871; x_wconf 90' lang='lat' dir='ltr'><strong>mare</strong></span> <span class='ocrx_word' id='word_1_698' title='bbox 2883 3814 3126 3868; x_wconf 77' lang='lat' dir='ltr'><strong>Rubrum</strong></span> <span class='ocrx_word' id='word_1_699' title='bbox 3159 3815 3424 3863; x_wconf 91' lang='lat' dir='ltr'><strong>venerunt</strong></span> <span class='ocrx_word' id='word_1_700' title='bbox 3449 3805 3500 3859; x_wconf 94' lang='lat' dir='ltr'><strong>in</strong></span> <span class='ocrx_word' id='word_1_701' title='bbox 3527 3802 3698 3868; x_wconf 72' lang='lat' dir='ltr'><strong>Mara,</strong></span> 
     </span>
    </p>
   </div>
   <div class='ocr_carea' id='block_1_100' title="bbox 2104 3896 3702 3988">
    <p class='ocr_par' dir='ltr' id='par_1_100' title="bbox 2104 3896 3702 3988">
     <span class='ocr_line' id='line_1_100' title="bbox 2104 3896 3702 3988; baseline -0.013 -17"><span class='ocrx_word' id='word_1_702' title='bbox 2104 3933 2226 3988; x_wconf 79' lang='lat' dir='ltr'><strong>qua:</strong></span> <span class='ocrx_word' id='word_1_703' title='bbox 2266 3915 2656 3984; x_wconf 84' lang='lat' dir='ltr'><strong>interpretatur</strong></span> <span class='ocrx_word' id='word_1_704' title='bbox 2699 3905 3023 3962; x_wconf 83' lang='lat' dir='ltr'><strong>amaritudo.</strong></span> <span class='ocrx_word' id='word_1_705' title='bbox 3068 3903 3268 3957; x_wconf 79' lang='lat' dir='ltr'><strong>Rectus</strong></span> <span class='ocrx_word' id='word_1_706' title='bbox 3318 3898 3524 3954; x_wconf 81' lang='lat' dir='ltr'><strong>scilicet</strong></span> <span class='ocrx_word' id='word_1_707' title='bbox 3567 3896 3702 3950; x_wconf 85' lang='lat' dir='ltr'><strong>ordo</strong></span> 
     </span>
    </p>
   </div>
   <div class='ocr_carea' id='block_1_101' title="bbox 2105 3985 3698 4075">
    <p class='ocr_par' dir='ltr' id='par_1_101' title="bbox 2105 3985 3698 4075">
     <span class='ocr_line' id='line_1_101' title="bbox 2105 3985 3698 4075; baseline -0.016 -12"><span class='ocrx_word' id='word_1_708' title='bbox 2105 3985 2189 4063; x_wconf 80' lang='lat' dir='ltr'><strong>est</strong></span> <span class='ocrx_word' id='word_1_709' title='bbox 2226 4015 2284 4060; x_wconf 91' lang='lat' dir='ltr'><strong>ut</strong></span> <span class='ocrx_word' id='word_1_710' title='bbox 2317 4003 2407 4075; x_wconf 91' lang='lat' dir='ltr'><strong>qui</strong></span> <span class='ocrx_word' id='word_1_711' title='bbox 2437 4001 2504 4055; x_wconf 92' lang='lat' dir='ltr'><strong>ad</strong></span> <span class='ocrx_word' id='word_1_712' title='bbox 2542 4011 2745 4053; x_wconf 89' lang='lat' dir='ltr'><strong>terram</strong></span> <span class='ocrx_word' id='word_1_713' title='bbox 2780 4001 3073 4066; x_wconf 89' lang='lat' dir='ltr'><strong>properant</strong></span> <span class='ocrx_word' id='word_1_714' title='bbox 3091 3989 3248 4045; x_wconf 90' lang='lat' dir='ltr'><strong>melle</strong></span> <span class='ocrx_word' id='word_1_715' title='bbox 3275 3995 3609 4050; x_wconf 84' lang='lat' dir='ltr'><strong>manantem,</strong></span> <span class='ocrx_word' id='word_1_716' title='bbox 3646 3985 3698 4039; x_wconf 89' lang='lat' dir='ltr'><strong>in</strong></span> 
     </span>
    </p>
   </div>
   <div class='ocr_carea' id='block_1_102' title="bbox 2106 4073 3702 4161">
    <p class='ocr_par' dir='ltr' id='par_1_102' title="bbox 2106 4073 3702 4161">
     <span class='ocr_line' id='line_1_102' title="bbox 2106 4073 3702 4161; baseline -0.018 -6"><span class='ocrx_word' id='word_1_717' title='bbox 2106 4073 2481 4154; x_wconf 21' lang='lat' dir='ltr'><strong>deserto&#39;vita:</strong></span> <span class='ocrx_word' id='word_1_718' title='bbox 2510 4090 2669 4161; x_wconf 82' lang='lat' dir='ltr'><strong>hujus</strong></span> <span class='ocrx_word' id='word_1_719' title='bbox 2707 4086 2909 4142; x_wconf 90' lang='lat' dir='ltr'><strong>laboris</strong></span> <span class='ocrx_word' id='word_1_720' title='bbox 2934 4093 2990 4138; x_wconf 88' lang='lat' dir='ltr'><strong>et</strong></span> <span class='ocrx_word' id='word_1_721' title='bbox 3032 4078 3347 4137; x_wconf 89' lang='lat' dir='ltr'><strong>tentationis</strong></span> <span class='ocrx_word' id='word_1_722' title='bbox 3382 4073 3702 4130; x_wconf 63' lang='lat' dir='ltr'><strong>amaritudio</strong></span> 
     </span>
    </p>
   </div>
   <div class='ocr_carea' id='block_1_103' title="bbox 2106 4164 3705 4252">
    <p class='ocr_par' dir='ltr' id='par_1_103' title="bbox 2106 4164 3705 4252">
     <span class='ocr_line' id='line_1_103' title="bbox 2106 4164 3705 4252; baseline -0.019 -4"><span class='ocrx_word' id='word_1_723' title='bbox 2106 4205 2230 4248; x_wconf 90' lang='lat' dir='ltr'><strong>nem</strong></span> <span class='ocrx_word' id='word_1_724' title='bbox 2261 4187 2548 4250; x_wconf 85' lang='lat' dir='ltr'><strong>hauriant,</strong></span> <span class='ocrx_word' id='word_1_725' title='bbox 2580 4192 2635 4238; x_wconf 92' lang='lat' dir='ltr'><strong>et</strong></span> <span class='ocrx_word' id='word_1_726' title='bbox 2660 4196 2758 4252; x_wconf 87' lang='lat' dir='ltr'><strong>per</strong></span> <span class='ocrx_word' id='word_1_727' title='bbox 2787 4175 3087 4245; x_wconf 68' lang='lat' dir='ltr'><strong>disciplina:</strong></span> <span class='ocrx_word' id='word_1_728' title='bbox 3115 4170 3400 4243; x_wconf 64' lang='lat' dir='ltr'><strong>priesentis</strong></span> <span class='ocrx_word' id='word_1_729' title='bbox 3438 4164 3705 4236; x_wconf 84' lang='lat' dir='ltr'><strong>asperita-</strong></span> 
     </span>
    </p>
   </div>
   <div class='ocr_carea' id='block_1_104' title="bbox 2108 4256 3702 4351">
    <p class='ocr_par' dir='ltr' id='par_1_104' title="bbox 2108 4256 3702 4351">
     <span class='ocr_line' id='line_1_104' title="bbox 2108 4256 3702 4351; baseline -0.019 -12"><span class='ocrx_word' id='word_1_730' title='bbox 2108 4294 2214 4339; x_wconf 91' lang='lat' dir='ltr'><strong>tem</strong></span> <span class='ocrx_word' id='word_1_731' title='bbox 2266 4278 2585 4351; x_wconf 88' lang='lat' dir='ltr'><strong>perveniant</strong></span> <span class='ocrx_word' id='word_1_732' title='bbox 2628 4274 2694 4328; x_wconf 91' lang='lat' dir='ltr'><strong>ad</strong></span> <span class='ocrx_word' id='word_1_733' title='bbox 2748 4264 3205 4326; x_wconf 88' lang='lat' dir='ltr'><strong>remunerationis</strong></span> <span class='ocrx_word' id='word_1_734' title='bbox 3257 4264 3481 4317; x_wconf 74' lang='lat' dir='ltr'><strong>internae</strong></span> <span class='ocrx_word' id='word_1_735' title='bbox 3522 4256 3702 4311; x_wconf 87' lang='lat' dir='ltr'><strong>dulce-</strong></span> 
     </span>
    </p>
   </div>
   <div class='ocr_carea' id='block_1_105' title="bbox 2108 4347 3700 4433">
    <p class='ocr_par' dir='ltr' id='par_1_105' title="bbox 2108 4347 3700 4433">
     <span class='ocr_line' id='line_1_105' title="bbox 2108 4347 3700 4433; baseline -0.019 -3"><span class='ocrx_word' id='word_1_736' title='bbox 2108 4347 2307 4431; x_wconf 85' lang='lat' dir='ltr'><strong>dinem.</strong></span> <span class='ocrx_word' id='word_1_737' title='bbox 2360 4368 2518 4426; x_wconf 87' lang='lat' dir='ltr'><strong>Unde</strong></span> <span class='ocrx_word' id='word_1_738' title='bbox 2565 4365 2701 4421; x_wconf 89' lang='lat' dir='ltr'><strong>dicit</strong></span> <span class='ocrx_word' id='word_1_739' title='bbox 2743 4359 3036 4433; x_wconf 82' lang='lat' dir='ltr'><strong>Apostolus</strong></span> <span class='ocrx_word' id='word_1_740' title='bbox 3085 4374 3100 4412; x_wconf 90' lang='lat'><strong>:</strong></span> <span class='ocrx_word' id='word_1_741' title='bbox 3158 4375 3175 4406; x_wconf 83' lang='lat' dir='ltr'><strong>t</strong></span> <span class='ocrx_word' id='word_1_742' title='bbox 3212 4352 3439 4415; x_wconf 89' lang='lat' dir='ltr'><strong>Omnis,</strong></span> <span class='ocrx_word' id='word_1_743' title='bbox 3489 4347 3700 4420; x_wconf 89' lang='lat' dir='ltr'><strong>inquit,</strong></span> 
     </span>
    </p>
   </div>
   <div class='ocr_carea' id='block_1_106' title="bbox 2109 4447 3703 4532">
    <p class='ocr_par' dir='ltr' id='par_1_106' title="bbox 2109 4447 3703 4532">
     <span class='ocr_line' id='line_1_106' title="bbox 2109 4447 3703 4532; baseline -0.018 -12"><span class='ocrx_word' id='word_1_744' title='bbox 2109 4462 2391 4532; x_wconf 89' lang='lat' dir='ltr'><strong>disciplina</strong></span> <span class='ocrx_word' id='word_1_745' title='bbox 2424 4460 2478 4514; x_wconf 92' lang='lat' dir='ltr'><strong>in</strong></span> <span class='ocrx_word' id='word_1_746' title='bbox 2512 4454 2768 4530; x_wconf 65' lang='lat' dir='ltr'><strong>praisenti</strong></span> <span class='ocrx_word' id='word_1_747' title='bbox 2799 4452 3018 4524; x_wconf 84' lang='lat' dir='ltr'><strong>quidem</strong></span> <span class='ocrx_word' id='word_1_748' title='bbox 3046 4464 3154 4504; x_wconf 92' lang='lat' dir='ltr'><strong>non</strong></span> <span class='ocrx_word' id='word_1_749' title='bbox 3185 4447 3395 4500; x_wconf 89' lang='lat' dir='ltr'><strong>videtur</strong></span> <span class='ocrx_word' id='word_1_750' title='bbox 3417 4456 3541 4497; x_wconf 88' lang='lat' dir='ltr'><strong>esse</strong></span> <span class='ocrx_word' id='word_1_751' title='bbox 3570 4456 3703 4510; x_wconf 87' lang='lat' dir='ltr'><strong>gan-</strong></span> 
     </span>
    </p>
   </div>
   <div class='ocr_carea' id='block_1_107' title="bbox 2110 4533 3701 4619">
    <p class='ocr_par' dir='ltr' id='par_1_107' title="bbox 2110 4533 3701 4619">
     <span class='ocr_line' id='line_1_107' title="bbox 2110 4533 3701 4619; baseline -0.018 -8"><span class='ocrx_word' id='word_1_752' title='bbox 2110 4557 2207 4619; x_wconf 89' lang='lat' dir='ltr'><strong>dii,</strong></span> <span class='ocrx_word' id='word_1_753' title='bbox 2236 4553 2329 4609; x_wconf 91' lang='lat' dir='ltr'><strong>sed</strong></span> <span class='ocrx_word' id='word_1_754' title='bbox 2361 4549 2643 4609; x_wconf 66' lang='lat' dir='ltr'><strong>maeroris;</strong></span> <span class='ocrx_word' id='word_1_755' title='bbox 2671 4553 2794 4617; x_wconf 90' lang='lat' dir='ltr'><strong>post</strong></span> <span class='ocrx_word' id='word_1_756' title='bbox 2820 4551 3000 4598; x_wconf 88' lang='lat' dir='ltr'><strong>autem</strong></span> <span class='ocrx_word' id='word_1_757' title='bbox 3029 4540 3262 4594; x_wconf 84' lang='lat' dir='ltr'><strong>fructum</strong></span> <span class='ocrx_word' id='word_1_758' title='bbox 3292 4533 3701 4606; x_wconf 86' lang='lat' dir='ltr'><strong>pacatissimqu</strong></span> 
     </span>
    </p>
   </div>
   <div class='ocr_carea' id='block_1_108' title="bbox 2110 4624 3697 4711">
    <p class='ocr_par' dir='ltr' id='par_1_108' title="bbox 2110 4624 3697 4711">
     <span class='ocr_line' id='line_1_108' title="bbox 2110 4624 3697 4711; baseline -0.016 -10"><span class='ocrx_word' id='word_1_759' title='bbox 2110 4645 2422 4701; x_wconf 77' lang='lat' dir='ltr'><strong>exercitatis</strong></span> <span class='ocrx_word' id='word_1_760' title='bbox 2472 4657 2569 4711; x_wconf 88' lang='lat' dir='ltr'><strong>per</strong></span> <span class='ocrx_word' id='word_1_761' title='bbox 2614 4654 2734 4694; x_wconf 90' lang='lat' dir='ltr'><strong>eam</strong></span> <span class='ocrx_word' id='word_1_762' title='bbox 2786 4636 2974 4691; x_wconf 90' lang='lat' dir='ltr'><strong>reddet</strong></span> <span class='ocrx_word' id='word_1_763' title='bbox 3012 4632 3236 4700; x_wconf 67' lang='lat' dir='ltr'><strong>justitiaa</strong></span> <span class='ocrx_word' id='word_1_764' title='bbox 3276 4627 3462 4697; x_wconf 81' lang='lat' dir='ltr'><strong>(Hebr.</strong></span> <span class='ocrx_word' id='word_1_765' title='bbox 3515 4624 3636 4695; x_wconf 75' lang='lat' dir='ltr'><strong>xu).</strong></span> <span class='ocrx_word' id='word_1_766' title='bbox 3676 4643 3697 4675; x_wconf 73' lang='grc' dir='ltr'><strong>ι</strong></span> 
     </span>
    </p>
   </div>
   <div class='ocr_carea' id='block_1_109' title="bbox 2111 4716 3698 4807">
    <p class='ocr_par' dir='ltr' id='par_1_109' title="bbox 2111 4716 3698 4807">
     <span class='ocr_line' id='line_1_109' title="bbox 2111 4716 3698 4807; baseline -0.016 -13"><span class='ocrx_word' id='word_1_767' title='bbox 2111 4738 2170 4794; x_wconf 93' lang='lat' dir='ltr'><strong>ln</strong></span> <span class='ocrx_word' id='word_1_768' title='bbox 2202 4736 2480 4807; x_wconf 89' lang='lat' dir='ltr'><strong>procinctu</strong></span> <span class='ocrx_word' id='word_1_769' title='bbox 2515 4731 2781 4800; x_wconf 89' lang='lat' dir='ltr'><strong>siquidem</strong></span> <span class='ocrx_word' id='word_1_770' title='bbox 2813 4725 3108 4796; x_wconf 85' lang='lat' dir='ltr'><strong>spiritualis</strong></span> <span class='ocrx_word' id='word_1_771' title='bbox 3136 4721 3340 4775; x_wconf 73' lang='lat' dir='ltr'><strong>militia)</strong></span> <span class='ocrx_word' id='word_1_772' title='bbox 3370 4716 3698 4779; x_wconf 85' lang='lat' dir='ltr'><strong>constitutis,</strong></span> 
     </span>
    </p>
   </div>
   <div class='ocr_carea' id='block_1_110' title="bbox 2114 4811 3701 4885">
    <p class='ocr_par' dir='ltr' id='par_1_110' title="bbox 2114 4811 3701 4885">
     <span class='ocr_line' id='line_1_110' title="bbox 2114 4811 3701 4885; baseline -0.016 0"><span class='ocrx_word' id='word_1_773' title='bbox 2114 4828 2277 4885; x_wconf 88' lang='lat' dir='ltr'><strong>modo</strong></span> <span class='ocrx_word' id='word_1_774' title='bbox 2303 4840 2485 4880; x_wconf 89' lang='lat' dir='ltr'><strong>amara</strong></span> <span class='ocrx_word' id='word_1_775' title='bbox 2516 4821 2784 4881; x_wconf 87' lang='lat' dir='ltr'><strong>dulcibus,</strong></span> <span class='ocrx_word' id='word_1_776' title='bbox 2826 4817 2987 4871; x_wconf 91' lang='lat' dir='ltr'><strong>modo</strong></span> <span class='ocrx_word' id='word_1_777' title='bbox 3011 4812 3185 4869; x_wconf 87' lang='lat' dir='ltr'><strong>dulcia</strong></span> <span class='ocrx_word' id='word_1_778' title='bbox 3212 4811 3509 4865; x_wconf 90' lang='lat' dir='ltr'><strong>miscentur</strong></span> <span class='ocrx_word' id='word_1_779' title='bbox 3549 4822 3701 4861; x_wconf 79' lang='lat' dir='ltr'><strong>ama—</strong></span> 
     </span>
    </p>
   </div>
   <div class='ocr_carea' id='block_1_111' title="bbox 2118 4896 3702 4987">
    <p class='ocr_par' dir='ltr' id='par_1_111' title="bbox 2118 4896 3702 4987">
     <span class='ocr_line' id='line_1_111' title="bbox 2118 4896 3702 4987; baseline -0.016 -12"><span class='ocrx_word' id='word_1_780' title='bbox 2118 4921 2216 4985; x_wconf 87' lang='lat' dir='ltr'><strong>ris,</strong></span> <span class='ocrx_word' id='word_1_781' title='bbox 2242 4927 2302 4972; x_wconf 91' lang='lat' dir='ltr'><strong>ut</strong></span> <span class='ocrx_word' id='word_1_782' title='bbox 2327 4931 2425 4987; x_wconf 84' lang='lat' dir='ltr'><strong>per</strong></span> <span class='ocrx_word' id='word_1_783' title='bbox 2457 4916 2572 4969; x_wconf 70' lang='lat' dir='ltr'><strong>haec</strong></span> <span class='ocrx_word' id='word_1_784' title='bbox 2598 4910 2912 4981; x_wconf 80' lang='lat' dir='ltr'><strong>experiatur</strong></span> <span class='ocrx_word' id='word_1_785' title='bbox 2940 4908 3173 4962; x_wconf 90' lang='lat' dir='ltr'><strong>humana</strong></span> <span class='ocrx_word' id='word_1_786' title='bbox 3203 4900 3464 4963; x_wconf 82' lang='lat' dir='ltr'><strong>conditio,</strong></span> <span class='ocrx_word' id='word_1_787' title='bbox 3494 4907 3549 4953; x_wconf 93' lang='lat' dir='ltr'><strong>et</strong></span> <span class='ocrx_word' id='word_1_788' title='bbox 3573 4896 3702 4967; x_wconf 88' lang='lat' dir='ltr'><strong>quid</strong></span> 
     </span>
    </p>
   </div>
   <div class='ocr_carea' id='block_1_112' title="bbox 2115 4993 3705 5081">
    <p class='ocr_par' dir='ltr' id='par_1_112' title="bbox 2115 4993 3705 5081">
     <span class='ocr_line' id='line_1_112' title="bbox 2115 4993 3705 5081; baseline -0.016 -13"><span class='ocrx_word' id='word_1_789' title='bbox 2115 5031 2145 5068; x_wconf 91' lang='lat' dir='ltr'><strong>a</strong></span> <span class='ocrx_word' id='word_1_790' title='bbox 2174 5028 2231 5068; x_wconf 83' lang='lat' dir='ltr'><strong>se</strong></span> <span class='ocrx_word' id='word_1_791' title='bbox 2258 5009 2499 5081; x_wconf 89' lang='lat' dir='ltr'><strong>patiatur</strong></span> <span class='ocrx_word' id='word_1_792' title='bbox 2531 5003 2893 5066; x_wconf 83' lang='lat' dir='ltr'><strong>infirmitatis,</strong></span> <span class='ocrx_word' id='word_1_793' title='bbox 2923 5010 2977 5056; x_wconf 89' lang='lat' dir='ltr'><strong>et</strong></span> <span class='ocrx_word' id='word_1_794' title='bbox 3003 4999 3131 5070; x_wconf 91' lang='lat' dir='ltr'><strong>quid</strong></span> <span class='ocrx_word' id='word_1_795' title='bbox 3160 5014 3188 5051; x_wconf 89' lang='lat' dir='ltr'><strong>a</strong></span> <span class='ocrx_word' id='word_1_796' title='bbox 3222 4996 3333 5050; x_wconf 86' lang='lat' dir='ltr'><strong>Deo</strong></span> <span class='ocrx_word' id='word_1_797' title='bbox 3361 4993 3556 5049; x_wconf 86' lang='lat' dir='ltr'><strong>debeat</strong></span> <span class='ocrx_word' id='word_1_798' title='bbox 3581 5007 3705 5061; x_wconf 85' lang='lat' dir='ltr'><strong>spe--</strong></span> 
     </span>
    </p>
   </div>
   <div class='ocr_carea' id='block_1_113' title="bbox 2114 5082 3702 5160">
    <p class='ocr_par' dir='ltr' id='par_1_113' title="bbox 2114 5082 3702 5160">
     <span class='ocr_line' id='line_1_113' title="bbox 2114 5082 3702 5160; baseline -0.014 -2"><span class='ocrx_word' id='word_1_799' title='bbox 2114 5117 2237 5157; x_wconf 90' lang='lat' dir='ltr'><strong>rare</strong></span> <span class='ocrx_word' id='word_1_800' title='bbox 2270 5098 2503 5154; x_wconf 91' lang='lat' dir='ltr'><strong>virtutis.</strong></span> <span class='ocrx_word' id='word_1_801' title='bbox 2538 5095 2689 5150; x_wconf 89' lang='lat' dir='ltr'><strong>Sicut</strong></span> <span class='ocrx_word' id='word_1_802' title='bbox 2728 5094 2902 5148; x_wconf 86' lang='lat' dir='ltr'><strong>eidem</strong></span> <span class='ocrx_word' id='word_1_803' title='bbox 2934 5090 3130 5160; x_wconf 85' lang='lat' dir='ltr'><strong>populo</strong></span> <span class='ocrx_word' id='word_1_804' title='bbox 3157 5087 3357 5141; x_wconf 90' lang='lat' dir='ltr'><strong>dicitur</strong></span> <span class='ocrx_word' id='word_1_805' title='bbox 3386 5102 3401 5137; x_wconf 91' lang='lat'><strong>:</strong></span> <span class='ocrx_word' id='word_1_806' title='bbox 3439 5103 3455 5134; x_wconf 75' lang='grc' dir='ltr'><strong>ι</strong></span> <span class='ocrx_word' id='word_1_807' title='bbox 3497 5082 3702 5137; x_wconf 76' lang='lat' dir='ltr'><strong>Mllixit</strong></span> 
     </span>
    </p>
   </div>
   <div class='ocr_carea' id='block_1_114' title="bbox 2117 5175 3704 5249">
    <p class='ocr_par' dir='ltr' id='par_1_114' title="bbox 2117 5175 3704 5249">
     <span class='ocr_line' id='line_1_114' title="bbox 2117 5175 3704 5249; baseline -0.014 0"><span class='ocrx_word' id='word_1_808' title='bbox 2117 5205 2169 5249; x_wconf 87' lang='lat' dir='ltr'><strong>te</strong></span> <span class='ocrx_word' id='word_1_809' title='bbox 2196 5202 2251 5248; x_wconf 89' lang='lat' dir='ltr'><strong>et</strong></span> <span class='ocrx_word' id='word_1_810' title='bbox 2277 5190 2479 5247; x_wconf 87' lang='lat' dir='ltr'><strong>eibavit</strong></span> <span class='ocrx_word' id='word_1_811' title='bbox 2508 5201 2561 5244; x_wconf 90' lang='lat' dir='ltr'><strong>te</strong></span> <span class='ocrx_word' id='word_1_812' title='bbox 2599 5202 2795 5242; x_wconf 85' lang='lat' dir='ltr'><strong>manna</strong></span> <span class='ocrx_word' id='word_1_813' title='bbox 2830 5185 2882 5238; x_wconf 92' lang='lat' dir='ltr'><strong>in</strong></span> <span class='ocrx_word' id='word_1_814' title='bbox 2926 5184 3179 5239; x_wconf 88' lang='lat' dir='ltr'><strong>deserto.</strong></span> <span class='ocrx_word' id='word_1_815' title='bbox 3216 5178 3357 5248; x_wconf 85' lang='lat' dir='ltr'><strong>quod</strong></span> <span class='ocrx_word' id='word_1_816' title='bbox 3391 5175 3704 5229; x_wconf 84' lang='lat' dir='ltr'><strong>nesciebant</strong></span> 
     </span>
    </p>
   </div>
   <div class='ocr_carea' id='block_1_115' title="bbox 2116 5265 3705 5356">
    <p class='ocr_par' dir='ltr' id='par_1_115' title="bbox 2116 5265 3705 5356">
     <span class='ocr_line' id='line_1_115' title="bbox 2116 5265 3705 5356; baseline -0.013 -17"><span class='ocrx_word' id='word_1_817' title='bbox 2116 5295 2298 5356; x_wconf 89' lang='lat' dir='ltr'><strong>patres</strong></span> <span class='ocrx_word' id='word_1_818' title='bbox 2330 5282 2436 5342; x_wconf 85' lang='lat' dir='ltr'><strong>tui,</strong></span> <span class='ocrx_word' id='word_1_819' title='bbox 2468 5281 2639 5336; x_wconf 89' lang='lat' dir='ltr'><strong>donec</strong></span> <span class='ocrx_word' id='word_1_820' title='bbox 2669 5277 3079 5347; x_wconf 88' lang='lat' dir='ltr'><strong>dignosceretur</strong></span> <span class='ocrx_word' id='word_1_821' title='bbox 3102 5270 3245 5340; x_wconf 90' lang='lat' dir='ltr'><strong>quod</strong></span> <span class='ocrx_word' id='word_1_822' title='bbox 3275 5274 3419 5322; x_wconf 87' lang='lat' dir='ltr'><strong>esset</strong></span> <span class='ocrx_word' id='word_1_823' title='bbox 3445 5267 3497 5320; x_wconf 94' lang='lat' dir='ltr'><strong>in</strong></span> <span class='ocrx_word' id='word_1_824' title='bbox 3540 5265 3705 5320; x_wconf 89' lang='lat' dir='ltr'><strong>corde</strong></span> 
     </span>
    </p>
   </div>
   <div class='ocr_carea' id='block_1_116' title="bbox 2118 5373 2654 5445">
    <p class='ocr_par' dir='ltr' id='par_1_116' title="bbox 2118 5373 2654 5445">
     <span class='ocr_line' id='line_1_116' title="bbox 2118 5373 2654 5445; baseline -0.015 -14"><span class='ocrx_word' id='word_1_825' title='bbox 2118 5388 2212 5432; x_wconf 90' lang='lat' dir='ltr'><strong>tuo</strong></span> <span class='ocrx_word' id='word_1_826' title='bbox 2241 5376 2421 5445; x_wconf 85' lang='lat' dir='ltr'><strong>(Deut.</strong></span> <span class='ocrx_word' id='word_1_827' title='bbox 2455 5373 2598 5440; x_wconf 85' lang='lat' dir='ltr'><strong>vm).</strong></span> <span class='ocrx_word' id='word_1_828' title='bbox 2636 5390 2654 5423; x_wconf 77' lang='grc' dir='ltr'><strong>ι</strong></span> 
     </span>
    </p>
   </div>
   <div class='ocr_carea' id='block_1_117' title="bbox 2193 5458 3705 5536">
    <p class='ocr_par' dir='ltr' id='par_1_117' title="bbox 2193 5458 3705 5536">
     <span class='ocr_line' id='line_1_117' title="bbox 2193 5458 3705 5536; baseline -0.011 -11"><span class='ocrx_word' id='word_1_829' title='bbox 2193 5470 2343 5525; x_wconf 89' lang='lat' dir='ltr'><strong>Unde</strong></span> <span class='ocrx_word' id='word_1_830' title='bbox 2379 5468 2626 5536; x_wconf 90' lang='lat' dir='ltr'><strong>sequitur</strong></span> <span class='ocrx_word' id='word_1_831' title='bbox 2661 5465 2812 5533; x_wconf 91' lang='lat' dir='ltr'><strong>quia,</strong></span> <span class='ocrx_word' id='word_1_832' title='bbox 2859 5461 3085 5532; x_wconf 81' lang='lat' dir='ltr'><strong>profecti</strong></span> <span class='ocrx_word' id='word_1_833' title='bbox 3124 5460 3191 5513; x_wconf 90' lang='lat' dir='ltr'><strong>de</strong></span> <span class='ocrx_word' id='word_1_834' title='bbox 3231 5458 3400 5522; x_wconf 76' lang='lat' dir='ltr'><strong>Mara,</strong></span> <span class='ocrx_word' id='word_1_835' title='bbox 3437 5467 3705 5512; x_wconf 85' lang='lat' dir='ltr'><strong>venerunt</strong></span> 
     </span>
    </p>
   </div>
   <div class='ocr_carea' id='block_1_118' title="bbox 2117 5551 3704 5622">
    <p class='ocr_par' dir='ltr' id='par_1_118' title="bbox 2117 5551 3704 5622">
     <span class='ocr_line' id='line_1_118' title="bbox 2117 5551 3704 5622; baseline -0.009 -6"><span class='ocrx_word' id='word_1_836' title='bbox 2117 5562 2170 5616; x_wconf 89' lang='lat' dir='ltr'><strong>in</strong></span> <span class='ocrx_word' id='word_1_837' title='bbox 2226 5560 2360 5615; x_wconf 83' lang='lat' dir='ltr'><strong>Elim</strong></span> <span class='ocrx_word' id='word_1_838' title='bbox 2390 5600 2404 5622; x_wconf 89' lang='lat'><strong>,</strong></span> <span class='ocrx_word' id='word_1_839' title='bbox 2455 5557 2544 5611; x_wconf 91' lang='lat' dir='ltr'><strong>ubi</strong></span> <span class='ocrx_word' id='word_1_840' title='bbox 2592 5556 2875 5609; x_wconf 89' lang='lat' dir='ltr'><strong>duodecim</strong></span> <span class='ocrx_word' id='word_1_841' title='bbox 2922 5562 3080 5606; x_wconf 84' lang='lat' dir='ltr'><strong>erant</strong></span> <span class='ocrx_word' id='word_1_842' title='bbox 3128 5551 3302 5605; x_wconf 83' lang='lat' dir='ltr'><strong>fontes</strong></span> <span class='ocrx_word' id='word_1_843' title='bbox 3350 5565 3609 5618; x_wconf 84' lang='lat' dir='ltr'><strong>aquarum</strong></span> <span class='ocrx_word' id='word_1_844' title='bbox 3649 5558 3704 5601; x_wconf 79' lang='lat' dir='ltr'><strong>ct</strong></span> 
     </span>
    </p>
   </div>
   <div class='ocr_carea' id='block_1_119' title="bbox 2118 5642 3703 5724">
    <p class='ocr_par' dir='ltr' id='par_1_119' title="bbox 2118 5642 3703 5724">
     <span class='ocr_line' id='line_1_119' title="bbox 2118 5642 3703 5724; baseline -0.011 -16"><span class='ocrx_word' id='word_1_845' title='bbox 2118 5654 2454 5724; x_wconf 82' lang='lat' dir='ltr'><strong>septuaginta</strong></span> <span class='ocrx_word' id='word_1_846' title='bbox 2479 5650 2687 5719; x_wconf 72' lang='lat' dir='ltr'><strong>paltnze.</strong></span> <span class='ocrx_word' id='word_1_847' title='bbox 2721 5647 2903 5705; x_wconf 70' lang='lat' dir='ltr'><strong>Vides,</strong></span> <span class='ocrx_word' id='word_1_848' title='bbox 2936 5656 3055 5715; x_wconf 76' lang='lat' dir='ltr'><strong>post</strong></span> <span class='ocrx_word' id='word_1_849' title='bbox 3103 5644 3416 5699; x_wconf 79' lang='lat' dir='ltr'><strong>tentationis</strong></span> <span class='ocrx_word' id='word_1_850' title='bbox 3446 5642 3703 5695; x_wconf 82' lang='lat' dir='ltr'><strong>amaritu-</strong></span> 
     </span>
    </p>
   </div>
   <div class='ocr_carea' id='block_1_120' title="bbox 2078 5736 3703 5811">
    <p class='ocr_par' dir='ltr' id='par_1_120' title="bbox 2078 5736 3703 5811">
     <span class='ocr_line' id='line_1_120' title="bbox 2078 5736 3703 5811; baseline -0.01 -14"><span class='ocrx_word' id='word_1_851' title='bbox 2078 5736 2079 5739; x_wconf 33' lang='grc'><em>“</em></span> <span class='ocrx_word' id='word_1_852' title='bbox 2116 5744 2319 5809; x_wconf 83' lang='lat' dir='ltr'><strong>dinem,</strong></span> <span class='ocrx_word' id='word_1_853' title='bbox 2352 5742 2417 5795; x_wconf 86' lang='lat' dir='ltr'><strong>ad</strong></span> <span class='ocrx_word' id='word_1_854' title='bbox 2460 5747 2715 5811; x_wconf 77' lang='lat' dir='ltr'><strong>quamam</strong></span> <span class='ocrx_word' id='word_1_855' title='bbox 2738 5739 3023 5794; x_wconf 76' lang='lat' dir='ltr'><strong>deveniunt</strong></span> <span class='ocrx_word' id='word_1_856' title='bbox 3062 5748 3115 5792; x_wconf 80' lang='lat' dir='ltr'><strong>et</strong></span> <span class='ocrx_word' id='word_1_857' title='bbox 3144 5736 3376 5789; x_wconf 82' lang='lat' dir='ltr'><strong>dulcium</strong></span> <span class='ocrx_word' id='word_1_858' title='bbox 3420 5745 3703 5803; x_wconf 80' lang='lat' dir='ltr'><strong>pontorum</strong></span> 
     </span>
    </p>
   </div>
  </div>
