4028 6168
379 329 517 387 1035

1262 338 1760 402 COLLECTANEA
1797 342 1862 400 IN
1894 343 2123 404 VETUS
2161 343 2699 403 TESTAMENTUM.

3509 345 3654 402 1056

375 458 446 509 οι
475 464 738 521 aquarum
784 451 1161 525 proﬂuentium
1201 460 1592 521 amoenitatem.
1637 463 1740 520 Per
1789 471 1965 520 teuta-
1988 465 2038 527 A
2137 460 2246 519 Sed
2271 472 2325 518 et
2357 460 2790 534 indeprogressi
2818 468 3082 520 venerunt
3108 461 3162 518 in
3191 461 3494 533 Deptheca,
3515 475 3652 528 sive,

377 539 542 595 tionis
588 539 772 612 itaque
818 559 1053 615 pugnam
1108 546 1482 618 perducuntur
1525 551 1594 608 ad
1635 552 1864 624 palmas,
1906 565 1964 613 et

376 643 475 698 per
502 629 622 686 silis
647 631 997 694 intoleranda:
1027 638 1310 707 penuriam
1349 642 1418 698 ad
1443 641 1704 714 irriguum
1742 646 1965 705 veniunt

376 733 639 786 amarum
679 723 973 780 viventium
1012 726 1362 793 alﬂuentiam.
1409 733 1728 794 Animarum
1766 739 1965 810 quippe

377 811 981 885 medicusomnipotcns
1003 817 1250 880 Deussic
1273 825 1452 878 omnia
1477 827 1725 884 ordinate
1748 829 1964 899 dispen-

375 911 481 965 sat,
503 914 582 968 ut,
611 914 866 976 tanquam
896 909 1054 965 melle
1081 912 1372 983 pigmentis
1399 916 1598 986 infuso,
1638 930 1689 980 et
1720 921 1966 978 tristibus

378 992 500 1068 laeta
526 1004 581 1050 et
621 996 759 1058 luetis
788 1001 962 1056 tristia
986 1003 1234 1071 misceat,
1279 1021 1559 1078 quatenus.
1574 1027 1726 1068 mens
1749 1013 1964 1068 inﬁrma

373 1092 431 1138 et
481 1085 786 1155 aliquando,
843 1105 1100 1160 percussa
1166 1111 1439 1167 nunquam
1489 1100 1556 1155 de
1602 1104 1966 1172 prosperitate

376 1176 674 1245 superbiat,
707 1191 761 1234 et
792 1181 1084 1252 aliquando
1109 1183 1292 1250 refota,
1324 1189 1377 1243 in
1407 1191 1835 1251 adversitatibus
1856 1210 1965 1251 non

374 1267 713 1325 Succumbat.
752 1270 888 1330 Elim
919 1284 1180 1344 praeterea
1212 1278 1604 1350 interpretatur
1625 1285 1845 1347 arietes,
1873 1286 1964 1354 qui

375 1355 629 1416 nimirum
673 1372 800 1418 sunt
829 1377 1056 1433 gregum
1099 1370 1440 1438 sequentium
1489 1373 1674 1427 duces.
1704 1373 1804 1440 Qui
1837 1385 1966 1429 vero

373 1453 500 1502 sunt
539 1448 702 1506 duces
747 1454 1026 1518 rationalis
1056 1459 1265 1528 gregis,
1310 1460 1414 1516 hoc
1455 1471 1548 1524 est
1597 1463 1777 1533 populi
1809 1460 1966 1519 Chri-

375 1539 558 1602 stiani,
601 1543 704 1611 nisi
736 1547 907 1601 sancti
938 1551 1204 1618 apostoli?
1233 1552 1299 1607 Hi
1331 1555 1588 1615 nimirum
1616 1568 1743 1616 sunt
1767 1559 1968 1615 duode-e

373 1629 486 1690 cim
523 1632 727 1702 fontes,
766 1637 1075 1700 ariditatetn
1120 1644 1383 1699 mentium
1426 1646 1688 1706 doctrina:
1731 1649 1968 1708 celestis

373 1720 634 1780 littoribus
666 1726 974 1798 irrigantes.
1006 1730 1204 1787 Verum
1234 1737 1362 1806 quia
1388 1753 1497 1796 non
1535 1740 1653 1796 illos
1679 1743 1966 1800 duodecim

2065 553 2254 612 utalia
2283 554 2569 611 translatio.
2587 554 2858 624 perhibet,
2888 553 3168 626 Raphaca.
3195 554 3470 626 Deptlteca
3497 555 3652 610 deni-

2064 662 2186 716 quo.
2207 633 2436 717 pulsatio
2465 645 2682 705 dicitur.
2710 642 2788 706 Et:
2811 659 2934 712 nos,
2969 654 3256 716 postquam
3299 644 3654 716 pertingimus

2064 741 2132 795 ad
2167 739 2501 806 Ecclesium,
2541 754 2702 809 quam
2742 739 2996 796 videlicet
3028 740 3198 799 rubus
3225 739 3315 794 ille
3357 739 3651 810 signiﬁcat,

2063 831 2157 887 ubi
2186 832 2281 888 Dei
2307 843 2548 888 meretur
2573 831 2737 889 homo
2762 831 3122 900 colloquium,
3151 831 3246 886 ubi
3275 831 3411 892 visio
3439 831 3654 901 conspi-

2065 923 2211 979 citur
2251 923 2604 992 angelorum,
2652 931 2786 980 tunc
2811 921 3101 993 incipimus
3131 931 3348 991 petere.
3389 936 3654 991 quaerere,

2066 1029 2132 1072 ac
2173 1017 2330 1086 regni
2369 1015 2607 1072 «(etesiis
2653 1030 2856 1086 arcana
2901 1013 3145 1084 pulsare;
3189 1014 3426 1079 Domino
3467 1011 3656 1083 praeci-

2065 1103 2256 1177 piente.
2300 1115 2362 1164 et.
2381 1105 2692 1176 pollicente,
2715 1105 2911 1175 quiait
2937 1122 2952 1158 :
2986 1124 3005 1167 ς
3034 1103 3278 1167 Pulsate.
3302 1113 3358 1161 et
3383 1107 3661 1176 aperietur

2066 1198 2224 1256 vobis.
2249 1196 2462 1268 (Marii.
2495 1211 2602 1263 vn;
2635 1195 2766 1254 an.
2796 1197 2900 1266 xi).
2940 1214 2970 1250 ι.
3006 1195 3064 1252 Si
3091 1211 3222 1254 vero
3251 1193 3508 1264 Baphaca
3537 1197 3659 1268 quis

2067 1288 2231 1354 malit-
2256 1287 2576 1353 admittere.
2623 1303 2761 1357 qum.
2787 1288 2998 1350 sanitas.
3039 1288 3260 1354 dicitur,
3307 1289 3422 1348 hoc.
3457 1304 3658 1354 nomen

2067 1379 2263 1440 anima!
2299 1377 2657 1449 jamdudum
2701 1378 2994 1449 languidae.
3033 1380 3140 1437 sed:
3159 1380 3272 1449 jam
3317 1395 3418 1450 per
3459 1379 3658 1437 donum

2066 1479 2271 1532 sancta
2298 1467 2560 1538 Ecclesiae
2589 1469 2870 1540 languoris.
2905 1470 3134 1530 nexibus
3159 1468 3419 1526 absolutae
3454 1483 3655 1529 conve-

2067 1559 2285 1626 nienter
2327 1567 2564 1630 aptatur.
2598 1559 2728 1623 llaec
2767 1567 2851 1616 est
2877 1559 3038 1620 enim.
3069 1558 3252 1616 anima
3287 1558 3373 1619 cui
3419 1556 3656 1620 dicitur:

2074 1670 2098 1705 t
2127 1651 2382 1717 Benedic.
2414 1651 2600 1710 anima
2625 1665 2770 1714 mea.
2816 1650 3069 1716 Domino,
3099 1659 3154 1706 et
3181 1649 3368 1712 omnia
3403 1648 3659 1708 interiora

2068 1759 2214 1810 mea,
2241 1744 2453 1804 nomini
2470 1751 2669 1802 sancto.
2685 1741 2804 1812 ejus
2827 1741 3005 1813 (Psal.
3032 1741 3150 1811 cit).
3182 1758 3202 1792 ι
3233 1739 3426 1806 Quem.
3455 1754 3658 1810 quaeso,

373 1810 640 1871 duntaxat
684 1819 958 1887 apostolos
1000 1821 1249 1882 Salvator
1295 1839 1483 1890 noster
1524 1831 1726 1903 elegit,
1774 1834 1870 1891 sed
1909 1845 1966 1892 et

2073 1834 2405 1897 Dominum?
2448 1853 2469 1888 ι
2500 1834 2603 1901 Qui
2648 1810 2844 1898 sanat,
2885 1810 3328 1902 inquit,romnes
3373 1829 3662 1898 languor-es

374 1901 512 1958 alios
541 1910 883 1980 septuaginta
916 1918 1218 1983 constituit,
1256 1919 1462 1980 idcirco
1489 1937 1598 1982 non
1617 1901 1803 1981 solum
1830 1926 1967 1983 duo-

374 1993 549 2088 decim
586 1998 801 2067 latntes,
831 2005 926 2058 sed
967 2015 1022 2061 et
1059 2012 1402 2088 septuaginta
1438 2015 1821 2075 describuntur
1858 2020 1994 2078 illic

374 2085 599 2148 arbores
625 2091 792 2158 fuisse
813 2096 1137 2165 palmarum.
1166 2085 1302 2159 Nam
1330 2112 1386 2161 et
1409 2106 1509 2177 ipsi
1531 2110 1762 2180 apostoli
1786 2113 1967 2168 nomi-

375 2187 578 2233 nantur
621 2182 810 2257 143,
842 2188 981 2244 sicut
1009 2201 1064 2246 et
1103 2193 1157 2249 in
1193 2193 1256 2250 Β.
1305 2197 1456 2254 Pauli
1495 2203 1675 2257 verbis
1720 2203 1971 2275 agnosci-

374 2273 482 2320 tur.
521 2268 654 2326 Cnm
685 2277 832 2332 enim
873 2277 939 2332 de
975 2285 1374 2342 resurrectione
1411 2287 1710 2345 Salvatoris
1738 2268 1965 2362 ageret:

378 2374 399 2409 ι
432 2358 596 2422 Visus
620 2379 736 2432 est,
775 2369 969 2438 inquit,
997 2373 1230 2444 Cephat,
1255 2386 1312 2434 et
1351 2389 1474 2451 post
1516 2382 1633 2439 haec
1661 2358 1968 2442 illis‘undee

373 2451 824 2550 desim;d.einde
869 2468 1122 2536 apparuit
1159 2472 1418 2541 apostolis
1458 2476 1711 2533 omnibus
1745 2477 1800 2550 (I
1841 2477 1966 2541 Cor.

372 2546 486 2614 xv).
524 2564 544 2598 ι
720 2552 917 2622 quibus
954 2559 1138 2617 verbis
1167 2563 1456 2622 manifeste
1493 2546 1768 2642 colligitur
1799 2572 1966 2641 quod,

373 2644 572 2730 praeter
603 2639 724 2698 illos
754 2644 1068 2716 duodecim,
1099 2659 1155 2708 et
1176 2652 1268 2708 alii
1300 2655 1548 2730 discipuli
1572 2639 1681 2717 non
1709 2639 1969 2725 inconve-

377 2726 590 2786 nienter
614 2735 840 2802 apostoli
869 2740 1240 2802 nominentur.

442 2814 552 2876 Sed
593 2823 798 2889 egressi
841 2825 909 2880 de
944 2827 1108 2896 Elim,
1146 2829 1304 2901 juxta
1342 2851 1494 2896 mare
1513 2837 1752 2898 Rubrum
1797 2843 1970 2905 ﬁxere

370 2910 629 3006 tentoria.
672 2912 810 2969 Nota
845 2918 974 2987 quia
1007 2935 1116 2976 non
1156 2938 1306 2982 mare
1339 2942 1530 2988 rursus
1568 2931 1966 3006 ingrediuntur,

381 2999 478 3058 sed
498 2997 658 3069 juxta
682 3019 830 3060 mare
853 3009 1264 3074 tabernaculum
1288 3015 1481 3088 ﬁgunt,
1504 3031 1563 3076 ut
1581 2997 1735 3080 mare
1759 2997 1967 3083 tantum

373 3099 430 3148 et
451 3093 812 3161 procellarum
835 3101 1082 3160 cumulos
1103 3107 1290 3176 procul
1310 3111 1598 3181 aspiciant,
1623 3130 1966 3187 nequaquam

375 3193 560 3248 tamen
603 3197 782 3247 motus
824 3188 942 3260 ejus
987 3205 1081 3250 aut
1124 3198 1360 3268 impetus
1404 3204 1810 3274 pertimescant.
1857 3209 1969 3267 Nos

372 3276 540 3339 etiam
570 3287 692 3348 post
724 3284 1080 3346 lentationum
1115 3286 1329 3356 ﬂuctus,
1366 3303 1490 3364 post
1522 3297 1770 3353 undisoni
1801 3300 1970 3358 maris

371 3369 725 3432 formidolosa
754 3379 1056 3454 naufragia,
1085 3384 1276 3446 eadem
1304 3403 1446 3459 saepe
1459 3389 1600 3445 mala
1627 3407 1750 3464 quae
1778 3408 1968 3465 pertu-

372 3464 538 3526 limus
577 3478 708 3526 ante
731 3471 917 3529 oculos
951 3477 1221 3546 ponimus,
1251 3488 1310 3534 ut
1342 3480 1479 3549 jam,
1511 3483 1660 3540 velut
1695 3485 1750 3540 in
1783 3464 1971 3545 littore

374 3561 676 3628 constituti,
707 3563 899 3636 dignas
929 3569 1166 3638 erepturi
1192 3581 1384 3628 nostro
1410 3574 1521 3629 Deo
1546 3577 1749 3648 gratias
1767 3577 1971 3636 refera-

377 3667 520 3708 mus.

445 3746 698 3808 Profecti
721 3767 937 3824 quoque
977 3755 1045 3810 de
1086 3756 1226 3812 mari
1252 3757 1460 3825 Rubro,
1502 3760 1878 3834 applicuerunt
1914 3765 1969 3822 in

378 3837 655 3894 desertum
683 3841 804 3896 Sin.
835 3841 931 3899 Sin
957 3844 1347 3917 interpretatur
1375 3849 1536 3906 rubus
1587 3851 1703 3908 sive
1729 3856 1968 3915 lentz-sin.

380 3930 574 4001 Incipit
603 3947 736 4007 ergo
763 3933 1078 3994 Christiano
1108 3940 1266 3996 militi
1288 3939 1401 4012 jam
1435 3946 1816 4014 prosperitatis
1846 3963 1970 4019 spes

379 4022 651 4091 arridere,
688 4026 1064 4087 collocationis
1089 4031 1288 4090 divina:
1328 4035 1495 4090 verba
1524 4036 1862 4106 promittere.
1893 4040 1970 4096 De

376 4113 514 4170 rubo
547 4116 812 4186 siquidem
841 4119 1108 4179 Dominus
1135 4125 1422 4194 apparuit,
1455 4134 1511 4182 et
1538 4127 1705 4201 Moysi
1734 4130 1802 4185 ad
1830 4131 1970 4189 ﬁlios

374 4204 540 4263 lsrael
579 4208 818 4279 perferre
859 4214 1114 4271 mandata
1160 4219 1418 4290 pracepit
1459 4219 1658 4290 (Exod.
1703 4223 1814 4290 in).
1855 4224 1971 4282 Illic

374 4309 508 4367 ergo
539 4297 635 4354 tibi
660 4300 821 4356 datur
846 4305 1128 4372 sperandae
1160 4307 1464 4365 clementiae
1498 4309 1736 4381 signum,
1766 4313 1859 4369 ubi
1889 4313 1970 4370 fa-

375 4395 526 4446 ctum
571 4397 657 4444 est
695 4388 1007 4449 lsraeliticze
1052 4396 1381 4454 visitatiortis
1424 4400 1660 4457 initium.
1703 4401 1811 4460 Sed
1857 4421 1966 4462 non

375 4475 554 4533 otiose
583 4475 680 4532 Sin
719 4480 886 4535 etiam
914 4485 1140 4540 tentatio
1165 4485 1383 4543 dicitur.
1415 4488 1565 4550 Solet
1589 4492 1734 4548 enim
1769 4495 1966 4566 stupius

373 4578 431 4625 et
458 4570 511 4625 in
551 4571 853 4631 visionibus
877 4576 1213 4637 intervenire
1245 4583 1506 4653 tentatio,
1550 4583 1679 4642 dum
1719 4602 1972 4646 nonnun-

375 4674 541 4750 quam
570 4662 794 4732 spiritus
824 4665 1127 4737 iniquitatis
1157 4672 1513 4742 transfigurat
1536 4691 1597 4734 se
1623 4677 1678 4734 in
1715 4679 1967 4750 angelum

377 4749 517 4807 lucis
551 4751 642 4824 (ll
677 4751 802 4810 Cor.
844 4755 946 4830 ιι).
983 4758 1052 4815 Ει
1079 4760 1202 4818 ideo
1234 4763 1510 4824 subtiliter
1535 4775 1620 4824 est
1656 4749 1924 4839 agendum
1949 4813 1966 4839 ,

377 4852 443 4898 ut
463 4843 849 4903 discernantur
863 4864 1058 4922 genera
1081 4852 1370 4911 visionum.
1398 4856 1558 4915 Sicut
1577 4870 1631 4915 et
1651 4857 1778 4916 Jesu
1795 4859 1965 4929 Nave,

377 4953 503 4995 cum
532 4940 784 5012 angelum
805 4955 1079 5014 cerneret,
1101 4958 1156 5002 et
1182 4951 1511 5008 teutationes
1539 4953 1830 5023 aliquando
1862 4955 1967 5011 hu-

366 5027 606 5096 iusmodi
634 5033 936 5091 visionibus
967 5036 1147 5093 inesse
1172 5039 1479 5099 nullatenus
1504 5043 1808 5113 dubitaret,
1832 5061 1962 5116 pro-

376 5120 522 5176 tinus
549 5123 617 5178 ab
643 5138 710 5179 eo
732 5125 824 5196 qui
854 5127 1150 5198 apparebat
1191 5132 1507 5202 requisivit,
1534 5134 1722 5192 dicens
1749 5154 1763 5192 :
1797 5154 1816 5189 ‹
1851 5134 1964 5190 Na-

374 5219 490 5266 stor
521 5228 584 5267 es
607 5255 623 5278 ,
673 5231 741 5270 an
782 5217 1254 5276 adversariorum?
1289 5242 1308 5275 ι
1345 5223 1483 5294 (los.
1510 5225 1585 5296 v.)
1622 5224 1756 5282 Nam
1785 5235 1840 5282 et
1867 5242 1965 5299 per

375 5301 696 5369 Apostolum
722 5306 980 5364 discretio
994 5310 1281 5381 spirituum
1311 5314 1452 5368 inter
1475 5314 1614 5370 dona
1637 5317 1810 5373 sancti
1840 5317 1966 5387 Spis

376 5391 516 5447 ritus
537 5405 889 5454 enumeratur
911 5397 964 5471 (1
990 5397 1114 5456 Cor.
1140 5401 1258 5473 xu).
1289 5401 1443 5472 Quod
1467 5413 1646 5460 autem
1671 5405 1768 5461 Sin
1795 5407 1962 5463 etiam

377 5482 558 5538 odium
583 5484 932 5558 interpretari
955 5491 1175 5559 dicitur,
1217 5509 1395 5564 neque
1423 5496 1528 5552 hoc
1551 5496 1770 5566 quidem
1795 5511 1825 5551 a
1851 5497 1964 5569 spi—

377 5571 559 5628 ritunli
589 5577 862 5634 exorbitat
905 5579 1203 5638 intellectu.
1237 5583 1494 5655 Quisquis
1531 5586 1678 5642 enim
1717 5587 1968 5656 pervenit

374 5661 443 5718 ad
501 5661 762 5724 visionem
799 5669 886 5725 vel
919 5671 1301 5732 allocutionem
1331 5675 1425 5734 Dci
1447 5717 1461 5744 ,
1501 5677 1787 5736 confestim
1831 5693 1961 5736 cou-

377 5756 511 5825 cipit
542 5758 725 5815 odium
759 5762 964 5817 mundi.

2072 1936 2227 1992 tuos,
2257 1926 2349 1996 qui
2390 1925 2607 1983 redimit
2633 1926 2706 1984 de
2743 1925 2968 1982 interitu
2996 1924 3162 1983 vitam
3209 1931 3356 1981 tuam
3387 1921 3599 1994 (Ιθίιίι).
3636 1940 3657 1975 ι

2067 2016 2321 2089 Languor
2346 2017 2558 2072 scilicet
2597 2016 2822 2081 animae,
2855 2015 2986 2070 vitia
3029 2023 3193 2082 sunt;
3238 2029 3387 2075 mors
3418 2013 3618 2069 animus
3641 2052 3658 2078 ,

2072 2115 2296 2176 peccata
2321 2105 2628 2164 criminalia
2650 2113 2802 2162 sunt.
2834 2124 2863 2158 t.
2881 2105 3175 2164 Peccatum
3195 2105 3364 2172 enim,
3388 2119 3510 2160 cum
3533 2117 3664 2161 con-

2068 2207 2402 2262 salutatum
2426 2197 2614 2264 fuerit,
2643 2205 2870 2270 generat
2893 2209 3126 2256 mortem
3154 2196 3298 2268 (lac.
3329 2196 3392 2269 ι).
3425 2214 3445 2250 ι

2139 2287 2346 2351 Deinde
2377 2289 2604 2350 veniunt
2636 2289 2692 2346 in
2724 2287 2913 2347 Halus.
2947 2288 3127 2346 ﬂatus
3157 2289 3551 2358 ituerpretatnr
3573 2287 3659 2342 la-

2068 2379 2218 2448 bores
2268 2379 2387 2442 sive
2425 2379 2760 2449 fermentum.
2824 2379 2894 2436 Et
2931 2389 3082 2444 certe
3125 2379 3416 2440 sanitatem
3444 2378 3664 2435 labores

2068 2480 2397 2542 sequuntur;
2443 2472 2700 2546 quoniam
2731 2471 2802 2532 ad
2841 2471 2920 2532 nil
2950 2472 3096 2532 aliud
3137 2471 3428 2532 sanitatem
3470 2479 3661 2530 sancta

2068 2565 2252 2626 anima
2280 2563 2442 2624 debet
2469 2565 2881 2636 concupiscere,
2910 2564 3018 2626 nisi
3046 2573 3109 2621 ut
3139 2562 3300 2636 ια.
3325 2562 3540 2620 labores
3563 2577 3664 2634 pro

2069 2654 2183 2713 Deo
2219 2655 2399 2719 valeat
2429 2669 2828 2727 pressurasque
2865 2654 3132 2727 perferre.
3178 2655 3306 2713 ideo
3342 2669 3536 2725 nempe
3573 2669 3664 2710 so-

2068 2764 2195 2810 crus
2217 2747 2369 2812 Petri
2403 2747 2472 2804 de
2491 2747 2646 2810 febre
2673 2747 2970 2813 convaluit,
3005 2756 3065 2802 ut
3086 2745 3317 2806 Domino.
3338 2760 3440 2816 per
3463 2742 3662 2804 seduli-

2069 2843 2200 2914 tatis
2234 2841 2556 2912 obsequium
2596 2841 2934 2900 ministraret
2967 2838 3184 2912 (Manli.
3225 2839 3368 2906 vni).
3404 2835 3529 2895 ideo
3560 2849 3662 2907 per

2067 2934 2338 2999 Ananjam
2367 2941 2596 2992 sanatus
2619 2940 2706 2992 est
2740 2930 2975 3004 Paulus,
3016 2939 3078 2988 ut
3115 2928 3388 2991 continuis
3423 2936 3662 3000 postmo~

2070 3023 2201 3088 dum
2253 3022 2533 3084 laboribus
2581 3022 2884 3092 insudaret.
2915 3020 3082 3082 .liiuc
3140 3027 3224 3082 est
3289 3018 3438 3089 aliud.
3482 3017 3662 3075 eidem

2069 3111 2296 3183 Ananiae
2327 3113 2396 3178 de
2431 3113 2526 3176 illo
2567 3114 2776 3170 dictum
2815 3131 2830 3169 :
2874 3132 2894 3170 ι
2925 3113 3040 3184 Ego
3066 3111 3213 3174 enim
3255 3105 3543 3174 ostendam
3580 3107 3660 3164 illi

2070 3213 2277 3274 attenta.
2297 3212 2544 3274 oporteat
2563 3218 2688 3269 eum
2711 3219 2809 3275 pro
2833 3202 3054 3263 nomine
3082 3215 3204 3264 meo
3224 3200 3338 3272 pati
3358 3199 3498 3270 (Act.
3520 3198 3656 3270 IX).I

2071 3293 2227 3364 Quod
2255 3304 2436 3352 autem
2467 3293 2635 3362 Halus
2662 3294 2831 3356 etiam
2861 3294 3178 3364 [erittantum
3203 3290 3552 3363 interpretari
3577 3288 3665 3346 di-

2071 3386 2236 3454 citur,
2270 3392 2328 3442 et
2361 3386 2493 3448 hinc
2520 3386 2678 3444 nobis
2716 3400 2972 3457 congruae
3007 3381 3418 3455 signiﬁcationis
3449 3380 3663 3440 intelle-

2070 3484 2192 3538 ctus
2237 3475 2483 3543 oll'ertur.
2529 3475 2647 3538 Hoc
2691 3484 2780 3541 est
2810 3477 2958 3541 enim
2991 3474 3318 3560 fermentum
3357 3471 3486 3536 illud
3516 3472 3659 3542 quod

2072 3566 2270 3634 tollens
2312 3565 2508 3624 mulier
2553 3566 2900 3632 commiscuit
2942 3566 2996 3622 in
3037 3565 3227 3626 farinae
3269 3565 3404 3627 satis
3445 3563 3656 3629 tribus.

2071 3657 2245 3724 donec
2303 3655 2727 3724 fermcnmretur
2778 3663 2952 3714 totum
2997 3655 3214 3730 (Matth.
3261 3655 3423 3728 χιιι),
3469 3655 3524 3714 id
3563 3663 3650 3714 est

2070 3756 2320 3817 sanctum
2343 3745 2720 3818 Evangciium.
2751 3747 2810 3804 ln
2835 3748 2939 3806 hac
2959 3747 3227 3820 siquidem
3253 3747 3542 3808 solitudine
3562 3763 3661 3820 po-

2069 3840 2232 3914 pulus
2271 3840 2654 3908 murmuravit,
2685 3847 2740 3899 et
2788 3856 2989 3898 manna
3035 3839 3196 3898 simul
3243 3848 3302 3898 et
3347 3840 3663 3898 coturnices

2072 3931 2304 4004 accepit.
2333 3929 2404 3987 Et
2431 3947 2557 3996 cum
2585 3946 2704 3994 non
2732 3932 2894 3989 modo
2917 3931 3274 3998 fermentum,
3298 3931 3397 3990 sed
3423 3937 3478 3988 et
3498 3945 3658 3990 mam

2070 4040 2140 4080 na
2185 4039 2404 4082 sacrum
2439 4024 2708 4096 signiﬁcet
2757 4024 3140 4097 Evangelium,
3178 4025 3318 4083 miro
3348 4025 3510 4082 modo
3542 4025 3661 4082 hac

2069 4116 2233 4188 simul
2260 4119 2314 4176 in
2343 4118 2553 4180 decima
2581 4117 2866 4178 mansione
2891 4117 3255 4186 conveniunt,
3284 4127 3344 4172 ut
3376 4125 3501 4188 post
3523 4115 3658 4189 legis

2069 4209 2366 4280 praemissae
2397 4209 2724 4283 Decalogum
2756 4209 2916 4283 panis
2941 4208 3216 4282 Evangelii
3247 4209 3544 4270 succedere
3576 4207 3658 4263 vi-

2067 4302 2282 4365 deatur.

2139 4395 2274 4458 Post
2302 4395 2422 4455 hac
2457 4396 2688 4455 veniunt
2714 4396 2770 4453 in
2804 4395 3099 4467 Raphidin.
3126 4393 3528 4466 interpretatur
3557 4392 3659 4449 ita-

2071 4501 2179 4560 que
2205 4486 2476 4558 Rapbidin
2505 4486 2625 4543 laus
2644 4487 2863 4558 iudicii.
2892 4486 2963 4544 Et
2989 4492 3139 4544 certe
3162 4485 3300 4544 satis
3323 4483 3573 4555 congruit
3599 4490 3658 4538 ut

2073 4587 2130 4636 et
2171 4576 2328 4634 labor
2364 4576 2656 4634 antecedat
2695 4576 2931 4643 laudem,
2976 4583 3035 4632 et
3074 4575 3195 4632 laus
3215 4574 3498 4647 proveniat
3538 4581 3656 4645 post

2069 4667 2332 4725 laborem.
2363 4665 2563 4730 Verum
2591 4683 2700 4726 non
2729 4667 3100 4740 cujuscunque
3125 4665 3227 4733 rei,
3254 4664 3352 4722 sed
3377 4663 3496 4722 laus
3516 4662 3660 4735 judi-

2071 4762 2166 4830 cii,
2196 4759 2451 4822 videlicet
2484 4759 2552 4818 de
2590 4759 2818 4828 rationis
2843 4757 3053 4829 judicio
3081 4757 3348 4829 prodeat;
3381 4771 3490 4812 non
3540 4755 3662 4813 laus

2071 4867 2196 4924 qum
2241 4852 2310 4910 de
2347 4852 2618 4924 superbiae
2651 4852 2896 4910 vanitate
2932 4851 3195 4921 procedat
3230 4865 3246 4904 :
3291 4867 3312 4902 ι
3349 4846 3661 4919 Spiritualis

2069 4946 2218 5002 enim
2267 4945 2430 5002 homo
2469 4944 2678 5017 iudicat
2721 4943 2925 5008 omnia,
2949 4951 3006 5001 et
3032 4959 3082 4998 .a
3126 4939 3348 4998 nemine
3381 4937 3659 5008 iudicatur

2068 5035 2123 5108 (Ι
2155 5033 2280 5092 Cor.
2316 5035 2401 5107 it).
2431 5054 2452 5092 ι
2496 5034 2866 5107 Reperiuntur
2902 5043 2959 5090 et
2985 5033 3105 5090 aliae
3141 5031 3338 5089 borum
3380 5028 3660 5086 nominum

2069 5129 2564 5200 interpretationes.
2610 5127 2716 5184 Sed
2755 5129 2800 5184 si
2837 5135 3033 5184 cuncta
3057 5165 3074 5193 ,
3112 5139 3232 5195 qum
3267 5122 3430 5180 nobis
3464 5121 3520 5178 in
3552 5121 3661 5177 hac

2067 5219 2292 5275 materia
2331 5228 2715 5291 suggeruntur,
2752 5216 3150 5289 amplectimur,
3173 5213 3288 5284 jam
3321 5227 3435 5268 non
3467 5224 3661 5268 serva-

2065 5312 2216 5368 bitur
2251 5309 2562 5381 cpistoiaris
2593 5309 2728 5366 ordo
2755 5306 3093 5378 compendii,
3136 5304 3233 5376 sed
3273 5301 3660 5400 onerosicon-

2069 5408 2254 5471 surget
2282 5398 2582 5455 enormitas
2611 5397 2757 5454 libri.
2787 5395 3153 5454 lsraelitarum
3183 5405 3314 5462 ergo
3344 5395 3662 5456 mansiones

2069 5489 2350 5548 succincte
2383 5486 2844 5553 transcurrimus,
2885 5501 2994 5542 non
3025 5491 3089 5543 aut
3121 5495 3310 5542 earum
3353 5488 3662 5542 scrutemur

2071 5594 2270 5636 arcana
2303 5577 2587 5645 cubicula,
2633 5577 2727 5634 sed
2764 5584 2824 5632 ut
2860 5575 2914 5631 in
2959 5589 3146 5631 earum
3190 5570 3502 5629 nominibus
3540 5579 3660 5624 tan-

2072 5686 2232 5745 quam
2269 5670 2539 5727 exteriora
2569 5669 2839 5740 parietum
2869 5665 3188 5738 simpliciter
3214 5662 3583 5721 ostendamus.

2145 5767 2346 5824 Deindc
2376 5764 2595 5822 veniunt
2619 5763 2676 5820 in
2707 5763 2980 5820 desertum
3011 5757 3181 5815 Sinai.
3215 5757 3333 5824 Sin,
3371 5769 3532 5826 quam
3565 5769 3655 5808 suo
