4034 6192
414 240 550 296 1057

1684 244 1746 297 IN
1786 239 2046 297 LiBRUM
2080 238 2363 298 NUMERI.

3530 240 3683 299 ’1058

407 361 592 431 perius
620 360 888 427 diximus,
922 371 977 418 et
1005 361 1156 418 Sinni
1201 377 1366 417 unum
1398 377 1503 417 non
1547 358 1839 430 ambigitur
1867 371 1989 414 esse
2018 359 2065 417 Α
2093 364 2369 425 perpetuis
2397 367 2672 424 separare.
2699 351 2756 409 Si
2782 369 2910 411 vero
2943 353 3190 410 Ithemon
3213 354 3439 421 Phares,
3465 363 3526 411 ut
3547 356 3679 411 alibi

407 446 714 520 desertum;
744 455 838 511 sed
867 455 961 510 Sin
991 454 1192 509 dicitur
1222 454 1337 524 ipsa
1381 453 1655 523 planities,
1686 451 1833 506 Sinai
1862 464 1992 505 vero

408 542 562 600 nious
589 557 675 601 est
701 547 755 601 in
792 546 980 601 eadem
1012 545 1418 617 supereminens
1451 543 1775 599 solitudine:
1804 544 1858 596 in
1881 544 1991 612 quo

405 634 663 689 nimirum
710 634 971 689 Dominus
994 635 1127 704 legis
1157 632 1335 689 edicta
1350 633 1672 705 promulgat,
1698 643 1753 688 et
1780 632 1993 702 Moyses

405 706 819 777 tabernactd'sm
853 723 1083 777 fabricat
1114 718 1310 794 (Exod.
1354 738 1458 788 xx,
1491 722 1596 776 Div
1637 732 1690 777 et
1724 729 1892 791 xxvi).
1926 721 1993 775 Et

406 813 508 867 hoc
551 814 833 882 aptissime
872 812 1142 885 congruit,
1191 821 1271 878 ut,
1320 822 1605 883 postquam
1655 812 1994 867 rationabilis

404 902 823 958 anima'rectum
863 919 927 959 ac
955 919 1052 974 per
1079 904 1183 959 hoc
1232 902 1498 957 laudabile
1528 896 1754 972 coeperit
1789 903 1992 958 habere

401 995 696 1063 judicium,
730 1004 859 1050 tunc
897 996 951 1050 in
989 1011 1048 1051 se
1078 998 1188 1051 Deo
1225 994 1323 1051 suo
1358 1002 1639 1049 construat
1663 994 1989 1049 tabernacu-

406 1085 629 1153 lum,et,
652 1088 812 1159 digna
827 1088 941 1158 jam
963 1088 1238 1144 Creatoris
1263 1087 1838 1159 alloquio,cmlestium
1866 1100 1991 1158 per-

404 1177 571 1245 cipiat
600 1179 859 1247 mysteria
895 1178 1301 1235 mandatorum.

472 1264 601 1321 Post
624 1267 741 1322 haec
759 1266 986 1337 profecti
1011 1278 1137 1322 sunt
1158 1268 1224 1321 ad
1248 1267 1495 1338 sepulcra
1513 1264 1991 1338 concupiscentia.

401 1358 493 1414 ubi
523 1346 735 1415 scilicet
770 1358 998 1430 pulcher
1021 1362 1155 1415 ordo
1177 1352 1676 1416 contexitur.'Nam
1708 1375 1832 1414 cum
1861 1358 1986 1413 felix

398 1452 583 1507 anima
606 1470 706 1508 suo
730 1453 788 1508 fit
812 1455 1217 1511 tabernaculum
1246 1455 1521 1520 Creatori,
1550 1471 1697 1521 cum,
1720 1455 1989 1512 mandatis

406 1545 602 1601 divinae
633 1545 768 1617 legis
803 1548 1037 1613 intenta,
1059 1549 1171 1616 jam
1195 1547 1422 1617 eruperit
1454 1547 1697 1604 cmlestia
1738 1558 1986 1603 contem-

403 1635 538 1703 plari
558 1677 572 1699 ,
606 1651 729 1690 mox
761 1638 1104 1691 aestuantium
1132 1638 1388 1693 vitiorum
1412 1638 1578 1693 ardor
1598 1638 1982 1708 exstinguitur,

2097 446 2559 515 reperitur,'mali
2570 447 2748 517 punici
2763 446 2947 502 divisio
2970 447 3187 512 dicitur,
3213 463 3313 518 per
3348 448 3450 503 hoc
3491 449 3679 517 procul

2098 539 2264 593 dubio
2290 547 2475 593 sancta
2501 538 2814 610 designatur
2835 539 3096 602 Ecclesia,
3122 552 3241 610 qua:
3266 540 3522 609 tanquam
3539 539 3680 595 mul-

2097 638 2151 683 ta
2181 645 2347 700 grana
2372 644 2479 684 uno
2517 631 2718 685 cortice
2749 632 3009 701 contegit,
3045 630 3171 685 dum
3202 646 3418 687 omnem
3450 631 3682 687 creden-

2076 720 2227 773 ‘tium
2258 720 2835 792 turb‘aminseparabili
2857 720 3139 777 catholicae
3163 721 3290 777 ﬁdei
3316 723 3526 780 unitate
3548 730 3681 779 con-

2074 810 2284 866 ‘cludit.

2164 901 2365 956 Deinde
2417 908 2704 959 transeunt
2752 903 2805 958 in
2838 901 3060 969 Lebna,
3090 903 3236 976 quod
3284 904 3675 975 interpretatur

2091 989 2376 1045 dealbatio.
2411 990 2527 1047 Non
2566 1002 2746 1048 autem
2785 994 3098 1063 ignoramus
3126 995 3525 1051 dealbationetn
3570 996 3673 1051 ali»

2088 1080 2307 1148 quando
2335 1096 2432 1149 pro
2460 1081 2687 1137 crimine
2717 1083 2863 1151 poni,
2888 1084 3030 1138 sicut
3050 1083 3304 1139 dicuntur
3322 1094 3675 1140 monumenta

2091 1170 2338 1225 dealbata
2370 1183 2425 1227 et
2456 1174 2635 1243 paries
2666 1174 2989 1240 dealbatus;
3048 1178 3143 1232 sed
3171 1176 3260 1233 hic
3290 1176 3376 1231 illa
3408 1177 3675 1235 dealbatio

2088 1257 2252 1314 debet
2310 1260 2560 1329 intelligi,
2603 1262 2671 1316 de
2720 1272 2823 1331 qua
2882 1277 2979 1332 per
3028 1263 3225 1318 Isaiam
3278 1264 3478 1319 dicitur
3508 1278 3580 1319 εἰ
3614 1264 3672 1319 Si

2089 1349 2292 1407 fuerint
2326 1366 2550 1422 peccata
2582 1364 2758 1407 vestra
2792 1365 2853 1409 ut
2876 1356 3178 1418 coccinum,
3205 1357 3358 1426 quasi
3399 1355 3494 1410 nix
3523 1356 3674 1411 deal-

2089 1439 2383 1507 babuutur,
2413 1452 2468 1496 et
2499 1443 2547 1497 si
2598 1443 2799 1497 fuerint
2843 1445 3006 1498 rubra
3042 1446 3196 1514 quasi
3228 1447 3572 1513 vermiculus,
3613 1459 3675 1501 ut

2088 1530 2210 1586 lana
2237 1532 2355 1585 alba
2383 1542 2542 1590 eruu:
2571 1534 2794 1605 (Ιεαί.ι);
2819 1553 2839 1588 ι
2872 1549 2925 1590 et
2951 1538 3000 1590 in
3033 1537 3246 1593 l’s’almo
3277 1553 3330 1590 τι
3367 1538 3502 1595 NiVe
3527 1540 3675 1594 deal-

2068 1614 2365 1680 rbabuntur
2413 1625 2466 1680 in
2516 1627 2735 1681 Selmon
2786 1624 2958 1697 (Ps’nl.
3003 1631 3194 1695 nm).
3235 1647 3254 1681 ι
3286 1628 3352 1683 Ει
3384 1629 3439 1683 in
3459 1630 3673 1699 Apoca-

396 1735 451 1778 ct
475 1726 650 1781 omnis
675 1727 1196 1797 carnalisjllecebrm
1226 1729 1661 1799 concupiscentia
1690 1714 2062 1800 sepeliturfb
2090 1709 2226 1783 Ῐῖβεί
2260 1731 2273 1767 ³
2313 1731 2331 1764 ⁸
2365 1713 2551 1783 CBDN"
2582 1713 2708 1771 JCS“
2743 1724 2997 1786 lanii"lam
3043 1716 3166 1772 13'“
3209 1719 3317 1773 albi
3359 1718 3675 1774 Γείθτυιιῑυν

398 1826 455 1869 ιιι
487 1833 595 1872 non
620 1816 734 1885 jam
761 1833 889 1874 caro
918 1834 978 1875 se
1012 1820 1273 1875 adversus
1308 1822 1559 1891 spiritum
1598 1832 1808 1878 moveat
1829 1824 1984 1890 ,non

397 1909 658 1964 adversus
682 1924 904 1964 carnem
935 1912 1159 1980 spiritus
1187 1912 1557 1982 concupiscat.

467 1999 595 2055 lude
620 2000 883 2056 transitur
905 2002 959 2056 iu
982 1992 1235 2068 Aseroth,
1260 2004 1403 2072 quod
1428 2003 1821 2073 interpretatur
1846 2004 1983 2059 atria

398 2089 654 2161 perfecta,
692 2090 775 2145 vel
826 2091 1113 2146 beatitudo.
1163 2090 1273 2158 Et,
1313 2110 1348 2149 ο
1391 2108 1551 2163 quam
1600 2094 1824 2163 pulcher
1850 2096 1983 2151 ordo

397 2181 638 2249 mystcrii
656 2221 669 2244 ,
702 2196 866 2249 quam
890 2182 1288 2237 deeora'series
1315 2184 1608 2253 spiritualis
1637 2185 1981 2253 incrementi,

401 2280 477 2336 ut,
505 2281 786 2341 postquam
816 2272 1093 2341 sepelieris
1116 2274 1587 2343 concupiscentias
1614 2276 1815 2340 carnis,
1843 2284 1983 2347 prae-

395 2368 482 2417 sto
528 2361 812 2431 pervenias
858 2362 925 2414 ad
967 2363 1165 2415 atrium
1211 2362 1558 2433 perfectionis
1601 2373 1656 2418 et
1701 2367 1980 2434 praemium

396 2450 774 2505 beatitudinis!
806 2450 958 2505 Felix
995 2453 1172 2505 anima
1201 2469 1321 2523 qua:
1356 2455 1517 2509 nullis
1540 2455 1647 2523 jam
1678 2456 1826 2511 vittis
1862 2471 1984 2510 car-

399 2539 484 2593 nis
509 2549 752 2609 urgetur,
786 2542 910 2609 quia
947 2557 1071 2595 mox
1102 2544 1171 2597 ad
1207 2542 1596 2598 beatitudinem
1623 2546 1981 2617 percipienda:

401 2623 853 2686 remuneratibuis
881 2633 1209 2701 ingreditur!

464 2720 597 2776 Post
649 2720 763 2776 hanc
820 2733 1083 2778 venerunt
1130 2727 1181 2778 iu
1225 2724 1496 2791 Rethma,
1556 2727 1670 2782 sive
1718 2718 1974 2783 Pharum.

404 2804 560 2883 145
610 2809 877 2873 Rethma.
929 2822 985 2865 ut
1035 2814 1352 2883 opinamur,
1404 2816 1797 2887 interpretatur
1844 2819 1978 2872 uisio

399 2913 795 2968 consummata;
836 2903 1068 2957 Pharatu
1120 2920 1267 2970 vero,
1308 2905 1509 2959 uisibile
1548 2922 1628 2961 os.
1682 2906 1738 2962 In
1764 2910 1978 2977 quibus

399 2994 527 3063 quid
549 2992 692 3047 aliud
712 2993 1049 3063 intelligitur,
1074 2995 1174 3047 nisi
1201 3005 1258 3049 ut
1279 3004 1466 3051 sancta
1491 2998 1742 3065 qumlibet
1767 2999 1973 3065 anima,

2089 1804 2275 1878 (Apoc.
2318 1807 2380 1878 ι).
2416 1827 2433 1860 ι
2466 1809 2808 1879 Quapropter
2836 1812 2926 1866 hic
2963 1811 3238 1867 dealbatio
3280 1814 3671 1867 convenienter

2087 1898 2409 1972 intelligitur
2447 1902 2512 1957 de
2556 1917 2699 1957 vene
2744 1902 2883 1958 lucis
2923 1904 3208 1973 Splendore
3249 1905 3469 1973 prodire
3506 1916 3564 1959 et
3606 1904 3673 1958 de

2088 2005 2313 2047 summae
2334 1992 2559 2047 visionis
2578 1992 2831 2050 claritate
2847 1995 3197 2049 descendere.
3221 1994 3373 2062 Quod
3397 1996 3441 2049 si
3462 1995 3670 2059 Lebna,

2066 2080 2146 2133 'u'.
2173 2080 2392 2150 quidam
2416 2082 2624 2148 dicunt,
2658 2083 2709 2137 in
2740 2082 2963 2137 laterem”
2986 2085 3236 2148 vertitur,
3284 2086 3347 2139 iu‘
3382 2096 3492 2155 quo
3517 2084 3671 2140 vide-

2085 2170 2213 2225 licet
2241 2186 2406 2241 opere
2432 2172 2767 2229 lsraeliticus
2802 2175 2855 2228 in
2883 2172 3122 2244 A‘Igypto
3169 2175 3396 2245 populus
3444 2186 3667 2232 coactus

2083 2267 2168 2314 est
2190 2260 2461 2324 laborare,
2498 2262 2602 2317 hoc
2632 2264 2791 2319 datur
2820 2263 3048 2334 intelligi
3072 2266 3232 2335 quia,
3275 2267 3417 2320 sicut
3445 2264 3519 2322 illi
3545 2278 3669 2337 post

2087 2360 2197 2406 tam
2221 2350 2467 2406 sublimia
2496 2352 2611 2408 loca
2635 2362 2826 2414 ru'rs‘is
2850 2354 2905 2408 in
2932 2354 3157 2414 laterem
3179 2358 3416 2423 veniunt,
3447 2359 3519 2411 ita
3544 2374 3664 2420 n03.

2085 2441 2322 2511 quandiu
2363 2441 2418 2495 in
2454 2440 2619 2510 hujus
2649 2444 2836 2501 muri-ii
2863 2445 3080 2498 deserto
3108 2446 3542 2517 peregrinantur,
3572 2458 3659 2503 ne-

2089 2530 2346 2585 cessitate
2359 2531 3037 2601 compellimuraliq-tando
3061 2546 3091 2589 a
3110 2534 3337 2590 summis
3360 2538 3425 2590 ad
3441 2537 3548 2592 ima
3571 2537 3666 2592 de-

2058 2620 2059 2625 “
2082 2621 2366 2687 sceude‘re,
2388 2632 2442 2677 ct
2462 2639 2490 2677 a
2507 2621 2877 2693 spiritualibus
2899 2624 2967 2679 ad
2992 2633 3220 2680 terrena:
3241 2627 3474 2686 actionis
3494 2641 3661 2702 epera

2056 2714 2059 2727 '
2083 2713 2494 2781 trausuigrare.

2150 2800 2285 2860 Post
2310 2802 2425 2859 haec
2446 2805 2693 2860 veniunt
2719 2806 2770 2861 in
2800 2805 2967 2862 Ressa
2987 2846 3003 2873 ,
3033 2807 3176 2877 quod
3207 2808 3463 2879 infren‘os‘
3489 2814 3656 2867 verti-

2088 2901 2199 2956 tur,
2222 2901 2277 2947 et
2302 2908 2407 2948 non
2435 2894 2836 2963 incongrue.'Si
2859 2896 3003 2950 enim
3027 2904 3144 2965 post
3168 2898 3517 2966 perfectibnis
3550 2899 3664 2955 cul-

2082 2999 2203 3040 men
2262 2988 2330 3037 ad
2392 2998 2558 3054 opera
2607 2984 2867 3040 lutulenta
2907 2986 3310 3051 descendimus,
3365 2989 3663 3061 disciplina:

400 3096 519 3153 post
555 3082 793 3153 sepultas
834 3083 947 3153 jam
994 3085 1171 3138 carnis
1203 3086 1687 3155 concupiscentias,
1715 3092 1975 3157 perducat
2000 3069 2055 3157 Ο
2082 3074 2309 3129 ¹¹⁰³ίὶ¹ηίδ
2355 3082 2413 3130 el
2458 3076 2789 3144 Ραδηῖιεηῑῖίιε
2836 3075 3317 3134 ῙυτῖείηττεῒιεηάΓ
3344 3092 3561 3145 Sumus.
3594 3097 3663 3136 ηθ

392 3176 505 3244 jam
546 3175 615 3229 ad
658 3175 853 3229 atrium
881 3172 1246 3244 perfectionis,
1278 3191 1468 3231 secura
1497 3178 1562 3232 de
1592 3180 1816 3247 praemio
1847 3179 1981 3235 bea-

401 3267 667 3333 titudinis,
716 3268 783 3321 ad
817 3274 1244 3321 consummatam
1277 3283 1400 3322 mox
1451 3267 1546 3325 Dei
1578 3270 1841 3326 visionem
1882 3284 1981 3327 ve-

402 3360 536 3422 niat,
572 3354 795 3427 ejusque
849 3355 1060 3411 visibile
1102 3362 1185 3420 ‘os,
1241 3357 1344 3411 hoc
1371 3369 1455 3412 ρει
1526 3368 1845 3428 praesentem
1881 3360 1976 3415 Dei

398 3449 655 3521 speciem,
688 3447 912 3503 cernat?
948 3466 966 3498 ι
1002 3446 1154 3503 Nunc
1174 3447 1319 3501 enim
1359 3448 1603 3503 videmus
1649 3464 1801 3515 eum,
1837 3450 1979 3507 sicut

398 3538 532 3595 dicit
574 3536 883 3608 Apostolus,
931 3537 985 3591 in
1038 3536 1256 3605 speculo
1303 3544 1359 3592 et
1406 3537 1459 3592 in
1497 3538 1806 3607 (enigmatc,
1847 3548 1978 3594 tunc

400 3637 580 3685 autem
610 3627 750 3683 facie
772 3627 839 3681 ad
870 3626 1098 3693 faciem;
1134 3635 1189 3681 et
1219 3640 1363 3681 nunc
1400 3638 1671 3697 cognosco
1695 3642 1763 3681 ex
1792 3636 1975 3697 parte,

400 3728 529 3773 tunc
579 3718 760 3774 aute‘m
805 3733 1128 3788 cognoscam
1180 3717 1319 3772 sicut
1361 3725 1416 3772 et
1467 3720 1717 3787 cognitus
1758 3732 1879 3773 sum
1920 3708 1973 3792 (ι

397 3809 522 3863 Cor.
551 3808 694 3877 xui).
729 3827 749 3862 ι
783 3804 913 3876 Quae
943 3818 1120 3863 tamen
1150 3808 1330 3863 omnia
1368 3810 1495 3879 quia
1523 3808 1697 3864 sancti
1727 3810 1974 3879 quilibet,

399 3899 451 3953 in
481 3914 645 3954 carne
666 3899 966 3963 constituti,
1012 3897 1216 3952 habere
1242 3906 1523 3965 nequeunt
1550 3896 1784 3967 pleuiter
1805 3898 1860 3951 in
1890 3913 1973 3968 re,

391 3990 504 4060 jam
542 3990 746 4045 habent
772 3988 825 4043 iu
850 4004 981 4059 spe;
1014 4002 1177 4057 quam
1210 3987 1423 4043 scilicet
1449 4000 1598 4057 Spem
1618 3986 1735 4057 jam
1778 3987 1976 4044 firmis-

393 4081 599 4141 simam
635 4090 837 4147 tcneut,
869 4081 999 4151 quia
1041 4079 1306 4149 Spiritum
1351 4080 1631 4145 sanctum,
1661 4078 1752 4150 qui
1790 4094 1891 4136 eos
1914 4080 1971 4136 in

393 4174 520 4229 vitae
548 4172 707 4243 hujus
738 4171 1011 4228 laboribus
1048 4172 1287 4237 roborat,
1335 4172 1531 4243 pignus
1559 4174 1783 4233 habent.
1819 4171 1972 4232 Unde

391 4272 450 4320 et
478 4262 567 4318 illa
595 4261 991 4332 interpretatio,
1022 4278 1126 4332 qua
1159 4262 1387 4317 Rethma
1440 4266 1642 4319 sonitus
1688 4266 1801 4323 sive
1825 4266 1971 4337 juni-

390 4367 547 4425 perus
579 4352 798 4418 dicitur,
819 4367 923 4407 nou
950 4350 1245 4422 incongrua
1263 4351 1562 4420 judicatur.
1591 4353 1794 4412 Ferunt
1818 4358 1964 4413 enim

2044 3154 2057 3247 δ
2083 3164 2342 3236 vagentur
2370 3172 2469 3235 per"
2498 3167 2726 3236 abrupta
2755 3168 3089 3237 praecipites,
3114 3171 3209 3223 sed
3234 3170 3345 3223 cito
3370 3172 3661 3226 redeamus

2082 3258 2163 3311 ad
2190 3258 2464 3312 cOnSuetac
2486 3262 2489 3263 '
2514 3255 2793 3311 munditia
2824 3248 2985 3329 14's
3034 3258 3369 3327 puritatem.‘
3393 3259 3661 3331 Interpre-

2081 3355 2229 3402 tatur
2255 3348 2419 3403 etiam
2451 3348 2624 3402 Ressa
2682 3348 2900 3407 visibilis
2944 3350 3058 3402 sive
3098 3348 3379 3405 laudabitis
3416 3354 3654 3407 nutatio.

2048 3430 2049 3433 “
2080 3440 2338 3509 Quamvis
2363 3441 2509 3495 enim
2538 3453 2690 3496 mens
2718 3439 3007 3509 cujuslibet
3028 3438 3161 3509 justi
3190 3441 3291 3496 viri
3310 3439 3426 3510 jam
3451 3444 3519 3498 ad
3544 3444 3654 3507 alta

2077 3532 2346 3603 proﬁciat,
2371 3533 2669 3587 tentatione
2696 3540 2877 3587 tamen
2899 3532 3075 3587 adhuc
3099 3533 3153 3587 in
3179 3532 3287 3588 ima
3317 3535 3651 3604 deprimitur.

2044 3620 2051 3625 ’
2077 3640 2146 3679 ne
2174 3624 2271 3694 per
2307 3624 2573 3678 tumorem
2598 3622 2866 3693 superbia:
2898 3623 2966 3678 de
3010 3622 3304 3679 virtutibus
3331 3623 3650 3679 extollatur.

2044 3712 2049 3725 '
2079 3712 2340 3770 Stimulos
2370 3713 2515 3767 enim
2566 3712 2881 3769 tentatiouis
2910 3712 2989 3768 ad
3024 3713 3321 3769 custodiam
3370 3712 3658 3772 adhibetur

2041 3789 2417 3858 'ho’militatis.
2449 3802 2605 3859 Unde
2632 3804 2766 3858 dicit
2812 3801 3137 3873 Apostolus:
3183 3823 3202 3855 ι
3235 3803 3314 3859 Ne
3340 3806 3653 3875 magnitudo

2042 3898 2045 3899 '
2077 3890 2464 3947 revelatiooum
2494 3890 2720 3946 extollat
2759 3906 2878 3958 me,
2908 3892 3069 3947 datus
3097 3900 3182 3947 est
3229 3892 3364 3947 mihi
3399 3893 3649 3949 stimulus

2038 3976 2257 4036 'carnis
2300 3992 2476 4047 metu,
2524 3980 2749 4052 angelus
2795 3980 3049 4048 Satanae,
3100 3990 3161 4036 ut
3209 3997 3298 4037 me
3350 3982 3655 4054 cola‘phizet

2040 4076 2045 4077 ί
2074 4071 2159 4144 (Il
2191 4070 2315 4128 Cor.
2346 4073 2467 4145 xu).
2499 4092 2520 4127 ι
2556 4070 2685 4129 Haec
2713 4085 2844 4144 ergo
2871 4073 3098 4128 tentatio
3135 4071 3373 4129 visibilis
3390 4082 3495 4140 est,
3523 4075 3649 4144 quia

2072 4163 2390 4232 manifesta;
2420 4164 2726 4231 laudabilis,
2749 4166 2876 4235 quia
2903 4162 3206 4221 salutifera.

2139 4254 2270 4311 lude
2319 4254 2593 4326 progressi
2638 4255 2936 4311 veniuutin
2964 4254 3255 4322 Ceelatha,
3284 4256 3430 4326 quod
3472 4256 3645 4310 inter-

2070 4350 2314 4418 pretatur
2335 4345 2607 4414 Ecclesia;
2626 4359 2697 4402 ut
2721 4348 2971 4404 videlicet
2997 4347 3281 4404 instabiles
3304 4350 3527 4418 quique,
3552 4349 3644 4418 qui

392 4437 597 4512 lignum
637 4444 740 4499 hoc
776 4443 953 4512 ignem
991 4443 1044 4498 in
1085 4458 1145 4499 se
1172 4443 1330 4513 longo
1353 4452 1595 4515 tempore
1621 4458 1967 4518 conservare,

2074 4454 2132 4492 se
2174 4453 2272 4509 per
2316 4438 2570 4493 vitiorum
2606 4438 2836 4508 abrupta
2891 4438 3309 4508 praecipitanter
3342 4436 3643 4509 impellunt,

390 4532 528 4589 adeo
572 4541 632 4588 ut
660 4533 705 4588 si
738 4547 925 4603 pruna:
970 4532 1087 4602 ejus
1128 4530 1333 4588 fuerint
1372 4534 1644 4590 cineribus
1672 4539 1965 4608 adopertas,

394 4637 567 4693 usque
611 4623 681 4677 ad
712 4637 910 4676 annum
950 4622 1133 4691 ignita:
1159 4623 1495 4692 perveniant.
1522 4623 1657 4691 Quia
1686 4628 1967 4699 ergo.Spi-

394 4715 530 4769 ritus
574 4721 814 4776 sanctus,
857 4712 997 4766 sicut
1039 4711 1255 4783 legitur,
1286 4713 1571 4769 scientiam
1604 4717 1770 4771 habet
1816 4720 1965 4780 vocis

392 4802 543 4876 (Sap.
581 4803 644 4875 ι),
671 4809 727 4858 et
764 4803 818 4857 in
858 4801 1129 4872 apostolos
1176 4802 1371 4858 missus
1396 4814 1480 4857 est
1517 4803 1572 4859 in
1602 4805 1785 4875 specie
1826 4806 1966 4877 ignis

392 4894 530 4966 (Act.
557 4893 643 4966 ιι),
675 4893 792 4948 haec
832 4892 1232 4960 interpretatio,
1259 4906 1362 4962 qua
1388 4892 1616 4948 Rethma
1642 4897 1853 4952 sonitus
1878 4897 1961 4953 vel

388 4984 668 5056 iuniperus
690 4983 910 5050 dicitur,
924 4982 1198 5053 aptissime
1223 4981 1448 5054 Spiritui
1472 4994 1661 5042 sancto
1675 4988 1963 5047 convenire

393 5078 627 5132 videtur.

466 5168 601 5223 llinc
625 5169 808 5237 itaque
827 5164 1076 5238 digressi,
1101 5165 1469 5222 castrametati
1493 5176 1617 5223 sunt
1638 5164 1692 5222 in
1720 5167 1964 5225 Rhemon

393 5254 629 5323 Phares;
668 5255 811 5328 quod
865 5255 1005 5325 apud
1054 5269 1154 5310 nos
1186 5254 1389 5309 excelsa
1432 5255 1695 5310 intercisio
1741 5256 1960 5313 dicitur.

396 5346 531 5401 Nam
575 5362 697 5402 cum
743 5347 940 5402 animae
1004 5344 1279 5399 redemitis
1331 5345 1399 5399 ad
1445 5343 1612 5398 Deum
1659 5344 1965 5400 intellectus

399 5448 654 5510 augetur,
686 5444 809 5491 mox
838 5435 1075 5491 ei‘datur
1098 5432 1335 5505 perfecta
1370 5432 1583 5499 notitia,
1611 5444 1715 5500 qua
1757 5432 1966 5489 scilicet

397 5530 613 5589 excelse
641 5536 802 5598 atque
830 5525 1131 5582 sublimiter
1159 5524 1311 5580 novit
1337 5533 1394 5580 et
1419 5533 1633 5580 terrena
1663 5537 1695 5577 a
1731 5523 1971 5579 coelesti-

402 5628 501 5681 bus
525 5622 869 5691 intercidere,
894 5630 947 5676 et
975 5618 1183 5676 caduca
1210 5617 1465 5691 quaelibet
1492 5632 1555 5674 ac
1592 5614 1905 5673 transitoria
1936 5632 1967 5672 a

2069 4543 2241 4585 sacra:
2280 4528 2576 4601 Scriptura:
2617 4529 2788 4585 f:enis
2815 4531 2873 4585 in
2921 4529 3215 4585 Ecclesium
3254 4532 3640 4594 retrahantur;

2068 4624 2204 4686 sive,
2232 4622 2373 4694 quod
2408 4622 2511 4677 alia
2543 4630 2688 4676 tenet
2704 4622 2889 4687 editio,
2907 4620 3206 4684 Machehat,
3231 4622 3375 4689 quod
3399 4622 3640 4691 estpriu-

2068 4718 2272 4787 cipatus
2301 4716 2478 4785 virgre.
2525 4714 2679 4783 Quod
2722 4723 3014 4782 utrumque
3054 4717 3380 4782 potestatem
3424 4711 3639 4765 videtur

2067 4806 2395 4877 exprimere.
2433 4804 2594 4864 Caxni
2636 4804 2854 4874 quippe,
2876 4802 2968 4872 qui
3001 4811 3261 4868 tentatur,
3295 4812 3520 4856 necesse
3554 4810 3642 4854 est

2064 4903 2126 4949 ut
2155 4894 2452 4964 praesidens
2482 4892 2705 4962 spiritus
2726 4892 3079 4963 principetur.
3112 4900 3192 4958 ut,
3223 4903 3346 4946 cum
3378 4888 3470 4945 illa
3500 4886 3641 4955 abji-

2066 4982 2175 5037 ciat
2201 4996 2459 5053 pugnant,
2488 4979 2592 5035 iste
2613 4978 2770 5048 quasi
2819 4978 3050 5050 desuper
3088 4978 3323 5040 iutentet
3356 4974 3644 5033 minaciter

2067 5072 2300 5143 virgam,
2325 5069 2451 5123 dum
2478 5068 2640 5139 rigidi
2670 5068 2897 5126 terroris
2920 5065 3142 5125 adhibet
3164 5064 3533 5137 disciplinam.

2138 5158 2348 5217 Exinde
2390 5158 2608 5214 venitur
2643 5158 2700 5212 in
2740 5168 2979 5213 montem
3004 5157 3231 5226 Sepher-
3262 5156 3381 5211 sive
3405 5152 3636 5224 Scphar,

2070 5250 2212 5323 quod
2240 5249 2545 5305 tubicinatio
2573 5246 2892 5317 appellatur.
2918 5244 3065 5300 Tuba
3082 5283 3098 5310 ,
3136 5244 3350 5315 signum
3373 5252 3457 5298 est
3490 5244 3636 5298 belli.

2069 5340 2252 5413 Equus
2262 5338 2405 5393 enim
2421 5335 2514 5392 Dei
2533 5351 2553 5388 ι
2570 5333 3058 5400 odoraturbellum,
3075 5327 3655 5388 etcumaudieritbuc-‘

2070 5433 2269 5496 cinam,
2287 5428 2417 5485 dicit
2438 5426 2542 5482 vah
2557 5441 2574 5492 ;
2588 5444 2606 5479 ι
2625 5434 2681 5481 et
2693 5424 2849 5480 miles
2860 5424 3083 5489 Christi,
3098 5436 3221 5477 cum
3236 5430 3643 5491 seperscnscr.t

2070 5521 2323 5577 vitiorum
2346 5516 2714 5589 ingruentium
2744 5513 3040 5570 tentatione
3069 5510 3348 5577 vallatum,
3378 5509 3639 5564 virtutum

2070 5612 2319 5684 protinus
2348 5622 2497 5666 arma
2530 5606 2855 5675 corripiens,
2876 5603 3120 5675 procedit
3142 5602 3211 5657 ad
3231 5601 3453 5668 bellum,
3474 5609 3529 5655 et
3551 5614 3642 5654 co-
