4058 6178
438 227 575 288 1059

1329 224 1824 281 COLLECTANEA
1859 226 1920 280 ΙΝ
1955 226 2180 282 VETUS
2221 226 2760 281 TESTAMEN’TUM.

3574 229 3735 284 €060

439 347 619 400 minus
651 343 702 396 in
729 339 869 396 bella
893 339 1262 410 congreditur,
1293 355 1380 402 nc,
1408 339 1663 408 degeneri
1695 349 1912 408 torpore
1937 355 2023 392 so-
2055 353 2094 404 Α
2135 360 2151 390 ι
2190 340 2404 395 Utinam
2429 341 2766 410 dirumpercs
2794 339 2958 394 caelos
2987 348 3039 393 ct
3069 338 3445 405 descenderes,
3469 350 3522 394 et
3546 342 3739 413 lique-

441 439 604 496 latus,
638 433 705 486 ab
729 430 1055 485 adversariis
1079 428 1234 483 facile
1261 429 1578 497 perimatur,
1605 439 1656 481 et
1681 439 1807 482 tunc
1825 429 2026 497 poterit

444 523 739 593 gloriosius
763 524 890 577 tuba
907 535 1124 584 canere,
1142 521 1241 573 hoc
1256 529 1339 572 est
1365 521 1430 572 ad
1448 520 1727 588 spirituale
1748 529 2022 574 certamen

439 624 496 668 ct
535 613 672 667 alios
705 625 1020 681 provocare.

513 704 663 760 Unde
698 705 810 758 illic
851 703 1050 756 dicitur
1098 704 1246 771 quia,
1298 703 1422 757 inde
1465 701 1716 771 profecti,
1759 714 2025 758 venerunt

441 798 495 850 in
546 794 780 855 llarada,
822 793 959 856 sive,
985 794 1128 861 quod
1158 775 1286 845 alibi
1330 793 1546 856 dicitur,
1595 794 1646 845 in
1690 793 2022 857 Citat‘atlttllt,

436 885 580 954 quod
609 884 661 935 in
693 891 879 935 nostra
910 881 1089 950 lingua
1123 889 1279 934 sonat
1307 881 1525 934 idoneus
1557 882 1791 948 e/fectns,
1826 891 1884 933 ut
1910 882 2023 950 ipse

439 973 696 1026 nimirum
733 968 842 1038 jam
876 971 1201 1038 praedicator
1225 967 1420 1032 factus,
1457 971 1650 1022 merito
1682 970 1858 1022 valeat
1899 986 2021 1024 cum

377 1106 381 1111 .
437 1061 695 1131 Apostolo
724 1061 908 1114 dicere
939 1076 952 1112 :
990 1076 1004 1108 ι
1039 1059 1191 1124 Quod
1226 1059 1451 1112 idoneos
1475 1075 1571 1112 nos
1597 1057 2024 1112 fecitmiuieros

444 1149 577 1207 Novi
620 1147 954 1203 Testamenti
988 1146 1070 1215 (Il
1102 1145 1224 1200 Cor.
1265 1146 1370 1215 ιιι).
1413 1166 1430 1197 ι

511 1243 620 1300 Sed
666 1252 721 1296 et
759 1241 881 1294 inde
932 1239 1360 1308 proﬁciscentes,
1411 1237 1636 1292 veniunt
1675 1239 1724 1291 in
1760 1238 2020 1301 Macelot;

447 1337 596 1406 quod
630 1335 1019 1402 interpretatur
1043 1333 1107 1383 ab
1136 1332 1304 1384 initio.
1336 1330 1592 1399 Quisquis
1624 1332 1767 1384 enim
1801 1332 1868 1383 ad
1901 1348 2022 1400 per-

441 1426 690 1480 fectionis
739 1439 1006 1478 summam
1049 1422 1349 1483 contendit.
1383 1423 1625 1475 onmium
1662 1437 1841 1475 rerum
1887 1439 2022 1476 con-

440 1515 726 1583 templatur
775 1513 1026 1576 initium,
1083 1515 1206 1566 dum
1257 1522 1449 1565 cuncta
1494 1511 1762 1565 viscerum
1802 1527 2022 1565 suorum

439 1616 563 1660 vota
599 1605 866 1660 convertit
908 1607 973 1657 ad
1018 1603 1308 1665 Deum.,Et
1337 1604 1464 1657 dum
1495 1617 1592 1656 cor
1621 1601 1688 1655 ad
1729 1602 2022 1656 Auctorem

2128 432 2317 485 ﬁerent
2353 441 2562 486 montes
2593 447 2620 484 a
2657 430 2793 485 facie
2825 433 2939 484 tua!
2981 449 2998 482 ι
3034 428 3187 499 (luti.
3211 429 3558 498 thv.)Quam
3594 449 3738 502 gra-

2130 525 2270 576 viter
2299 522 2439 576 hanc
2468 538 2671 576 moram
2699 523 2904 576 ferebat
2941 521 3028 576 ille
3063 521 3152 590 qui
3186 521 3398 576 dicebat
3429 541 3439 574 :
3498 543 3516 573 ι
3546 522 3736 594 Cupio

2127 614 2355 667 dissolvi
2409 622 2464 668 et
2514 629 2634 668 esse
2690 629 2814 667 cum
2864 612 3085 667 Christo
3136 612 3359 682 (Philip.
3390 613 3448 684 I),
3491 632 3508 664 ι
3547 615 3734 668 multo

2128 705 2299 774 magis
2333 704 2551 758 melius!
2583 703 2678 757 Sin
2712 712 2891 756 autem
2920 718 2949 755 a
2981 701 3159 756 Senna
3189 703 3403 757 dicatur
3431 707 3576 774 quod
3598 722 3734 759 oua

2127 794 2430 864 signiﬁcat,
2465 794 2566 848 hoc
2600 796 2668 849 ad
2705 795 2870 849 robur
2905 794 3228 848 constantia:
3278 796 3543 863 pertinet,
3574 800 3733 865 quod

2129 902 2350 941 necesse
2365 896 2448 940 est
2475 897 2531 939 ut
2560 885 2760 941 Christi
2784 899 2994 940 amator
3023 884 3240 951 habeat,
3262 903 3330 941 ne
3357 903 3454 958 per
3476 905 3730 945 amorem

2132 978 2365 1032 nimium
2403 978 2694 1047 impatiens
2727 977 2840 1032 ﬁat.

2197 1067 2335 1121 llinc
2371 1067 2485 1136 jam
2534 1069 2802 1122 transitur
2829 1069 2879 1122 in
2914 1067 3213 1134 Moseroth,
3241 1069 3382 1138 quod
3409 1070 3733 1141 signiﬁcare

2127 1167 2348 1226 putatur
2372 1159 2673 1212 excludens.
2706 1158 2902 1213 Anima
2930 1159 3146 1228 quippe,
3181 1177 3299 1230 qua:
3329 1163 3394 1215 ad
3415 1161 3727 1232 perfectum

2132 1248 2327 1318 Sponsi
2361 1248 2444 1301 sui
2477 1264 2717 1303 amorem
2742 1249 3009 1317 pervenit,
3042 1251 3416 1304 tentationesa
3449 1267 3507 1304 se
3533 1252 3726 1306 callidi

2129 1340 2466 1409 corruptoris
2507 1339 2765 1394 excludit.
2812 1339 2964 1395 Unde
2993 1352 3047 1394 et
3078 1342 3365 1410 Apostolus
3399 1363 3411 1396 :
3448 1362 3466 1394 ι
3507 1344 3722 1416 Nolite,

2129 1432 2321 1500 inquit,
2372 1431 2550 1486 locum
2602 1433 2733 1486 dare
2781 1432 2996 1486 diabolo
3034 1432 3249 1503 (Ep/tes.
3285 1437 3380 1504 tv).
3423 1455 3439 1484 ι
3473 1435 3628 1502 Quod
3670 1439 3720 1490 si

2129 1522 2432 1587 Moscroth,
2475 1522 2630 1592 juxta
2679 1527 2976 1593 quosdam,
3033 1524 3422 1593 interpretatur
3483 1526 3722 1593 vincula,

2131 1631 2295 1670 sanus
2343 1631 2441 1684 per
2495 1615 2676 1669 omnia
2738 1625 2792 1669 et
2823 1631 3094 1686 congruus
3133 1617 3439 1673 intellectus
3495 1619 3716 1675 elucet:

432 1711 594 1752 suum
641 1695 844 1786 ,ῖιιβίξθτ
873 1693 1084 1786 ﬁliiﬁlii
1133 1707 1372 1786 ‘U'crum
1404 1693 1660 1786 ρηηιίυίη
1704 1693 1864 1786 (“lilio
1890 1707 2018 1786 ,που
2052 1727 2099 1786 Β
2129 1707 2386 1762 nimirum
2422 1717 2610 1761 sancta
2642 1707 2896 1777 quzelibet
2925 1707 3131 1771 anima,
3161 1724 3280 1777 qua:
3309 1711 3515 1765 caelein
3545 1711 3722 1780 Spon-

435 1785 663 1841 recedit.
694 1783 811 1849 Vel,
845 1784 889 1838 si
917 1783 1209 1847 Maceloth,
1239 1793 1297 1837 ut
1324 1783 1543 1853 quidam
1575 1785 1840 1849 sentiunt,
1871 1784 2016 1838 dica-

435 1886 526 1929 tur
553 1889 678 1930 esse
704 1885 1010 1936 conventus,
1042 1888 1139 1943 per
1170 1874 1273 1928 hoc
1315 1874 1557 1928 Ecclesia
1586 1873 1930 1945 intelligitur,
1963 1875 2016 1928 in

433 1982 543 2036 qua
595 1966 850 2019 videlicet
901 1979 930 2017 a
974 1965 1189 2019 cunctis
1217 1965 1467 2020 ﬁdelibus
1496 1966 1830 2021 convenitur.
1866 1966 2019 2022 Unde

433 2060 690 2115 canitur:
723 2076 743 2110 ς
775 2057 915 2112 Ecce
965 2073 1126 2126 quam
1183 2059 1385 2112 bonum
1428 2068 1482 2112 et
1522 2076 1680 2128 quam
1715 2056 2018 2126 jucundum

438 2150 685 2204 habitare
731 2148 928 2202 fratres
963 2148 1016 2202 in
1047 2150 1238 2202 unum!
1279 2167 1296 2200 ι
1337 2147 1510 2219 (Psal.
1540 2149 1769 2219 cxxxu.)

513 2241 718 2296 Deinde
747 2241 959 2293 venitur
997 2241 1050 2294 in
1077 2240 1310 2307 Thaath,
1338 2240 1422 2294 vel
1455 2243 1596 2294 sicut
1638 2241 1766 2294 alibi
1800 2241 2017 2312 legitur,

437 2333 489 2388 in
522 2333 724 2394 Caath,
767 2332 909 2400 quod
953 2341 1038 2385 est
1063 2332 1316 2399 patientia
1354 2330 1437 2384 vel
1476 2331 1830 2400 conﬁrmatio.
1863 2332 2024 2398 Quis-

435 2423 558 2492 quis
585 2422 729 2476 enim
754 2421 1029 2475 desiderat
1059 2431 1260 2474 terram
1288 2419 1582 2474 viventium
1612 2437 1708 2490 per
1735 2423 2019 2490 prazsentis

436 2513 562 2566 vit-.e
594 2511 806 2566 labores
835 2511 1068 2582 ingredi,
1107 2526 1331 2566 necesse
1357 2521 1440 2566 est
1474 2525 1598 2565 cum
1637 2513 1701 2566 ad
1738 2513 2019 2568 toleranda

436 2602 621 2658 mundi
673 2602 914 2673 pericula
968 2617 1064 2670 per
1106 2601 1425 2670 patientiam
1475 2601 1808 2656 conﬁrmari.
1845 2601 1942 2657 Vel
1973 2602 2020 2656 si

433 2693 668 2757 Thaath,
694 2701 751 2744 ut
774 2707 804 2744 a
833 2691 1154 2759 quibusdam
1182 2691 1401 2754 dicitur,
1423 2689 1655 2743 vertitur
1679 2690 1733 2744 in
1751 2707 2018 2759 pavorem,

436 2785 652 2836 dicatur
674 2783 965 2850 unicuique
989 2781 1240 2843 certanti,
1265 2780 1350 2834 vel
1367 2779 1480 2847 jam
1504 2779 1644 2832 forte
1672 2796 1768 2849 per
1782 2781 2021 2834 divinam

435 2872 666 2941 gratiam
697 2870 1053 2940 triumphanti
1084 2885 1096 2920 :
1136 2886 1154 2920 ι
1193 2867 1310 2923 Noli
1333 2869 1504 2923 altum
1539 2872 1865 2938 sapere,sed
1893 2871 2021 2925 time

437 2959 618 3028 (Rom.
645 2960 746 3029 ιι).
785 2977 803 3012 ι

509 3053 638 3117 Sed,
675 3053 796 3107 inde
822 3049 1071 3121 profecti,
1104 3050 1327 3106 veniunt
1359 3051 1411 3106 in
1442 3051 1810 3122 Thare,_‘quod
1835 3051 2022 3108 Graece

435 3143 652 3211 quidem
688 3144 911 3197 exstasis
936 3143 1343 3212 interpretatur,
1377 3144 1430 3198 in
1465 3155 1649 3200 nostra
1681 3159 1813 3199 vero
1839 3144 2023 3215 lingua

435 3234 637 3290 dicitur
692 3231 1084 3303 contemplatio.
1128 3232 1479 3304 Consequens
1506 3243 1590 3289 est
1617 3234 1760 3288 enim
1791 3244 1849 3288 nt
1877 3235 2024 3303 quis-

436 3328 560 3398 quis
585 3337 743 3380 antea
769 3327 1028 3396 probatur
1052 3340 1148 3394 per
1173 3326 1508 3395 patientiam,
1540 3326 1765 3396 proinde
1798 3326 1865 3380 ad
1887 3342 2019 3380 con-

437 3419 801 3490 templationis
825 3418 1102 3489 perveniat
1129 3419 1386 3486 gratiam;
1413 3429 1468 3474 et
1486 3419 1576 3488 qui
1604 3419 1754 3489 prius
1776 3418 1828 3473 in
1854 3419 2021 3473 tribuo

435 3510 634 3566 latione
659 3511 1001 3579 deprimitur,
1039 3507 1193 3580 ι47
1221 3510 1557 3578 postmodum
1581 3510 1646 3561 ad
1687 3508 1912 3562 visionis
1935 3509 2018 3562 in-

437 3600 583 3655 tima:
611 3601 852 3654 lzetitiam
900 3597 1236 3653 sustollatur.
1283 3598 1380 3652 Sin
1414 3608 1594 3653 autem
1644 3596 1844 3663 Thare,
1878 3597 2022 3652 sicut

435 3696 655 3764 quidam
689 3702 908 3762 putant,
940 3692 1137 3745 astutia
1171 3690 1251 3744 vel
1301 3691 1503 3743 malitia
1554 3690 1716 3744 debet
1771 3690 2017 3760 intelligi,

437 3788 540 3840 hoc
586 3785 652 3838 ad
687 3783 1055 3838 Ecclesiarum
1089 3782 1407 3853 prmpositos
1434 3797 1538 3834 non
1564 3781 1838 3835 immerito
1868 3781 2018 3836 vide-

437 3888 526 3930 tur
556 3890 715 3945 posse
761 3873 949 3928 referri
975 3892 988 3936 ;
1024 3883 1081 3927 ut
1126 3874 1227 3944 ipsi
1257 3873 1369 3927 suis
1396 3872 1738 3926 auditoribus
1770 3873 2017 3935 timeant,

436 3968 527 4038 qui
578 3968 630 4021 in
681 3966 1039 4029 tentationum
1099 3966 1447 4020 tribulatione
1489 3965 1757 4020 laborant.
1806 3965 2020 4018 Astutia

435 4061 582 4115 enim
637 4069 692 4115 et
728 4058 928 4114 malitia
972 4058 1117 4112 illius
1144 4060 1382 4111 cavenda
1414 4068 1495 4112 est
1531 4058 1596 4110 de
1626 4073 1733 4127 quo
1783 4057 2016 4111 dicitur:

441 4169 464 4204 ι
493 4151 760 4219 Quoniam
809 4150 1154 4203 adversarius
1182 4157 1366 4202 noster
1403 4157 1658 4217 tanquam
1694 4148 1776 4201 leo
1802 4147 2021 4216 rugiens

436 4239 653 4302 circuit,
686 4253 934 4308 qnmrens
968 4253 1127 4305 quem
1154 4239 1378 4291 devoret
1413 4237 1463 4306 (1
1495 4238 1634 4292 l’etr.
1665 4239 1739 4306 v).
1781 4257 1800 4289 ι

513 4330 714 4385 Deinde
760 4309 1058 4398 procedunt
1101 4327 1153 4380 itt
1197 4326 1424 4390 Mctltca,
1455 4328 1556 4389 vel,
1582 4329 1717 4383 sicut
1747 4327 1870 4380 alibi
1897 4327 2020 4396 legi-

2118 1816 2180 1855 so
2211 1800 2263 1854 in
2296 1815 2479 1854 amore
2502 1797 2877 1870 coniungitur,
2922 1815 3146 1854 necesse
3185 1809 3270 1853 est
3305 1809 3362 1853 ιιι
3400 1801 3448 1853 ei
3479 1800 3716 1855 assiduis

2123 1892 2533 1961 Scripturarum
2567 1891 3033 1955 meditationibus,
3059 1892 3212 1962 quasi
3237 1893 3558 1961 quibusdam
3589 1893 3712 1946 vin-

2122 1983 2261 2040 culis
2309 1982 2671 2038 insolubiliter
2699 1992 3077 2038 connectatur.
3117 1983 3190 2036 De
3231 1984 3428 2052 quibus
3480 1982 3716 2038 vinculis

2121 2077 2340 2132 Christo
2389 2094 2487 2147 per
2535 2077 2729 2130 Isaiam
2765 2077 2966 2130 dicitur
2997 2091 3010 2129 :
3047 2096 3064 2128 ‹
3105 2076 3213 2130 Viri
3263 2076 3519 2130 sublimes
3545 2077 3611 2130 ad
3661 2087 3713 2129 te

2123 2172 2454 2235 transibunt,
2480 2181 2535 2225 et
2565 2171 2640 2223 tui
2677 2180 2856 2232 erunt,
2882 2178 2935 2223 et
2963 2178 3085 2238 post
3110 2177 3159 2222 te
3181 2167 3534 2222 ambulabunt
3560 2167 3714 2223 colli-

2053 2303 2058 2307 -
2123 2264 2235 2333 gati
2266 2260 2666 2331 vinculis(lsai.
2700 2262 2845 2329 xcv).
2889 2280 2906 2312 ι

2198 2355 2353 2410 Unde
2404 2371 2510 2408 non
2570 2354 2841 2408 immerito
2893 2353 3005 2422 jam
3059 2352 3272 2406 venitur
3329 2352 3381 2406 in
3436 2351 3709 2414 Banacim,

2121 2449 2264 2518 quod
2306 2448 2573 2516 signiﬁcat
2617 2446 2789 2514 fontes
2829 2445 2911 2500 vel
2955 2444 3336 2508 excolatiancs,
3379 2445 3429 2498 id
3461 2455 3562 2504 est,
3609 2446 3700 2499 ubi

2121 2539 2428 2592 divinarum
2455 2536 2861 2604 Scripturarum
2893 2535 3070 2590 fontes
3099 2535 3277 2588 an-ima
3314 2535 3446 2588 bibit
3478 2544 3532 2588 et
3552 2551 3714 2588 exco-

2121 2629 2217 2694 lat,
2248 2630 2348 2684 hoc
2387 2638 2470 2684 est
2526 2628 2799 2682 subtiliter
2843 2636 3039 2681 tractat
3067 2643 3130 2680 ac
3163 2627 3418 2680 ruminat.
3451 2626 3700 2687 Excolat,

2123 2719 2374 2788 inquam,
2408 2734 2530 2773 enm
2589 2719 2718 2772 illud
2766 2719 3130 2788 evangelicum
3179 2727 3360 2771 servat
3400 2733 3413 2769 :
3457 2737 3474 2769 c
3517 2717 3586 2773 Ut
3642 2733 3713 2772 ne.

2121 2824 2263 2863 unus
2309 2809 2527 2878 quidem
2569 2822 2702 2878 apex
2736 2819 2828 2860 aut
2860 2824 3024 2860 unum
3060 2807 3168 2861 iota
3202 2805 3270 2860 de
3323 2807 3437 2875 lege
3486 2816 3712 2876 prretrr-

2122 2912 2232 2965 cat,
2275 2903 2406 2972 quin
2455 2902 2637 2955 omnia
2695 2901 2827 2954 ﬁant
2867 2899 3082 2967 (Matth.
3129 2902 3204 2968 v).
3248 2919 3264 2950 ι
3309 2899 3364 2952 Si
3406 2915 3534 2952 vero
3574 2899 3713 2952 bona

2120 2995 2344 3058 Jaacan,
2375 2995 2518 3049 sicut
2560 2993 2776 3062 quidam
2822 2993 3034 3057 dicunt,
3077 2991 3405 3044 transfertur
3461 2991 3512 3044 in
3565 2991 3708 3058 ﬁlios

2051 3080 2098 3142 C
2130 3087 2452 3143 necessitatis
2501 3085 2616 3140 sive
2641 3084 2906 3147 stridoris,
2938 3084 3040 3136 hoc
3082 3083 3376 3152 signiﬁcat,
3403 3083 3528 3152 quia
3556 3082 3709 3151 quis-

2126 3177 2251 3248 quis
2274 3175 2720 3245 divinis'eloquiis
2735 3174 2980 3229 eruditus
3007 3184 3090 3228 est
3120 3184 3170 3228 et
3201 3171 3482 3227 afﬂuenter
3510 3174 3713 3226 instru-

2123 3279 2264 3332 ctus,
2303 3281 2523 3321 necesse
2565 3275 2651 3321 est
2679 3273 2737 3318 ut
2771 3273 2892 3334 post
2928 3280 2985 3318 se
3015 3273 3070 3318 et
3095 3263 3231 3317 alios
3257 3264 3438 3317 trahat
3469 3279 3532 3316 ac
3569 3263 3710 3317 tilio:

2123 3359 2340 3427 gignat,
2384 3355 2580 3425 quibus
2625 3355 2878 3409 nimirum
2929 3351 3058 3406 dum
3104 3352 3263 3406 ﬁctus
3316 3361 3372 3405 et
3417 3351 3708 3405 stridorem

2121 3448 2363 3502 dentium
2411 3446 2697 3500 minaciter
2726 3445 2933 3514 objicit,
2967 3443 3366 3513 quodammodo
3404 3446 3708 3498 necessita-

2125 3545 2234 3590 tem
2283 3536 2363 3590 eis
2391 3544 2452 3589 ut
2478 3536 2545 3590 ad
2576 3534 2743 3588 Deum
2797 3543 3186 3589 convertantur
3235 3533 3476 3603 imponit.
3509 3532 3545 3586 li
3583 3543 3707 3587 sunt

2122 3641 2253 3696 ergo
2273 3625 2366 3679 ﬁlii
2395 3625 2736 3680 necessitatis
2784 3625 2865 3678 vel
2890 3624 3162 3686 stridoris,
3179 3623 3244 3677 de
3258 3623 3452 3693 quibus
3474 3623 3706 3692 prolihe-

2125 3716 2232 3769 tiee
2259 3713 2474 3768 canitur
2505 3731 2517 3766 :
2553 3733 2570 3765 ι
2605 3714 2804 3767 Alt'erte
2835 3714 3082 3776 Domino,
3110 3713 3201 3766 lilii
3239 3714 3354 3779 Der,
3383 3711 3575 3766 alferte
3600 3710 3706 3766 Do-

2126 3806 2275 3858 mino
2314 3804 2456 3858 ﬁlios
2485 3804 2718 3857 arietum
2745 3801 2919 3871 (Ρειιι.
2951 3804 3163 3872 xxvttt).
3203 3822 3221 3854 ι

2196 3896 2324 3950 Post
2377 3897 2489 3950 lucc
2533 3895 2832 3950 ascemlunt
2877 3896 2929 3948 in
2982 3904 3217 3950 amntem
3264 3895 3516 3963 Gadgad,
3559 3896 3701 3964 quod

2129 3985 2292 4057 148
2319 3987 2713 4053 interpretatur
2737 3986 2971 4048 numine,
2998 3985 3081 4038 vel
3113 3987 3390 4052 accinctio,
3433 3985 3514 4040 vel
3558 3997 3706 4039 certe

2123 4076 2372 4129 concisio.
2415 4075 2622 4140 Quibus
2664 4076 2806 4129 enim
2846 4074 3008 4128 verba
3035 4074 3126 4129 Dei
3163 4076 3567 4142 aununtianms,
3611 4092 3705 4129 eos

2125 4168 2312 4238 procul
2337 4168 2498 4222 dubio
2525 4183 2877 4222 commonere
2912 4168 3170 4222 debemus
3199 4178 3256 4222 nt
3286 4178 3339 4222 et
3369 4185 3424 4222 se
3448 4167 3704 4223 virtutum

2125 4260 2292 4312 armis
2307 4260 2611 4331 accingam,
2637 4268 2689 4311 et
2711 4259 3061 4313 invisibilinnt
3081 4259 3704 4328 hostiumspiritualihus

2126 4349 2318 4418 gladiis
2349 4359 2496 4418 terga
2539 4349 2846 4404 concidant.
2891 4351 3042 4416 Quod
3087 4365 3208 4404 cum
3250 4365 3346 4404 cos
3393 4364 3552 4420 agere
3598 4363 3702 4402 non

439 4431 552 4484 tur,
587 4418 874 4480 Maathica,
904 4418 1046 4484 quod
1097 4417 1484 4483 interpretatur
1529 4433 1666 4469 mors
1692 4433 1842 4469 nova.
1875 4414 2019 4468 Nun-

2126 4443 2366 4510 segniter
2393 4443 2707 4503 cdocemur,
2737 4457 2858 4493 eum
2893 4440 2974 4494 eis
3001 4441 3161 4493 simul
3191 4440 3257 4493 ad
3286 4439 3540 4494 montana
3569 4456 3701 4493 ron-

437 4525 601 4579 quam
631 4516 738 4559 tam
781 4506 1020 4575 perfecte
1060 4504 1324 4558 diabolica
1352 4513 1576 4557 cavetur
1603 4505 1825 4568 astutia,
1858 4520 2017 4573 quam

439 4602 483 4656 si
507 4599 724 4654 Christo
760 4596 1176 4656 commoiimur.
1206 4605 1263 4649 ut
1298 4605 1555 4665 tanquam
1585 4597 1927 4652 insensibiles
1953 4598 2017 4652 ad

440 4691 615 4749 hostis
667 4689 846 4744 callidi
898 4697 1226 4741 tentamenta
1283 4689 1587 4741 redeamus.
1620 4687 1791 4754 Quam
1823 4703 2017 4742 novam

441 4793 671 4839 mortem
703 4778 1085 4848 contemplatio
1110 4779 1271 4848 parit,
1299 4795 1419 4848 qua:
1442 4779 1648 4834 scilicet
1673 4789 1728 4833 et
1759 4780 2016 4834 mundum

437 4877 595 4934 nobis
623 4885 679 4928 et
700 4889 798 4928 nos
824 4871 1023 4926 mundo
1046 4880 1290 4925 mortuos
1316 4871 1498 4924 etIicit.
1524 4873 1676 4938 Quod
1703 4873 1744 4925 si
1780 4871 2014 4936 Methca,

439 4976 497 5020 ιιι
541 4963 865 5034 quibusdam
914 4961 1110 5030 placet,
1156 4961 1208 5013 in
1239 4961 1567 5013 dulcedinem
1592 4962 1851 5025 vertitur;
1886 4964 2015 5031 quid

440 5059 636 5113 mirum
660 5056 704 5108 si
727 5056 794 5108 de
819 5051 1269 5121 contemplatione
1295 5053 1361 5104 ad
1385 5052 1720 5106 dulcedinem
1746 5055 2013 5116 veniatur,

438 5161 562 5200 cum
593 5145 706 5213 ipsa
733 5141 1116 5209 contemplatio
1140 5141 1270 5194 nihil
1297 5139 1438 5194 aliud
1460 5141 1709 5210 sitquam
1736 5143 2017 5198 inell'ab.lis

436 5245 492 5288 et
514 5235 773 5288 inmiensa
805 5230 1068 5284 dulcedo?

512 5323 640 5377 I'ost
670 5323 785 5375 hare
811 5321 1025 5374 venitur
1053 5320 1106 5374 in
1139 5319 1406 5376 llesmona
1429 5364 1444 5386 ,
1475 5339 1594 5392 qua:
1634 5324 1902 5393 festinatio
1931 5325 2015 5378 di-

441 5413 602 5466 citur.
637 5411 792 5477 Nam,
850 5420 1135 5481 postquam
1179 5413 1536 5483 pertingimus
1572 5414 1638 5468 ad
1678 5416 2013 5470 dulcedinem

439 5502 910 5571 contemplationis
931 5543 946 5568 ,
978 5517 1184 5562 moram
1237 5519 1340 5557 non
1387 5503 1613 5558 ferimus
1650 5506 1938 5560 tarditatis.
1971 5505 2016 5561 Ο

445 5607 602 5660 quam
635 5591 859 5648 moleste
887 5607 1095 5648 moram
1140 5592 1451 5661 patiebatur
1493 5593 1578 5648 ille
1622 5595 1711 5661 qui
1755 5595 1964 5650 dicebat
1999 5615 2009 5648 :

2124 4532 2455 4587 scendimus.
2503 4531 2656 4598 Quod
2712 4533 2754 4585 si
2806 4531 3060 4601 Gadgad,
3117 4543 3175 4585 ut
3218 4534 3436 4602 quidam
3489 4540 3700 4601 putant,

2123 4631 2441 4676 tentamenta
2488 4623 2793 4692 signiﬁcat,
2842 4623 3000 4676 datur
3047 4624 3270 4694 intelligi
3315 4625 3573 4693 quoniam
3620 4623 3703 4678 bis

2124 4703 2214 4781 qui
2247 4713 2313 4766 ad
2341 4713 2615 4767 ewleslem
2642 4715 2870 4778 patriam
2894 4713 3140 4777 tendunt,
3169 4714 3500 4768 tentationes
3518 4716 3704 4769 deesse

2125 4819 2231 4859 non
2257 4814 2500 4874 possunt.
2528 4805 2592 4857 lit
2615 4820 2758 4874 saepe
2788 4805 3014 4858 tentatio
3037 4805 3331 4858 virtutibus
3350 4806 3701 4869 admiscetur,

2126 4907 2186 4948 ιιι
2227 4897 2498 4951 laborioso
2546 4897 2746 4951 Christi
2800 4896 2953 4952 militi
3005 4911 3213 4951 merces
3261 4895 3483 4952 uberior
3519 4896 3691 4966 acqui-

2127 4998 2303 5043 ratur.

2198 5077 2260 5129 Et
2311 5078 2435 5145 quia
2492 5093 2586 5147 per
2633 5078 2772 5130 mala
2832 5079 3189 5133 tentationum
3237 5079 3302 5132 ad
3358 5081 3700 5149 przemiorum

2126 5167 2264 5220 bona
2327 5168 2607 5229 transitur.
2670 5183 2906 5238 congrue
2957 5171 3205 5238 sequitur
3253 5171 3534 5238 quoniam,
3579 5168 3708 5224 inde

2077 5309 2082 5313 .
2125 5256 2374 5325 profecti,
2427 5267 2692 5311 venerunt
2743 5259 2795 5312 in
2847 5258 3158 5324 Jetebatha,
3197 5260 3332 5324 sive,
3366 5270 3423 5312 nt
3452 5260 3577 5314 alibi
3625 5260 3706 5313 le-

2123 5346 2283 5412 gitur,
2335 5347 2615 5410 Jathatha,
2661 5348 2802 5417 quod
2861 5349 3256 5418 interpretatur
3315 5350 3519 5402 bonitu
3587 5349 3706 5403 sive

2122 5437 2333 5490 bonum.
2395 5439 2536 5509 Ergo
2608 5455 2702 5508 per
2784 5441 3156 5511 experimenta
3219 5441 3575 5495 tentationum
3634 5443 3702 5493 ad

2123 5527 2440 5595 bonitatem,
2484 5546 2603 5600 qua:
2644 5533 2828 5600 procul
2869 5533 3034 5586 dubio
3079 5532 3329 5588 Christus
3369 5541 3470 5600 est;
3511 5554 3704 5610 perve-

2125 5633 2289 5673 ιιιιιιι.
