4058 6178
419 257 547 313 1061

1667 262 1734 317 ΙΝ
1768 259 2026 316 LIBRUM
2071 261 2334 316 NUMERI

3549 259 3694 319 1069

489 374 612 428 Inde
632 372 857 443 profecti
881 375 1081 431 suntin
1107 376 1339 441 Ehrona,
1366 392 1471 447 quo
1484 377 1507 431 .l
1536 378 1788 431 transitus
1813 375 1993 447 appel—
2027 382 2068 437 Α
2097 376 2298 444 ptiouis
2324 374 2572 428 humana:
2602 374 2859 445 mysteria
2907 382 3195 444 penetrare
3238 393 3342 429 non
3374 391 3686 447 possumus,

414 465 579 519 latur.
632 464 831 520 Animo
859 468 1058 537 quippe
1103 470 1431 523 transeunda
1465 478 1592 523 sunt
1619 467 1826 532 omnia,
1861 477 1916 522 et
1944 468 1997 521 in

413 572 537 609 eum
564 556 749 610 solum
770 558 935 613 debes
966 561 1214 613 obtutum
1247 560 1708 631 ineiitisinﬁgere,
1741 577 1864 614 cum
1893 576 2003 630 quo

415 650 536 704 sine
572 650 803 704 transitu
834 653 1015 705 valcas
1046 669 1389 723 permanere.

492 736 619 791 Post
661 739 777 793 haec
819 742 1042 795 veuiuu-t
1070 743 1121 796 in
1166 743 1525 815 Asiongaber,
1556 745 1696 815 quod
1729 728 1998 816 interpre-

419 838 567 883 tatur
597 831 817 885 consilia
858 834 973 885 uiri.
1014 833 1305 903 Postquam
1338 837 1479 891 enim
1514 853 1613 891 nos
1637 839 1688 891 in
1720 837 1997 892 Christum

416 925 639 997 omnino
667 926 1001 994 projiciinus,
1033 937 1313 997 postquam
1344 930 1394 983 in
1425 945 1549 983 eum
1577 946 1793 983 onmem
1819 929 2000 984 cordis

417 996 586 1069 nuostri
619 1016 867 1070 ﬁduciam
895 1017 1242 1084 collocamus,
1275 1035 1394 1074 esse
1415 1021 1564 1089 pueri
1588 1018 1837 1075 sensibus
1866 1019 1998 1072 ulte.

416 1106 532 1160 rius
561 1121 666 1160 non
698 1106 980 1170 debemus.
1021 1109 1299 1164 imitantes
1322 1111 1664 1181 Apostoluin,
1697 1112 1788 1182 qui
1816 1112 1946 1166 dicit
1980 1129 1994 1165 :

420 1216 440 1249 ι
478 1197 612 1254 Cum
657 1209 835 1255 autem
881 1201 1060 1256 factus
1107 1220 1226 1257 sum
1262 1204 1363 1263 vir.
1401 1204 1658 1259 evacuavi
1690 1221 1810 1273 quae
1842 1213 1998 1258 erant

412 1291 622 1365 parvuli
651 1290 704 1362 (I
764 1291 888 1345 Cor.
931 1294 1085 1360 xiii);
1122 1313 1141 1348 ι
1190 1304 1242 1350 ct
1288 1296 1527 1350 iterum:
1572 1314 1590 1347 i
1622 1294 1799 1350 Nolite
1843 1296 1998 1363 pueri

410 1380 549 1437 efﬁci
574 1383 825 1437 sensibus
854 1383 905 1453 (1
935 1384 1058 1438 Cur.
1097 1385 1233 1454 xw).
1269 1406 1287 1437 ι

487 1473 592 1529 Sed
617 1474 976 1545 quoniamqui
1007 1477 1230 1546 apponit
1259 1478 1568 1543 scientiam,
1596 1476 1818 1547 apponit
1843 1475 1995 1530 dolo—

414 1578 563 1631 rem,
606 1565 802 1620 iterum
861 1567 1084 1621 veniunt
1135 1568 1187 1623 in
1233 1571 1511 1623 desertum
1566 1569 1686 1633 Sin,
1740 1584 1859 1637 qua:
1913 1578 1999 1623 est

412 1656 607 1711 Cades.
641 1657 735 1712 Sin
776 1666 955 1713 autem
987 1661 1322 1713 tentationem
1356 1660 1702 1731 interpretari
1770 1659 1996 1729 jainjam

2076 464 2083 467 ’
2103 468 2257 537 quasi
2281 468 2361 521 ori
2387 476 2573 522 nostro
2596 467 2821 536 digitum
2844 469 3280 538 superponimus.
3301 468 3692 531 nt,diviiiitatis

2101 560 2303 614 Christi
2330 559 2709 614 celsitudinem
2750 559 3047 630 majoribus
3070 562 3454 630 relinquentes,
3479 563 3545 616 de
3573 562 3689 619 sola

2103 660 2311 702 tantum
2336 648 2451 715 ejus
2480 665 2643 704 cruce
2669 659 2988 713 tractemus,
3016 652 3158 704 sicut
3195 653 3323 706 dicit
3357 652 3686 721 Apostolus:

2108 758 2126 790 i
2161 739 2301 795 Nihil
2338 740 2579 809 jiidicavi
2625 756 2710 794 me
2736 740 2892 795 ‘scirc
2943 742 3084 794 inter
3111 757 3226 804 vos,
3280 743 3380 796 nisi
3409 744 3687 799 Christum

2100 831 2305 896 Jcsum,
2338 844 2392 888 et
2423 834 2567 888 hunc
2596 834 2917 888 cruciﬁxum
2951 834 3004 904 (I
3032 835 3153 888 Cor.
3183 837 3266 906 ιι).
3308 856 3325 888 ι

2172 925 2300 980 Post
2323 926 2437 979 hinc
2468 925 2696 996 profecti
2720 934 2846 979 sunt
2873 927 2924 980 in
2958 925 3156 987 Oboth.
3188 930 3330 996 quod
3365 929 3548 999 utique
3570 948 3692 987 ver—

2103 1018 2237 1072 titur
2296 1018 2348 1071 in
2400 1034 2580 1088 magos
2633 1018 2749 1072 sive
2783 1018 3051 1088 pythones.
3091 1020 3320 1089 Propter
3348 1024 3490 1091 quod
3532 1026 3692 1079 datur

2099 1107 2324 1177 intelligi
2357 1110 2484 1178 quia
2522 1116 2641 1175 post
2667 1108 2957 1178 imaginem
2999 1107 3112 1171 Dei,
3144 1126 3263 1179 quin
3292 1112 3343 1163 in
3374 1112 3555 1166 cordis
3604 1128 3693 1165 ra-

2100 1200 2250 1255 tione
2299 1198 2623 1267 ioncipitur,
2690 1208 2811 1267 post
2855 1208 3134 1268 acceptam
3184 1199 3368 1263 ﬁdem,
3422 1202 3695 1270 quateris

2101 1291 2445 1346 confessione
2469 1290 2766 1361 profertur,
2791 1304 3120 1360 consurgunt
3148 1293 3433 1347 adversum
3466 1310 3564 1347 nos
3586 1294 3694 1348 liae-

2102 1382 2255 1436 rezici
2310 1397 2554 1436 errorem
2610 1392 2888 1437 venenatae
2940 1383 3180 1451 perﬁdia:
3235 1386 3692 1453 dogmatizautcs,

2102 1482 2362 1544 tanquam
2409 1476 2679 1545 pytlioncs
2720 1483 2771 1529 et
2803 1474 2945 1546 magi
2982 1474 3225 1529 maleﬁca
3264 1476 3693 1534 incantationum

2104 1567 2346 1621 carmina
2380 1575 2830 1638 conspergcntes.

2173 1657 2311 1717 Hinc
2339 1658 2606 1713 transitur
2629 1658 2682 1711 in
2697 1656 2975 1721 Gebarim,
3003 1673 3125 1728 qua:
3149 1665 3233 1712 est
3256 1657 3311 1712 in
3333 1657 3530 1712 ﬁnibus
3546 1658 3691 1713 Moa-

412 1747 666 1815 superius
714 1748 973 1802 diximus.
1023 1749 1176 1804 Sicut
1214 1752 1359 1805 enim
1396 1766 1492 1805 vas
1532 1766 1755 1804 aureum
1794 1751 1877 1805 vel
1909 1767 1997 1804 ar-
2028 1751 2073 1809 Β
2100 1748 2358 1803 bitarum.
2406 1747 2665 1802 Gebarim
2698 1748 2967 1818 signiﬁcat
2994 1765 3203 1803 acervos
3231 1748 3467 1817 lapidum
3510 1759 3692 1805 trans-

412 1846 666 1904 gentcum
693 1853 836 1907 smpe
865 1838 1089 1894 malleus
1111 1841 1363 1910 percutit.
1394 1854 1534 1911 saepe
1559 1841 1686 1896 lima
1717 1842 1843 1896 hinc
1873 1842 1997 1896 inde

414 1926 667 1996 poliendo
698 1928 1024 1992 circumdat,
1058 1938 1115 1982 ut
1146 1929 1346 1984 clarius
1379 1930 1499 1995 ﬁat;
1544 1931 1626 1984 sic
1653 1931 1849 1985 iterata
1881 1939 1999 1985 ten-

417 2018 551 2072 tatio
580 2018 881 2073 constantis
928 2028 982 2073 et
1025 2033 1132 2073 non
1170 2020 1413 2074 cedentis
1456 2021 1652 2075 anima:
1693 2021 1996 2092 rubiginem

413 2119 629 2179 purgat.
665 2125 685 2159 ‹
714 2108 822 2163 Vas
846 2109 989 2163 enim
1023 2109 1167 2178 ﬁguli
1199 2112 1395 2180 probat
1425 2110 1642 2177 fornax,
1672 2123 1727 2167 et
1748 2114 1997 2169 homines

407 2200 584 2268 justus
642 2202 870 2255 tcutatio
931 2202 1298 2257 tribulationis
1355 2200 1557 2273 (Eccli.
1610 2204 1804 2275 xxvii).
1858 2225 1875 2257 ι
1931 2205 1996 2260 Et

416 2296 544 2364 quia
579 2294 755 2349 Cadcs
812 2294 1152 2364 fructi/icuiio
1178 2303 1363 2348 sancta
1391 2293 1626 2360 dicitur,
1668 2296 1816 2351 vides
1863 2312 1999 2367 queo

414 2387 559 2440 niam
590 2385 950 2440 tentationum
981 2384 1160 2440 sulcos
1187 2394 1374 2439 sancta
1418 2384 1767 2441 fructiﬁcatio
1805 2387 1996 2441 subse-

412 2484 628 2545 quatur.

484 2565 590 2619 Sed
619 2576 674 2620 et
696 2566 821 2622 hinc
845 2565 1217 2636 applicuerunt
1242 2566 1296 2621 in
1318 2574 1555 2621 montem
1583 2565 1713 2631 Hor,
1741 2566 1796 2620 in
1817 2576 2000 2620 extre-

416 2656 521 2711 mis
590 2657 789 2711 ﬁiiibus
848 2655 1037 2710 Edoni.
1101 2655 1212 2709 llor
1248 2665 1527 2709 montanus
1586 2656 1996 2724 interpretatur.

412 2745 670 2815 Quisquis
704 2747 848 2800 enim
882 2755 1121 2801 tentatus
1155 2762 1261 2800 non
1306 2745 1530 2811 labitur,
1564 2746 1657 2800 scd
1703 2747 1770 2800 de
1812 2755 1990 2801 tenta-

415 2839 561 2892 tione
589 2838 897 2902 fructiﬁcat,
928 2851 1268 2906 consequens
1298 2847 1381 2891 est
1422 2845 1481 2890 ut
1507 2836 1574 2892 ad
1604 2846 1837 2891 montem
1857 2876 1872 2900 ,
1902 2834 1995 2905 qui

412 2928 666 2983 Christus
690 2938 795 2991 est,
817 2928 989 2982 victor
1018 2929 1295 2983 ascendat.
1322 2925 1421 2981 Hic
1450 2936 1536 2981 est
1558 2927 1704 2981 enim
1728 2942 1883 2981 mons
1906 2926 1997 2981 ille

412 3015 747 3086 coagulatus,
791 3031 947 3071 mons
988 3018 1202 3087 pinguis
1229 3014 1404 3087 (Psal.
1452 3016 1640 3087 ιιιιίι).
1673 3017 1741 3071 de
1764 3031 1872 3088 quo
1901 3033 1997 3085 per

413 3106 739 3178 Prophetani
796 3108 998 3162 dicitur
1041 3124 1055 3161 :

414 3204 750 3265 praeparatus
770 3213 927 3253 mons
947 3199 1141 3252 domus
1172 3198 1383 3254 Domini
1410 3197 1463 3252 in
1484 3198 1684 3253 vertice
1708 3199 1994 3265 montium,

413 3296 467 3341 et
498 3288 801 3343 elevabitur
849 3304 1013 3359 super
1047 3288 1231 3353 colles,
1266 3298 1322 3342 et
1349 3287 1518 3342 ﬂuent
1546 3289 1613 3341 ad
1653 3304 1779 3342 eum
1808 3303 1998 3343 omnes

414 3387 602 3447 gentes
628 3376 784 3443 (Isai.
822 3379 905 3448 ii).
937 3397 955 3431 ι
982 3377 1084 3432 llic
1114 3393 1268 3431 mons
1292 3377 1490 3432 dicitur
1516 3386 1826 3440 montanus,
1871 3378 1997 3447 quia

415 3469 505 3523 ubi
530 3454 801 3533 Christus,
835 3469 907 3523 ibi
938 3476 994 3523 et
1021 3468 1209 3539 procul
1234 3468 1398 3521 dubio
1425 3468 1807 3523 Christianus:
1843 3486 1861 3520 ι
1896 3467 1997 3523 Ubi

416 3575 572 3627 sum,
630 3560 838 3630 inquit,
886 3575 1017 3633 ego,
1079 3560 1190 3615 illic
1240 3568 1297 3614 et
1367 3559 1617 3615 minister
1672 3573 1826 3613 meus
1890 3559 1997 3613 erit

417 3650 598 3722 ‘Joan.
631 3652 749 3722 sit).
783 3670 802 3703 ι

485 3742 691 3797 Deinde
730 3742 949 3797 veniunt
996 3742 1049 3797 in
1089 3741 1379 3807 Salmoua,
1422 3740 1565 3811 quod
1608 3740 1999 3809 interpretatur

414 3836 601 3888 umbra
634 3835 910 3905 partionis.
953 3836 1019 3889 Et
1061 3835 1274 3898 merito,
1318 3844 1606 3904 postquam
1635 3834 1690 3888 in
1735 3844 1995 3896 montem,

416 3926 507 3995 qui
564 3934 647 3979 est
702 3924 974 3991 Christus,
1016 3926 1381 3985 ascendimus.
1427 3925 1682 3979 vitiorum
1733 3924 1999 3993 fugientes

413 4016 690 4080 ardorem,
707 4015 807 4068 sub
833 4015 1163 4070 defensionis
1187 4014 1303 4083 ejus
1328 4014 1645 4069 umbracqu
1676 4014 1997 4067 residemus.

417 4106 491 4160 De
514 4122 618 4176 qua
643 4107 888 4162 videlicet
908 4109 1098 4161 umbra
1122 4122 1221 4178 per
1238 4106 1530 4162 Jeremiam
1552 4106 1749 4160 dicitur
1777 4122 1791 4158 :
1825 4124 1843 4157 i
1878 4105 1999 4173 Spi-

416 4198 556 4252 ritus
579 4198 692 4253 oris
725 4200 895 4254 nostri
924 4200 1174 4255 Christus
1196 4200 1455 4254 Dominus
1482 4208 1669 4270 captus
1691 4208 1773 4253 est
1798 4199 1851 4253 in
1876 4214 1999 4269 pec-

415 4291 551 4344 i-atis
598 4289 823 4354 nostris,
853 4291 939 4345 cui
971 4292 1209 4345 diximus
1241 4308 1254 4345 :
1290 4290 1573 4346 ln’umbra
1620 4299 1708 4344 tua
1756 4290 1999 4344 vivemus

416 4382 469 4436 iii
502 4384 755 4454 gentibus
786 4383 1005 4454 (Thren.
1040 4386 1136 4458 iv).
1170 4403 1190 4438 ι
1242 4385 1308 4439 Ει
1337 4385 1576 4455 Angelus
1609 4386 1674 4438 ad
1721 4384 1949 4438 Mariam
1981 4401 1994 4438 :

420 4490 438 4523 I
472 4452 674 4539 Virtus,
705 4452 895 4543 inquit,
923 4452 1184 4530 Altissimi
1207 4452 1552 4530 obumbrabit
1581 4474 1674 4527 tibi
1702 4472 1854 4543 (Luc.
1884 4474 1945 4543 i).
1972 4492 1991 4524 ι
2028 4452 2073 4508 1)

415 4564 671 4621 Salinona
721 4568 910 4629 etiam,
959 4576 1021 4621 ut
1066 4567 1265 4622 alicubi
1323 4567 1615 4637 reperitur,
1660 4566 1997 4634 imaguncula

413 4662 653 4727 dicitur;
698 4661 841 4729 quod
882 4662 1068 4729 utique
1116 4659 1277 4731 15.9
1323 4659 1442 4712 loco
1483 4658 1557 4711 illi
1610 4672 1715 4710 non
1765 4657 1999 4710 absurde

414 4751 698 4822 congruit,
756 4752 881 4804 dum
934 4751 1004 4805 ibi
1060 4767 1242 4805 tenetis
1306 4750 1395 4803 ille
1452 4764 1677 4815 serpens
1728 4760 1999 4814 appensus

414 4844 509 4907 sit,
561 4841 653 4911 qui
704 4840 947 4894 cruciﬁxi
999 4849 1345 4909 repricsentat
1395 4840 1688 4907 imaginem
1750 4836 2000 4890 Salvato-

417 4940 512 4994 ris.

486 5052 574 5111 Fit
600 5062 861 5125 praeterea
908 5056 1174 5107 transitus
1215 5052 1268 5106 in
1296 5051 1526 5115 Phinon,
1552 5048 1697 5119 quod
1728 5049 1991 5116 interpreo

420 5156 564 5201 tatur
580 5162 663 5208 os.
684 5145 770 5200 vel
787 5146 893 5199 oris
906 5143 1253 5214 parcimonia.
1281 5142 1345 5197 Et
1369 5158 1431 5196 os
1450 5141 1691 5211 quidem,
1705 5140 1853 5209 quia,
1876 5153 2001 5191 mox

419 5249 476 5291 ut
502 5236 769 5308 passionis
819 5235 1019 5290 Christi
1063 5241 1399 5290 sacramenta
1424 5230 1821 5302 cognoscimus,
1856 5227 2019 5297 quod

418 5327 581 5380 corde
626 5326 922 5391 credimus,
954 5341 1050 5380 ore
1094 5324 1528 5395 pronuntiamus,
1555 5321 1697 5377 sicut
1738 5319 1999 5389 scriptum

418 5429 503 5472 est
527 5436 539 5471 :
568 5435 587 5470 ι
606 5417 850 5483 Credidi,
872 5427 1093 5488 propter
1106 5418 1249 5488 quod
1267 5417 1478 5471 loeutus
1493 5431 1613 5471 sum
1631 5412 1804 5484 (Psal.
1820 5410 1943 5482 cxv)
1977 5430 1996 5462 ι

420 5506 485 5561 Et
537 5507 867 5577 Apostolus:
903 5528 921 5559 i
960 5510 1136 5564 Corde
1182 5509 1424 5564 creditur
1467 5506 1534 5561 ad
1583 5504 1878 5575 justitiam.
1911 5516 2006 5556 ore

420 5609 603 5652 autem
625 5599 897 5654 confessio
926 5598 984 5653 ﬁt
1010 5600 1077 5654 ad
1106 5599 1334 5655 salutem
1361 5596 1540 5669 (Rom.
1568 5596 1645 5667 ι).
1681 5614 1700 5649 ι
1729 5593 1852 5651 Oris
1879 5605 2008 5647 vero

423 5689 756 5759 parcimunia
784 5691 1006 5757 dicitur;
1040 5692 1188 5762 quia,
1214 5692 1340 5747 dum
1367 5701 1474 5745 tam
1500 5687 1763 5761 profunda
1791 5685 2010 5741 redem-

1106 3126 1125 3160 ι
1174 3108 1289 3163 Erit
1338 3108 1390 3162 in
1447 3107 1757 3163 novissimis
1803 3097 2066 3164 diebusC

2099 1839 2355 1892 euntium.
2392 1839 2484 1893 lsti
2518 1854 2683 1907 porro
2712 1848 2839 1893 sunt
2863 1838 3066 1907 lapides
3089 1838 3217 1903 vivi,
3248 1839 3422 1893 sancti
3451 1840 3691 1904 scilicet,

2098 1942 2165 1983 ex
2198 1929 2394 1997 quibus
2427 1943 2533 1983 non
2586 1929 2746 1982 modo
2790 1927 3127 1983 Hierusalem
3158 1942 3391 1998 superna
3423 1930 3695 1985 construi-

2101 2028 2208 2077 tur.
2241 2018 2335 2071 sed
2365 2025 2420 2071 et
2448 2033 2687 2088 praiscns
2711 2016 2951 2071 Ecclesia
2981 2028 3240 2087 tanquam
3266 2020 3579 2089 margaritis
3604 2035 3695 2075 co-

2099 2109 2446 2162 ruscantibus
2493 2107 2811 2163 adornatur.
2857 2106 2959 2175 Qui
3009 2108 3204 2163 merito
3246 2110 3692 2166 transcuntesdi-

2098 2210 2325 2265 cuntur,
2354 2199 2481 2270 quia
2539 2206 2756 2254 terrena
2785 2199 3039 2269 quaelibet
3074 2215 3137 2253 ac
3168 2200 3483 2253 transitoria
3515 2210 3697 2257 mente

2099 2288 2333 2354 calcant,
2364 2299 2527 2357 atque
2549 2289 2616 2342 ad
2641 2289 2882 2343 caelestia
2911 2289 3147 2344 transire
3170 2289 3452 2344 festinant.
3480 2291 3535 2345 Si
3564 2306 3695 2346 vero

2099 2393 2207 2432 non
2262 2376 2542 2442 Gebarim,
2599 2377 2693 2431 sed
2745 2376 2843 2431 Gai
2892 2377 3124 2441 dicatur,
3159 2379 3301 2447 quod
3331 2379 3434 2432 alia
3462 2389 3697 2434 testatur

2098 2470 2288 2532 editio,
2321 2477 2376 2522 et
2431 2469 2534 2524 hoc
2565 2468 2635 2522 ab
2658 2467 2930 2523 intellectu
2980 2470 3382 2525 transeuntium
3409 2486 3514 2526 non
3539 2473 3695 2528 aber-

2099 2573 2205 2616 rat.
2252 2561 2351 2617 Gai
2404 2560 2678 2630 siquidem
2709 2562 3101 2629 interpretatur
3123 2562 3306 2616 chaos.
3344 2563 3484 2617 Dicit
3510 2573 3692 2619 autem

2096 2653 2368 2707 Abraham
2396 2652 2546 2706 diviti
2578 2666 2594 2705 :
2631 2670 2649 2704 ι
2687 2651 2823 2719 Quia
2856 2652 2999 2707 inter
3045 2668 3141 2707 nos
3169 2662 3221 2707 et
3251 2668 3344 2707 vos
3371 2655 3539 2707 chaos
3570 2669 3689 2707 ma-

2097 2760 2262 2814 gnum
2294 2744 2566 2798 ﬁrmatum
2598 2753 2683 2799 est
2709 2743 2861 2815 (an.
2910 2746 3043 2813 xvi).
3080 2764 3098 2797 ι
3124 2745 3204 2799 Ad
3229 2745 3376 2799 illum
3405 2760 3536 2815 ergo
3564 2761 3693 2799 san-

2095 2836 2170 2891 cti
2205 2852 2425 2907 semper
2448 2836 2684 2892 transire
2708 2837 3041 2915 desiderant,
3072 2846 3129 2889 ιιι
3155 2836 3207 2889 in
3241 2837 3357 2906 ejus
3383 2836 3528 2903 sinu,
3551 2837 3694 2892 sicut

2096 2938 2151 2983 et
2180 2928 2372 2984 beatus
2403 2929 2491 2983 ille
2518 2927 2777 2994 Lazarus,
2806 2928 3040 2982 feliciter
3073 2929 3439 2997 requiescant.

2166 3041 2325 3097 Unde
2346 3043 2480 3097 satis
2504 3052 2628 3111 apte
2652 3042 3005 3111 consequitur
3042 3051 3100 3095 ut
3127 3053 3245 3109 post
3286 3042 3454 3095 chaos
3481 3040 3681 3112 pytho-

2102 3148 2231 3187 num
2258 3142 2421 3202 atque
2462 3147 2765 3202 magorum,
2803 3132 2947 3200 quod
2977 3140 3055 3186 est
3109 3130 3391 3185 tenebrosa
3421 3130 3692 3186 calliditas

2099 3221 2505 3284 hazreticorum,
2535 3229 2733 3289 priesto
2762 3219 2982 3273 veniant
3026 3220 3078 3272 in
3108 3218 3410 3288 Dibongad,
3450 3218 3593 3289 quod
3621 3219 3696 3275 si—

2098 3310 2354 3377 gniﬁcare
2407 3310 2603 3363 dicitur
2648 3309 2910 3378 apiarium
2961 3310 3326 3363 teutatiouum.
3362 3309 3506 3379 Apes
3536 3310 3683 3364 cnim

2096 3413 2193 3452 ore
2229 3398 2387 3452 mella
2416 3396 2618 3462 ferunt,
2651 3400 2745 3450 sed
2778 3396 2981 3450 aculeis
3018 3407 3298 3466 pungunt;
3330 3398 3409 3451 sic
3439 3407 3494 3451 et
3518 3398 3686 3453 haereo

2100 3489 2190 3544 tici
2209 3487 2387 3542 verbis
2400 3486 2618 3556 quidem
2637 3486 2922 3541 manifeste
2945 3485 3305 3541 blandimenta
3324 3491 3689 3556 praetendunt,

2098 3578 2191 3632 sed
2224 3577 2381 3647 quasi
2404 3585 2526 3646 post
2554 3592 2613 3631 se
2638 3576 2845 3631 erroris
2890 3576 3123 3630 aculeos
3152 3586 3467 3646 contegunt.
3504 3577 3690 3633 Primo

2100 3668 2366 3724 distillant
2414 3683 2513 3723 ore
2544 3668 2908 3733 dulcedinem,
2934 3667 3029 3721 sed
3064 3669 3404 3737 postmodum
3432 3680 3695 3739 spargunt

2101 3759 2363 3819 aculeata:
2386 3758 2639 3813 falsitatis
2668 3773 2936 3812 errorem.
2975 3755 3129 3811 Unde
3155 3756 3423 3825 Proiiheta
3447 3773 3689 3833 conque-

2101 3850 2258 3909 ritur,
2308 3848 2537 3902 dicens:
2589 3866 2606 3898 ι
2646 3846 3137 3901 Circumdedcruiit
3177 3860 3263 3900 me
3293 3845 3435 3900 sicut
3459 3862 3609 3915 apes,
3636 3857 3694 3902 et

2102 3949 2425 3993 exarserunt
2468 3938 2607 3991 sicut
2634 3936 2773 4006 ignis
2800 3936 2853 3989 in
2886 3936 3057 4005 spinis
3091 3933 3267 4003 (Psul.
3297 3936 3485 4004 cxvii).
3523 3954 3542 3986 ι

2176 4029 2335 4099 150
2382 4029 2508 4083 lude
2556 4028 2785 4098 profecti
2838 4037 2964 4081 sunt
3012 4029 3064 4080 iii
3106 4026 3690 4091 Hclmondehlatliaim,

2099 4123 2243 4191 quod
2298 4120 2528 4174 vertitur
2575 4121 2628 4173 in
2670 4128 3021 4189 contemptum
3069 4116 3404 4186 palatorum,
3465 4119 3569 4171 hoc
3609 4129 3693 4172 est

2102 4214 2324 4278 ficuum,
2366 4212 2480 4266 sive
2509 4220 2833 4280 contemptus
2860 4208 3149 4279 approbrii.
3190 4207 3353 4263 Ficus
3388 4216 3571 4261 autem
3596 4209 3693 4263 de-

2102 4307 2320 4361 liciosus
2372 4312 2457 4359 est
2514 4304 2754 4367 fructus;
2785 4317 2881 4372 per
2906 4302 3049 4371 quod
3085 4299 3407 4369 intelligitur
3437 4312 3685 4355 neci-sse-

2103 4399 2245 4451 rium
2270 4411 2392 4452 esse
2410 4405 2468 4450 ut
2488 4397 2580 4465 qui
2599 4394 2710 4463 jam
2728 4393 2884 4449 donis
2899 4393 3211 4448 caelestibus
3226 4393 3688 4463 appropinquant,

2103 4499 2296 4545 cuncta
2328 4489 2565 4545 carnalis
2611 4487 2877 4542 illecebrae
2917 4485 3284 4540 blandimenta
3315 4492 3686 4540 contemnant.

2105 4582 2259 4649 Quod
2285 4581 2330 4635 si
2362 4587 2706 4647 contemptus
2735 4576 3011 4645 opprobrii
3043 4575 3215 4644 magis
3242 4573 3691 4645 admittitur,pcr

2105 4673 2208 4726 hoc
2225 4669 2719 4741 jamindubitanter
2743 4666 3066 4720 iiistruiinur
3097 4673 3175 4729 ut,
3199 4664 3243 4718 si
3276 4664 3493 4733 quando
3519 4664 3689 4719 haere-

2105 4760 2337 4813 ticorum
2388 4758 2471 4812 vel
2524 4756 2882 4825 l't‘pl'ObOl'llm
2939 4752 3308 4821 quorumlibet
3362 4753 3690 4807 dehonesta-

2104 4868 2225 4907 mur
2250 4849 2485 4917 injuriis,
2510 4862 2615 4901 non
2641 4845 2940 4899 turbeinur.
2965 4841 3070 4895 Per
3089 4842 3232 4911 quod
3258 4841 3690 4896 scilicetutrum-

2102 4956 2209 5012 que
2236 4938 2529 4993 salubriter
2569 4936 2881 4997 edoceinur,
2909 4943 2965 4986 ui
2998 4946 3097 4986 nos
3128 4947 3231 4987 nec
3264 4930 3534 4984 inhonesti
3557 4944 3690 4985 con-

2105 5042 2342 5101 temptus
2366 5028 2548 5084 irrisio
2577 5035 2811 5089 moveat,
2846 5040 2945 5079 nec
2985 5023 3091 5078 ulla
3126 5033 3357 5077 terrena:
3388 5020 3690 5076 dulcedinis

2104 5124 2502 5178 oblectamenta
2530 5119 2835 5181 resolvant;
2861 5125 3129 5186 quatenus
3151 5116 3219 5169 de
3242 5116 3344 5168 hoc
3366 5116 3565 5169 mundo
3592 5128 3688 5167 va-

2104 5233 2311 5289 leamus
2342 5218 2523 5271 dicere
2544 5229 2667 5269 cum
2697 5213 2965 5283 Propheta
2999 5230 3013 5266 :
3046 5229 3064 5263 ι
3093 5210 3250 5265 Sicut
3281 5208 3520 5263 tcnebra:
3544 5207 3683 5278 ejus,

2062 5320 2067 5323 ’
2106 5312 2179 5367 ita
2208 5321 2263 5366 et
2293 5310 2474 5364 lumen
2502 5307 2619 5378 ejus
2648 5303 2821 5377 (Psal.
2845 5306 3131 5373 cxxxvm).
3169 5320 3189 5355 ι

2175 5403 2301 5458 lude
2331 5400 2689 5469 commigrant
2721 5396 2788 5450 ad
2817 5404 3029 5450 montes
3056 5392 3278 5448 Abarim
3299 5398 3489 5446 contra
3512 5387 3685 5445 Nubo.

2102 5496 2356 5557 Abarim,
2415 5491 2700 5561 transitus,
2748 5486 2901 5542 Nabo
2950 5482 3210 5541 acscessio
3259 5481 3686 5551 interpretatur;

2104 5588 2196 5643 ubi
2229 5585 2443 5641 scilicet
2465 5582 2645 5638 anima
2675 5579 2831 5651 quasi
2861 5594 2959 5650 per
2982 5589 3172 5631 omnes
3214 5572 3426 5629 itineris
3454 5571 3690 5627 mansio-

2109 5692 2227 5745 nes,
2262 5677 2333 5731 ita
2365 5688 2461 5747 per
2516 5682 2741 5729 cunctas
2771 5668 2931 5724 fuerit
2965 5680 3252 5739 progressa
3279 5663 3539 5728 virtutes,
3562 5660 3688 5731 quia
