4058 6178
358 268 498 324 ίυόῢ
1510 259 1576 318 ΙΝ
1616 259 1821 318 LIBRU
1831 261 1875 318 δι
1920 261 1981 317 Dl

2087 260 2462 319 FERONOMII.

351 382 438 435 eis
467 397 481 433 :
512 374 871 433 Revertimini
900 374 954 430 in
985 374 1220 431 tentoria
1254 380 1435 429 vestra
1462 389 1477 438 ;
1507 382 1563 428 tu
1588 388 1718 428 vero
1750 373 1839 430 hic
1861 381 1941 429 sta
1973 385 2020 442 Α

352 487 588 536 mecum,
625 481 682 525 et
702 469 893 540 loquar
925 468 1020 523 tibi
1048 468 1232 522 omnia
1286 466 1564 530 mandata,
1595 466 1939 520 caerimonias
2403 463 2469 517 1η
2499 480 2736 518 sermone
2767 466 2832 519 de
2871 464 2933 519 S.
2967 464 3270 521 Anastasio.

354 571 516 631 atque
563 559 767 630 iudicia
822 557 1001 626 (Deut.
1032 557 1107 627 v).
1140 575 1158 608 ι
1191 556 1418 611 (laeteris
1454 556 1651 626 quippe
1682 555 1734 608 in
1760 555 1943 609 carnis
2124 576 2143 607 ι
2190 557 2697 626 Appropinquante,
2724 555 2799 610 ait
2829 548 3108 619 Dominus,
3132 554 3243 623 iam
3276 556 3483 626 praelio,
3511 566 3629 615 sta-

354 667 467 709 sua:
494 650 728 705 tentorio
756 647 1149 703 delectabiliter
1174 646 1603 716 quiescentibus,
1637 660 1829 699 servus
1850 645 1945 698 Dei
2046 651 2127 705 bit
2158 650 2411 704 sacerdos
2441 659 2569 704 ante
2599 650 2771 703 aciem
2798 690 2811 713 ,
2844 659 2901 704 et
2942 648 3023 703 sic
3057 648 3309 716 loquetur
3353 651 3421 705 ad
3467 658 3637 723 pop“.

358 759 465 800 non
490 743 730 798 residere
746 740 990 809 iubetur,
1018 740 1115 795 sed
1142 748 1288 794 stare
1309 754 1434 794 cum
1472 738 1725 801 Domino,
1760 746 1816 790 ut
1838 751 1948 806 quo
2048 738 2157 794 lum
2186 754 2200 793 :
2230 739 2393 805 Audi,
2423 739 2584 794 Israel
2614 754 2628 791 :
2660 753 2756 792 vos
2802 738 2961 792 hodie
3012 746 3201 792 contra
3253 738 3498 794 inimicos
3546 757 3639 796 ve-

358 834 624 892 remotins
675 848 706 887 a
755 832 939 887 mundi
988 831 1267 886 laboribus
1304 840 1505 895 cessat,
1544 843 1610 883 eo
1638 827 1950 898 vigilantius
2051 841 2195 886 stros
2219 846 2451 901 pugnam
2476 830 2837 895 committitis,
2867 844 2972 883 non
3011 828 3366 899 pertimescat
3406 846 3501 885 cor
3546 846 3639 885 ve-

359 927 414 982 in
439 925 638 980 divinis
684 923 963 993 obsequiis
1009 923 1124 993 ipse
1148 938 1207 978 se
1242 932 1449 977 sancta:
1504 920 1706 1002 quietis
1735 918 1950 975 fervore
2052 931 2246 986 strum,
2275 921 2442 976 nolite
2466 931 2728 984 metuere,
2760 921 2927 975 nolite
2952 922 3167 983 cedere,
3198 936 3299 975 nec
3333 919 3639 977 formidetis

359 1025 635 1072 exerceat.
2051 1027 2167 1081 eos,
2193 1016 2319 1085 quia
2353 1015 2611 1069 Dominus
2654 1016 2794 1070 Deus
2822 1025 2998 1070 vester
3025 1016 3077 1069 in
3118 1016 3296 1070 medio
3340 1018 3505 1072 vestri
3534 1028 3641 1084 est,

2057 1113 2112 1159 et
2140 1120 2239 1175 pro
2267 1104 2421 1159 vobis
2450 1114 2641 1159 contra
2689 1105 3028 1159 adversarios
3064 1106 3366 1170 diniieabit,
3396 1116 3455 1161 ut
3486 1119 3642 1161 cruat

3479 262 3619 316 I066

2666 370 2895 427 CAPUT
2935 371 2999 426 γ.

980 1104 1211 1161 CAPUT
1251 1104 1336 1158 III.
1392 1140 1397 1143 -

862 1197 933 1252 In
969 1198 1152 1252 eadem
1190 1195 1433 1266 epistola.
1946 1240 1951 1243 .

436 1310 458 1345 ε
505 1291 662 1347 Dedit
688 1289 785 1345 tibi
814 1289 1075 1347 Dominus
1109 1287 1291 1342 cibum
1321 1299 1543 1350 manna,
1573 1283 1717 1355 quod
1742 1284 1958 1355 ignora-

364 1384 461 1437 bas
488 1388 544 1435 tu
588 1391 643 1435 et
669 1390 853 1450 patres
884 1378 982 1443 tui.
1032 1388 1093 1435 ut
1119 1377 1433 1433 ostenderet
1464 1375 1558 1431 tibi
1586 1375 1731 1445 quod
1762 1389 1869 1429 non
1900 1374 1955 1428 in

365 1471 481 1527 solo
501 1469 792 1541 pane‘vivit
820 1468 1003 1531 homo,
1051 1465 1147 1522 sed
1182 1466 1236 1520 in
1257 1465 1405 1520 omni
1434 1465 1601 1519 verbo
1626 1464 1771 1534 quod
1797 1477 1953 1533 egre-

366 1564 513 1619 ditur
531 1577 601 1617 ex
622 1576 717 1616 ore
740 1560 951 1615 Domini
977 1557 1159 1625 (Deut.
1191 1573 1320 1623 vm;
1347 1555 1541 1611 Matth.
1557 1571 1640 1620 tv;
1670 1553 1800 1607 Luc.
1822 1551 1952 1624 tv),i

365 1657 457 1712 ubi
484 1665 539 1711 et
562 1664 760 1725 pmsto
781 1653 1057 1724 subiungit
1089 1669 1103 1706 :
1138 1670 1157 1703 ι
1193 1650 1584 1707 Vestimentum
1603 1646 1760 1718 153
1784 1656 1957 1710 tuum,

2057 1210 2153 1248 vos
2173 1194 2238 1248 de
2258 1193 2500 1263 periculo
2521 1192 2701 1263 (Deut.
2726 1196 2841 1264 xx).
2856 1212 2872 1244 ι
2893 1194 2957 1248 Et
2979 1196 3273 1249 notandum
3297 1195 3438 1265 quod
3461 1211 3645 1250 sacer-

2058 1286 2156 1342 dos
2176 1285 2291 1355 qui,
2309 1285 2623 1339 imminente
2640 1284 2753 1354 iam
2779 1284 2939 1349 bello,
2965 1284 3339 1352 concionatur,
3362 1301 3469 1340 non
3492 1286 3644 1351 alibi,

2060 1376 2155 1430 sed
2186 1384 2314 1430 ante
2345 1374 2517 1429 aciem
2563 1383 2711 1429 stare
2745 1374 3088 1443 praecipitur,
3140 1383 3201 1427 ut
3252 1374 3507 1429 videlicet
3553 1390 3649 1431 eos

2064 1464 2130 1519 ad
2190 1480 2443 1535 pugnam,
2498 1479 2634 1534 quos
2687 1459 3161 1533 adh_oe:ationibus
3204 1474 3485 1534 provocat,
3533 1469 3649 1536 ipse

2064 1569 2279 1625 quoque
2321 1553 2554 1624 praevius
2597 1552 2902 1618 antecedat,
2930 1567 3000 1607 ne
3028 1552 3155 1606 dum
3204 1554 3339 1609 alios
3382 1553 3542 1626 154
3581 1554 3649 1608 ad

2063 1646 2260 1701 bellum
2288 1645 2567 1715 impellere
2596 1645 2812 1709 nititur,
2844 1645 2958 1715 ipse
2994 1645 3244 1715 degeneri
3277 1647 3514 1714 torporis
3538 1647 3651 1701 otio

368 1760 479 1817 quo
502 1744 856 1815 operiebaris,
883 1756 1221 1813 nequaquam
1254 1749 1525 1795 vetustate
1552 1739 1845 1801 del‘ecit,et
1865 1750 1962 1805 pes
1994 1730 2038 1790 Β
2068 1750 2165 1804 per
2217 1733 2605 1805 negligentiam
2655 1733 2982 1799 resolvatur,
3035 1735 3174 1790 sicut
3216 1737 3282 1790 de
3328 1736 3651 1805 quibusdam

368 1844 496 1890 tuus
539 1848 645 1888 non
698 1841 782 1889 est
829 1832 1126 1895 subtritus,
1178 1845 1247 1884 en
1293 1827 1746 1899 quadragesimus
1791 1838 1967 1879 annus

366 1941 482 1990 est:
517 1939 577 1985 ut
606 1930 873 2000 recogites
911 1929 964 1983 in
996 1928 1163 1983 corde
1190 1935 1306 1990 tuo,
1340 1924 1467 1994 quia
1498 1925 1637 1978 sicut
1665 1921 1844 1976 erudit
1872 1920 1969 1975 hc-

371 2040 461 2080 rno
500 2022 670 2077 filium
698 2036 877 2085 suum,
905 2020 986 2074 sic
1010 2018 1270 2073 Dominus
1298 2017 1438 2070 Deus
1478 2025 1600 2068 tuus
1627 2012 1861 2068 erudivit
1893 2021 1964 2076 te,

370 2124 432 2172 ut
455 2114 731 2171 custodias
765 2112 1022 2167 mandata
1046 2109 1259 2167 Domini
1293 2108 1389 2164 Dei
1420 2107 1526 2172 tui,
1560 2114 1614 2162 et
1642 2105 1885 2160 ambules
1912 2103 1967 2156 in

371 2208 475 2264 viis
498 2208 637 2278 eius,
669 2214 725 2260 et
757 2205 947 2259 timeas
995 2217 1118 2258 eum
1167 2200 1348 2271 (Deut.
1390 2201 1555 2278 νιιι).ᾼ
1587 2217 1605 2249 ι
1656 2196 1713 2250 1η
1762 2196 1961 2264 quibus

374 2274 556 2353 verbis
615 2296 746 2351 illud
793 2303 877 2351 est
914 2292 1169 2348 solertius
1199 2274 1584 2345 attendendur‘n
1640 2286 1783 2356 quod
1835 2286 1961 2338 ait:

380 2412 399 2441 ι
435 2385 594 2443 Dedit
617 2385 711 2441 tibi
746 2398 964 2448 manna,
988 2391 1047 2437 ut
1073 2379 1388 2436 ostenderet
1425 2378 1569 2448 quod
1611 2392 1718 2431 non
1761 2376 1815 2430 in
1852 2374 1970 2430 solo

374 2494 516 2541 pane
543 2478 676 2532 vivit
703 2477 886 2541 homo,
916 2475 1011 2531 sed
1042 2474 1095 2529 in
1117 2473 1264 2528 omni
1296 2471 1483 2535 verbo,
1512 2468 1657 2540 quod
1698 2467 1973 2540 egreditur

378 2588 446 2629 ex
479 2585 575 2627 ore
619 2570 734 2625 Dei.
780 2587 798 2621 ι
861 2567 964 2623 Ubi
1012 2566 1134 2621 luce
1180 2564 1383 2620 clarius
1435 2570 1652 2619 constat
1679 2561 1807 2631 quia
1839 2558 1972 2615 illud

382 2676 605 2726 manna,
644 2673 753 2729 quo
805 2658 881 2713 illi
928 2656 1223 2713 carnaliter
1267 2654 1590 2718 alebantur,
1643 2652 1750 2708 hoc
1803 2650 1972 2706 divini

381 2750 532 2807 verbi
560 2749 910 2821 significabat
949 2745 1231 2819 pabulum,
1260 2760 1367 2815 quo
1396 2759 1539 2799 nunc
1584 2744 1638 2798 in
1672 2743 1853 2797 anima
1887 2758 1974 2798 re-

385 2857 661 2898 creamur.
690 2840 760 2895 Et
790 2839 1087 2894 notandum
1115 2836 1261 2907 quod
1284 2835 1353 2892 de
1386 2835 1491 2891 hoc
1521 2849 1721 2889 manna
1752 2832 1807 2887 in
1834 2832 1974 2889 libro

382 2934 556 2991 Exodi
608 2932 807 3004 legitur
837 2949 850 2985 :
886 2950 905 2983 ι
938 2929 1092 2998 Quod
1124 2944 1249 2985 cum
1295 2928 1600 2992 vidissent,
1631 2925 1829 2995 inquit,
1876 2924 1972 2979 filii

383 3024 580 3090 I'srael,
608 3023 865 3097 (dixerunt
900 3022 967 3076 ad
998 3020 1269 3075 invicem:
1301 3017 1533 3073 Manhu?
1573 3018 1718 3088 quod
1768 3017 1976 3088 signiti-

2070 1840 2264 1895 magna
2307 1824 2525 1895 quidem
2554 1825 2995 1895 praedicantibus,
3024 1826 3119 1880 sed
3170 1826 3442 1881 desidiose
3472 1829 3656 1880 viven-

2070 1915 2247 1979 tibus,
2276 1931 2375 1985 per
2418 1914 2746 1985 PrOplietam
2801 1915 3043 1970 dicitur:
3078 1934 3097 1967 ι
3130 1916 3254 1971 Filii
3303 1916 3538 1985 Ephrem
3575 1917 3657 1971 in-

2071 2008 2355 2062 tendentes
2381 2021 2567 2061 arcum
2598 2015 2654 2061 et
2682 2007 2965 2062 mittentes
2994 2007 3221 2077 sagittas
3251 2023 3379 2063 suas
3405 2009 3654 2065 conversi

2070 2106 2199 2149 sunt
2224 2095 2279 2150 in
2310 2096 2397 2151 die
2425 2094 2547 2150 belli
2577 2094 2753 2167 (Paul.
2788 2095 3015 2168 Lxxvn).
3058 2116 3077 2148 ι

2699 2185 2929 2243 CAPUT
2966 2186 3049 2241 VI.

2471 2277 2537 2332 In
2572 2294 2813 2332 sermone
2838 2279 2902 2331 de
2931 2276 2989 2333 S.
3023 2278 3267 2349 Georgio.

2161 2386 2181 2420 ι
2222 2367 2396 2421 Homo
2418 2366 2799 2423 formidolosus
2826 2377 2881 2422 et
2907 2368 3072 2422 corde
3115 2370 3312 2438 pavido
3363 2384 3470 2424 non
3507 2385 3663 2440 egre-

2073 2455 2252 2510 diatur
2280 2456 2346 2510 ad
2374 2455 2599 2521 bellum,
2625 2456 2721 2510 sed
2756 2458 2921 2512 vadat
2951 2467 3006 2511 et
3035 2468 3344 2512 revertatur
3367 2459 3433 2514 ad
3463 2468 3661 2513 terram

2074 2561 2253 2613 suam,
2274 2560 2343 2601 ne
2369 2559 2569 2615 pavere
2598 2546 2761 2602 faciat
2783 2548 2944 2603 corda
2978 2548 3205 2603 fratrum
3232 2564 3454 2604 suorum
3475 2590 3488 2615 ,
3521 2548 3664 2605 situt

2073 2646 2129 2692 et
2155 2637 2271 2705 ipse
2306 2637 2633 2707 perterritus
2660 2646 2744 2693 est
2771 2636 2951 2708 (Deut.
2982 2637 3097 2708 xx).
3128 2658 3147 2689 ι
3183 2638 3389 2705 Quibus
3409 2640 3664 2693 nimirum

2075 2728 2256 2783 verbis
2279 2726 2486 2797 liquido
2512 2726 2873 2797 perducemur
2900 2727 3026 2797 quia
3056 2742 3156 2799 pro
3187 2727 3503 2783 defensione
3540 2727 3667 2782 fidei

2079 2822 2341 2878 dimicare
2366 2820 2584 2877 fortiter
2609 2829 2664 2877 et
2688 2822 2881 2877 idonee
2906 2830 3183 2891 nequeunt
3211 2822 3302 2891 qui
3340 2822 3517 2876 adhuc
3561 2836 3667 2875 nu-

2081 2913 2200 2968 dari
2226 2913 2456 2968 terrenis
2483 2912 2675 2983 opibus
2700 2911 3129 2982 pertimescunt;
3156 2910 3492 2966 tolerabilius
3519 2909 3664 2965 enim

2087 3012 2174 3059 est
2229 3013 2290 3059 ut
2348 3004 2569 3059 domum
2620 3003 3018 3072 quodammodo
3076 3002 3365 3057 redeuntes
3422 3000 3669 3072 ignobili-

388 3126 518 3173 cat:
556 3081 695 3184 ριιὶίι
741 3123 825 3171 est
854 3113 995 3169 hoc?
1032 3132 1051 3167 ι
1093 3111 1292 3183 (Exod.
1325 3113 1463 3181 xvi.)
1494 3081 1727 3182 llliergo
1755 3081 1974 3175 manna,
2004 3081 2050 3144 ί)
2081 3099 2165 3184 te?
2221 3100 2303 3148 e“
2334 3091 2581 3184 ίωιξθηξεε
2615 3092 2826 3184 -νίνωιῑ
2867 3105 3048 3184 Aquam
3089 3105 3290 3184 “cum
3347 3099 3404 3184 3}
3452 3088 3590 3184 aII“
3627 3104 3669 3184 -ε

388 3207 438 3261 id
466 3216 550 3262 est
575 3207 707 3277 quid
745 3205 979 3271 esthoc,
1030 3202 1301 3260 veraciter
1348 3203 1642 3258 comedunt
1698 3202 1813 3273 qui,
1848 3202 1976 3256 dum

388 3297 594 3369 legunt,
616 3297 700 3352 vel
732 3297 980 3361 audiunt,
1010 3295 1179 3351 divini
1207 3294 1359 3349 verbi
1396 3295 1715 3365 mysterium
1751 3294 1981 3349 solerter

392 3386 691 3456 inquirunt,
723 3386 815 3455 qui
846 3384 1102 3439 nimirum
1138 3385 1278 3439 intra
1307 3384 1556 3439 litterulis
1574 3384 1741 3455 paleae
1765 3386 1979 3439 thecam

393 3476 604 3531 dulcem
654 3475 1024 3546 intelligentiae
1075 3474 1338 3545 spiritalis
1391 3475 1637 3529 ambiunt
1691 3473 1981 3529 enucleare

394 3566 706 3622 medullam.
736 3565 834 3621 llic
864 3574 1015 3621 certe
1044 3566 1175 3635 quid
1220 3574 1304 3622 est
1338 3568 1440 3621 hoc
1476 3566 1749 3622 veraciter
1806 3566 1982 3621 vesci-

394 3670 503 3725 tur,
519 3662 608 3731 qui
636 3661 853 3717 assidue
881 3660 934 3715 in
963 3659 1242 3729 Scriptura
1270 3675 1426 3716 sacra
1458 3659 1643 3716 solerti
1670 3658 1982 3716 meditatio-

396 3767 465 3807 ne
490 3766 640 3807 versa
648 3759 757 3806 tur.

1008 3841 1239 3899 CAPUT
1277 3840 1368 3896 IV.

699 3951 766 4006 In
796 3966 1033 4007 sermone
1062 3951 1126 4005 de
1162 3949 1224 4006 S.
1257 3949 1667 4006 Bartholomtro.

471 4067 684 4137 Moyses
712 4065 941 4137 mystice
976 4065 1042 4119 de
1075 4071 1263 4119 sancta
1293 4061 1428 4118 dicit
1470 4061 1713 4118 Ecclesia
1741 4080 1755 4117 :
1809 4081 1827 4115 ι
1870 4062 1988 4117 Non

398 4168 508 4223 est,
530 4157 724 4227 inquit,
774 4164 940 4220 terra,
996 4154 1065 4209 ad
1120 4169 1282 4225 quam
1331 4154 1675 4225 ingredimini
1712 4155 1991 4224 possiden-

401 4250 547 4315 dam,
572 4249 763 4303 similis
792 4258 951 4304 terra:
976 4246 1216 4319 Egypti,
1241 4247 1307 4301 de
1328 4260 1432 4316 qua
1463 4246 1654 4303 existis
1672 4288 1687 4313 ,
1726 4247 1815 4302 ubi
1843 4246 1991 4315 iacto

406 4342 615 4397 semine
659 4341 712 4395 in
748 4341 1029 4396 hortorum
1059 4352 1265 4395 morem
1298 4353 1451 4408 aqua:
1480 4338 1822 4394 deducuntur
1866 4340 1992 4393 irri-

2081 3183 2453 3253 triumphandi
2490 3182 2662 3254 gloria
2710 3196 2806 3252 per
2847 3182 3134 3252 degeneris
3182 3181 3426 3252 exempla
3457 3182 3673 3239 timoris

2081 3283 2352 3331 avertant.

2690 3342 2917 3399 CAPUT
2958 3343 3068 3398 VII.

2330 3433 2397 3489 In
2427 3434 2560 3488 libro
2589 3434 2653 3488 de
2676 3434 2993 3504 perfectione
3023 3435 3420 3490 monachorum.

2156 3523 2260 3579 Per
2297 3523 2517 3595 Moysen
2572 3523 2687 3595 lege
2734 3524 3046 3579 decernitur
3073 3533 3130 3580 ut
3183 3526 3400 3581 mulieri
3426 3527 3480 3582 in
3532 3528 3677 3587 bello

2087 3624 2261 3686 captae
2284 3622 2339 3669 et
2369 3615 2423 3669 in
2461 3614 2770 3685 conjugimn
2795 3613 3019 3669 victoris
3045 3614 3232 3671 electa:
3275 3617 3523 3687 corporis
3569 3619 3676 3677 cir.

2087 3704 2399 3761 cumlluitas
2427 3704 2821 3759 abscindatur:
2858 3721 2876 3755 c
2924 3702 3054 3771 Quae
3082 3705 3256 3770 radet,
3284 3706 3482 3777 inquit,
3512 3723 3677 3763 cresa-

2088 3796 2226 3851 riem
2248 3804 2304 3850 et
2344 3795 2696 3850 circumcidet
2742 3809 2948 3865 ungues
2989 3804 3043 3850 et
3086 3796 3319 3865 deponet
3362 3808 3570 3853 vestem
3622 3800 3675 3853 in

2090 3902 2196 3958 qua
2218 3896 2378 3957 capta
2402 3897 2515 3952 est;
2546 3887 2849 3956 sedensque
2880 3886 2934 3941 in
2958 3887 3121 3942 domo
3141 3902 3238 3943 sua
3275 3888 3425 3945 ﬂebit
3469 3898 3679 3959 patrem

2091 3989 2147 4037 et
2167 3988 2410 4035 matrem
2424 3993 2529 4033 uno
2551 3992 2757 4043 mense,
2775 3985 2829 4031 et
2844 3986 3029 4047 postea
3051 3977 3277 4033 intrabis
3298 3979 3363 4031 ad
3386 3978 3531 4032 illam
3551 3979 3683 4033 dor-

2092 4069 2335 4139 miesque
2350 4084 2470 4123 cum
2488 4068 2602 4133 illa,
2615 4076 2669 4123 et
2683 4068 2788 4122 erit
2807 4084 2942 4123 uxor
2960 4076 3050 4121 tua
3069 4067 3252 4136 (Deut.
3272 4069 3408 4140 xxx).
3424 4088 3443 4119 ι
3465 4069 3675 4125 Mulieri

2093 4160 2295 4231 quippe
2328 4158 2609 4213 caesariem
2639 4158 2903 4222 radimus,
2932 4172 3056 4212 cum
3095 4158 3347 4212 rationali
3379 4158 3680 4229 disciplima

2094 4265 2286 4307 sensus
2308 4247 2609 4321 superfluos
2629 4256 2997 4318 amputamus.
3020 4246 3240 4319 Ungues
3263 4249 3427 4304 etiam
3447 4250 3684 4304 circum-

2097 4342 2349 4408 cidimus,
2373 4356 2500 4397 cum
2528 4340 2596 4394 ab
2618 4354 2681 4395 ea
2714 4346 2926 4394 mortua
2957 4353 3185 4408 qumque
3234 4340 3681 4410 superstitionum

402 4448 544 4505 guze,
578 4432 669 4487 sed
717 4432 783 4487 de
824 4430 963 4487 caelo
1015 4430 1224 4501 pluvias
1252 4438 1596 4499 exspectans,
1627 4444 1793 4499 quam
1848 4429 1991 4485 Deus
2019 4455 2071 4514 ι)
2096 4449 2260 4504 opera
2302 4433 2637 4489 deeecamus.
2673 4431 2805 4497 Qure
2851 4429 3015 4485 etiam
3055 4439 3261 4488 vestem
3300 4431 3601 4501 deponere.
3630 4431 3684 4485 in

407 4542 538 4582 suus
579 4526 767 4581 invisit
794 4525 942 4580 omni
991 4534 1233 4595 tempore
1278 4524 1458 4595 (Deut.
1496 4523 1595 4595 xl).
1633 4544 1651 4576 ι
1704 4523 1993 4581 Saecularis

407 4618 550 4672 enim
576 4615 860 4685 prudentia
892 4615 1049 4683 quasi
1076 4614 1297 4669 coluber
1316 4628 1415 4682 per
1450 4615 1672 4669 humum
1721 4615 1891 4685 serpit
1940 4624 1997 4670 et

410 4707 517 4762 huc
540 4706 773 4774 illucque
813 4704 1017 4759 lubrica
1050 4704 1315 4757 varietate
1346 4703 1607 4770 declinat,
1639 4704 1821 4759 divina
1866 4720 1995 4759 vero

412 4794 677 4868 sapientia
715 4797 782 4849 de
834 4794 1150 4849 caelestibus
1197 4794 1428 4848 intonat.
1460 4795 1659 4851 Hortus
1691 4797 1852 4851 etiam
1906 4798 1997 4851 hic

413 4887 691 4943 sinistram
720 4884 885 4939 habet
904 4882 1372 4952 significationem.
1408 4883 1541 4938 Nam
1566 4887 1800 4941 carnalis
1823 4888 1999 4942 scien-

414 4978 503 5033 tiae
530 4977 742 5031 videtur
782 4976 1070 5045 designare
1113 4974 1421 5043 lasciviam;
1465 4977 1607 5032 sicut
1649 4986 1703 5031 et
1728 4978 1849 5046 illic,
1908 4980 2000 5035 ubi

414 5067 604 5123 Achab
631 5067 785 5136 petiit
802 5066 1015 5121 vineam
1037 5064 1279 5122 Naboth:
1301 5086 1318 5119 ‹
1343 5067 1416 5121 Da
1442 5068 1572 5122 mihi
1595 5069 1805 5123 vineam
1831 5079 2001 5135 tuam,

417 5166 478 5211 ut
526 5156 724 5213 faciam
775 5158 904 5213 mihi
942 5158 1159 5213 hortum
1213 5157 1421 5213 olerum
1474 5157 1593 5227 (III
1632 5159 1757 5230 Reg.
1804 5161 1937 5232 xu).
1980 5181 1998 5214 ι

418 5248 511 5305 Ille
535 5249 731 5320 quippe
754 5249 807 5303 in
855 5249 1074 5303 hortum
1120 5257 1351 5303 conatur
1380 5247 1595 5303 vineam
1635 5258 1866 5315 vertere,
1911 5250 2005 5319 qui

422 5342 657 5415 rigorem
710 5341 927 5397 virtutis
973 5339 1213 5409 jucunda
1272 5339 1507 5395 carnalis
1563 5339 1831 5396 illecebrae
1892 5343 2007 5397 vult

422 5432 743 5486 amoenitate
786 5440 1015 5485 mutare.
1072 5429 1140 5484 Et
1194 5428 1484 5484 Psalmista
1530 5432 1790 5501 reprobus
1846 5431 2008 5488 oleri-

422 5522 525 5577 bus
566 5530 870 5591 comparat,
903 5521 1135 5577 dicens:
1174 5538 1193 5571 ι
1242 5520 1521 5589 Tanquam
1575 5519 1759 5576 fenum
1809 5522 2009 5578 veloci-

2096 4540 2203 4598 qua
2232 4535 2312 4579 est
2356 4532 2539 4593 capta,
2576 4522 2913 4592 praecipitur,
2958 4530 3019 4575 ut
3053 4521 3437 4592 superductam
3470 4523 3681 4577 fabula—

2098 4629 2218 4672 rttzn
2241 4623 2297 4669 et
2325 4613 2689 4684 quorumlibet
2716 4614 3094 4682 ﬂgmentorutn
3117 4619 3283 4668 exuat
3316 4614 3685 4682 superficiem,

2100 4722 2164 4761 ac
2184 4706 2407 4761 solidam
2431 4704 2572 4759 vera:
2596 4705 2829 4759 rationis
2854 4704 3111 4759 exhibeat
3128 4706 3437 4759 veritatem.
3470 4705 3685 4760 Patrem

2101 4812 2232 4850 vero
2256 4805 2310 4850 et
2340 4805 2569 4849 matrem
2595 4792 2773 4859 deflet,
2804 4794 2929 4862 quia
2964 4794 3269 4849 liberalium
3306 4804 3559 4851 auctores
3603 4814 3691 4851 ar-

2104 4886 2239 4941 tium
2265 4898 2420 4937 mens
2450 4892 2631 4936 nostra
2671 4890 2915 4937 mortuos
2943 4882 3163 4952 deputat
3187 4893 3243 4937 et
3276 4898 3371 4939 eos
3414 4885 3467 4938 in
3498 4900 3691 4941 errore

2103 4975 2334 5047 periisse
2377 4974 2758 5044 compatieudo
2794 4974 3057 5045 deplorat.
3106 4975 3452 5033 Consuetudo
3504 4987 3688 5034 autem

2105 5068 2430 5125 feminarum
2460 5075 2546 5123 est
2570 5082 2665 5136 per
2690 5083 3128 5138 unumquemque
3166 5084 3405 5125 mensem
3441 5072 3522 5125 sui
3567 5087 3693 5125 san-

2106 5159 2287 5232 guinis
2298 5157 2561 5215 effusione
2583 5160 2833 5231 purgari:
2856 5172 2977 5231 post
2999 5161 3442 5232 mensemtitaque
3462 5163 3528 5216 ad
3552 5163 3693 5216 hanc

2109 5250 2395 5307 mulierem
2422 5251 2631 5308 intrare
2656 5252 3022 5321 prazcipimur,
3068 5262 3132 5307 ut
3177 5263 3351 5308 artem
3401 5253 3692 5322 cuiuslibet

2112 5340 2411 5411 disciplina:
2439 5342 2589 5397 omni
2616 5343 3058 5411 superstitionum
3087 5344 3338 5412 contagio
3375 5345 3691 5400 defaecatam

2110 5434 2255 5489 velut
2290 5435 2342 5489 in
2367 5433 2675 5505 coniugium
2716 5437 3038 5503 sortiantur,
3067 5447 3335 5506 quatenus
3368 5436 3479 5506 iam
3525 5438 3693 5493 Israe-

2108 5524 2257 5581 litica
2307 5524 2451 5580 facta
2508 5535 2906 5594 consequenter
2961 5528 3012 5581 in
3072 5528 3332 5584 Israelita:
3384 5530 3695 5603 coniugium

426 5623 512 5667 ter
542 5621 809 5678 arescent,
862 5622 915 5667 et
948 5613 1088 5669 sicut
1138 5612 1284 5668 olera
1334 5612 1625 5671 herbarum
1656 5614 1765 5672 cito
1813 5616 2011 5674 cadent
2113 5625 2353 5673 transeat
2379 5625 2432 5671 et
2460 5616 2597 5673 bene
2621 5614 2904 5674 fecundam
2941 5620 3300 5690 spiritualium
3344 5638 3567 5693 operum
3608 5636 3697 5677 so—

429 5702 602 5774 (Pral.
638 5703 845 5775 xxxvr).
880 5721 902 5749 ι

874 5796 1146 5855 Ριτιιοι.
1201 5786 1441 5853 CXLV-
1458 5818 1473 5823 ί

2112 5708 2288 5767 bolem
2319 5705 2527 5763 reddat.

3259 5807 3337 5863 355
