4058 6178
412 279 547 338 1067

1001 385 1230 444 CAPUT
1285 385 1413 442 Vlll.

411 504 478 560 In
508 497 727 576 epistola
752 497 821 576 ad
850 495 1208 576 Bpnifaqittm,
1223 509 1348 576 qua:
1367 502 1444 575 est
1481 492 1554 576 de
1574 505 1635 545 ea
1667 488 1990 576 quodni?

487 560 617 629 ri'ori
660 568 951 643 prudentia:
988 560 1283 638 spiritantia
1330 563 1590 636 sapientia
1645 560 1829 617 debeat
1856 574 1994 629 pra:-

482 644 633 712 ferri.

487 778 507 813 ι
551 757 609 814 Si
638 752 888 811 habuerit
916 751 1080 807 homo
1114 762 1315 803 uxores
1340 746 1503 811 duas.
1532 758 1697 800 unam
1739 741 1995 799 dilectam

412 863 467 908 et
490 849 714 907 alteram
742 846 1009 903 odiosam.
1047 840 1403 913 genueritque
1449 854 1517 894 ex
1546 838 1627 893 eis
1675 834 1902 899 liberos,
1942 840 1999 888 et

411 941 579 999 fuerit
605 926 760 993 .lilius
794 935 996 991 odiosa:
1042 931 1459 1003 pritnogenitus,
1487 927 1828 999 volueritque
1871 923 1998 979 sub-

412 1031 669 1088 stantiam
699 1030 842 1085 inter
868 1025 1006 1079 ﬁlios
1042 1023 1305 1088 dividere,
1338 1036 1443 1074 non
1490 1019 1647 1090 155
1677 1016 1879 1091 poterit
1928 1014 1994 1069 ﬁ-

415 1123 545 1179 lium
579 1119 789 1179 dilectae
820 1116 1001 1170 facere
1039 1111 1458 1183 primogenitum
1506 1120 1560 1164 et
1586 1106 1844 1179 prazferre
1887 1104 1999 1160 ﬁlio

414 1214 648 1277 odiosze,
677 1210 773 1264 sed
810 1207 978 1263 ﬁlium
1022 1204 1223 1259 odiosa:
1254 1209 1512 1274 agnoscet
1556 1197 1999 1271 primogenitum,

416 1307 671 1375 dabitque
691 1303 739 1357 ei
762 1301 931 1356 dehis
954 1314 1075 1370 quae
1100 1296 1353 1351 habuerit
1383 1301 1574 1350 cuncta
1597 1290 1829 1362 duplicia
1852 1305 1866 1355 ;
1895 1288 1999 1343 iste

418 1406 504 1453 est
532 1397 677 1450 enim
722 1390 1047 1464 principium
1096 1387 1390 1445 liberorum
1415 1385 1533 1455 ejus
1557 1392 1613 1438 et
1641 1383 1771 1438 huic
1799 1382 2001 1437 deben-

418 1500 506 1547 tur
535 1484 901 1560 primogenita
932 1481 1114 1553 (Deut.
1142 1482 1279 1548 xxn).
1322 1497 1341 1529 ι
1388 1478 1515 1534 Duae
1561 1474 1768 1529 scilicet
1821 1472 1999 1528 homi-

414 1584 504 1638 nis
549 1592 746 1635 uxores
792 1581 941 1640 sunt,
972 1573 1148 1629 virtus
1175 1579 1229 1625 et
1257 1568 1507 1639 voluptas
1527 1608 1543 1634 ,
1572 1566 1761 1621 livoris
1807 1573 1863 1619 et
1890 1564 1998 1621 odii

416 1675 559 1731 inter
589 1687 648 1726 se
675 1669 904 1725 invicem
926 1665 1070 1721 velut
1098 1661 1330 1733 quadam
1354 1658 1619 1730 zelotypia
1637 1656 1996 1721 dissidentes;

1316 269 1815 330 COLLECTANEA
1854 268 1923 326 IN
1958 268 2193 330 VETUS
2226 268 2771 331 TESTAMENTUM.

3544 271 3685 329 (068

2022 391 2067 453 Α
2098 381 2335 453 aliquam
2368 381 2690 448 foeditatem,
2718 380 2926 439 scribat
2947 379 3188 438 libellum
3210 383 3476 455 ‘repudii,
3503 394 3556 442 et
3584 387 3692 440 da-

2097 473 2178 530 bit
2232 474 2285 531 in
2340 489 2504 529 manu
2557 472 2676 542 ejus
2729 482 2785 529 et
2834 472 3077 528 dimittet
3122 489 3245 528 eam
3281 475 3350 530 de
3382 475 3687 532 domosua

2096 564 2279 635 (Deut.
2304 563 2478 635 xxw).
2521 582 2540 618 ι
2570 564 2697 619 Haec
2724 563 2890 635 igitur
2924 548 3297 629 uxor’nostra,
3324 567 3558 623 carnalis
3582 568 3692 621 sci.

2097 654 2227 712 licet
2251 657 2382 722 vita,
2407 656 2613 712 utinam
2646 656 2700 711 in
2729 654 2902 711 oculis
2924 655 3128 710 nostris
3151 657 3385 726 gratiam
3409 672 3683 726 nunquam

2096 762 2327 818 prorsus
2384 747 2663 811 inveniat,
2716 747 2809 802 sed
2866 747 2984 817 ejus
3039 748 3421 805 abominabilis
3471 748 3687 805 fmditas

2098 837 2359 895 mentium
2393 846 2701 894 nostrarum
2746 852 2932 901 nares,
2982 845 3041 892 ut
3076 838 3296 908 dignum
3338 846 3443 904 est,
3475 853 3688 909 semper

2097 927 2357 985 ollendat.
2389 929 2541 996 Quae,
2574 928 2751 984 libello
2784 929 2988 997 repudii
3033 943 3129 998 per
3155 928 3327 998 legem
3357 930 3687 999 paenitentia:

2099 1018 2263 1073 semel
2288 1030 2532 1087 accepto,
2557 1021 2636 1072 sic
2657 1034 2684 1070 a
2717 1018 2973 1072 connubii
3003 1019 3171 1072 nostri
3201 1019 3477 1073 liminibus
3505 1019 3694 1075 exclu-

2099 1108 2262 1163 datur
2289 1119 2348 1163 ut
2372 1110 2423 1163 in
2452 1109 2612 1180 156
2634 1118 2851 1167 nostros
2872 1110 3052 1165 denuo
3087 1125 3193 1164 non
3240 1120 3545 1165 revertatur
3573 1128 3689 1167 am-

2101 1199 2316 1272 plexus.
2346 1200 2500 1256 Unde
2529 1211 2584 1256 et
2627 1203 2710 1258 vir
2746 1203 2964 1271 sapiens
3000 1203 3082 1257 ait
3113 1219 3128 1257 :
3182 1222 3200 1255 (
3248 1203 3449 1259 Averte
3493 1204 3687 1260 faciem

2103 1299 2252 1347 tuam
2278 1308 2309 1346 a
2344 1291 2573 1349 muliere
2600 1300 2847 1363 compta,
2872 1302 2927 1348 et
2954 1308 3062 1349 non
3108 1294 3523 1365 circumspicias
3568 1311 3690 1366 spe-

2102 1381 2240 1438 ciem
2264 1381 2495 1437 alienam
2525 1380 2719 1451 (Eccli.
2752 1382 2869 1453 Ix);
2894 1401 2913 1437 ι
2948 1398 3068 1453 quae
3107 1385 3363 1455 quoniam
3387 1385 3566 1440 aliena
3604 1386 3690 1441 di-

2102 1474 2264 1533 citur.
2294 1473 2491 1529 merito
2520 1488 2643 1527 cum
2674 1473 2819 1544 Agar
2839 1514 2855 1537 ,
2893 1490 3003 1529 non
3038 1490 3177 1531 uxor
3198 1514 3215 1540 ,
3244 1476 3339 1531 sed
3388 1476 3690 1532 concubina

2103 1564 2438 1635 intelligitur.
2484 1565 2631 1635 Agar
2656 1565 2800 1621 enim
2844 1565 3139 1637 peregrina,
3177 1567 3262 1622 vel
3303 1568 3486 1621 accola
3518 1568 3693 1624 inter-

2101 1666 2365 1728 pretatur.
2400 1658 2462 1712 Et
2495 1658 2621 1727 quia
2655 1673 2752 1727 per
2779 1658 3128 1716 Salomonem
3172 1661 3286 1716 haec
3334 1661 3525 1717 eadem
3581 1662 3690 1716 im-

417 1775 474 1821 et
502 1763 747 1831 voluptas
774 1757 994 1829 quidem
1018 1756 1084 1810 ad
1109 1755 1249 1809 hanc
1276 1752 1474 1817 vitam,
1513 1750 1687 1803 virtus
1722 1746 1789 1802 ad
1837 1756 2000 1802 mler-
2034 1746 2077 1806 Β
2106 1749 2300 1819 pudica
2331 1749 2525 1805 mulier
2546 1750 2717 1806 dicit:
2748 1770 2769 1805 ι
2802 1752 3020 1820 Aspersi
3043 1752 3220 1811 cubile
3240 1768 3422 1807 meum
3444 1754 3688 1825 myrrha,

418 1871 543 1911 nam
574 1852 813 1924 pertinet
857 1848 1104 1919 gloriam.
1135 1844 1226 1899 llla
1280 1843 1441 1913 plane
1470 1840 1666 1896 dilecta
1715 1846 1820 1903 est,
1875 1837 2004 1908 quia

417 1944 594 1999 virum
637 1956 815 2003 suum,
852 1939 955 1992 hoc
1000 1944 1083 1989 est
1112 1932 1357 2003 fragilem
1403 1930 1668 2000 cujusque
1720 1927 2001 1997 spiritum,

418 2034 731 2093 malesuada
757 2028 1097 2101 jucunditate
1140 2023 1441 2088 demulcet;
1491 2022 1594 2077 ista
1624 2034 1756 2076 vero
1807 2018 2007 2075 dicitur

416 2126 625 2189 odiosa,
649 2123 775 2192 quia
818 2135 912 2190 per
944 2125 1149 2172 arctam
1196 2122 1251 2169 et
1302 2120 1589 2181 angustam
1638 2110 1780 2165 viam
1832 2107 2007 2166 homi-

418 2229 516 2270 nes
542 2214 621 2268 ire
648 2209 931 2268 constituit
960 2216 1017 2261 et
1044 2219 1237 2275 aspera
1284 2216 1500 2270 semper
1538 2215 1602 2254 ac
1644 2199 1779 2253 dura
1807 2206 2005 2267 propo-

421 2304 542 2359 nit:
576 2301 669 2356 sed
693 2300 837 2355 ﬁlius
865 2296 1066 2351 odiosa:
1109 2293 1269 2348 nobis
1304 2278 1698 2361 pritttogenitus
1725 2296 1828 2350 est,
1878 2285 2004 2355 quia

416 2393 675 2451 virtutem
708 2387 969 2443 Conditor
1001 2392 1185 2439 noster
1212 2380 1371 2439 nobis
1407 2375 1749 2448 originaliter
1772 2374 1999 2439 indidit;

416 2483 667 2555 voluptas
684 2487 863 2535 autem
887 2486 941 2533 et
966 2474 1218 2547 quaelibet
1237 2469 1474 2528 carnalis
1499 2468 1751 2523 illecebra
1779 2481 1846 2521 ex
1874 2465 2006 2520 vitio

416 2586 619 2635 nostra:
650 2570 938 2645 pravitatis
966 2566 1212 2622 emersit.
1259 2562 1366 2618 Sed
1399 2561 1528 2631 quia
1577 2575 1686 2614 non
1715 2568 1800 2613 est
1846 2557 2005 2612 istius

418 2664 682 2736 temporis
711 2676 806 2733 per
834 2656 1048 2729 singula
1072 2655 1235 2710 verba
1293 2650 1450 2722 hujus
1487 2649 1743 2721 praecepti
1776 2649 2005 2719 tiguram

416 2756 768 2814 enucleanter
795 2761 1090 2820 exponere,
1120 2743 1352 2800 sulliciat
1383 2743 1487 2798 hoc
1517 2740 1582 2795 ad
1622 2736 2005 2808 compendium

420 2848 603 2906 dicere
632 2853 711 2909 ut,
742 2842 918 2897 sinon
953 2850 1242 2908 possumus
1293 2832 1544 2888 dilectam
1589 2843 1839 2891 uxorem,
1886 2841 2006 2897 qua:

419 2940 579 2997 nobis
600 2932 787 3007 procul
817 2931 981 2986 dubio
1018 2935 1180 2984 noxia
1209 2933 1334 2989 est,
1359 2940 1389 2977 a
1416 2920 1643 2979 thalami
1694 2919 1867 2975 nostri
1917 2932 2007 2972 so-

419 3032 619 3086 cietate
648 3024 928 3095 repellere,
956 3022 1272 3078 Studeamus
1291 3014 1483 3071 saltem
1524 3027 1644 3083 qua:
1688 3011 1871 3066 sobria
1918 3016 2007 3066 est

2105 1846 2159 1892 et
2188 1836 2323 1899 aloe
2350 1846 2403 1893 et
2451 1838 2796 1893 cinnamomo
2849 1837 3036 1910 (Prov.
3080 1844 3216 1911 vn);
3271 1859 3293 1892 ι
3322 1841 3520 1895 nerito
3565 1856 3692 1896 eum

2104 1926 2274 1983 altera
2306 1927 2612 1984 concubina
2640 1929 2875 1985 Ahraha:
2896 1930 3099 2000 poterit
3125 1930 3455 1999 comparari.
3491 1929 3692 1987 Cethu-

2104 2032 2162 2071 ra
2202 2017 2468 2085 siquidem
2494 2016 2695 2072 dicitur
2722 2018 3013 2085 odorifero.
3043 2017 3165 2074 Vita
3212 2019 3410 2089 quippe
3452 2019 3694 2075 carnalis

2104 2106 2276 2177 spirat
2302 2107 2652 2161 odoramenta
2695 2108 2987 2162 mendacii.
3023 2104 3174 2165 Unde
3206 2117 3262 2165 et
3296 2109 3354 2165 in
3379 2108 3695 2166 Proverbiis

2107 2195 2308 2255 dicitur
2341 2212 2354 2248 :
2388 2215 2408 2250 ι
2441 2194 2666 2261 Custodi
2696 2204 2749 2251 te
2788 2212 2821 2250 a
2846 2196 3074 2253 muliere
3120 2197 3263 2254 mala
3316 2205 3371 2254 et
3418 2214 3449 2257 a
3492 2197 3691 2255 blanda

2103 2286 2287 2358 lingua
2329 2295 2637 2355 extram;
2669 2303 2777 2343 non
2817 2290 3169 2359 concupiscat
3226 2289 3691 2360 pulchritudinem

2104 2378 2221 2447 ejus
2248 2393 2345 2434 cor
2376 2390 2525 2434 tuum
2552 2378 2736 2450 (Prov.
2768 2379 2865 2451 vr).
2896 2398 2915 2434 ι
2946 2379 3071 2437 Hzec
3098 2381 3245 2439 enim
3266 2381 3461 2438 blanda
3483 2382 3691 2450 lingua,

2104 2469 2358 2525 videlicet
2410 2470 2648 2525 carnalis
2714 2472 2867 2537 vitae,
2924 2473 3155 2531 miseros
3204 2474 3453 2533 homines
3506 2476 3693 2533 dicere

2103 2562 2431 2633 persuadet:
2472 2580 2492 2613 ι
2536 2562 2747 2628 Venite,
2777 2564 3128 2633 perfruamur
3168 2565 3324 2622 bonis
3361 2582 3483 2637 qua:
3532 2566 3688 2632 sunt,

2103 2664 2159 2712 et
2180 2666 2401 2710 utamur
2432 2665 2684 2709 creatura
2719 2664 2975 2725 tanquam
3022 2657 3075 2711 in
3097 2656 3379 2727 juventute
3406 2658 3687 2721 celeriter;

2104 2743 2234 2796 vino
2261 2742 2501 2813 pretioso
2528 2750 2584 2797 et
2616 2754 2896 2813 unguento
2939 2759 3038 2799 nos
3082 2745 3401 2816 impleamus
3425 2787 3441 2813 ,
3472 2755 3530 2801 et
3576 2762 3689 2804 non

2104 2843 2391 2905 praetereat
2435 2849 2535 2889 nos
2573 2833 2673 2889 llos
2706 2836 2990 2904 temporis,
3051 2856 3070 2890 ι
3124 2848 3231 2893 etc.
3279 2836 3434 2909 (Sap.
3478 2837 3561 2907 ιι).
3617 2839 3691 2894 At

2104 2936 2295 2982 contra
2334 2926 2402 2982 de
2450 2926 2699 2993 muliere,
2732 2942 2853 2996 quae
2915 2929 3221 2999 religiosam
3273 2930 3452 2998 signat
3498 2931 3687 2995 vitam,

2106 3018 2368 3089 scriptum
2394 3027 2477 3073 est
2512 3036 2525 3072 :
2567 3036 2585 3069 ε
2625 3018 2866 3075 Mulieris
2897 3019 3053 3075 bona:
3086 3022 3276 3079 beatus
3304 3023 3409 3088 vir,
3431 3036 3691 3081 numerus

417 3130 476 3178 et
505 3122 734 3175 honesta
767 3115 820 3168 in
867 3109 1211 3183 primogeniti
1252 3106 1517 3177 dignitate
1546 3103 1823 3173 praeferre,
1863 3116 2000 3171 qua-
2028 3107 2074 3170 c
2105 3111 2248 3165 enim
2276 3123 2544 3166 rumorum
2574 3110 2721 3169 illius
2750 3112 2978 3181 duplex;
3018 3114 3217 3171 mulier
3261 3114 3417 3169 fortis
3442 3115 3690 3179 oblectat

420 3222 580 3269 tenus
613 3210 659 3269 si
680 3208 839 3264 nobis
867 3202 1088 3260 difficile
1113 3209 1199 3257 est
1236 3197 1767 3269 quantulamcunque
1805 3193 2000 3249 saltem

421 3306 583 3374 hujus
623 3303 749 3357 vitm
774 3297 1115 3355 dulcedinem
1147 3308 1255 3348 non
1286 3291 1509 3353 sentire,
1538 3296 1874 3359 prtcrogetur
1920 3295 2003 3341 ta-

418 3415 543 3455 men
588 3392 813 3451 dominii
872 3390 1054 3462 palma
1101 3384 1312 3451 virtuti,
1370 3383 1711 3452 relinquatur
1763 3379 2000 3436 servitus

418 3486 714 3559 voluptati;
748 3484 891 3539 illius
922 3480 1065 3535 ﬁlius
1089 3479 1143 3534 in
1172 3474 1518 3548 primogeniti
1557 3473 1819 3543 dignitate
1864 3487 2005 3542 prte-

420 3580 602 3643 cellat,
633 3577 787 3632 istius
835 3582 1015 3628 autem
1062 3570 1205 3624 ﬁlius
1247 3569 1301 3623 in
1345 3565 1665 3635 subsequsla
1713 3562 1921 3619 ordinis
1947 3571 2003 3619 et

420 3671 523 3727 sub
551 3666 851 3738 disciplina:
880 3677 1097 3733 semper
1126 3658 1492 3715 refrenatione
1531 3656 1876 3727 supersistat.
1908 3655 2002 3712 Vis

421 3762 671 3818 fortassis
718 3758 1000 3817 addiscere
1056 3753 1149 3824 qui
1203 3750 1392 3806 uxoris
1439 3749 1653 3805 dilecta:
1703 3758 1830 3803 sunt
1869 3747 2005 3803 ﬁlii?

424 3853 622 3908 Paulus
678 3848 986 3917 inquiratur
1031 3840 1323 3913 Apostolus
1369 3858 1381 3895 :
1441 3859 1460 3892 ι
1521 3837 1803 3892 Manifesta
1856 3844 1999 3900 sunt,

421 3946 623 4015 inquit,
646 3954 811 4012 opera
862 3936 1063 3999 carnis,
1095 3949 1215 4004 quae
1243 3941 1367 3988 sunt
1419 3931 1724 3996 lornicatio,
1769 3930 2005 3985 immun-

421 4038 574 4100 ditia,
605 4030 838 4093 luxuria,
869 4026 1134 4082 idolorum
1184 4023 1455 4087 servitus,
1496 4020 1780 4083 veneﬁcia,
1827 4017 2005 4073 inimi-

421 4128 582 4189 citite,
628 4120 1036 4182 contentiones,
1086 4112 1485 4174 tetnulationes,
1526 4110 1642 4177 irae,
1693 4110 1846 4175 ήκω,
1896 4108 2005 4164 dis-

422 4217 733 4275 sensiones.
788 4219 970 4273 secta,
1028 4206 1265 4271 invidiae,
1317 4203 1638 4265 homicidia,
1691 4202 2000 4266 ebrietates,

420 4302 844 4363 comessationes
870 4307 925 4352 et
956 4297 1039 4351 his
1079 4294 1299 4357 similia,
1346 4307 1467 4361 quae
1526 4292 1764 4361 praedico
1823 4291 1999 4353 vobis,

423 4401 566 4455 sicut
591 4392 816 4465 praedixi
847 4405 862 4444 :
892 4388 1145 4458 quoniam
1182 4386 1273 4454 qui
1308 4384 1431 4437 talia
1457 4391 1623 4452 agunt
1651 4396 1873 4447 regnum
1907 4380 1999 4434 Dei

422 4504 530 4543 non
556 4457 956 4550 consequentur
992 4475 1136 4543 (Gal.
1167 4473 1243 4541 v).
1292 4492 1311 4524 ι
1348 4471 1440 4527 Vis
1470 4472 1615 4525 enim
1657 4485 1997 4538 consequen-
2025 4457 2076 4519 D

424 4590 505 4633 ter
533 4572 721 4629 audire
747 4584 868 4640 quas
912 4566 985 4623 sit
1029 4563 1243 4619 soboles
1291 4562 1527 4619 odiosae?
1572 4560 1819 4615 ausculta
1856 4561 1998 4630 quod

421 4664 661 4721 subdidit
697 4679 713 4715 :
752 4678 771 4712 ι
812 4657 1042 4713 Fructus
1091 4662 1273 4708 autem
1327 4652 1561 4722 Spiritus
1606 4660 1690 4706 est
1737 4650 1998 4715 Charitas,

422 4755 699 4827 gaudium,
721 4764 848 4821 pax,
876 4745 1159 4819 patientia,
1187 4743 1510 4814 benignitas,
1540 4742 1772 4806 bonitas,
1810 4741 1999 4811 longa-

422 4846 660 4909 nimitas,
710 4838 1088 4903 mansuetudo,
1127 4837 1290 4901 ﬁdes,
1323 4835 1608 4900 modestia,
1642 4834 1998 4899 continentia,

417 4941 645 4996 castitas
672 4933 881 5007 (Il-id).
916 4952 935 4984 ι
968 4931 1067 4986 Hie
1102 4944 1232 4999 ergo
1264 4927 1408 4982 illius
1438 4936 1690 4998 tanquam
1730 4925 2002 4996 primoge-

420 5033 566 5086 nitus
587 5026 819 5098 duplicia
854 5025 1013 5079 debet
1053 5021 1253 5096 habere
1280 5021 1616 5081 substantiae,
1658 5017 1908 5072 videlicet
1938 5024 2000 5072 ut

418 5124 629 5177 fructus
663 5116 897 5187 Spiritus
924 5126 1122 5181 corpus
1158 5110 1318 5167 simul
1355 5117 1412 5165 et
1437 5110 1673 5165 animam
1724 5115 1875 5178 regat
1920 5116 2001 5161 at-

417 5227 523 5282 que
548 5208 829 5275 utriusque
854 5200 1194 5265 substantiae,
1222 5198 1499 5255 interioris
1518 5196 1752 5264 scilicet,
1769 5204 1826 5253 et
1850 5203 2002 5253 exte—

419 5302 581 5359 rioris
604 5296 841 5356 hominis
861 5293 985 5365 jura
1015 5291 1307 5365 possideat.

1037 5405 1265 5464 CAPUT
1302 5403 1397 5460 lX.

684 5507 750 5563 In
781 5505 1002 5579 epistola
1027 5504 1097 5559 ad
1120 5502 1358 5558 Cincium
1396 5499 1723 5572 praefectum.

493 5619 514 5654 ι
550 5600 610 5656 Si
640 5600 909 5670 acceperit
958 5598 1123 5654 horno
1178 5607 1429 5657 uxorem,
1472 5599 1528 5645 et
1579 5586 1831 5644 habuerit
1878 5600 1999 5641 eam

416 5702 473 5750 at
508 5706 617 5747 non
644 5688 913 5745 invenerit
960 5688 1191 5760 gratiam
1221 5693 1350 5741 ante
1375 5680 1564 5740 oculos
1603 5678 1743 5749 ejus,
1778 5685 2002 5748 propter

2103 3202 2277 3257 virum
2314 3210 2557 3259 autumet
2594 3218 2766 3258 annos
2809 3205 2936 3259 vita:
2962 3204 3105 3261 illius
3154 3206 3207 3261 in
3257 3220 3391 3274 pace
3441 3206 3689 3276 implebit

2105 3290 2294 3364 (Ecrli.
2325 3294 2493 3364 axv't).
2532 3312 2551 3346 ι
2585 3292 2867 3361 Quomodo
2886 3304 2968 3351 est
2991 3310 3250 3354 numerus
3288 3311 3549 3352 annorum
3582 3299 3684 3354 ho-

2102 3383 2266 3442 minis
2295 3382 2516 3455 duplex,
2538 3385 2641 3440 nisi
2668 3387 2792 3454 quia
2828 3396 2885 3441 et
2911 3387 2999 3441 bic
3027 3386 3159 3441 vivit
3183 3388 3236 3441 in
3274 3388 3686 3443 conversatione

2101 3486 2293 3532 sancta
2331 3486 2386 3531 et
2416 3475 2530 3529 illic
2558 3485 2641 3529 est
2669 3476 2914 3531 victurus
2936 3477 2987 3531 in
3014 3476 3222 3546 gloria?
3244 3476 3338 3532 lla:
3370 3476 3529 3546 plane
3565 3477 3686 3531 dua

2102 3563 2253 3629 vitae,
2280 3564 2578 3634 spiritualis
2604 3566 2812 3620 scilicet
2835 3576 3000 3635 atque
3041 3567 3306 3632 carnalis,
3337 3568 3572 3637 quadam
3600 3566 3687 3620 in.

2105 3665 2187 3715 ter
2212 3672 2272 3712 se
2298 3659 2524 3714 invicem
2552 3660 2709 3727 quasi
2734 3660 2998 3731 zelozypia
3023 3661 3287 3719 dissident
3325 3672 3383 3717 et
3408 3662 3476 3718 ad
3506 3662 3678 3716 diver-

2102 3763 2224 3803 sum
2248 3749 2465 3807 vivendi
2495 3750 2656 3805 finem
2682 3751 2848 3805 corda
2879 3752 3157 3807 hominum
3183 3754 3422 3809 trahunt.
3468 3752 3570 3808 Ista
3608 3752 3685 3807 sic

2102 3841 2325 3910 quidem
2351 3842 2569 3896 cohibet
2591 3843 2728 3912 gula:
2753 3843 3108 3913 pruriginem.
3140 3858 3207 3898 ne
3237 3844 3451 3898 modum
3488 3844 3683 3898 sobria:

2103 3930 2418 3986 refectionis
2446 3932 2703 3999 excedat;
2737 3932 2827 3987 illa
2865 3941 3087 3990 ventres
3134 3932 3429 4005 ingurgitat
3479 3940 3535 3986 et
3588 3947 3686 4001 per

2103 4022 2460 4077 immoderata
2520 4022 2762 4079 ciborum
2815 4022 3213 4079 oblectamenta
3273 4022 3500 4078 relaxat.
3576 4022 3681 4079 Ista

2104 4112 2357 4181 suspiriis
2408 4127 2473 4167 ac
2524 4114 2814 4183 gemitibus
2860 4113 3133 4183 pascitur;
3176 4113 3263 4167 illa
3296 4112 3576 4168 cachinnis
3625 4122 3682 4166 et

2107 4202 2304 4273 Ineptis
2326 4203 2532 4258 lusibus
2561 4204 2878 4260 delectatur.
2920 4205 3024 4261 ista
3057 4219 3269 4262 sursum
3298 4204 3542 4273 spiritum
3570 4201 3683 4260 eri.—

2103 4292 2183 4363 git
2210 4302 2263 4348 et
2288 4294 2343 4348 in
2366 4293 2606 4350 caelestis
2634 4295 2885 4351 desiderii
2910 4310 3035 4351 arce
3074 4295 3382 4365 suspendit;
3411 4294 3499 4347 illa
3534 4293 3683 4347 curis

2103 4384 2456 4442 saecularibus
2501 4393 2556 4439 et
2594 4386 2787 4457 opibus
2835 4387 3193 4455 congerendis
3246 4385 3525 4439 incumbit.
3570 4384 3677 4439 lsta

2101 4476 2359 4547 quidquid
2388 4478 3010 4549 injuriarum,quidquid
3037 4476 3381 4532 adversitatis
3416 4476 3684 4547 ingeritur

2100 4570 2480 4639 aequanimiter
2510 4569 2736 4637 tolerat;
2766 4570 2855 4625 illa
2884 4570 3162 4645 graviores
3182 4569 3364 4638 potius
3390 4568 3681 4623 violentias

2100 4661 2318 4733 accipit,
2341 4661 2540 4733 judicia
2570 4678 2689 4733 quae
2714 4662 3013 4717 tolerentur
3041 4662 3319 4733 importat.

2720 4752 2950 4809 CAPUT
2987 4751 3054 4806 Χ.

2381 4842 2449 4897 In
2477 4844 2697 4913 epistola
2720 4844 2789 4897 ad
2818 4841 3036 4897 Petrum
3063 4842 3401 4896 monachum.

2178 4954 2197 4988 ι
2229 4935 2287 4992 Si
2319 4952 2441 4992 eum
2494 4937 2583 5005 qui
2631 4937 2875 5006 peccavit
2919 4936 3132 5007 judiees
3177 4933 3396 5005 dignum
3446 4932 3677 4988 viderint

2099 5032 2290 5102 plagis.
2320 5037 2669 5101 prosternent
2696 5036 2751 5084 et
2773 5042 2956 5085 coram
2997 5043 3055 5085 se
3081 5026 3281 5081 facient
3309 5024 3617 5086 verberari;
3651 5040 3673 5073 ι

2102 5122 2192 5177 ubi
2225 5132 2279 5176 et
2304 5136 2427 5177 mos
2456 5120 2673 5175 additur
2703 5133 2719 5172 :
2754 5137 2771 5171 Ι
2807 5118 2913 5173 Pro
2939 5132 3189 5172 mensura
3230 5115 3438 5185 peccati
3466 5113 3571 5170 erit
3623 5120 3679 5166 tt

2100 5214 2384 5285 plagarum
2416 5211 2641 5277 modus,
2671 5211 2744 5264 ita
2778 5220 2831 5266 ut
2869 5207 3360 5279 quadragenarium
3392 5218 3679 5259 numerum

2105 5307 2369 5359 duntaxat
2413 5317 2519 5357 non
2569 5302 2873 5366 excedant,
2922 5316 2990 5357 ne
3037 5299 3179 5355 Rede
3235 5297 3505 5352 laceratus
3556 5302 3680 5349 ante

2100 5396 2287 5453 oculos
2316 5404 2437 5450 tuos
2457 5394 2619 5450 obeat
2645 5394 2817 5448 frater
2862 5401 2986 5448 tuus
3026 5391 3206 5463 (Deut.
3252 5388 3403 5459 xxv).
3452 5406 3472 5441 ι
3526 5384 3681 5455 Quod

2102 5487 2350 5543 videlicet
2382 5486 2455 5539 illi
2486 5484 2683 5556 populo
2724 5484 2894 5555 legale
2920 5488 3247 5554 praeceptum
3289 5479 3450 5533 nobis
3491 5488 3575 5532 est
3609 5474 3681 5530 al-

2100 5582 2319 5652 legoria:
2350 5577 3186 5652 mysterium..Quadragenarius
3209 5573 3477 5643 siquidem
3499 5585 3684 5625 nume-

2106 5687 2197 5731 rus
2228 5673 2478 5729 humana:
2503 5671 2629 5728 vita:
2660 5669 2933 5741 signiﬁcat
2964 5681 3203 5724 cursum.
3236 5662 3379 5721 llinc
3406 5670 3491 5719 est
3538 5661 3681 5733 quod
