4058 6178
384 280 528 340 1089

1695 269 1763 325 ΙΝ
1805 267 2063 326 LIBRUM
2112 265 2346 325 JOSUE.

3531 258 3674 316 1070

384 394 733 457 lsraelannis
756 390 1111 463 quadraginta
1132 368 2058 461 graditurperdesertum(Num.pA
2087 392 2148 439 ut
2193 398 2314 453 quas
2355 379 2479 436 aliis
2533 376 2741 451 agenda
2792 376 3153 448 praecipimus,
3184 377 3285 448 ipsi
3326 379 3497 434 etiam
3540 381 3681 437 vivis

384 505 497 554 xw,
539 485 738 555 χχχιι).
790 482 929 538 Hinc
979 481 1190 553 Moyses
1247 478 1454 551 (Exod.
1511 479 1671 549 χχιιι)
1722 486 1781 533 et
1830 476 1977 537 Elias

355 573 508 649 ,(111
549 576 677 646 Reg.
712 573 855 643 xix),
887 573 1111 643 insuper
1131 579 1186 625 et
1207 570 1324 642 ipse
1348 570 1613 625 Dominus
1634 568 1850 639 (Matth.
1879 568 1975 637 IV),

387 678 472 726 tot
516 668 707 724 diebus
757 676 1076 736 protraxere
1118 662 1409 733 jejunium.
1470 660 1571 727 Qui
1623 660 1788 715 etiam
1837 659 1981 713 sicut

388 760 541 816 horis
568 757 928 828 quadraginta
967 756 1019 810 in
1068 753 1317 825 sepulcro
1371 762 1617 808 mortuus
1662 752 1854 823 jacuit,
1904 751 1979 805 ita

392 850 745 907 nihilominus
774 856 897 920 post
921 846 1379 902 resurrectionem
1407 859 1563 899 suam
1611 842 1802 898 diebus
1852 841 1980 896 toti-

392 943 514 997 dem
538 956 662 996 cum
695 938 973 1010 discipulis
1003 937 1123 1004 fuit,
1149 947 1417 1006 quatenus
1456 950 1554 990 nos
1582 948 1680 989 sua
1735 934 1981 988 membra

389 1032 513 1101 pius
565 1030 822 1100 Magister
867 1028 1114 1092 edoceat,
1152 1036 1213 1083 ut
1258 1041 1354 1097 per
1405 1025 1601 1097 capitis
1662 1024 1833 1079 nostri
1891 1038 1986 1079 ve-

388 1121 550 1190 stigia
599 1120 911 1190 gradientes
951 1127 1006 1173 et
1035 1118 1230 1172 mortui
1282 1117 1485 1171 mundo
1535 1124 1591 1171 et
1639 1115 1788 1170 velut
1832 1128 1990 1185 pere-

388 1212 533 1282 grini
572 1211 913 1279 hospitetnur
945 1209 998 1263 in
1045 1208 1266 1265 saeculo.
1298 1207 1522 1279 Mystice
1555 1206 1714 1277 157
1770 1219 1988 1275 quoque

391 1312 647 1376 peccator
676 1304 730 1357 in
775 1302 894 1374 lege
942 1302 1069 1357 dum
1126 1299 1386 1370 vapulare
1436 1300 1771 1369 praecipitur,
1800 1295 1987 1351 excedl

390 1394 861 1466 quadragenarius
935 1392 1218 1463 plagarum
1296 1405 1559 1446 numerus
1632 1388 1985 1459 prohibetur,

390 1488 517 1557 quia
548 1486 797 1556 quisquis
829 1485 882 1540 in
912 1485 1013 1540 hac
1039 1486 1149 1539 vita
1180 1484 1478 1556 perfectam
1509 1483 1682 1553 egerit
1712 1482 1990 1552 poeniten-

393 1581 550 1645 tiam,
574 1579 776 1635 nullam
798 1578 1149 1651 postmodum
1170 1592 1269 1649 pro
1290 1577 1404 1633 suis
1439 1575 1757 1632 excessibus
1793 1573 1993 1629 sentiet

392 1685 641 1743 poenam.

1008 1756 1239 1813 CAPUT
1275 1755 1367 1811 XI.

767 1885 836 1945 In
866 1903 1103 1944 sermone
1129 1887 1195 1940 de
1218 1885 1281 1942 S.
1315 1887 1619 1943 Anastasio.

471 2043 491 2078 ι
522 2023 643 2080 Non
672 2022 901 2079 habebis
926 2023 980 2077 in
1017 2021 1237 2078 sacculo
1272 2021 1485 2076 diversa
1512 2020 1777 2091 pondera,
1816 2019 1994 2090 majus

394 2124 452 2169 et
487 2115 688 2178 minus,
729 2128 832 2169 nec
866 2112 973 2167 erit
1020 2112 1074 2166 in
1128 2113 1291 2167 domo
1330 2119 1419 2165 tua
1466 2112 1681 2166 modius
1731 2110 1905 2180 major
1939 2118 1996 2165 ct

395 2190 593 2262 minor.
629 2203 849 2259 Pondus
875 2202 1105 2259 habebis
1128 2201 1333 2273 justum
1369 2210 1424 2256 et
1460 2216 1675 2267 verum,
1703 2212 1758 2258 et
1783 2202 1995 2257 modius

396 2302 624 2373 aequalis
664 2308 719 2355 et
756 2314 921 2355 verus
962 2298 1068 2354 erit
1115 2298 1211 2353 tibi
1245 2296 1425 2369 (Deut.
1453 2295 1605 2367 xxv).
1636 2316 1656 2349 ι
1703 2295 1997 2351 Enimvero

396 2400 527 2447 tunc
569 2392 623 2445 in
661 2390 882 2446 sacculo
929 2388 1146 2444 diversa
1192 2389 1433 2457 pondera
1475 2403 1579 2442 non
1619 2388 1905 2454 habemus,
1950 2387 1998 2441 si

398 2485 541 2541 intra
572 2490 842 2539 secretum
875 2480 1225 2538 conscientiae
1257 2488 1475 2545 nostrae,
1519 2495 1624 2534 non
1655 2479 1814 2534 aliter
1840 2479 1998 2533 nobis

398 2581 559 2644 atque
592 2572 752 2627 aliter
796 2571 919 2626 aliis
954 2568 1286 2639 judicantes.
1317 2571 1537 2626 easdem
1580 2568 1833 2640 legalium
1860 2585 1998 2639 pra:-

398 2671 683 2733 ceptorum
731 2677 1018 2719 mensuras
1068 2662 1445 2733 appendimus,
1499 2661 1757 2717 nimirum
1796 2672 1858 2716 ut
1898 2677 2002 2717 nos

400 2753 524 2808 aliis
561 2753 799 2825 regulam
833 2752 1094 2809 districta:
1126 2752 1436 2809 severitatis
1459 2752 1716 2818 indicere,
1751 2762 1997 2809 nosmet-

402 2846 550 2916 ipsos
602 2861 732 2903 vero
772 2847 1091 2902 studeamus
1141 2846 1469 2901 remissioris
1505 2845 1853 2917 indulgentias
1881 2846 2001 2917 lege

402 2945 657 2992 tractare.
693 2937 769 2991 De
803 2951 910 3006 qua
932 2936 1188 2992 videlicet
1220 2934 1413 2992 fraude
1447 2944 1502 2991 et
1537 2935 1791 2992 Salomon
1822 2937 1953 2993 dicit
1982 2954 1997 2992 :

401 3020 427 3081 ἰ
462 3028 811 3084 Abominatio
845 3037 929 3084 est
962 3029 1191 3084 Domino
1238 3029 1448 3099 pondus
1487 3028 1683 3099 duplex
1712 3039 1766 3084 et
1794 3038 1999 3085 statera

2080 474 2339 546 operibus
2374 470 2671 535 efﬁcaciter
2709 468 3049 539 impleamus.

2587 561 2749 633 153
2785 559 3012 627 CAPUT
3052 559 3168 614 xu.

2398 654 2465 710 In
2491 669 2728 709 sermone
2755 653 2821 706 de
2851 651 2914 707 S.
2949 651 3363 705 Bartliolontmo.

2154 745 2255 801 Ais
2283 744 2577 814 aliquando
2607 744 2813 800 sanctis
2835 756 3137 819 coqgruere
3176 742 3447 812 reperitur
3465 754 3681 813 aposto.

2083 838 2172 905 lis,
2201 838 2269 893 de
2296 836 2496 907 quibus
2523 836 2623 889 sub
2651 835 2789 889 Aser
2816 834 2999 904 specie
3028 848 3125 902 per
3156 832 3375 903 Moysen
3408 835 3460 888 in
3489 834 3681 891 Deum

2085 931 2335 987 ronomio
2388 928 2636 984 dicitur:
2679 946 2698 978 ι
2737 927 2966 981 Ferrum
3012 935 3071 982 et
3133 941 3207 984 res
3256 926 3683 985 calceamentum

2085 1024 2203 1094 ejus
2233 1021 2414 1093 (Deut.
2448 1020 2670 1091 χχχιιι).
2704 1038 2723 1072 ν
2753 1019 3192 1075 Calceamentum
3226 1020 3424 1089 quippe
3453 1020 3507 1074 in
3538 1019 3687 1075 Scri-

2084 1125 2242 1188 ptura
2295 1129 2457 1170 sacra
2509 1114 2903 1169 munimentum
2948 1112 3350 1182 praedicationis
3401 1115 3685 1184 accithur,

2086 1207 2231 1261 sicut
2284 1206 2544 1276 scriptum
2595 1212 2680 1261 est
2719 1221 2732 1256 ε
2770 1221 2788 1254 ι
2823 1202 3061 1258 Calceati
3103 1203 3268 1273 pedes
3320 1203 3373 1257 in
3428 1204 3691 1274 praedica-

2088 1296 2239 1351 tione
2280 1294 2558 1364 Evangelii
2596 1294 2748 1364 pacis
2788 1292 3004 1363 (Ephes.
3047 1292 3145 1363 vn).
3185 1312 3204 1345 ι
3252 1292 3387 1360 Quia
3429 1310 3560 1365 ergo
3593 1310 3691 1364 per

2090 1388 2297 1444 ferrum
2336 1390 2539 1453 virtus,
2588 1403 2687 1458 per
2725 1401 2798 1441 aes
2837 1394 3018 1441 autem
3066 1389 3468 1457 perseverantia
3503 1389 3687 1459 longa-

2094 1477 2362 1535 nimitatis
2386 1477 2731 1547 exprimitur,
2761 1476 2966 1532 ferrum
3002 1485 3057 1532 et
3092 1491 3167 1532 aes
3201 1478 3570 1548 apostolorum
3605 1480 3685 1535 di-

2091 1568 2237 1623 citur
2276 1580 2397 1623 esse
2427 1566 2880 1631 calceamentum,
2912 1580 3013 1621 nec
3052 1582 3159 1623 non
3185 1577 3239 1622 et
3269 1568 3688 1637 praedicatorum

2094 1657 2461 1729 quorumlibet
2496 1666 2828 1712 sanctorum.
2860 1656 2963 1712 Per
2995 1656 3200 1711 ferrmn
3238 1657 3445 1713 scilicet
3488 1659 3684 1715 adver-

2015 1742 2062 1801 B
2089 1748 2268 1805 santia
2313 1748 2454 1802 mala
2502 1748 2775 1817 patienter
2820 1746 3085 1812 tolerant;
3138 1763 3236 1817 per
3268 1764 3343 1803 aes
3384 1763 3515 1804 vero
3548 1749 3690 1805 bona

2106 1840 2384 1915 proposita
2405 1836 2793 1909 longanimiter
2816 1848 3055 1892 servant.
3084 1837 3162 1893 De
3187 1839 3389 1908 quibus
3413 1839 3692 1908 apostolis,

2094 1930 2211 1984 sive
2227 1927 2545 1999 apostolicis
2569 1927 2726 1994 Viris,
2754 1926 3206 1997 praedicatoribus
3231 1926 3442 1982 scilicet
3464 1929 3693 1993 sanctis,

2094 2022 2161 2076 ad
2183 2022 2432 2076 eumdem
2455 2020 2592 2076 Aser
2615 2035 2737 2076 cum
2762 2021 3152 2091 praemisissent
3179 2041 3191 2075 :
3220 2040 3239 2074 ο
3263 2023 3538 2079 Ascensor
3562 2022 3689 2078 cmli

2096 2112 2388 2169 auxiliator
2413 2120 2568 2178 tuus;
2601 2130 2621 2165 ι
2649 2112 2793 2167 illico
2809 2113 3074 2168 subdidit:
3106 2131 3124 2164 ι
3147 2113 3545 2185 Magnificentia
3569 2114 3689 2184 ejus

2095 2204 2782 2273 discurruntnubes(Deut.
2800 2206 3015 2275 χχχιιι).
3045 2224 3063 2256 ι
3085 2205 3216 2273 Quis
3246 2207 3388 2261 enim
3405 2215 3695 2261 estascen-

2097 2309 2189 2350 sor
2210 2294 2353 2359 cmli,
2379 2295 2480 2349 nisi
2510 2294 2763 2351 Salvator
2792 2309 3002 2360 noster,
3032 2298 3148 2366 qui,
3182 2307 3467 2367 postquam
3501 2299 3693 2353 mortis

2098 2387 2386 2456 imperium
2437 2386 2676 2442 moriens
2720 2387 2989 2457 perdidit,
3027 2389 3249 2453 etclam,
3289 2389 3495 2459 angelis
3526 2391 3698 2444 comi-

2100 2477 2341 2532 tantibus
2372 2486 2429 2531 ct
2457 2475 2737 2546 discipulis
2764 2476 3185 2551 suspicientibus
3220 2478 3561 2549 penetravit?
3586 2479 3695 2533 Ilu-

2090 2564 2181 2635 jus
2213 2566 2613 2636 magnificentia
2642 2567 2813 2623 nubes
2843 2566 3181 2634 discurrunt,
3214 2568 3341 2636 quia
3369 2567 3486 2636 ejus
3511 2580 3699 2623 aucto-

2101 2662 2262 2716 ritate
2289 2662 2540 2716 doctorcs
2568 2661 2743 2716 sancti
2776 2675 2873 2731 per
2902 2661 3161 2715 mundum
3188 2660 3482 2716 salutiferae
3506 2662 3700 2731 przcdio

2100 2751 2334 2806 cationis
2377 2751 2607 2806 imbrem
2659 2750 2867 2821 pluunt.
2928 2751 3004 2806 De
3051 2752 3246 2823 quibus
3289 2759 3343 2806 et
3388 2751 3698 2821 propheta:

2106 2865 2127 2899 ε
2163 2845 2262 2913 Qui
2296 2857 2444 2914 sunt,
2473 2846 2670 2915 inquit,
2723 2844 2811 2900 isti
2841 2844 2933 2915 qni
2957 2853 3018 2899 ut
3046 2846 3216 2901 nubes
3256 2845 3478 2899 volant?
3504 2862 3523 2898 ι
3560 2843 3698 2914 (Isa.

2102 2938 2217 3005 ιχ.)
2246 2936 2367 2992 Ista?
2399 2939 2572 2992 nubes
2603 2936 2946 2992 resolvuntur
2987 2937 3038 2991 in
3081 2952 3299 3006 aquam,
3331 2951 3453 2991 cum
3498 2946 3695 2991 terram

2106 3029 2287 3084 cordis
2336 3016 2508 3083 nostri
2556 3028 2815 3084 doctrinae
2858 3043 2970 3083 suae
3027 3027 3246 3083 liuentis
3295 3025 3586 3097 incbriaut,
3641 3034 3701 3082 ut

404 3121 591 3178 dolosa
635 3121 818 3193 (Prov.
851 3120 951 3193 χι).
984 3140 1003 3174 ι
1037 3119 1272 3176 Necesse
1315 3128 1400 3176 est
1443 3134 1574 3191 ergo
1626 3121 1812 3192 fruges
1849 3121 2000 3178 verbi
2028 3106 2074 3169 C
2105 3133 2227 3174 eam
2285 3117 2353 3172 ad
2410 3116 2733 3191 proferenda
2790 3116 2865 3188 pii
2926 3118 3109 3188 operis
3164 3118 3412 3187 germina
3470 3116 3702 3172 fertilem

404 3224 746 3281 nequaquam
788 3210 1041 3277 diversis,
1070 3198 1163 3266 sed
1194 3210 1400 3266 eisdem
1428 3210 1607 3266 metiri
1648 3211 1999 3282 ponderibus,

2114 3211 2366 3266 reddant.

1435 3322 1741 3392 Explicinnt
1772 3323 2073 3378 testimonia
2101 3323 2223 3377 libri
2254 3323 2667 3378 Deuteronomii.

1449 3411 1795 3469 INCIPIUNT
1834 3412 2180 3471 CAPITULA
2221 3412 2404 3470 LIBRI
2442 3412 2675 3471 JOSUE.

485 3543 500 3557 .
545 3503 700 3569 Quod
736 3521 887 3576 aqute
915 3506 1171 3562 Iordanis
1201 3506 1381 3560 divisa?
1410 3514 1531 3576 sunt
1561 3505 1687 3558 dum
1712 3501 1905 3576 Israel,
1932 3504 2098 3576 Iosue
2132 3504 2377 3576 ducente,
2400 3504 2695 3576 transiret.

490 3614 503 3628 .
548 3576 702 3638 Quod
732 3573 991 3648 pra'cepit
1017 3576 1274 3631 Dominus
1312 3584 1368 3630 ut
1390 3573 1628 3629 tollerent
1656 3573 1932 3628 duodecim
1955 3575 2156 3647 lapides
2194 3575 2259 3629 de
2290 3575 2460 3628 medio
2482 3575 2758 3642 Iordanis,
2784 3574 2873 3629 ubi
2907 3575 3203 3631 sacerdotes
3231 3585 3503 3643 steterant,
3527 3586 3574 3631 et
3603 3596 3698 3648 po-

590 3656 769 3700 nerent
793 3647 849 3699 in
876 3647 1048 3701 medio
1075 3657 1411 3710 castrorum,

490 3753 504 3770 .
547 3698 700 3789 Quod
732 3698 898 3772 Iosue
934 3698 1195 3774 Dominus
1228 3698 1481 3788 precept:
1512 3726 1567 3771 ut
1595 3716 1843 3773 transiret
1876 3715 1932 3770 in
1972 3712 2199 3789 Galgala
2224 3716 2357 3774 cum
2408 3716 2602 3787 populo
2643 3726 2692 3772 at
2725 3714 2838 3772 illic
2873 3732 2959 3772 eos
3000 3698 3199 3772 cultris.
3226 3716 3447 3789 lapideis
3480 3719 3706 3773 circuat-

590 3786 809 3840 cideret.

488 3894 503 3909 .
548 3853 700 3930 Quod
732 3857 976 3926 prmcepit
1006 3856 1265 3930 Dominus
1288 3866 1343 3910 ut
1367 3873 1545 3911 arcam
1576 3857 1785 3930 flecteris
1815 3858 1909 3930 viri
1934 3857 2210 3913 bellatores
2239 3857 2435 3913 armati
2462 3857 2835 3926 pracederent,
2864 3869 2911 3913 et
2938 3857 3231 3913 sacerdotes
3258 3848 3451 3930 septem
3475 3860 3706 3914 buccinzs

590 3927 891 3997 clangerent
921 3937 971 3981 et
997 3929 1073 3981 sic
1098 3927 1314 3981 Iericho
1345 3935 1537 3997 septem
1572 3928 1754 3981 diebus
1784 3929 2141 3981 circumirent.

493 4104 507 4118 .
546 4066 632 4140 dit
664 4064 829 4140 Iosue
858 4067 926 4121 ad
954 4066 1203 4140 populant
1233 4083 1251 4122 :
1279 4065 1390 4140 _Vos
1417 4078 1590 4140 autem
1616 4079 1790 4140 cavete
1817 4069 1969 4140 nede
2001 4068 2344 4140 facultatibus
2381 4068 2594 4140 Iericho
2622 4071 2897 4140 quidpiam
2921 4064 3257 4140 conting'atis.

492 4174 507 4189 .
551 4135 705 4210 Quod
742 4135 1223 4210 subversarIericlto
1253 4137 1441 4210 domus
1471 4137 1657 4190 Rahab
1688 4135 2012 4210 meretricist'
2024 4138 2096 4210 de
2111 4157 2215 4210 qua
2245 4138 2513 4208 funiculus
2544 4135 2815 4210 coccineus
2842 4135 3185 4209 dependebat,
3213 4140 3394 4194 evasit.

494 4245 509 4260 .
550 4206 813 4280 Subversa
837 4206 1050 4280 Iericlto
1072 4206 1234 4261 Iosue
1261 4207 1580 4277 imprecatus
1604 4218 1699 4272 est,
1725 4209 1902 4262 dicens
1936 4222 1954 4259 :
1985 4206 2301 4264 Male'dictus
2334 4211 2410 4264 vir
2439 4223 2620 4263 coram
2649 4206 3008 4279 Domino,‘qui
3035 4210 3365 4264 suscitaverit
3394 4218 3441 4265 et
3477 4209 3713 4280 ardiﬁca~

594 4277 719 4330 verit
741 4275 954 4347 Iericho
985 4276 1039 4330 in
1065 4275 1409 4347 primogenita
1440 4295 1559 4332 suo.
1604 4318 1613 4323 .

448 3505 472 3557 ι

445 3575 481 3629 2

448 3716 483 3771 3

449 3855 482 3910 ι

392 4025 402 4035 -
450 3994 503 4050 5.
547 3992 701 4059 Quod
717 3992 777 4049 in
804 3998 943 4052 Arca
972 3998 1075 4054 tria
1104 3992 1525 4061 continebantur,
1555 4015 1691 4053 urna
1721 4013 1882 4053 aurea
1917 4015 2035 4053 cum
2065 4015 2283 4063 manna,
2310 4010 2359 4054 et
2383 3997 2564 4053 tabula
2593 3998 2914 4064 testamenti,
2950 4008 2998 4052 et
3036 3999 3181 4068 virga
3206 3998 3407 4055 Aaron.

453 4066 507 4118 6.
546 4066 632 4118 Ait
664 4064 829 4118 Iosue
858 4067 926 4118 ad
955 4066 1203 4118 nonulum
1233 4083 1251 4118 :
1293 4065 1390 4118 Vos
1417 4078 1590 4118 autent
1616 4079 1790 4118 cavete
1817 4084 1879 4118 ne
1906 4069 1969 4118 de
2003 4068 2344 4118 facultatibus
2381 4068 2594 4118 Iericho
2622 4071 2897 4118 auidniam
2921 4069 3257 4118 continuatis.

452 4135 484 4188 7

452 4205 487 4260 8

455 4344 488 4398 9

494 4382 509 4397 .
552 4343 703 4410 Quod
734 4343 1423 4472 Gabaonitwfacis'ftedus
1453 4351 1517 4402 ab
1547 4348 1808 4403 lsraelitis
1837 4348 2206 4417 fraudulenter
2233 4358 2565 4405 extorserunt
2602 4349 2657 4404 in
2680 4357 2820 4405 terra
2856 4347 3121 4407 Phereztei
3149 4360 3197 4404 et
3228 4348 3515 4421 Raphaim.

495 4452 511 4468 .
552 4415 698 4471 Dixit
721 4417 885 4471 Iosue
905 4416 1031 4472 filiis
1093 4419 1247 4472 osenla
1278 4435 1295 4472 :
1326 4417 1383 4472 Si
1408 4418 1632 4472 aovulus
1660 4419 1853 4472 multus
1884 4437 1954 4472 es.
1988 4420 2209 4472 ascende
2236 4422 2289 4472 in
2312 4421 2497 4472 silvam
2528 4431 2576 4472 et
2604 4420 2815 4472 succide
2848 4420 2940 4472 tibi
2977 4422 3150 4472 svatia
3177 4421 3245 4472 ad
3270 4421 3515 4472 habitanti

424 4415 511 4469 υ).
552 4415 698 4471 Dixit
721 4417 885 4471 Iosue
905 4416 1031 4483 ﬁliis

1093 4419 1247 4487 oseplt
1278 4435 1295 4472 :
1326 4417 1383 4473 Si
1408 4418 1632 4485 populus
1660 4419 1853 4473 multus
1884 4437 1954 4482 es,
1988 4420 2209 4475 ascende
2236 4422 2289 4477 in
2312 4421 2497 4476 silvam
2528 4431 2576 4474 et
2604 4420 2815 4475 succide
2848 4420 2940 4474 tibi
2977 4422 3150 4491 spatia
3177 4421 3245 4476 ad
3270 4417 3639 4478 habitandum.

1758 4508 2062 4580 Eapliciunt
2090 4510 2346 4581 capitula.

892 4651 1533 4742 INCIPIUNT
1601 4654 2354 4747 TESTIMONIA
2420 4656 2751 4745 LIBRI
2826 4654 3240 4749 JOSUE.

846 4796 1007 4869 159
1043 4795 1271 4853 CAPUT
1309 4797 1600 4854 Panum.

533 4889 602 4947 In
632 4888 859 4944 secundo
890 4904 1126 4942 sermone
1153 4888 1217 4943 de
1248 4887 1306 4943 S.
1339 4887 1547 4945 Joanne
1571 4889 1907 4961 evangelista.

506 5000 524 5037 ν
568 4982 703 5037 Cum
744 4979 973 5051 populus
1020 4979 1395 5049 ingrederetur
1440 4978 1754 5046 Iordanem,
1791 4980 2019 5050 jubente

428 5069 613 5135 Iosue,
646 5085 802 5140 aqua:
828 5068 1137 5139 superiores
1163 5068 1230 5123 ad
1258 5070 1430 5124 instar
1460 5071 1657 5127 montis
1687 5072 2019 5128 intumesce-

430 5162 585 5225 bant,
628 5161 917 5217 inferiores
945 5174 1073 5215 vero
1104 5160 1160 5215 in
1200 5176 1352 5216 mare
1381 5161 1654 5217 Mortuum
1695 5165 2019 5220 delabeban-

435 5250 673 5324 tur(Ios.
696 5254 833 5322 ιιι).›
866 5252 1001 5319 Quia
1033 5251 1277 5322 profecto
1306 5268 1371 5309 ex
1403 5254 1503 5320 eis,
1530 5256 1620 5325 qui
1652 5256 2019 5326 baptizantur,

432 5342 524 5397 alii
572 5341 630 5397 in
666 5352 885 5413 accepta
925 5344 1166 5400 ccclestis
1199 5345 1388 5416 gratiae
1435 5347 1724 5403 dulcedine
1768 5363 2018 5419 perseve-

436 5445 589 5501 rant,
646 5435 739 5491 alii
797 5436 853 5491 in
909 5448 1256 5507 peccatorum
1319 5440 1739 5496 amaritudinem
1791 5443 2027 5500 detinuere

434 5527 667 5595 reprobe
690 5525 918 5582 vivendo
947 5543 1054 5582 non
1086 5538 1324 5595 cessant,
1352 5539 1408 5585 et
1436 5530 1583 5585 velut
1610 5530 1664 5586 in
1692 5533 1859 5587 maris
1882 5548 2028 5587 mor-

438 5615 514 5685 tui
547 5612 877 5684 salsuginem
916 5627 1195 5683 corruunt,
1236 5619 1365 5675 dum
1402 5621 1665 5691 sapiendo
1694 5629 1905 5685 terrena
1928 5638 2025 5692 per

439 5720 619 5775 pravae
651 5705 771 5761 vita:
809 5705 1033 5762 declivia
1065 5709 1131 5762 ad
1160 5721 1387 5766 mortem
1421 5712 1666 5769 tendunt.
1708 5711 1818 5770 Nos
1844 5724 2023 5770 autem

1936 4874 1986 4890 *δ

2041 4807 2093 4866 ι)
2121 4815 2229 4856 non
2269 4800 2369 4865 sic,
2397 4798 2761 4862 dilectissimi,
2794 4782 2901 4855 non
2930 4800 3033 4867 sic,
3061 4802 3152 4857 sed
3178 4801 3247 4857 ad
3288 4818 3469 4861 veram
3493 4809 3715 4878 sapien-

2122 4894 2255 4948 tiam
2291 4892 2533 4948 animum
2578 4890 2973 4949 transferentes
3015 4895 3093 4950 sic
3133 4910 3231 4965 per
3265 4896 3359 4953 Dei
3404 4900 3716 4957 misericor-

2126 4986 2269 5041 diam
2308 4985 2362 5042 in
2408 4984 2670 5039 virtutum
2706 4986 3025 5042 studeamus
3074 4987 3184 5043 alta
3233 4990 3519 5059 proﬁcere,
3554 5003 3611 5048 ut
3663 4996 3716 5049 in

2124 5075 2378 5132 vitiorum
2416 5076 2617 5146 pudeat
2652 5078 2968 5148 voraginem
2998 5078 3293 5137 declinare.
3339 5082 3430 5139 Sic
3464 5099 3719 5154 perseve-

2126 5182 2308 5223 remus
2335 5182 2553 5238 semper
2580 5168 2647 5223 ad
2686 5184 2919 5240 superna
2951 5187 3246 5242 properare
3287 5190 3395 5244 quo
3424 5178 3717 5245 tendimus,

2126 5268 2186 5315 ut
2213 5258 2380 5315 divini
2410 5260 2613 5317 amoris
2640 5261 2980 5317 dulcedinem
3013 5263 3068 5318 in
3100 5266 3300 5320 nostris
3330 5266 3535 5336 jugiter
3567 5284 3719 5327 men-

2127 5350 2273 5406 tibus
2299 5364 2699 5409 conservemus.

2757 5444 2988 5502 CAPUT
3025 5446 3090 5502 II.

2634 5536 2703 5590 In
2734 5538 2914 5591 eodem
2944 5554 3205 5596 sermone.

2207 5643 2225 5675 ι
2256 5626 2425 5696 Elige,
2446 5646 2467 5679 ι
2498 5628 2671 5699 inquit
2696 5631 2955 5687 Dominus
2975 5633 3042 5688 ad
3065 5631 3252 5701 Iosue,
3284 5654 3304 5687 r
3325 5635 3607 5698 duodecim
3637 5641 3718 5696 vi-

2132 5730 2242 5783 ros,
2264 5717 2503 5789 singulos
2529 5736 2623 5790 pcr
2651 5723 2891 5795 singulas
2912 5724 3105 5795 tribus,
3128 5736 3179 5780 ct
3197 5736 3429 5805 principe
3444 5735 3525 5789 eis
3550 5743 3607 5787 ut
3625 5732 3722 5788 tnl~
