4058 6178
396 305 531 360 10⁸11

1276 300 1773 364 COLLECTANEA
1811 299 1879 357 IN
1920 298 2147 359 VETUS
2183 299 2723 358 TESTAMENTUM.

3514 306 3654 359 1072

397 420 512 475 lant
532 420 600 477 de
624 419 803 477 medio
832 416 967 473 alvei
985 414 1255 481 Iordanis,
1284 418 1376 472 ubi
1410 416 1643 471 ﬁxerunt
1666 415 1977 470 sacerdotes
2005 421 2051 477 Α
2082 415 2224 469 hunc
2247 431 2439 485 panem
2468 418 2798 485 pervcnitur,
2821 416 2955 489 legis
2985 418 3185 475 veteris
3208 420 3438 477 ulterius
3468 436 3666 474 uiam:

396 515 591 585 pedes,
619 509 899 565 duodecim
938 508 1142 576 lapides
1171 505 1488 562 durissimos
1513 520 1648 576 quos
1675 504 1887 575 ponetis
1920 504 1976 557 in

399 605 519 659 loco
561 611 899 664 castrorum,
951 598 1043 653 ubi
1095 596 1327 653 fixeritis
1379 597 1484 652 hac
1540 606 1701 651 nocte
1750 594 1983 649 tentoria

400 694 538 766 (Jos.
570 693 665 765 tv).
701 713 719 745 ι
758 692 830 747 Ut
856 700 1037 746 autem
1067 704 1174 745 non
1198 689 1409 753 omnia,
1438 688 1565 743 licet
1594 687 1752 757 plena
1783 697 1983 757 myste-

402 788 521 850 riis,
556 784 720 840 verba
770 781 1081 845 discutiam,
1129 779 1258 848 quid
1299 794 1395 848 per
1434 778 1539 833 hoc
1591 778 1791 835 factum
1829 778 1986 832 nobis

398 876 661 938 innuitur,
696 874 799 928 nisi
839 882 898 927 ut
932 879 1217 942 postquam
1255 868 1471 940 mystici
1505 868 1758 925 Jordanis
1785 866 1981 922 fluenta

399 967 713 1029 transimus,
746 973 1028 1034 postquam
1059 961 1125 1015 de
1160 960 1361 1014 lavacri
1387 959 1637 1015 salutaris
1673 958 1824 1013 fonte
1854 973 1987 1013 con-

399 1058 692 1127 surgimus,
740 1053 1061 1109 durissimos
1100 1051 1382 1106 duodecim
1442 1050 1669 1120 lapides,
1701 1051 1753 1105 id
1782 1058 1865 1103 est
1894 1049 1985 1102 tir-

402 1150 645 1204 missima
670 1143 1036 1215 apostolorum
1066 1141 1334 1211 exempla,
1354 1140 1420 1194 ad
1446 1140 1799 1193 imitationem
1829 1138 1984 1193 nobis

400 1252 701 1311 proponere
751 1236 1095 1291 studeamns‘!
1132 1232 1366 1301 Lapides
1410 1231 1611 1300 quippe
1659 1230 1749 1283 ubi
1804 1243 1987 1283 sacer-

400 1334 555 1389 dotes
594 1329 757 1397 pedes
796 1327 1046 1388 ﬁxerant,
1082 1324 1135 1378 in
1167 1322 1287 1378 loco
1315 1332 1618 1377 castrorum
1647 1321 1917 1391 ponimus,
1939 1320 1985 1374 si

404 1423 455 1476 in
503 1419 785 1490 procinctu
828 1414 1127 1486 spiritualis
1163 1414 1369 1468 militia:
1405 1412 1587 1482 positi,
1620 1410 1985 1481 apostolorum

400 1511 623 1581 vestigia
648 1516 964 1564 constanter
996 1515 1052 1560 et
1085 1505 1315 1560 ﬁrmiter
1346 1514 1643 1560 teneamus.
1675 1504 1808 1558 Nam
1829 1501 1987 1573 juxta

402 1599 707 1655 Salomonis
727 1598 1048 1653 sententiam
1084 1614 1097 1649 :
1121 1614 1139 1648 ι
1169 1594 1271 1661 Qui
1298 1595 1473 1649 mollis
1500 1604 1556 1648 et
1582 1593 1875 1649 dissolutus
1905 1600 1992 1647 est

397 1691 456 1746 in
488 1704 650 1759 opere
678 1704 795 1752 suo,
827 1687 997 1742 frater
1025 1696 1107 1742 est
1135 1700 1234 1741 sua
1270 1700 1435 1755 opera
1462 1683 1773 1754 dissipantis
1803 1682 1985 1753 (Prov.

2083 520 2189 559 non
2214 507 2503 575 quteritur.

2699 617 2926 674 CAPUT
2966 619 3055 674 IV.

2428 747 2495 802 In
2519 766 2754 804 sermone
2776 751 2839 805 de
2868 762 3049 806 sancto
3080 754 3310 808 Aminea.

2159 880 2179 913 ε
2215 861 2479 933 Praecepit
2506 863 2767 921 Dominus
2799 864 2963 921 Josue
2998 877 3057 922 ut
3090 883 3271 922 arcam
3312 867 3533 925 foederis
3565 870 3666 925 viri

2083 954 2375 1010 bellatores
2440 958 2631 1011 armati
2692 960 3084 1027 prteccderent,
3123 962 3434 1016 sacerdotes
3491 972 3669 1015 autem

2084 1056 2288 1116 septem
2320 1049 2561 1102 buccinis
2588 1049 2924 1119 clanget'ent,
2962 1052 3146 1120 sicque
3175 1068 3270 1121 per
3289 1062 3493 1122 septem
3527 1055 3669 1107 nihi-

2086 1137 2317 1191 lominns
2365 1138 2478 1191 dies
2522 1136 2740 1191 Jericho
2802 1141 2999 1195 mmnia
3060 1142 3375 1195 circuirent.
3432 1141 3672 1211 Septimo

2087 1226 2267 1294 itaque
2298 1226 2385 1279 die
2413 1227 2538 1279 dum
2571 1226 2887 1282 vociferatio
2916 1230 3093 1299 populi
3119 1229 3493 1299 clangentibns
3530 1233 3672 1287 tubis

2085 1315 2439 1377 admiscetur,
2468 1314 2684 1375 Jericho
2716 1318 2964 1385 protinus
2990 1336 3016 1371 a
3056 1319 3406 1374 fundamento
3436 1322 3669 1391 collapsa

2088 1404 2421 1461 Subvcrtitur
2468 1404 2606 1476 (los.
2636 1406 2733 1476 vt).
2773 1426 2791 1460 ι
2850 1406 2986 1474 Quid
3042 1418 3127 1464 est
3184 1419 3361 1464 autem
3404 1412 3547 1480 quod
3604 1413 3671 1466 ad

2088 1498 2405 1567 capiendam
2449 1498 2641 1553 urbem
2689 1514 2795 1553 non
2849 1499 3057 1570 gladius
3103 1502 3374 1564 educitur,
3425 1518 3530 1555 non
3571 1502 3672 1557 tela

2088 1588 2393 1655 vibrantur,
2433 1603 2540 1643 non
2563 1586 2803 1655 jaculum
2830 1590 3077 1656 mittitur,
3109 1606 3216 1645 non
3247 1592 3392 1647 acies
3421 1592 3673 1647 militaris

2091 1679 2250 1734 cunei
2276 1679 2343 1733 ad
2371 1679 2688 1749 irruptionis
2726 1679 2984 1750 impetum
3019 1683 3376 1752 eonstipatur,
3407 1684 3500 1738 sed
3532 1684 3673 1737 tubis

399 1782 581 1851 xvnt).
618 1800 635 1833 ι
690 1779 952 1834 Nimirum
995 1778 1088 1848 qui
1130 1778 1182 1832 in
1223 1777 1464 1832 moribus
1513 1775 1625 1830 suis
1688 1773 1878 1829 molles
1925 1787 1989 1826 ac
2020 1770 2797 1840 Bduntaxatsacerdotalibus
2823 1769 3106 1851 clangitur,
3136 1780 3190 1826 et
3211 1773 3290 1826 sic
3318 1772 3543 1827 victoria
3567 1790 3672 1826 non

399 1871 549 1926 ﬂuidi
580 1878 729 1934 sunt,
760 1883 911 1923 more
944 1883 1097 1936 aqua:
1125 1866 1430 1936 praecipites
1462 1864 1528 1919 ad
1571 1865 1678 1918 ima
1715 1861 1982 1923 defluunt;

400 1963 493 2032 qui
525 1976 652 2016 vero
680 1969 996 2015 constantes
1032 1974 1097 2014 ac
1127 1957 1364 2022 ﬁrtni,in
1394 1971 1577 2012 arcem
1605 1953 1849 2026 quotidie
1877 1954 1988 2008 viro

401 2051 534 2105 tutis
569 2058 913 2105 excrescunt.

1021 2135 1247 2192 CAPUT
1284 2136 1371 2191 Ill.

616 2227 683 2282 In
711 2244 947 2282 sermone
974 2228 1143 2297 primo
1167 2229 1231 2281 de
1256 2225 1317 2282 S.
1346 2224 1760 2280 Bartltolomwo.

477 2337 495 2370 ι
533 2318 662 2372 Post
701 2319 816 2372 haec
860 2327 1041 2371 autem
1082 2316 1328 2385 protinus
1364 2314 1528 2370 Josue
1567 2313 1790 2382 iubetur
1826 2321 1887 2367 ut
1933 2311 1987 2367 in

400 2408 621 2479 Galgala
651 2423 774 2462 cum
808 2407 1005 2477 populo
1037 2414 1274 2461 transeat
1311 2415 1475 2475 atque
1516 2404 1624 2459 illic
1664 2419 1759 2458 eos
1798 2402 1989 2458 cultris

396 2499 628 2570 lapideis
639 2498 993 2553 circumcidat
1014 2496 1151 2566 (los.
1168 2495 1245 2566 v).
1266 2495 1450 2560 Petra,
1469 2513 1487 2546 ι
1511 2494 1657 2548 utait
1676 2492 1988 2562 Apostolus,

402 2609 425 2642 ε
451 2598 570 2645 erat
587 2589 836 2643 Christus
858 2586 909 2658 (1
928 2585 1051 2640 Cor.
1068 2585 1144 2657 ι).
1169 2606 1187 2637 ι
1218 2585 1322 2639 Per
1345 2572 1589 2639 cultellos
1610 2597 1740 2652 ergo
1752 2580 1990 2652 lapideos

401 2679 867 2741 circumcidimur,
918 2678 1045 2732 dum
1100 2691 1197 2747 per
1230 2674 1507 2731 Christum
1544 2690 1575 2728 a
1609 2673 1766 2729 nobis
1799 2687 1990 2727 omnes

399 2771 585 2826 carnis
613 2780 669 2823 et
695 2770 919 2839 spiritus
952 2768 1235 2822 illecebras
1260 2776 1621 2838 amputamus.
1659 2764 1726 2819 Et
1754 2764 1856 2818 hac
1878 2764 1988 2817 cir-

399 2860 755 2924 cumcisione,
795 2859 935 2913 sicut
962 2858 1072 2912 illic
1101 2858 1322 2923 dicitur,
1356 2857 1732 2928 [Egyptiorum
1764 2854 1987 2926 pmpul-

401 2968 585 3007 samus
616 2949 996 3020 Opprobrium,
1027 2948 1281 3018 quoniam
1312 2948 1677 3003 deludentium
1707 2962 1805 3002 nos
1831 2946 1988 3001 elidi.

402 3058 523 3097 mus
544 3040 902 3111 petulautiam
924 3038 1201 3093 vitiorum.
1235 3057 1253 3094 ι
1275 3037 1465 3101 Hodie,
1487 3056 1505 3089 ι
1538 3036 1715 3106 inquit
1732 3035 1990 3090 Dominus

2080 1857 2195 1926 jam
2212 1858 2336 1927 jure
2356 1856 2502 1925 belli,
2524 1860 2617 1913 sed
2645 1858 2841 1913 virtute
2864 1847 3043 1927 potius
3068 1863 3395 1918 sacramenti
3421 1864 3487 1917 de
3514 1878 3675 1930 supe-

2087 1949 2220 2004 ratis
2243 1947 2489 2005 hostibus
2526 1947 2836 2004 obtinetnr?
2865 1948 3211 2003 Deliramenti
3234 1965 3365 2007 sane
3395 1950 3674 2005 videretur

2088 2037 2312 2106 ineptia,
2356 2037 2403 2091 si
2441 2037 2664 2092 evidens
2704 2052 2809 2092 non
2851 2036 3042 2093 fuisset
3087 2038 3309 2094 victoria
3360 2038 3673 2098 subsecuta.

2090 2126 2196 2182 Sed
2230 2141 2330 2195 per
2356 2125 2597 2194 Jericho,
2632 2143 2753 2197 qum
2794 2128 2992 2184 dicitur
3036 2129 3186 2194 luna,
3232 2146 3340 2189 non
3382 2132 3678 2204 incongrue

2092 2217 2324 2271 mundus
2350 2216 2621 2282 innuitur,
2657 2217 2749 2288 qui
2788 2218 2868 2274 81c
2915 2234 3012 2289 per
3058 2218 3357 2274 labentium
3400 2236 3673 2277 momenta

2092 2316 2397 2378 temporum
2424 2319 2679 2380 tanquam
2704 2325 2801 2378 per
2822 2319 3096 2381 menstrua
3120 2312 3442 2369 detrimenta
3464 2314 3672 2368 ﬁnitur.

2088 2401 2230 2455 Area
2266 2411 2446 2455 autem
2494 2410 2684 2457 sancta
2720 2412 2839 2456 erat
2894 2401 3167 2468 Ecclesia;
3219 2405 3359 2460 tubte
3387 2420 3518 2464 vero
3546 2422 3677 2474 apo-

2089 2490 2211 2546 stoli
2264 2499 2422 2556 sunt,
2477 2490 2562 2546 vel
2612 2493 2815 2561 quique
2872 2494 3045 2548 sancti
3095 2493 3345 2549 doctores
3386 2494 3676 2559 Ecclesiae,

2089 2599 2319 2653 quorum
2339 2583 2587 2638 videlicet
2608 2584 3085 2650 admonitionibus,
3112 2587 3237 2639 dum
3264 2601 3504 2657 pugnare
3530 2604 3676 2647 sent-

2088 2692 2185 2747 per
2221 2685 2408 2731 contra
2458 2677 2639 2731 carnis
2680 2676 2964 2732 illecebras
3005 2687 3060 2731 et
3094 2679 3299 2748 antiqui
3338 2679 3509 2733 hostis
3538 2679 3676 2733 insi-

2090 2769 2210 2825 dias
2257 2770 2508 2835 nitimur,
2568 2770 2711 2824 velut
2765 2770 2832 2823 ad
2882 2770 3165 2826 conflictus
3215 2772 3385 2826 aciem
3440 2780 3497 2827 et
3542 2788 3678 2827 cou-

2089 2859 2316 2915 serenda
2408 2859 2547 2914 bella
2620 2861 2867 2914 tubarum
2938 2859 3285 2931 clangoribus
3364 2862 3671 2921 incitamur.

2090 2948 2220 3015 Qua:
2268 2949 2524 3003 nimirum
2566 2950 2706 3004 tuba:
2750 2959 2958 3019 septem
2992 2948 3159 3004 fuisse
3190 2949 3521 3014 referuntur,
3548 2953 3674 3020 quia

2089 3040 2474 3111 prazdicatores
2502 3041 2675 3095 sancti
2705 3040 3039 3110 septiformis
3068 3039 3303 3111 Spiritus
3342 3042 3515 3111 gratia
3547 3051 3679 3096 sunt

400 3133 472 3186 ad
496 3131 684 3194 .losue,
714 3149 731 3181 ι
773 3116 968 3184 abstuli
998 3128 1348 3198 opprobrium
1377 3126 1598 3199 Egypti
1619 3142 1648 3180 a
1672 3126 1823 3181 vobis
1846 3125 1984 3192 (los.
2017 3112 2061 3173 C
2093 3128 2301 3199 repleti.
2348 3129 2568 3201 Septem
2613 3144 2826 3200 quoque
2873 3130 3081 3185 dierum
3109 3129 3479 3187 vicissitudine
3510 3147 3677 3186 omne

401 3225 511 3294 v).i
548 3221 660 3277 Nec
683 3220 1115 3291 praetereundum
1147 3220 1306 3290 160
1332 3218 1474 3288 quod
1498 3216 1716 3287 Galgala
1741 3215 1988 3270 revelatio

402 3317 810 3387 interpretatur.
865 3313 985 3367 Vita
1033 3311 1232 3381 quippe
1279 3308 1516 3365 carnalis
1560 3308 1746 3363 oculos
1793 3307 1989 3362 mentis

400 3418 661 3474 excaecat,
689 3408 985 3479 spiritualis
1012 3407 1281 3462 illuminat
1308 3426 1320 3461 :
1351 3424 1369 3458 ι
1387 3406 1609 3471 Revela,
1634 3406 1831 3477 inquit,
1854 3422 1988 3461 ocu-

403 3505 485 3559 los
513 3520 681 3571 meos,
705 3512 760 3558 et
782 3502 1138 3558 considerabo
1164 3501 1433 3555 mirabilia
1459 3502 1525 3555 de
1548 3500 1665 3570 lege
1693 3509 1783 3554 tua
1810 3496 1986 3569 (Psat.

401 3594 612 3664 cxvut).
646 3613 665 3645 ι
707 3592 841 3648 Cum
881 3591 1027 3646 enim
1075 3605 1106 3645 a
1145 3591 1262 3645 suis
1305 3592 1467 3645 homo
1507 3592 1651 3645 vitiis
1697 3590 1987 3645 circumci-

403 3686 572 3749 ditur,
603 3684 668 3738 ad
700 3683 897 3737 divina:
924 3681 1058 3745 legis
1085 3681 1475 3735 consideranda
1505 3680 1761 3751 mysteria
1790 3680 1988 3733 mentis

403 3774 550 3828 acies
596 3773 885 3827 revelatur.
932 3771 988 3824 In
1032 3786 1139 3841 quo
1176 3770 1386 3825 scilicet
1427 3769 1546 3825 loco
1581 3770 1650 3825 ab
1692 3767 1988 3823 Israelitico

402 3863 597 3935 populo
631 3862 837 3917 Pascha
862 3862 1167 3918 celebratur
1198 3872 1253 3916 et
1282 3861 1459 3933 typice
1483 3859 1669 3931 Agnus
1697 3859 1786 3915 ille
1807 3872 1987 3913 come-

404 3952 570 4021 ditur,
610 3955 702 4026 qui
744 3953 883 4009 tollit
929 3963 1151 4023 peccata
1206 3946 1392 4007 mundi
1437 3952 1618 4024 (Joan.
1651 3952 1715 4021 ι).
1752 3950 1819 4005 Et
1851 3958 1986 4003 nota

403 4046 651 4100 ordinem
684 4060 866 4099 rerum
901 4058 965 4098 ac
995 4043 1185 4099 salutis
1213 4043 1465 4098 humana:
1490 4042 1760 4113 perpende
1790 4049 1989 4113 myste-

405 4137 571 4191 rium.
610 4133 903 4204 Postquam
936 4136 1002 4189 de
1038 4133 1306 4203 baptismo
1335 4132 1489 4202 quasi
1528 4132 1594 4187 de
1627 4132 1840 4203 gurgite
1867 4130 1991 4185 Jor-

404 4228 562 4283 danis
588 4226 823 4302 eximus,
852 4223 1159 4293 apostolicae
1187 4223 1403 4278 virtutis
1435 4230 1491 4276 et
1518 4221 1834 4277 constantiae
1860 4219 1990 4287 lapi-

401 4318 498 4370 des
542 4316 698 4369 nobis
757 4314 809 4366 in
864 4312 1097 4382 exempli
1161 4312 1528 4366 testimonium
1582 4310 1984 4376 constituimus,

397 4422 539 4475 quos
572 4390 934 4459 aemulationis
964 4402 1144 4456 studio
1176 4402 1607 4471 contemplantes
1641 4416 1670 4455 a
1704 4401 1987 4471 pravitatis

2096 3220 2249 3291 161
2288 3228 2496 3290 tempus
2534 3232 2731 3275 nostra:
2772 3221 3119 3276 mortalitatis
3150 3222 3433 3276 evolvitur.
3468 3221 3673 3276 Urbem

2089 3328 2219 3382 ergo
2255 3310 2472 3367 Jericho
2510 3313 2825 3367 sacerdotes
2857 3328 3038 3367 arcam
3072 3312 3307 3367 ferentes
3334 3322 3387 3366 et
3415 3312 3674 3383 clangen-

2090 3410 2173 3457 tes
2202 3412 2407 3471 septem
2432 3402 2620 3457 diebus
2648 3402 3004 3466 circumeunt,
3034 3412 3089 3457 et
3112 3408 3251 3457 muri
3276 3403 3391 3473 ejus
3418 3418 3516 3474 per
3534 3419 3677 3457 arca:

2087 3495 2432 3565 prtesentiam
2476 3504 2533 3550 et
2575 3496 2826 3549 tubarum
2879 3497 3114 3549 sonitum
3163 3496 3395 3560 cadunt;
3446 3496 3567 3564 quia
3621 3497 3675 3548 iu

2090 3587 2250 3655 hujus
2278 3588 2522 3643 mortalis
2547 3588 2671 3643 vitae
2697 3590 2952 3655 decursu,
2983 3590 3107 3643 dum
3131 3590 3554 3658 circumquaque
3578 3604 3676 3657 per

2088 3680 2274 3735 orbem
2306 3688 2575 3735 terrarum
2607 3690 2792 3735 sancta
2839 3688 3085 3734 movetur
3112 3690 3168 3733 et
3205 3680 3462 3733 dilatatur
3489 3680 3677 3733 Eccle-

2089 3770 2190 3835 sia,
2219 3785 2316 3840 per
2339 3781 2542 3825 sancta:
2566 3772 2966 3840 prmdicationis
2996 3771 3308 3825 instantiam
3340 3773 3515 3825 omnis
3544 3771 3674 3827 elati

2068 3858 2274 3912 'mundi
2306 3858 2557 3929 superbia
2597 3857 2868 3927 frangitur
2894 3867 2948 3914 et
2978 3869 3171 3914 cuncta
3211 3860 3545 3915 inﬁdelitatis
3572 3860 3677 3913 ob-

2087 3946 2298 4002 stacula
2340 3948 2690 4003 subruuntur.
2734 3950 2801 4004 Et
2841 3951 3134 4004 notandum
3169 3950 3310 4020 quod
3348 3950 3539 4004 armati
3572 3952 3679 4004 mi-

2087 4036 2210 4092 lites
2250 4052 2375 4092 cum
2420 4040 2792 4095 sacerdotibus
2830 4040 2910 4094 ire
2941 4037 3218 4106 jubentur,
3259 4040 3511 4094 nimirum
3545 4049 3603 4093 ut
3637 4040 3675 4094 ii

2088 4131 2283 4200 quibus
2324 4146 2431 4186 non
2470 4140 2555 4187 est
2586 4130 2886 4200 iniunctum
2924 4131 3205 4201 promendi
3250 4131 3519 4200 clangoris
3557 4130 3674 4185 olli-

2087 4222 2230 4276 cinm
2275 4237 2613 4291 nequaquam
2643 4237 2701 4277 se
2746 4230 2983 4276 remotos
3026 4220 3328 4292 intelligant
3358 4238 3387 4275 a
3420 4236 3676 4291 congres-

2086 4311 2238 4365 sione
2285 4310 2568 4376 bcllorum,
2616 4317 2883 4380 quatenus
2916 4318 2973 4364 et
3016 4310 3051 4364 ii
3091 4310 3184 4379 qui
3230 4325 3334 4363 non
3381 4310 3677 4379 praedicant

2088 4413 2274 4455 contra
2301 4400 2494 4456 occulti
2528 4400 2697 4455 hostis
2727 4400 2969 4467 insidias,
2995 4402 3189 4454 armati
3237 4399 3584 4454 nihilominus
3616 4408 3677 4454 et

402 4466 603 4550 nostra:
671 4492 934 4562 praeputio
992 4466 1463 4554 circumcidimur,
1525 4466 1723 4559 sicque-
1781 4490 1984 4545 dimota
2015 4466 2466 4559 l)circumspecti
2515 4504 2729 4559 semper
2778 4466 3048 4544 incedant.
3104 4489 3272 4569 Hujus
3320 4489 3502 4557 itaque
3546 4489 3673 4542 belli

401 4582 592 4655 procul
614 4592 779 4651 atque
805 4580 1019 4635 detersa
1042 4578 1271 4649 caligine
1292 4579 1570 4644 vitiorum,
1586 4578 1821 4634 revelata
1847 4578 1985 4634 facie

403 4674 660 4746 spiritali,
678 4673 874 4728 laetitiae
896 4672 1104 4727 Pascha
1122 4670 1459 4726 celebramus
1482 4670 1533 4723 in
1559 4670 1679 4725 luce
1699 4669 1995 4724 virtutum.

403 4767 518 4821 Illic
576 4767 809 4836 primum
861 4762 1087 4833 populus
1146 4761 1213 4816 de
1255 4759 1502 4831 frugibus
1549 4769 1711 4814 terra:
1748 4759 1987 4814 comedit

400 4869 626 4927 asymos
650 4867 851 4925 panes;
882 4863 937 4908 et
959 4867 1180 4917 manna,
1208 4865 1316 4921 quo
1344 4860 1568 4905 eatenus
1591 4850 1658 4903 ali
1686 4864 1984 4905 consueve-

402 4957 549 5012 rant,
588 4946 818 5000 ulterius
864 4960 969 4999 non
1024 4943 1293 5013 apparuit.
1336 4942 1471 5009 Quia
1512 4950 1797 5011 postquam
1828 4941 1982 5011 panis

400 5038 490 5093 ille
518 5037 691 5099 vivus,
723 5036 814 5105 qui
842 5035 907 5089 de
936 5034 1072 5089 caelo
1110 5032 1393 5087 descendit
1414 5031 1596 5102 (Joan.
1620 5032 1724 5101 vn),
1753 5047 1819 5087 ex
1852 5046 1984 5100 agro

402 5128 682 5201 virginalis
733 5125 874 5182 uteri
930 5124 1147 5195 prodiit,
1201 5132 1486 5193 postquam
1538 5138 1764 5192 granum
1818 5122 1983 5177 tritici

403 5219 606 5273 cadens
627 5217 681 5271 in
710 5224 935 5280 terram,
964 5222 1234 5281 mortuum
1258 5221 1363 5276 est,
1394 5227 1459 5266 ac
1487 5212 1750 5282 plurimos
1778 5211 1985 5266 fructus

402 5310 588 5364 attulit
613 5309 795 5379 (Joan.
828 5308 954 5377 xu),
986 5321 1105 5361 mox
1139 5306 1331 5377 typicae
1366 5304 1501 5375 legis
1531 5319 1725 5359 manna
1764 5302 1981 5359 defecit.

402 5399 571 5454 Terra
601 5400 800 5470 quippe
830 5397 1271 5468 repromissionis
1299 5404 1489 5451 venter
1508 5404 1594 5451 est
1620 5394 1887 5466 Virginis;
1918 5397 1983 5451 de

401 5506 505 5557 qua
535 5500 680 5545 terra
721 5507 816 5561 per
842 5490 1034 5544 Isaiam
1071 5489 1268 5544 dicitur
1297 5506 1310 5542 :
1347 5506 1367 5540 ι
1403 5487 1618 5553 Rorate,
1652 5486 1796 5551 cmli,
1824 5486 1983 5541 desu-

401 5593 521 5647 per,
573 5588 629 5633 et
669 5581 843 5633 nubes
887 5578 1075 5648 pluant
1128 5578 1378 5643 Justum;
1428 5576 1706 5645 aperiatur
1746 5583 1891 5629 terra
1927 5584 1983 5629 et

402 5671 670 5737 germinet
718 5671 1052 5728 Salvatorem
1110 5668 1247 5739 (Isa.
1307 5666 1453 5737 sev).
1490 5684 1509 5718 ι
1552 5664 1687 5722 Cum
1739 5680 1868 5733 ergo
1913 5668 1981 5721 ad

2087 4580 2250 4635 duces
2287 4592 2351 4635 ac
2391 4580 2664 4650 principes
2695 4581 2868 4635 sancti
2910 4580 3138 4650 apostoli
3168 4589 3322 4645 sunt,
3365 4580 3456 4648 qui
3488 4594 3675 4633 arcam

2084 4672 2307 4728 ftederis
2347 4672 2733 4729 Jerichontiuis
2771 4673 3039 4728 mmnibus
3078 4688 3202 4728 cum
3242 4675 3493 4727 tubarum
3525 4673 3677 4726 clan-

2085 4778 2213 4834 gore
2236 4761 2646 4828 circumferunt,
2673 4764 2800 4832 quia
2828 4778 2924 4833 per
2967 4764 3132 4817 totius
3161 4763 3345 4817 mundi
3383 4762 3674 4827 circulum,

2085 4867 2286 4911 sancta:
2339 4857 2737 4925 przedicationis
2785 4855 2978 4921 ofﬁcio,
3012 4857 3268 4911 Ecclesia:
3327 4868 3677 4911 sacramenta

2085 4948 2407 5003 diffundunt.
2451 4968 2469 4999 ι
2513 4948 2568 5002 ln
2608 4946 2826 5003 omnem
2871 4950 3014 5003 enim
3053 4959 3254 5004 terram
3295 4950 3460 5003 exivit
3506 4965 3677 5004 sonus

2086 5055 2293 5105 eorum,
2330 5050 2383 5095 et
2420 5058 2470 5094 tn
2515 5040 2649 5094 fines
2690 5042 2839 5095 orbis
2874 5050 3031 5095 terra:
3073 5042 3233 5095 verba
3273 5056 3459 5095 eorum
3493 5038 3674 5109 (l’sal.

2085 5131 2261 5199 artu).
2298 5150 2315 5182 ι
2352 5130 2589 5185 Evolutis
2617 5141 2795 5184 autem
2825 5147 2918 5185 sex
2954 5132 3161 5197 diebus,
3194 5131 3424 5201 septimo
3453 5131 3674 5185 tandem

2086 5219 2171 5272 die
2198 5234 2290 5273 rex
2321 5219 2536 5274 Jericho
2564 5236 2684 5275 cum
2727 5222 2873 5275 omni
2921 5222 3119 5292 p0pulo
3161 5222 3340 5291 gladio
3376 5222 3676 5276 devorante

2084 5310 2443 5372 consumitur,
2473 5310 2601 5379 quia
2634 5310 2686 5364 in
2719 5311 2803 5364 die
2842 5311 3135 5365 novissimo
3165 5310 3430 5372 diabolus,
3462 5310 3554 5380 qui
3586 5320 3675 5365 est

2085 5412 2180 5451 rex
2228 5401 2514 5468 superbia,
2559 5414 2681 5453 cum
2727 5400 2980 5455 omnibus
3016 5401 3128 5454 suis
3164 5400 3485 5473 sequacibus
3513 5399 3671 5467 quasi

2084 5487 2316 5556 quodam
2340 5486 2532 5541 divinae
2558 5489 2841 5543 sententia:
2862 5489 3039 5560 gladio
3065 5490 3221 5544 morti
3246 5499 3516 5560 perpetua:
3538 5506 3677 5543 cou-

2085 5576 2390 5630 denmatur.
2419 5576 2569 5632 Tune
2602 5593 2793 5646 nempe
2829 5579 2913 5633 ﬁet
2946 5581 3089 5649 quod
3124 5596 3221 5650 per
3244 5580 3557 5650 Apostolum
3589 5582 3674 5633 di-

2085 5671 2266 5726 citur:
2305 5686 2324 5720 ι
2362 5669 2529 5738 Quia,
2574 5686 2697 5726 cum
2745 5673 3089 5728 evacuaverit
3134 5690 3350 5728 onmem
3395 5673 3669 5743 principa-
