4058 6178
388 277 525 331 Ι(Πὸ

1688 293 1754 346 ΙΝ
1792 291 2055 350 LIBRUM
2092 289 2330 347 JOSUE.

3519 291 3665 346 1074

386 404 524 455 tum,
555 403 610 450 et
650 409 864 451 omnem
906 407 1227 469 potestatem
1271 411 1326 458 et
1362 402 1634 470 virtutem,
1676 405 1967 462 novissime
1991 413 2044 472 Α
2069 412 2194 457 sunt
2220 401 2399 465 Arius,
2429 398 2691 463 Marcion,
2715 409 2770 454 et
2790 400 3003 470 Apelles
3024 415 3250 471 altaeque
3273 387 3651 470 perversorum

385 485 603 541 inimica
633 489 944 545 destruetur
970 508 1116 548 mors
1144 493 1196 564 (1
1227 493 1350 549 Car.
1379 496 1491 566 xv).
1530 514 1552 548 ι

1015 583 1242 641 CAPUT
1282 585 1347 640 V.

702 670 770 726 In
800 690 1036 728 sermone
1065 675 1132 730 de
1158 674 1217 730 S.
1249 675 1657 732 Bartholomreo.

457 758 596 814 Area
622 776 752 816 vero
779 763 867 818 illa
893 780 960 818 ex
989 765 1411 836 imputribilibus
1438 766 1598 838 lignis
1624 764 1830 822 Sethim
1857 783 1976 840 my-

383 848 520 904 stica
550 849 727 906 fuerat
765 862 882 908 arte
913 857 1243 924 composita;
1272 872 1408 912 auro
1441 872 1657 928 quoque
1683 859 1982 928 purissimo.

386 939 782 1008 resplendebat,
839 944 986 1000 intus
1023 955 1079 1000 et
1111 947 1452 1006 extrinsecus
1494 949 1766 1004 inaurata.
1809 951 1868 1004 In
1909 960 1975 1004 ea

385 1044 602 1100 quoque
625 1041 744 1086 erat
786 1049 925 1089 urna
966 1050 1149 1101 aurea,
1181 1037 1234 1090 in
1265 1048 1372 1108 qua
1401 1054 1598 1094 manna
1631 1041 1974 1108 servabatur,

387 1120 584 1176 tabulae
624 1123 976 1181 nihilominus
1005 1125 1360 1195 Testamenti,
1391 1138 1447 1185 et
1469 1130 1619 1201 virga
1647 1113 1827 1187 Aaron
1856 1146 1977 1202 quae

383 1208 722 1267 fronduerat.
767 1212 904 1280 Quid
951 1224 1034 1270 est
1077 1227 1262 1272 autem
1297 1235 1430 1274 urna
1463 1236 1652 1286 aurea,
1702 1223 1803 1277 nisi
1847 1238 1977 1278 caro

383 1297 582 1354 Christi
619 1304 838 1367 munda,
867 1305 1058 1373 nitida,
1092 1308 1330 1374 sincera,
1371 1299 1576 1380 absque
1604 1312 1752 1367 omni
1795 1323 1979 1369 reatus

385 1391 709 1460 contagione
736 1395 1046 1462 purissima,
1069 1413 1189 1467 qua:
1209 1399 1548 1454 reconditum
1574 1401 1736 1456 habet
1757 1418 1973 1467 manna,

384 1479 685 1549 angelicum
712 1483 968 1540 videlicet
991 1501 1206 1556 panem,
1236 1488 1340 1543 hoc
1367 1497 1474 1555 est,
1501 1490 1799 1547 divinitatis
1823 1502 1980 1547 teter-

385 1585 470 1626 ηπ
501 1571 877 1630 dulcedinem?
910 1577 1040 1632 Duae
1067 1593 1194 1635 vero
1218 1579 1444 1650 lapideae
1471 1581 1667 1636 tabulae
1695 1583 1980 1638 inviolabi-

385 1661 491 1718 lem
522 1664 808 1738 utriusque
837 1667 1167 1725 Testamenti
1210 1672 1426 1742 signant
1470 1671 1807 1727 ﬁrmitatem.
1837 1673 1978 1740 Quid

387 1763 570 1808 autem
597 1756 778 1812 Aaron
811 1759 982 1830 virga,
1013 1761 1114 1816 nisi
1141 1762 1338 1817 summi
1366 1762 1480 1818 veri
1507 1763 1783 1818 Pontiﬁcis
1809 1763 1980 1818 nostri
2011 1764 2056 1824 Β

387 1846 626 1903 salutare
653 1851 906 1906 vexillum
935 1861 990 1908 et
1017 1853 1248 1909 viviﬁcae
1272 1855 1452 1910 crucis
1497 1855 1754 1925 exprimit
1795 1871 1980 1910 sacra-

385 1943 665 1996 mentum?
705 1943 834 2010 Quae
863 1945 1028 2000 etiam
1061 1947 1116 2000 in
1156 1961 1223 2001 eo
1265 1947 1408 2016 quod
1437 1947 1771 2018 germinasse
1801 1947 1982 2015 perhi-

385 2032 565 2100 betur,
608 2034 972 2105 praeﬁguravit
997 2046 1243 2092 sanctam
1270 2051 1490 2092 crucem
1514 2037 1840 2093 immortalis
1869 2023 1983 2093 meé

386 2127 575 2181 morize
605 2128 883 2184 viriditate
924 2139 1265 2186 vernantem.
1310 2131 1435 2185 llaec
1476 2138 1604 2185 sunt
1643 2139 1981 2186 sacramenta

324 2271 326 2273 ,
386 2217 708 2273 universalis
742 2219 1016 2286 Ecclesiae,
1053 2220 1170 2276 haec
1201 2221 1368 2276 etiam
1407 2221 1664 2276 salutaris
1700 2221 1984 2276 instructio

386 2307 760 2377 cujuscunque
802 2307 978 2363 ﬁdelis
1023 2309 1218 2364 animae
1257 2308 1600 2364 Christianae.
1652 2309 1806 2376 Quod
1838 2310 1981 2364 enim

387 2413 515 2453 arca
557 2414 656 2470 per
699 2400 1078 2455 adumbratam
1121 2400 1494 2470 praetendebat
1536 2401 1850 2470 imaginem,
1881 2401 1985 2455 hoc

388 2509 532 2548 nunc
563 2492 826 2558 Ecclesia,
856 2493 942 2548 vel
977 2509 1209 2563 quaaque
1246 2508 1401 2548 mens
1425 2493 1556 2563 justi
1591 2508 1688 2563 per
1717 2491 1981 2548 efﬁcacis-

386 2569 578 2640 simam
627 2592 682 2638 et
728 2592 970 2652 apertam
1019 2583 1262 2653 possidet
1305 2583 1612 2638 veritatem.
1667 2582 1792 2636 Hzec
1840 2582 1983 2636 beati

389 2674 618 2744 apostoli
647 2675 887 2746 mysticae
912 2674 1226 2729 refectionis
1247 2673 1508 2729 alimenta
1533 2674 1846 2744 portabant,
1871 2673 1985 2728 haec

388 2774 646 2835 tauquam
707 2780 902 2835 panem
969 2765 1206 2836 parvulis
1259 2767 1576 2835 exponendo
1637 2764 1982 2835 frangebant.

387 2855 524 2911 Nam
575 2867 861 2928 postquam
911 2857 1256 2928 evangelicus
1304 2857 1394 2912 ille
1439 2871 1622 2912 sermo
1669 2856 1919 2926 prorupit
1967 2873 1980 2908 :

2075 494 2353 551 hominum
2387 501 2602 563 pestes;
2634 492 2746 561 qui,
2776 491 2903 547 dum
2932 492 3369 562 philosophorum
3396 501 3574 548 sectas
3605 495 3664 548 in

2073 583 2371 640 Ecclesiam
2419 581 2601 636 conati
2644 589 2772 636 sunt
2815 581 3180 646 introducere,
3212 583 3347 637 iram
3380 584 3473 638 Dei
3519 601 3660 655 quo-

2076 672 2364 728 dammodo
2394 686 2559 744 super
2601 679 2780 727 castra
2826 671 2996 728 Israel
3024 673 3124 728 visi
3169 681 3297 729 sunt
3342 689 3660 743 provocare.

2076 763 2186 818 Sed
2217 763 2257 818 ii
2280 763 2459 818 obruti
2485 771 2613 817 sunt
2637 777 2764 817 cum
2801 762 2990 817 Achan
3035 763 3137 817 sub
3172 778 3367 818 acervo
3401 763 3659 834 lapidum,

2075 856 2202 926 quia
2232 854 2475 926 oppressi
2525 863 2652 909 sunt
2693 853 3090 909 immanissima
3133 854 3372 924 pondere
3414 864 3668 924 peccato-

2075 962 2216 1001 rum.
2241 945 2350 1000 Nos
2370 952 2573 1007 autem,
2596 945 2796 1001 fratres
2815 945 3147 1012 charissimi,
3169 945 3295 1018 quia
3325 947 3668 1018 philosophia

2075 1044 2262 1092 nostra
2283 1035 2534 1107 Christus
2558 1045 2641 1091 est
2667 1048 2722 1092 et
2749 1036 2838 1091 his
2865 1037 3178 1104 cruciﬁxus,
3205 1047 3370 1109 atque
3401 1038 3522 1093 ideo
3553 1053 3667 1093 ma-

2076 1128 2276 1198 gistros
2306 1128 2570 1183 habemus
2609 1144 2716 1182 non
2757 1137 3028 1193 oratores,
3067 1128 3162 1184 sed
3203 1130 3523 1199 piscatores,
3559 1144 3674 1184 non

2076 1228 2327 1274 versutos
2367 1227 2424 1273 et
2459 1218 2797 1289 e10quentes,
2840 1219 2934 1274 scd
2964 1219 3124 1274 mites
3155 1235 3217 1274 ac
3247 1217 3542 1289 simplices,
3575 1219 3671 1275 de-

2077 1309 2372 1378 spiciamus
2405 1310 2728 1380 sapientiam
2754 1326 2874 1380 qua:
2911 1319 3108 1376 caecat,
3139 1320 3458 1382 appetamus
3493 1311 3672 1366 stulti-

2067 1393 2352 1476 tiamqme
2377 1399 2650 1455 discentes
2681 1399 2962 1454 illuminat.
2994 1418 3014 1452 ‹
3043 1401 3178 1468 Quia
3201 1401 3366 1469 enim,
3398 1420 3416 1454 ι
3449 1410 3507 1455 ιιι
3529 1402 3671 1471 Apo-

2079 1479 2249 1544 stolus
2294 1488 2404 1550 ait,
2438 1507 2457 1540 c
2485 1502 2594 1542 non
2641 1489 2893 1560 cognovit
2939 1490 3174 1545 mundus
3217 1505 3317 1560 per
3349 1489 3673 1561 sapientiam

2083 1578 2283 1643 Deum,
2325 1578 2530 1649 placuit
2574 1596 2673 1650 per
2718 1581 3000 1636 stultitiam
3047 1583 3447 1653 praedicationis
3491 1582 3673 1639 salvos

2082 1668 2262 1726 facere
2292 1669 2577 1727 credentes
2606 1670 2661 1742 (Ι
2689 1669 2811 1726 Cor.
2843 1671 2905 1740 l).
2939 1691 2957 1724 ι

2693 1762 2923 1820 CAPUT
2961 1764 3072 1820 Vll‘.

2593 1851 2660 1905 In
2690 1853 2869 1907 eodem
2900 1871 3157 1909 sermone.

2157 1959 2176 1993 ι
2196 1940 2384 1997 Cuncti
2414 1950 2595 1998 autem
2611 1943 2919 2000 habitantes
2939 1945 3158 2002 Jcricho
3179 1947 3357 2019 gladio
3373 1951 3683 2008 trucidante

2081 2041 2503 2094 consumuntur;
2558 2033 2671 2088 sola
2724 2043 2907 2090 autem
2947 2035 3140 2091 domus
3183 2037 3334 2093 Raab
3375 2043 3679 2099 meretricis

2081 2123 2274 2188 evasit,
2291 2138 2455 2192 quam
2474 2123 2730 2180 videlicet
2753 2125 3024 2182 funiculus
3045 2129 3332 2186 coccineus
3359 2132 3412 2186 in
3437 2132 3677 2197 fenestra

2082 2211 2340 2266 discrevit
2370 2211 2508 2283 (los.
2533 2214 2634 2283 vr).
2670 2235 2690 2269 ι
2725 2217 2927 2272 Domus
2957 2227 3139 2275 autem
3170 2221 3261 2276 ilia
3294 2223 3509 2280 unicam
3542 2205 3685 2297 pra:-

2084 2299 2281 2371 ﬁgurat
2317 2300 2648 2368 Ecclesiam,
2681 2321 2803 2375 qua:
2835 2308 3119 2376 puriﬁcata
3159 2320 3240 2366 est
3276 2328 3306 2366 a
3351 2316 3682 2384 turpitudine

2084 2388 2462 2446 fornicationis
2486 2409 2584 2464 per
2610 2393 2907 2453 fenestram
2933 2399 3294 2459 confessionis
3323 2404 3375 2460 in
3402 2409 3682 2477 sanguinis

2083 2483 2424 2540 remissione.
2457 2485 2582 2542 Haec
2607 2487 2767 2558 plane
2805 2506 2834 2545 a
2867 2494 3140 2549 communi
3181 2499 3461 2564 pererratis
3491 2501 3682 2556 mundi

2083 2571 2348 2628 liberatur
2376 2576 2606 2643 excidio,
2638 2579 2764 2649 quia
2797 2580 2850 2635 in
2881 2581 3116 2640 fenestra
3148 2585 3340 2643 domus
3366 2604 3476 2644 suae
3501 2591 3684 2646 cocci-

2083 2674 2245 2716 neum
2282 2662 2416 2734 ligat
2445 2664 2767 2734 funiculum,
2806 2670 2930 2726 dum
2961 2672 3015 2727 in
3044 2689 3138 2728 ore
3173 2677 3418 2746 corporis
3447 2679 3528 2733 sui
3559 2695 3684 2750 pon-

2085 2760 2203 2808 tare
2231 2769 2338 2808 non
2377 2756 2576 2812 desinit
2605 2760 2874 2828 passionis
2903 2763 3197 2820 Dominica:
3233 2779 3631 2824 sacramentum
3666 2787 3684 2825 :

2091 2862 2110 2895 ι
2142 2842 2318 2900 Corde
2345 2847 2490 2902 enim
2529 2849 2772 2923 creditur
2798 2853 2866 2907 ad
2901 2851 3190 2920 justitiam,
3224 2871 3320 2912 ore
3345 2867 3527 2914 autem
3554 2874 3685 2915 cou-

389 2949 655 3016 Quoniam
718 2966 738 3000 c
778 2949 990 3018 aperuit
1044 2949 1150 3004 illis
1202 2964 1458 3012 sensum,
1511 2957 1571 3002 ut
1625 2946 1987 3018 intelligerent
2073 2931 2251 2990 fessio
2283 2937 2342 2989 tit
2368 2937 2437 2991 ad
2477 2937 2706 2994 salutem
2739 2939 2920 3012 (Rom.
2947 2945 3025 3012 x).
3061 2962 3082 2995 ι
3123 2943 3292 3001 Porro
3321 2956 3500 3002 autem
3539 2947 3684 3002 funi-

390 3042 700 3112 Scripturas
731 3040 882 3110 (Luc.
920 3040 1106 3111 xxiv);
1146 3059 1164 3092 ι
1199 3039 1518 3112 prophetica
1552 3039 1773 3109 querela
1804 3053 1983 3093 cessa-

2087 3024 2242 3080 cnlus
2268 3024 2357 3081 ille
2383 3027 2450 3081 ad
2485 3029 2706 3084 domum
2737 3041 2855 3087 erat
2883 3032 3103 3103 ligatus,
3135 3036 3230 3090 sed
3261 3039 3504 3092 exterius
3532 3039 3686 3094 vide-

389 3133 490 3197 vit,
514 3109 622 3203 qua
651 3133 850 3188 dicitur
887 3150 900 3187 :
945 3151 962 3184 ι
996 3109 1213 3187 Parvuli
1242 3132 1516 3204 petierunt
1544 3117 1771 3200 panem,
1790 3135 1847 3184 et
1875 3143 1980 3182 non
2010 3109 2056 3172 (ἶ
2091 3116 2422 3188 ωωνιίῖυίδ
2450 3118 2746 3176 Domini“?
2769 3124 2948 3180 CNCiS
2969 3125 3104 3181 ﬁdes
3130 3127 3183 3181 in
3207 3129 3368 3184 corde
3396 3130 3685 3195 felillelur.

390 3234 509 3280 erat
535 3225 626 3296 qui
659 3223 935 3295 frangeret
963 3225 1043 3279 eis
1069 3223 1286 3295 (Thren.
1317 3224 1450 3293 ιν).›
1483 3220 1582 3276 llic
1606 3229 1689 3276 est
1715 3220 1872 3290 panis
1898 3219 1987 3274 ille

391 3318 759 3388 quotidianus,
808 3317 964 3388 162
1014 3316 1211 3370 fratres
1252 3315 1391 3381 mei,
1433 3327 1594 3384 quem
1641 3327 1741 3367 nos
1775 3311 1989 3365 Veritas

392 3409 577 3465 docuit
628 3409 898 3463 inhianter
944 3415 1236 3476 expetere;
1283 3408 1384 3460 hoc
1428 3404 1668 3460 cmlestis
1711 3403 1990 3474 sapientiae

392 3500 672 3573 pabulum,
702 3498 846 3569 quod
874 3498 1135 3552 debemus
1160 3495 1361 3567 iugiter
1389 3494 1621 3550 esurire.

1013 3587 1241 3644 CAPUT
1281 3587 1366 3642 Vl.

801 3676 867 3733 In
897 3693 1133 3732 sermone
1160 3676 1225 3731 de
1253 3674 1312 3731 S.
1341 3675 1576 3731 Andrea.

472 3788 492 3821 ι
524 3768 615 3823 Ait
635 3767 800 3823 Josue
827 3768 894 3821 ad
920 3765 1174 3837 populum
1199 3782 1214 3820 :
1241 3764 1348 3820 Vos
1375 3775 1556 3820 autem
1586 3773 1797 3828 cavete,
1827 3779 1894 3820 ne
1923 3765 1990 3820 de

395 3858 744 3913 facultatibus
770 3856 988 3911 Jericho
1012 3855 1291 3926 quidpiam
1321 3855 1648 3926 contingatis
1676 3855 1810 3924 (los.
1835 3854 1929 3925 vt).
1967 3873 1984 3906 ι

396 3946 557 4003 Vetat
600 3955 656 4001 et
706 3955 892 4001 noster
938 3945 1115 4010 Jesus,
1160 3961 1323 4000 verus
1371 3946 1557 4014 utique
1610 3944 1879 4008 Salvator,
1931 3953 1992 3998 ut

396 4055 556 4094 nemo
586 4053 649 4092 ea
679 4053 799 4106 qua:
839 4037 1025 4090 mundi
1065 4045 1192 4091 sunt
1234 4035 1459 4106 diligat:
1495 4054 1514 4087 ι
1551 4035 1750 4100 Nolite,
1793 4036 1988 4105 inquit,

398 4131 769 4194 thesaurizare
803 4129 958 4184 vobis
988 4129 1275 4184 thesauros
1301 4129 1356 4182 in
1399 4137 1543 4183 terra
1573 4127 1790 4198 (Matth.
1820 4127 1929 4199 vt);
1965 4147 1984 4180 ι

397 4234 454 4279 et
491 4240 586 4292 per
612 4222 914 4293 apostolum
941 4237 1098 4275 suum
1131 4239 1143 4274 :
1187 4239 1206 4271 ι
1239 4220 1416 4274 Nolite
1453 4220 1680 4290 diligere
1712 4220 1990 4286 mundum,

399 4331 575 4385 neque
600 4330 664 4370 ea
691 4329 808 4384 quae
836 4313 891 4367 in
919 4312 1120 4368 mundo
1150 4319 1278 4366 sunt
1300 4310 1352 4381 (1
1373 4311 1534 4365 Joau.
1561 4309 1644 4381 ιι).
1675 4328 1694 4361 ι
1726 4309 1841 4364 Non
1864 4323 1993 4378 ergo

401 4408 468 4462 ad
494 4407 796 4476 exemplum
825 4403 1058 4460 infelicis
1087 4404 1273 4458 Acban
1307 4402 1444 4475 (los.
1471 4402 1568 4472 vn)
1590 4404 1654 4458 de
1677 4402 1990 4456 anathema-

402 4506 455 4552 te
480 4472 698 4552 Iericho
719 4493 921 4564 aliquid
948 4472 1352 4557 defraudemus,
1386 4502 1443 4546 ut
1473 4493 1723 4548 videlicet
1757 4492 1893 4546 nihil
1923 4508 1989 4547 ex
2016 4472 2070 4533 Ῑ)

403 4587 682 4642 dissolutis
708 4585 994 4640 mundanae
1018 4587 1450 4642 conversationis
1480 4586 1721 4640 moribus
1751 4585 1992 4655 discipli—

403 4680 491 4734 nis
511 4677 903 4734 ecclesiasticis
927 4675 1244 4730 inferamus.
1274 4675 1390 4730 Non
1414 4675 1724 4730 auferamus
1750 4677 1992 4746 pallium,

403 4779 464 4823 ut
503 4777 628 4840 post
676 4767 1050 4822 indumentum
1100 4767 1224 4822 ﬁdei
1266 4767 1472 4822 cultum
1524 4769 1995 4824 couversationum

407 4860 743 4914 saecularium
769 4857 1074 4912 nullatenus
1095 4858 1412 4922 induamus;
1445 4875 1551 4913 non
1575 4859 1782 4930 argenti
1811 4860 1994 4926 siclos,

399 4935 470 5008 ἰιι
493 4952 585 5022 qui
613 4960 877 5007 aeternum
903 4951 1215 5006 thesaurum
1245 4951 1298 5006 in
1323 4950 1463 5006 cmlo
1494 4951 1860 5018 recondimus,
1884 4951 2001 5007 nul-

407 5043 514 5098 lam
545 5043 898 5115 temporalem
925 5042 1209 5114 pecuniam
1252 5058 1349 5112 per
1380 5044 1734 5100 ambitionem
1761 5045 1814 5099 in
1840 5044 2001 5100 suda-

409 5135 492 5192 rio
519 5151 875 5206 reponamus;
910 5149 1016 5189 non
1045 5133 1279 5204 denique
1309 5135 1551 5205 regulam
1585 5151 1828 5200 auream,
1855 5143 1916 5189 ut
1947 5136 2001 5190 in

411 5227 710 5285 Ecclesiam
737 5228 940 5284 Christi
980 5241 1084 5282 non
1114 5237 1368 5282 accurata
1399 5227 1806 5283 introducamus
1831 5228 2004 5284 bzere-

410 5320 641 5374 ticorum
663 5318 945 5388 dogmata;
968 5332 1074 5371 non
1099 5315 1359 5370 trutinata
1381 5315 1820 5386 philosophorum
1846 5327 2004 5373 acute

413 5407 799 5479 disputantium
817 5407 1013 5464 studia.
1033 5404 1115 5459 vel
1134 5413 1415 5474 poetarum
1430 5404 1704 5460 elaborata
1724 5405 1998 5476 ﬁgmenta.

413 5497 539 5553 llaec
562 5507 644 5553 est
665 5499 810 5552 enim
835 5512 997 5552 aurea
1018 5496 1109 5551 illa
1133 5496 1337 5566 regula,
1362 5496 1547 5550 limalo
1568 5496 1821 5552 videlicet
1843 5505 2004 5565 atque

414 5590 583 5662 polito
610 5605 862 5646 sermone
897 5593 1128 5653 directa,
1160 5600 1216 5644 et
1242 5589 1389 5644 velut
1418 5605 1584 5645 aureo
1611 5588 1894 5644 luculenta:
1920 5588 2004 5643 fa-

419 5679 628 5736 cundiae
655 5680 831 5738 nitore
877 5681 1088 5737 vestita.
1133 5679 1285 5738 lianc
1327 5689 1505 5738 autem
1551 5679 1791 5753 regulam
1837 5679 2004 5737 furati

2091 3206 2249 3279 163
2305 3224 2426 3279 quae
2471 3211 2586 3265 oris
2640 3212 2984 3270 confessione
3033 3217 3386 3287 depromitur.
3443 3220 3688 3290 Reliquis

2087 3299 2304 3369 quidem
2335 3301 2708 3370 pereuntibus,
2739 3318 2930 3360 omnes
2958 3309 3052 3376 qui
3085 3307 3140 3363 in
3173 3309 3334 3365 domo
3365 3310 3454 3366 illa
3485 3313 3687 3382 reperti

2090 3400 2216 3444 sunt
2243 3392 2438 3447 mortis
2463 3404 2685 3449 evasere
2711 3395 3047 3464 periculum;
3081 3400 3207 3470 quia
3241 3401 3382 3456 sicut
3415 3404 3552 3458 intra
3585 3405 3688 3460 Ec-
3765 3426 3788 3434 θ

2091 3483 2311 3539 clesiam
2343 3499 2534 3542 omnes
2562 3485 2846 3542 salvantur
2878 3487 3060 3554 electi,
3097 3492 3169 3545 ita
3198 3501 3354 3547 extra
3385 3493 3687 3552 Ecclesiam

2089 3589 2251 3630 nemo
2276 3576 2476 3645 poterit
2503 3575 2686 3634 salvus
2721 3579 2977 3636 inveniri.
3022 3579 3128 3637 Sed
3159 3581 3394 3640 fortasse
3421 3587 3686 3656 quaeritur

2090 3665 2445 3734 quomodoet
2482 3680 2630 3730 arca,
2657 3682 2778 3736 qua:
2805 3670 2995 3725 urbem
3025 3670 3356 3728 circumiens
3379 3675 3686 3742 obsidebat,

2091 3767 2146 3814 et
2194 3759 2386 3841 domus
2433 3759 2606 3825 Raab,
2657 3775 2777 3830 qua:
2826 3763 2996 3832 ipsius
3044 3766 3316 3822 moenibus
3364 3768 3687 3837 inhaerebat,

2092 3859 2321 3921 utraque
2348 3852 2604 3907 nimirum
2632 3867 2721 3908 res
2747 3870 2909 3909 unam
2937 3856 3186 3928 designet
3213 3858 3538 3926 Ecclesiam,
3563 3877 3687 3918 cum

2093 3955 2221 3994 arca
2249 3939 2500 3995 videlicet
2540 3940 2788 3998 obsideat
2831 3953 2885 3998 et
2926 3955 3229 4017 expugnet,
3276 3948 3468 4006 domus
3509 3959 3691 4007 autem

2093 4031 2345 4086 videatur
2364 4030 2623 4087 obsessa?
2648 4032 2756 4090 Sed
2783 4034 2900 4090 haec
2925 4038 3153 4106 quaestio
3180 4037 3341 4094 facile
3367 4041 3614 4106 solvitur,
3645 4042 3694 4097 si

2096 4121 2149 4175 in
2177 4119 2437 4176 membris
2457 4121 2734 4190 Ecclesia),
2749 4139 2870 4194 quae
2892 4126 2962 4181 sit
2980 4127 3288 4191 diversitas,
3314 4131 3586 4186 subtiliter
3606 4141 3692 4186 at-

2096 4214 2366 4269 tendatur.
2397 4213 2640 4270 Ecclesia
2664 4231 2900 4286 namque
2924 4230 3197 4290 expugnat
3219 4221 3541 4290 E'cclesiam,
3567 4239 3694 4279 cum

2094 4304 2505 4374 praedicatores,
2555 4305 2802 4376 magistri
2848 4316 2904 4362 et
2949 4309 3198 4379 discipuli
3241 4312 3594 4382 prazsidentes
3639 4322 3696 4368 et

2095 4398 2534 4468 obtemperantes
2577 4414 2645 4454 ex
2685 4415 2794 4455 uno
2835 4400 3035 4457 divina:
3077 4405 3507 4474 regenerationis
3540 4405 3692 4462 fbnte

2097 4490 2410 4559 procedere,
2443 4507 2611 4546 unum
2652 4491 2886 4562 denique
2925 4508 3122 4564 corpus
3150 4495 3406 4552 Ecclesia:
3439 4507 3697 4568 tanquam.

2099 4580 2314 4636 diversa
2347 4581 2636 4636 videantur
2674 4583 2918 4638 membra
2949 4584 3244 4653 complere.
3291 4585 3390 4640 Cui
3437 4589 3694 4642 nimirum

2099 4673 2355 4729 Ecclesiae
2380 4690 2476 4744 per
2502 4674 2846 4729 Psalmistam
2871 4675 3070 4730 dicitur
3096 4694 3111 4729 :
3146 4695 3164 4728 ς
3193 4676 3300 4732 Pro
3323 4679 3567 4747 patribus
3593 4680 3699 4734 tuis

2099 4767 2209 4819 nati
2248 4774 2375 4820 sunt
2413 4765 2508 4819 tibi
2538 4765 2632 4837 ﬁlii
2664 4765 2843 4836 (Psal.
2873 4766 3056 4838 thv);
3086 4786 3105 4819 ι
3148 4768 3250 4837 ipsi
3283 4784 3415 4823 sane
3442 4771 3696 4838 apostoli,

2099 4857 2194 4925 qui
2213 4857 2280 4910 ad
2303 4855 2623 4925 capiendam
2653 4857 2904 4911 humanm
2928 4857 3194 4927 superbiae
3220 4857 3439 4913 Jcricho
3472 4868 3578 4912 tam
3603 4877 3698 4914 va—

2100 4945 2230 5009 lida,
2264 4952 2372 4998 tam
2421 4944 2645 4999 robusta
2689 4945 2948 5000 fulminea
2979 4946 3426 5016 praedicationum
3473 4963 3696 5003 suarum

2097 5034 2275 5106 jacula
2306 5044 2640 5098 contorsere,
2667 5035 2829 5091 unius
2853 5033 3203 5107 ejusdemque
3232 5036 3492 5091 Ecclesiae
3518 5045 3575 5092 et
3599 5053 3696 5108 pa-

2105 5136 2218 5182 tres
2241 5124 2641 5196 quodammodo
2675 5126 2931 5182 videntur
2959 5136 3017 5182 et
3042 5127 3163 5193 ﬁlii,
3191 5126 3286 5182 ﬁlii
3318 5126 3570 5182 videlicet
3598 5143 3698 5198 pa-

2107 5221 2473 5277 triarcharum
2516 5228 2571 5276 et
2619 5221 3044 5292 prophetarum,
3090 5230 3274 5291 patres
3320 5235 3451 5275 vero
3502 5221 3697 5276 subse-

2107 5313 2388 5382 quentium
2415 5311 2660 5368 omnium
2689 5312 2945 5382 deinceps
2975 5311 3290 5367 electorum.

2181 5402 2318 5458 llinc
2339 5411 2424 5458 est
2443 5402 2589 5457 enim
2611 5402 2756 5472 quod
2786 5401 2954 5473 Moysi
2982 5403 3162 5457 divina
3188 5417 3320 5457 voce
3350 5403 3696 5475 praecipitur:

2115 5512 2134 5545 ι
2169 5493 2240 5550 Ut
2264 5503 2320 5550 et
2346 5495 2503 5550 bases
2532 5504 2821 5565 argenteas
2851 5493 3065 5560 fundat,
3091 5502 3147 5548 et
3178 5493 3387 5550 tabulas
3420 5496 3698 5552 inauratas

2111 5589 2343 5658 desuper
2362 5589 2536 5660 erigat
2557 5587 2753 5657 (Exod.
2784 5590 2957 5656 xxvr).
2994 5606 3013 5640 ι
3048 5585 3390 5653 Quidautem
3423 5603 3517 5659 per
3539 5591 3701 5644 bases

2113 5689 2415 5752 argenteas,
2450 5679 2557 5736 nisi
2603 5679 2990 5750 prophetarum
3039 5679 3251 5736 videtur
3292 5679 3427 5734 ordo
3470 5678 3700 5748 signari,
