  <div class='ocr_page' id='page_1' title='image "/cluster/home/n/w/nwhite01/storage/ocr_20150623/145/hvd.32044048207542/545.png"; bbox 0 0 4058 6178; ppageno 0'>
   <div class='ocr_carea' id='block_1_1' title="bbox 491 333 632 390">
    <p class='ocr_par' dir='ltr' id='par_1_1' title="bbox 491 333 632 390">
     <span class='ocr_line' id='line_1_1' title="bbox 491 333 632 390; baseline 0.007 -1"><span class='ocrx_word' id='word_1_1' title='bbox 491 333 632 390; x_wconf 72' lang='grc'><strong>1075</strong></span> 
     </span>
    </p>
   </div>
   <div class='ocr_carea' id='block_1_2' title="bbox 1375 322 2832 388">
    <p class='ocr_par' dir='ltr' id='par_1_2' title="bbox 1375 322 2832 388">
     <span class='ocr_line' id='line_1_2' title="bbox 1375 322 2832 388; baseline -0.005 0"><span class='ocrx_word' id='word_1_2' title='bbox 1375 329 1871 388; x_wconf 77' lang='lat' dir='ltr'><strong>COLLECTANEA</strong></span> <span class='ocrx_word' id='word_1_3' title='bbox 1911 326 1980 383; x_wconf 82' lang='lat' dir='ltr'><strong>IN</strong></span> <span class='ocrx_word' id='word_1_4' title='bbox 2018 323 2249 384; x_wconf 77' lang='lat' dir='ltr'><strong>VETUS</strong></span> <span class='ocrx_word' id='word_1_5' title='bbox 2288 322 2832 383; x_wconf 75' lang='lat' dir='ltr'><strong>TESTMIENTUM.</strong></span> 
     </span>
    </p>
   </div>
   <div class='ocr_carea' id='block_1_3' title="bbox 3630 332 3773 388">
    <p class='ocr_par' dir='ltr' id='par_1_3' title="bbox 3630 332 3773 388">
     <span class='ocr_line' id='line_1_3' title="bbox 3630 332 3773 388; baseline -0.007 0"><span class='ocrx_word' id='word_1_6' title='bbox 3630 333 3654 388; x_wconf 73' lang='grc' dir='ltr'><strong>Ι</strong></span> <span class='ocrx_word' id='word_1_7' title='bbox 3665 332 3773 387; x_wconf 86' lang='grc'><strong>076</strong></span> 
     </span>
    </p>
   </div>
   <div class='ocr_carea' id='block_1_4' title="bbox 489 441 3768 519">
    <p class='ocr_par' dir='ltr' id='par_1_4' title="bbox 489 441 3768 519">
     <span class='ocr_line' id='line_1_4' title="bbox 489 441 3768 519; baseline 0.001 -20"><span class='ocrx_word' id='word_1_8' title='bbox 489 450 581 518; x_wconf 84' lang='lat' dir='ltr'><strong>qni</strong></span> <span class='ocrx_word' id='word_1_9' title='bbox 609 448 735 503; x_wconf 88' lang='lat' dir='ltr'><strong>dum</strong></span> <span class='ocrx_word' id='word_1_10' title='bbox 767 447 926 519; x_wconf 85' lang='lat' dir='ltr'><strong>primi</strong></span> <span class='ocrx_word' id='word_1_11' title='bbox 961 446 1026 503; x_wconf 89' lang='lat' dir='ltr'><strong>de</strong></span> <span class='ocrx_word' id='word_1_12' title='bbox 1052 454 1394 517; x_wconf 85' lang='lat' dir='ltr'><strong>sacramento</strong></span> <span class='ocrx_word' id='word_1_13' title='bbox 1424 444 1682 501; x_wconf 80' lang='lat' dir='ltr'><strong>Ecclesiae</strong></span> <span class='ocrx_word' id='word_1_14' title='bbox 1716 452 1842 500; x_wconf 91' lang='lat' dir='ltr'><strong>sunt</strong></span> <span class='ocrx_word' id='word_1_15' title='bbox 1882 443 2071 509; x_wconf 92' lang='lat' dir='ltr'><strong>locuti,</strong></span> <span class='ocrx_word' id='word_1_16' title='bbox 2102 446 2150 505; x_wconf 74' lang='grc' dir='ltr'>Α</span> <span class='ocrx_word' id='word_1_17' title='bbox 2176 441 2416 509; x_wconf 86' lang='lat' dir='ltr'><strong>Iericho,</strong></span> <span class='ocrx_word' id='word_1_18' title='bbox 2448 457 2571 514; x_wconf 68' lang='lat' dir='ltr'><strong>qua:</strong></span> <span class='ocrx_word' id='word_1_19' title='bbox 2611 444 2663 498; x_wconf 91' lang='lat' dir='ltr'><strong>iu</strong></span> <span class='ocrx_word' id='word_1_20' title='bbox 2691 444 2874 498; x_wconf 78' lang='lat' dir='ltr'><strong>(unum</strong></span> <span class='ocrx_word' id='word_1_21' title='bbox 2911 442 3160 509; x_wconf 88' lang='lat' dir='ltr'><strong>vertitur,</strong></span> <span class='ocrx_word' id='word_1_22' title='bbox 3191 442 3309 500; x_wconf 60' lang='lat' dir='ltr'><strong>hac</strong></span> <span class='ocrx_word' id='word_1_23' title='bbox 3335 443 3447 501; x_wconf 85' lang='lat' dir='ltr'><strong>vita</strong></span> <span class='ocrx_word' id='word_1_24' title='bbox 3487 445 3768 518; x_wconf 77' lang='lat' dir='ltr'><strong>signatur,</strong></span> 
     </span>
    </p>
   </div>
   <div class='ocr_carea' id='block_1_5' title="bbox 488 535 2077 611">
    <p class='ocr_par' dir='ltr' id='par_1_5' title="bbox 488 535 2077 611">
     <span class='ocr_line' id='line_1_5' title="bbox 488 535 2077 611; baseline -0.003 -18"><span class='ocrx_word' id='word_1_25' title='bbox 488 539 642 608; x_wconf 87' lang='lat' dir='ltr'><strong>quasi</strong></span> <span class='ocrx_word' id='word_1_26' title='bbox 675 540 935 611; x_wconf 90' lang='lat' dir='ltr'><strong>quasdam</strong></span> <span class='ocrx_word' id='word_1_27' title='bbox 979 538 1139 594; x_wconf 82' lang='lat' dir='ltr'><strong>bases</strong></span> <span class='ocrx_word' id='word_1_28' title='bbox 1181 550 1275 593; x_wconf 93' lang='lat' dir='ltr'><strong>eos</strong></span> <span class='ocrx_word' id='word_1_29' title='bbox 1303 537 1598 607; x_wconf 85' lang='lat' dir='ltr'><strong>aspicimus</strong></span> <span class='ocrx_word' id='word_1_30' title='bbox 1644 550 1673 591; x_wconf 90' lang='lat' dir='ltr'><strong>a</strong></span> <span class='ocrx_word' id='word_1_31' title='bbox 1724 535 2077 590; x_wconf 89' lang='lat' dir='ltr'><strong>fundamento</strong></span> 
     </span>
    </p>
   </div>
   <div class='ocr_carea' id='block_1_6' title="bbox 2182 535 3770 612">
    <p class='ocr_par' dir='ltr' id='par_1_6' title="bbox 2182 535 3770 612">
     <span class='ocr_line' id='line_1_6' title="bbox 2182 535 3770 612; baseline 0.004 -22"><span class='ocrx_word' id='word_1_32' title='bbox 2182 535 2270 592; x_wconf 89' lang='lat' dir='ltr'><strong>ille</strong></span> <span class='ocrx_word' id='word_1_33' title='bbox 2292 538 2565 593; x_wconf 89' lang='lat' dir='ltr'><strong>civitatem</strong></span> <span class='ocrx_word' id='word_1_34' title='bbox 2590 538 2809 594; x_wconf 85' lang='lat' dir='ltr'><strong>Iericho</strong></span> <span class='ocrx_word' id='word_1_35' title='bbox 2841 538 2893 593; x_wconf 91' lang='lat' dir='ltr'><strong>in</strong></span> <span class='ocrx_word' id='word_1_36' title='bbox 2918 538 3276 610; x_wconf 88' lang='lat' dir='ltr'><strong>primogenito</strong></span> <span class='ocrx_word' id='word_1_37' title='bbox 3303 553 3405 595; x_wconf 89' lang='lat' dir='ltr'><strong>suo</strong></span> <span class='ocrx_word' id='word_1_38' title='bbox 3429 542 3655 597; x_wconf 87' lang='lat' dir='ltr'><strong>suscitat</strong></span> <span class='ocrx_word' id='word_1_39' title='bbox 3674 542 3770 612; x_wconf 92' lang='lat' dir='ltr'><strong>qui</strong></span> 
     </span>
    </p>
   </div>
   <div class='ocr_carea' id='block_1_7' title="bbox 491 625 3767 704">
    <p class='ocr_par' dir='ltr' id='par_1_7' title="bbox 491 625 3767 704">
     <span class='ocr_line' id='line_1_7' title="bbox 491 625 3767 704; baseline 0.001 -22"><span class='ocrx_word' id='word_1_40' title='bbox 491 647 819 701; x_wconf 66' lang='lat' dir='ltr'><strong>consurgere</strong></span> <span class='ocrx_word' id='word_1_41' title='bbox 838 639 889 685; x_wconf 93' lang='lat' dir='ltr'><strong>et</strong></span> <span class='ocrx_word' id='word_1_42' title='bbox 910 626 1248 701; x_wconf 87' lang='lat' dir='ltr'><strong>superposita</strong></span> <span class='ocrx_word' id='word_1_43' title='bbox 1274 627 1492 684; x_wconf 71' lang='lat' dir='ltr'><strong>fabrica:</strong></span> <span class='ocrx_word' id='word_1_44' title='bbox 1512 629 1749 700; x_wconf 85' lang='lat' dir='ltr'><strong>pondera</strong></span> <span class='ocrx_word' id='word_1_45' title='bbox 1770 625 2077 683; x_wconf 68' lang='lat' dir='ltr'><strong>sustinuere?</strong></span> <span class='ocrx_word' id='word_1_46' title='bbox 2178 627 2318 683; x_wconf 88' lang='lat' dir='ltr'><strong>bona</strong></span> <span class='ocrx_word' id='word_1_47' title='bbox 2348 630 2631 698; x_wconf 74' lang='lat' dir='ltr'><strong>prmsentis</strong></span> <span class='ocrx_word' id='word_1_48' title='bbox 2663 630 2786 685; x_wconf 63' lang='lat' dir='ltr'><strong>vitae</strong></span> <span class='ocrx_word' id='word_1_49' title='bbox 2814 628 3188 700; x_wconf 85' lang='lat' dir='ltr'><strong>principaliter</strong></span> <span class='ocrx_word' id='word_1_50' title='bbox 3214 640 3381 704; x_wconf 81' lang='lat' dir='ltr'><strong>amat.</strong></span> <span class='ocrx_word' id='word_1_51' title='bbox 3411 631 3479 685; x_wconf 84' lang='lat' dir='ltr'><strong>Et</strong></span> <span class='ocrx_word' id='word_1_52' title='bbox 3506 632 3631 702; x_wconf 90' lang='lat' dir='ltr'><strong>quia</strong></span> <span class='ocrx_word' id='word_1_53' title='bbox 3658 632 3767 687; x_wconf 79' lang='lat' dir='ltr'><strong>Ve-</strong></span> 
     </span>
    </p>
   </div>
   <div class='ocr_carea' id='block_1_8' title="bbox 490 717 2074 791">
    <p class='ocr_par' dir='ltr' id='par_1_8' title="bbox 490 717 2074 791">
     <span class='ocr_line' id='line_1_8' title="bbox 490 717 2074 791; baseline -0.001 -17"><span class='ocrx_word' id='word_1_54' title='bbox 490 717 627 788; x_wconf 84' lang='lat' dir='ltr'><strong>Qnid</strong></span> <span class='ocrx_word' id='word_1_55' title='bbox 655 736 782 776; x_wconf 89' lang='lat' dir='ltr'><strong>vero</strong></span> <span class='ocrx_word' id='word_1_56' title='bbox 825 736 923 791; x_wconf 87' lang='lat' dir='ltr'><strong>per</strong></span> <span class='ocrx_word' id='word_1_57' title='bbox 966 718 1199 785; x_wconf 90' lang='lat' dir='ltr'><strong>tabulas,</strong></span> <span class='ocrx_word' id='word_1_58' title='bbox 1245 720 1347 774; x_wconf 90' lang='lat' dir='ltr'><strong>nisi</strong></span> <span class='ocrx_word' id='word_1_59' title='bbox 1395 717 1568 775; x_wconf 87' lang='lat' dir='ltr'><strong>sancti</strong></span> <span class='ocrx_word' id='word_1_60' title='bbox 1602 720 1905 789; x_wconf 84' lang='lat' dir='ltr'><strong>ﬁgurantur</strong></span> <span class='ocrx_word' id='word_1_61' title='bbox 1947 732 2074 789; x_wconf 85' lang='lat' dir='ltr'><strong>apo-</strong></span> 
     </span>
    </p>
   </div>
   <div class='ocr_carea' id='block_1_9' title="bbox 488 806 2073 881">
    <p class='ocr_par' dir='ltr' id='par_1_9' title="bbox 488 806 2073 881">
     <span class='ocr_line' id='line_1_9' title="bbox 488 806 2073 881; baseline -0.002 -15"><span class='ocrx_word' id='word_1_62' title='bbox 488 811 634 874; x_wconf 87' lang='lat' dir='ltr'><strong>stoli,</strong></span> <span class='ocrx_word' id='word_1_63' title='bbox 681 806 771 881; x_wconf 86' lang='lat' dir='ltr'><strong>qui</strong></span> <span class='ocrx_word' id='word_1_64' title='bbox 818 820 1038 865; x_wconf 75' lang='lat' dir='ltr'><strong>extensa</strong></span> <span class='ocrx_word' id='word_1_65' title='bbox 1087 826 1185 881; x_wconf 92' lang='lat' dir='ltr'><strong>per</strong></span> <span class='ocrx_word' id='word_1_66' title='bbox 1226 811 1482 865; x_wconf 91' lang='lat' dir='ltr'><strong>mundum</strong></span> <span class='ocrx_word' id='word_1_67' title='bbox 1526 809 1906 881; x_wconf 60' lang='lat' dir='ltr'><strong>praedicatione</strong></span> <span class='ocrx_word' id='word_1_68' title='bbox 1947 817 2073 865; x_wconf 89' lang='lat' dir='ltr'><strong>sunt</strong></span> 
     </span>
    </p>
   </div>
   <div class='ocr_carea' id='block_1_10' title="bbox 486 884 2067 972">
    <p class='ocr_par' dir='ltr' id='par_1_10' title="bbox 486 884 2067 972">
     <span class='ocr_line' id='line_1_10' title="bbox 486 884 2067 972; baseline 0 -18"><span class='ocrx_word' id='word_1_69' title='bbox 486 884 825 972; x_wconf 77' lang='lat' dir='ltr'><strong>amplissime</strong></span> <span class='ocrx_word' id='word_1_70' title='bbox 845 901 1088 956; x_wconf 87' lang='lat' dir='ltr'><strong>dilatati?</strong></span> <span class='ocrx_word' id='word_1_71' title='bbox 1130 901 1508 972; x_wconf 79' lang='lat' dir='ltr'><strong>Apostolorum</strong></span> <span class='ocrx_word' id='word_1_72' title='bbox 1539 914 1771 971; x_wconf 83' lang='lat' dir='ltr'><strong>namque</strong></span> <span class='ocrx_word' id='word_1_73' title='bbox 1800 900 2067 967; x_wconf 84' lang='lat' dir='ltr'><strong>doctrina,</strong></span> 
     </span>
    </p>
   </div>
   <div class='ocr_carea' id='block_1_11' title="bbox 481 989 2071 1063">
    <p class='ocr_par' dir='ltr' id='par_1_11' title="bbox 481 989 2071 1063">
     <span class='ocr_line' id='line_1_11' title="bbox 481 989 2071 1063; baseline 0 -18"><span class='ocrx_word' id='word_1_74' title='bbox 481 993 635 1061; x_wconf 88' lang='lat' dir='ltr'><strong>quasi</strong></span> <span class='ocrx_word' id='word_1_75' title='bbox 666 992 989 1062; x_wconf 86' lang='lat' dir='ltr'><strong>quibusdam</strong></span> <span class='ocrx_word' id='word_1_76' title='bbox 1035 991 1255 1048; x_wconf 88' lang='lat' dir='ltr'><strong>basibus</strong></span> <span class='ocrx_word' id='word_1_77' title='bbox 1298 991 1623 1063; x_wconf 63' lang='lat' dir='ltr'><strong>prophetica!</strong></span> <span class='ocrx_word' id='word_1_78' title='bbox 1667 989 2071 1063; x_wconf 53' lang='lat' dir='ltr'><strong>praedicationis</strong></span> 
     </span>
    </p>
   </div>
   <div class='ocr_carea' id='block_1_12' title="bbox 484 1080 2071 1154">
    <p class='ocr_par' dir='ltr' id='par_1_12' title="bbox 484 1080 2071 1154">
     <span class='ocr_line' id='line_1_12' title="bbox 484 1080 2071 1154; baseline -0.001 -16"><span class='ocrx_word' id='word_1_79' title='bbox 484 1080 764 1149; x_wconf 81' lang='lat' dir='ltr'><strong>innititur,</strong></span> <span class='ocrx_word' id='word_1_80' title='bbox 797 1097 1097 1154; x_wconf 88' lang='lat' dir='ltr'><strong>eorumque</strong></span> <span class='ocrx_word' id='word_1_81' title='bbox 1139 1085 1462 1139; x_wconf 88' lang='lat' dir='ltr'><strong>auctoritate</strong></span> <span class='ocrx_word' id='word_1_82' title='bbox 1489 1084 1553 1138; x_wconf 92' lang='lat' dir='ltr'><strong>ad</strong></span> <span class='ocrx_word' id='word_1_83' title='bbox 1581 1092 1755 1138; x_wconf 89' lang='lat' dir='ltr'><strong>status</strong></span> <span class='ocrx_word' id='word_1_84' title='bbox 1785 1083 1866 1137; x_wconf 92' lang='lat' dir='ltr'><strong>sui</strong></span> <span class='ocrx_word' id='word_1_85' title='bbox 1903 1083 2071 1137; x_wconf 84' lang='lat' dir='ltr'><strong>robur</strong></span> 
     </span>
    </p>
   </div>
   <div class='ocr_carea' id='block_1_13' title="bbox 480 1170 2068 1248">
    <p class='ocr_par' dir='ltr' id='par_1_13' title="bbox 480 1170 2068 1248">
     <span class='ocr_line' id='line_1_13' title="bbox 480 1170 2068 1248; baseline -0.002 -17"><span class='ocrx_word' id='word_1_86' title='bbox 480 1174 710 1233; x_wconf 92' lang='lat' dir='ltr'><strong>ﬁrmiter</strong></span> <span class='ocrx_word' id='word_1_87' title='bbox 736 1176 1019 1234; x_wconf 80' lang='lat' dir='ltr'><strong>solidatur.</strong></span> <span class='ocrx_word' id='word_1_88' title='bbox 1053 1174 1208 1235; x_wconf 86' lang='lat' dir='ltr'><strong>Unde</strong></span> <span class='ocrx_word' id='word_1_89' title='bbox 1243 1187 1297 1232; x_wconf 90' lang='lat' dir='ltr'><strong>et</strong></span> <span class='ocrx_word' id='word_1_90' title='bbox 1332 1175 1635 1248; x_wconf 71' lang='lat' dir='ltr'><strong>conjuncta:</strong></span> <span class='ocrx_word' id='word_1_91' title='bbox 1663 1170 1802 1231; x_wconf 73' lang='lat' dir='ltr'><strong>bina:</strong></span> <span class='ocrx_word' id='word_1_92' title='bbox 1828 1175 1988 1231; x_wconf 83' lang='lat' dir='ltr'><strong>bases</strong></span> <span class='ocrx_word' id='word_1_93' title='bbox 2013 1174 2068 1229; x_wconf 94' lang='lat' dir='ltr'><strong>in</strong></span> 
     </span>
    </p>
   </div>
   <div class='ocr_carea' id='block_1_14' title="bbox 479 1269 2068 1342">
    <p class='ocr_par' dir='ltr' id='par_1_14' title="bbox 479 1269 2068 1342">
     <span class='ocr_line' id='line_1_14' title="bbox 479 1269 2068 1342; baseline 0 -18"><span class='ocrx_word' id='word_1_94' title='bbox 479 1271 708 1340; x_wconf 73' lang='lat' dir='ltr'><strong>singulis</strong></span> <span class='ocrx_word' id='word_1_95' title='bbox 751 1269 948 1327; x_wconf 89' lang='lat' dir='ltr'><strong>tabulis</strong></span> <span class='ocrx_word' id='word_1_96' title='bbox 996 1280 1400 1342; x_wconf 90' lang='lat' dir='ltr'><strong>supponuntur,</strong></span> <span class='ocrx_word' id='word_1_97' title='bbox 1448 1269 1594 1340; x_wconf 90' lang='lat' dir='ltr'><strong>quia,</strong></span> <span class='ocrx_word' id='word_1_98' title='bbox 1618 1269 1744 1324; x_wconf 90' lang='lat' dir='ltr'><strong>dum</strong></span> <span class='ocrx_word' id='word_1_99' title='bbox 1791 1269 2068 1339; x_wconf 76' lang='lat' dir='ltr'><strong>propheta:</strong></span> 
     </span>
    </p>
   </div>
   <div class='ocr_carea' id='block_1_15' title="bbox 477 1358 2068 1417">
    <p class='ocr_par' dir='ltr' id='par_1_15' title="bbox 477 1358 2068 1417">
     <span class='ocr_line' id='line_1_15' title="bbox 477 1358 2068 1417; baseline -0.001 -2"><span class='ocrx_word' id='word_1_100' title='bbox 477 1362 652 1416; x_wconf 86' lang='lat' dir='ltr'><strong>sancti</strong></span> <span class='ocrx_word' id='word_1_101' title='bbox 695 1360 747 1416; x_wconf 92' lang='lat' dir='ltr'><strong>in</strong></span> <span class='ocrx_word' id='word_1_102' title='bbox 780 1362 959 1417; x_wconf 86' lang='lat' dir='ltr'><strong>verbis</strong></span> <span class='ocrx_word' id='word_1_103' title='bbox 989 1360 1102 1416; x_wconf 88' lang='lat' dir='ltr'><strong>suis</strong></span> <span class='ocrx_word' id='word_1_104' title='bbox 1139 1360 1369 1416; x_wconf 75' lang='lat' dir='ltr'><strong>invicem</strong></span> <span class='ocrx_word' id='word_1_105' title='bbox 1411 1358 1476 1417; x_wconf 90' lang='lat' dir='ltr'><strong>de</strong></span> <span class='ocrx_word' id='word_1_106' title='bbox 1503 1359 1699 1415; x_wconf 82' lang='lat' dir='ltr'><strong>futurae</strong></span> <span class='ocrx_word' id='word_1_107' title='bbox 1728 1366 1857 1415; x_wconf 91' lang='lat' dir='ltr'><strong>tunc</strong></span> <span class='ocrx_word' id='word_1_108' title='bbox 1883 1358 2068 1415; x_wconf 87' lang='lat' dir='ltr'><strong>Eccle-</strong></span> 
     </span>
    </p>
   </div>
   <div class='ocr_carea' id='block_1_16' title="bbox 475 1450 2067 1523">
    <p class='ocr_par' dir='ltr' id='par_1_16' title="bbox 475 1450 2067 1523">
     <span class='ocr_line' id='line_1_16' title="bbox 475 1450 2067 1523; baseline -0.001 -14"><span class='ocrx_word' id='word_1_109' title='bbox 475 1453 570 1509; x_wconf 75' lang='lat' dir='ltr'><strong>sia:</strong></span> <span class='ocrx_word' id='word_1_110' title='bbox 596 1463 939 1509; x_wconf 88' lang='lat' dir='ltr'><strong>sacramento</strong></span> <span class='ocrx_word' id='word_1_111' title='bbox 978 1450 1333 1519; x_wconf 89' lang='lat' dir='ltr'><strong>concordant,</strong></span> <span class='ocrx_word' id='word_1_112' title='bbox 1371 1454 1765 1523; x_wconf 87' lang='lat' dir='ltr'><strong>subscquentes</strong></span> <span class='ocrx_word' id='word_1_113' title='bbox 1794 1450 2067 1523; x_wconf 89' lang='lat' dir='ltr'><strong>apostolos</strong></span> 
     </span>
    </p>
   </div>
   <div class='ocr_carea' id='block_1_17' title="bbox 474 1542 2065 1614">
    <p class='ocr_par' dir='ltr' id='par_1_17' title="bbox 474 1542 2065 1614">
     <span class='ocr_line' id='line_1_17' title="bbox 474 1542 2065 1614; baseline 0.002 -18"><span class='ocrx_word' id='word_1_114' title='bbox 474 1542 803 1599; x_wconf 73' lang='lat' dir='ltr'><strong>aedificantes</strong></span> <span class='ocrx_word' id='word_1_115' title='bbox 831 1543 1129 1610; x_wconf 64' lang='lat' dir='ltr'><strong>aediﬁcant;</strong></span> <span class='ocrx_word' id='word_1_116' title='bbox 1164 1552 1218 1599; x_wconf 92' lang='lat' dir='ltr'><strong>et</strong></span> <span class='ocrx_word' id='word_1_117' title='bbox 1253 1559 1373 1599; x_wconf 92' lang='lat' dir='ltr'><strong>cum</strong></span> <span class='ocrx_word' id='word_1_118' title='bbox 1414 1558 1443 1598; x_wconf 90' lang='lat' dir='ltr'><strong>a</strong></span> <span class='ocrx_word' id='word_1_119' title='bbox 1476 1542 1784 1614; x_wconf 88' lang='lat' dir='ltr'><strong>semetipsis</strong></span> <span class='ocrx_word' id='word_1_120' title='bbox 1822 1543 1877 1597; x_wconf 93' lang='lat' dir='ltr'><strong>in</strong></span> <span class='ocrx_word' id='word_1_121' title='bbox 1918 1542 2065 1599; x_wconf 84' lang='lat' dir='ltr'><strong>nullo</strong></span> 
     </span>
    </p>
   </div>
   <div class='ocr_carea' id='block_1_18' title="bbox 471 1630 2061 1705">
    <p class='ocr_par' dir='ltr' id='par_1_18' title="bbox 471 1630 2061 1705">
     <span class='ocr_line' id='line_1_18' title="bbox 471 1630 2061 1705; baseline 0 -18"><span class='ocrx_word' id='word_1_122' title='bbox 471 1630 818 1699; x_wconf 88' lang='lat' dir='ltr'><strong>dissentiunt,</strong></span> <span class='ocrx_word' id='word_1_123' title='bbox 849 1633 967 1687; x_wconf 94' lang='lat' dir='ltr'><strong>illos</strong></span> <span class='ocrx_word' id='word_1_124' title='bbox 1010 1633 1062 1688; x_wconf 91' lang='lat' dir='ltr'><strong>in</strong></span> <span class='ocrx_word' id='word_1_125' title='bbox 1106 1648 1165 1689; x_wconf 91' lang='lat' dir='ltr'><strong>se</strong></span> <span class='ocrx_word' id='word_1_126' title='bbox 1198 1634 1471 1689; x_wconf 90' lang='lat' dir='ltr'><strong>robustius</strong></span> <span class='ocrx_word' id='word_1_127' title='bbox 1497 1633 1686 1705; x_wconf 82' lang='lat' dir='ltr'><strong>ﬁgunt.</strong></span> <span class='ocrx_word' id='word_1_128' title='bbox 1731 1630 1843 1689; x_wconf 83' lang='lat' dir='ltr'><strong>Nec</strong></span> <span class='ocrx_word' id='word_1_129' title='bbox 1870 1634 2061 1688; x_wconf 89' lang='lat' dir='ltr'><strong>imme-</strong></span> 
     </span>
    </p>
   </div>
   <div class='ocr_carea' id='block_1_19' title="bbox 470 1724 2062 1796">
    <p class='ocr_par' dir='ltr' id='par_1_19' title="bbox 470 1724 2062 1796">
     <span class='ocr_line' id='line_1_19' title="bbox 470 1724 2062 1796; baseline 0 -18"><span class='ocrx_word' id='word_1_130' title='bbox 470 1724 580 1780; x_wconf 86' lang='lat' dir='ltr'><strong>rito</strong></span> <span class='ocrx_word' id='word_1_131' title='bbox 626 1726 807 1790; x_wconf 90' lang='lat' dir='ltr'><strong>bases,</strong></span> <span class='ocrx_word' id='word_1_132' title='bbox 852 1727 1051 1795; x_wconf 89' lang='lat' dir='ltr'><strong>quibus</strong></span> <span class='ocrx_word' id='word_1_133' title='bbox 1093 1726 1367 1795; x_wconf 63' lang='lat' dir='ltr'><strong>prophetae</strong></span> <span class='ocrx_word' id='word_1_134' title='bbox 1408 1725 1711 1796; x_wconf 83' lang='lat' dir='ltr'><strong>signantur,</strong></span> <span class='ocrx_word' id='word_1_135' title='bbox 1760 1734 1819 1779; x_wconf 94' lang='lat' dir='ltr'><strong>ut</strong></span> <span class='ocrx_word' id='word_1_136' title='bbox 1859 1740 1925 1780; x_wconf 78' lang='lat' dir='ltr'><strong>ex</strong></span> <span class='ocrx_word' id='word_1_137' title='bbox 1970 1739 2062 1778; x_wconf 88' lang='lat' dir='ltr'><strong>ar—</strong></span> 
     </span>
    </p>
   </div>
   <div class='ocr_carea' id='block_1_20' title="bbox 2176 712 3765 795">
    <p class='ocr_par' dir='ltr' id='par_1_20' title="bbox 2176 712 3765 795">
     <span class='ocr_line' id='line_1_20' title="bbox 2176 712 3765 795; baseline 0.003 -20"><span class='ocrx_word' id='word_1_138' title='bbox 2176 721 2311 777; x_wconf 90' lang='lat' dir='ltr'><strong>ritas</strong></span> <span class='ocrx_word' id='word_1_139' title='bbox 2356 722 2411 777; x_wconf 88' lang='lat' dir='ltr'><strong>in</strong></span> <span class='ocrx_word' id='word_1_140' title='bbox 2458 720 2750 793; x_wconf 87' lang='lat' dir='ltr'><strong>Evangelio</strong></span> <span class='ocrx_word' id='word_1_141' title='bbox 2783 722 3063 793; x_wconf 53' lang='lat' dir='ltr'><strong>praecipit:</strong></span> <span class='ocrx_word' id='word_1_142' title='bbox 3095 741 3116 774; x_wconf 77' lang='grc' dir='ltr'>ι</span> <span class='ocrx_word' id='word_1_143' title='bbox 3150 712 3391 778; x_wconf 83' lang='lat' dir='ltr'><strong>Primum</strong></span> <span class='ocrx_word' id='word_1_144' title='bbox 3421 725 3646 795; x_wconf 66' lang='lat' dir='ltr'><strong>quaerite</strong></span> <span class='ocrx_word' id='word_1_145' title='bbox 3677 740 3765 780; x_wconf 89' lang='lat' dir='ltr'><strong>re-</strong></span> 
     </span>
    </p>
   </div>
   <div class='ocr_carea' id='block_1_21' title="bbox 2176 812 3763 887">
    <p class='ocr_par' dir='ltr' id='par_1_21' title="bbox 2176 812 3763 887">
     <span class='ocr_line' id='line_1_21' title="bbox 2176 812 3763 887; baseline 0.003 -21"><span class='ocrx_word' id='word_1_146' title='bbox 2176 820 2339 883; x_wconf 79' lang='lat' dir='ltr'><strong>gnum</strong></span> <span class='ocrx_word' id='word_1_147' title='bbox 2372 812 2502 881; x_wconf 89' lang='lat' dir='ltr'><strong>Dei,</strong></span> <span class='ocrx_word' id='word_1_148' title='bbox 2534 824 2590 871; x_wconf 93' lang='lat' dir='ltr'><strong>et</strong></span> <span class='ocrx_word' id='word_1_149' title='bbox 2629 816 2745 871; x_wconf 58' lang='lat' dir='ltr'><strong>haec</strong></span> <span class='ocrx_word' id='word_1_150' title='bbox 2779 816 2959 871; x_wconf 89' lang='lat' dir='ltr'><strong>omnia</strong></span> <span class='ocrx_word' id='word_1_151' title='bbox 2999 815 3328 886; x_wconf 82' lang='lat' dir='ltr'><strong>adjicieutur</strong></span> <span class='ocrx_word' id='word_1_152' title='bbox 3365 818 3519 872; x_wconf 83' lang='lat' dir='ltr'><strong>vobis</strong></span> <span class='ocrx_word' id='word_1_153' title='bbox 3549 817 3763 887; x_wconf 76' lang='lat' dir='ltr'><strong>(Matth.</strong></span> 
     </span>
    </p>
   </div>
   <div class='ocr_carea' id='block_1_22' title="bbox 2172 902 3768 978">
    <p class='ocr_par' dir='ltr' id='par_1_22' title="bbox 2172 902 3768 978">
     <span class='ocr_line' id='line_1_22' title="bbox 2172 902 3768 978; baseline 0.005 -21"><span class='ocrx_word' id='word_1_154' title='bbox 2172 902 2283 976; x_wconf 68' lang='lat' dir='ltr'><strong>rt);</strong></span> <span class='ocrx_word' id='word_1_155' title='bbox 2316 924 2334 958; x_wconf 80' lang='grc' dir='ltr'><strong><em>ι</em></strong></span> <span class='ocrx_word' id='word_1_156' title='bbox 2364 909 2561 962; x_wconf 91' lang='lat' dir='ltr'><strong>merito</strong></span> <span class='ocrx_word' id='word_1_157' title='bbox 2584 904 2967 963; x_wconf 89' lang='lat' dir='ltr'><strong>maledictione</strong></span> <span class='ocrx_word' id='word_1_158' title='bbox 2993 909 3284 962; x_wconf 87' lang='lat' dir='ltr'><strong>damnatur</strong></span> <span class='ocrx_word' id='word_1_159' title='bbox 3304 908 3551 978; x_wconf 84' lang='lat' dir='ltr'><strong>quisquis</strong></span> <span class='ocrx_word' id='word_1_160' title='bbox 3572 908 3639 963; x_wconf 91' lang='lat' dir='ltr'><strong>ab</strong></span> <span class='ocrx_word' id='word_1_161' title='bbox 3662 909 3768 965; x_wconf 91' lang='lat' dir='ltr'><strong>hoc</strong></span> 
     </span>
    </p>
   </div>
   <div class='ocr_carea' id='block_1_23' title="bbox 2172 996 3762 1069">
    <p class='ocr_par' dir='ltr' id='par_1_23' title="bbox 2172 996 3762 1069">
     <span class='ocr_line' id='line_1_23' title="bbox 2172 996 3762 1069; baseline 0.002 -19"><span class='ocrx_word' id='word_1_162' title='bbox 2172 1007 2447 1069; x_wconf 68' lang='lat' dir='ltr'><strong>praecepto</strong></span> <span class='ocrx_word' id='word_1_163' title='bbox 2469 996 2744 1053; x_wconf 87' lang='lat' dir='ltr'><strong>declinare</strong></span> <span class='ocrx_word' id='word_1_164' title='bbox 2767 998 3129 1062; x_wconf 79' lang='lat' dir='ltr'><strong>convincitur,</strong></span> <span class='ocrx_word' id='word_1_165' title='bbox 3152 998 3421 1068; x_wconf 82' lang='lat' dir='ltr'><strong>Propheta</strong></span> <span class='ocrx_word' id='word_1_166' title='bbox 3448 1008 3762 1064; x_wconf 86' lang='lat' dir='ltr'><strong>attestante,</strong></span> 
     </span>
    </p>
   </div>
   <div class='ocr_carea' id='block_1_24' title="bbox 2170 1082 3767 1160">
    <p class='ocr_par' dir='ltr' id='par_1_24' title="bbox 2170 1082 3767 1160">
     <span class='ocr_line' id='line_1_24' title="bbox 2170 1082 3767 1160; baseline 0.006 -21"><span class='ocrx_word' id='word_1_167' title='bbox 2170 1082 2263 1155; x_wconf 83' lang='lat' dir='ltr'><strong>qui</strong></span> <span class='ocrx_word' id='word_1_168' title='bbox 2303 1088 2380 1143; x_wconf 86' lang='lat' dir='ltr'><strong>ait</strong></span> <span class='ocrx_word' id='word_1_169' title='bbox 2410 1105 2425 1143; x_wconf 90' lang='lat'><strong>:</strong></span> <span class='ocrx_word' id='word_1_170' title='bbox 2464 1107 2483 1141; x_wconf 78' lang='grc' dir='ltr'>ι</span> <span class='ocrx_word' id='word_1_171' title='bbox 2520 1084 2819 1153; x_wconf 81' lang='lat' dir='ltr'><strong>Maledicti,</strong></span> <span class='ocrx_word' id='word_1_172' title='bbox 2862 1089 2955 1160; x_wconf 87' lang='lat' dir='ltr'><strong>qui</strong></span> <span class='ocrx_word' id='word_1_173' title='bbox 2997 1088 3273 1146; x_wconf 88' lang='lat' dir='ltr'><strong>declinant</strong></span> <span class='ocrx_word' id='word_1_174' title='bbox 3301 1107 3333 1145; x_wconf 90' lang='lat' dir='ltr'><strong>a</strong></span> <span class='ocrx_word' id='word_1_175' title='bbox 3362 1092 3630 1148; x_wconf 81' lang='lat' dir='ltr'><strong>mandatis</strong></span> <span class='ocrx_word' id='word_1_176' title='bbox 3659 1094 3767 1149; x_wconf 79' lang='lat' dir='ltr'><strong>tuis</strong></span> 
     </span>
    </p>
   </div>
   <div class='ocr_carea' id='block_1_25' title="bbox 2170 1172 3766 1252">
    <p class='ocr_par' dir='ltr' id='par_1_25' title="bbox 2170 1172 3766 1252">
     <span class='ocr_line' id='line_1_25' title="bbox 2170 1172 3766 1252; baseline 0.008 -25"><span class='ocrx_word' id='word_1_177' title='bbox 2170 1172 2345 1246; x_wconf 65' lang='lat' dir='ltr'><strong>(Paul.</strong></span> <span class='ocrx_word' id='word_1_178' title='bbox 2382 1179 2595 1249; x_wconf 76' lang='lat' dir='ltr'><strong>cxvm).</strong></span> <span class='ocrx_word' id='word_1_179' title='bbox 2630 1197 2651 1233; x_wconf 71' lang='grc' dir='ltr'><strong><em>ι</em></strong></span> <span class='ocrx_word' id='word_1_180' title='bbox 2685 1178 2754 1233; x_wconf 85' lang='lat' dir='ltr'><strong>At</strong></span> <span class='ocrx_word' id='word_1_181' title='bbox 2778 1188 2967 1234; x_wconf 84' lang='lat' dir='ltr'><strong>contra</strong></span> <span class='ocrx_word' id='word_1_182' title='bbox 3009 1177 3097 1234; x_wconf 88' lang='lat' dir='ltr'><strong>ille</strong></span> <span class='ocrx_word' id='word_1_183' title='bbox 3126 1188 3311 1249; x_wconf 88' lang='lat' dir='ltr'><strong>portas</strong></span> <span class='ocrx_word' id='word_1_184' title='bbox 3348 1179 3569 1237; x_wconf 88' lang='lat' dir='ltr'><strong>Iericho</strong></span> <span class='ocrx_word' id='word_1_185' title='bbox 3611 1185 3766 1252; x_wconf 86' lang='lat' dir='ltr'><strong>ponit</strong></span> 
     </span>
    </p>
   </div>
   <div class='ocr_carea' id='block_1_26' title="bbox 2168 1265 3765 1341">
    <p class='ocr_par' dir='ltr' id='par_1_26' title="bbox 2168 1265 3765 1341">
     <span class='ocr_line' id='line_1_26' title="bbox 2168 1265 3765 1341; baseline 0.006 -21"><span class='ocrx_word' id='word_1_186' title='bbox 2168 1265 2224 1321; x_wconf 88' lang='lat' dir='ltr'><strong>in</strong></span> <span class='ocrx_word' id='word_1_187' title='bbox 2252 1266 2551 1323; x_wconf 88' lang='lat' dir='ltr'><strong>novissimo</strong></span> <span class='ocrx_word' id='word_1_188' title='bbox 2579 1267 2907 1335; x_wconf 84' lang='lat' dir='ltr'><strong>liberorum,</strong></span> <span class='ocrx_word' id='word_1_189' title='bbox 2936 1268 3029 1340; x_wconf 91' lang='lat' dir='ltr'><strong>qui</strong></span> <span class='ocrx_word' id='word_1_190' title='bbox 3060 1269 3140 1324; x_wconf 83' lang='lat' dir='ltr'><strong>sic</strong></span> <span class='ocrx_word' id='word_1_191' title='bbox 3174 1270 3341 1325; x_wconf 90' lang='lat' dir='ltr'><strong>utitur</strong></span> <span class='ocrx_word' id='word_1_192' title='bbox 3376 1273 3765 1341; x_wconf 83' lang='lat' dir='ltr'><strong>temporalibus</strong></span> 
     </span>
    </p>
   </div>
   <div class='ocr_carea' id='block_1_27' title="bbox 2171 1357 3765 1429">
    <p class='ocr_par' dir='ltr' id='par_1_27' title="bbox 2171 1357 3765 1429">
     <span class='ocr_line' id='line_1_27' title="bbox 2171 1357 3765 1429; baseline 0.006 -18"><span class='ocrx_word' id='word_1_193' title='bbox 2171 1357 2331 1413; x_wconf 87' lang='lat' dir='ltr'><strong>bonis</strong></span> <span class='ocrx_word' id='word_1_194' title='bbox 2366 1368 2421 1414; x_wconf 90' lang='lat' dir='ltr'><strong>ut</strong></span> <span class='ocrx_word' id='word_1_195' title='bbox 2449 1359 2563 1414; x_wconf 64' lang='lat' dir='ltr'><strong>haec</strong></span> <span class='ocrx_word' id='word_1_196' title='bbox 2591 1375 2696 1414; x_wconf 89' lang='lat' dir='ltr'><strong>non</strong></span> <span class='ocrx_word' id='word_1_197' title='bbox 2728 1374 2850 1415; x_wconf 90' lang='lat' dir='ltr'><strong>cum</strong></span> <span class='ocrx_word' id='word_1_198' title='bbox 2882 1371 3071 1416; x_wconf 87' lang='lat' dir='ltr'><strong>amore</strong></span> <span class='ocrx_word' id='word_1_199' title='bbox 3098 1361 3394 1429; x_wconf 81' lang='lat' dir='ltr'><strong>possideat,</strong></span> <span class='ocrx_word' id='word_1_200' title='bbox 3430 1362 3526 1416; x_wconf 88' lang='lat' dir='ltr'><strong>sed</strong></span> <span class='ocrx_word' id='word_1_201' title='bbox 3561 1363 3627 1417; x_wconf 85' lang='lat' dir='ltr'><strong>ad</strong></span> <span class='ocrx_word' id='word_1_202' title='bbox 3654 1380 3765 1420; x_wconf 72' lang='lat' dir='ltr'><strong>cm—</strong></span> 
     </span>
    </p>
   </div>
   <div class='ocr_carea' id='block_1_28' title="bbox 2166 1444 3766 1521">
    <p class='ocr_par' dir='ltr' id='par_1_28' title="bbox 2166 1444 3766 1521">
     <span class='ocr_line' id='line_1_28' title="bbox 2166 1444 3766 1521; baseline 0.006 -20"><span class='ocrx_word' id='word_1_203' title='bbox 2166 1444 2321 1501; x_wconf 88' lang='lat' dir='ltr'><strong>Icstis</strong></span> <span class='ocrx_word' id='word_1_204' title='bbox 2342 1446 2526 1517; x_wconf 69' lang='lat' dir='ltr'><strong>gloria:</strong></span> <span class='ocrx_word' id='word_1_205' title='bbox 2546 1449 2829 1519; x_wconf 74' lang='lat' dir='ltr'><strong>praemium</strong></span> <span class='ocrx_word' id='word_1_206' title='bbox 2849 1448 3163 1505; x_wconf 85' lang='lat' dir='ltr'><strong>medullitus</strong></span> <span class='ocrx_word' id='word_1_207' title='bbox 3183 1450 3507 1508; x_wconf 82' lang='lat' dir='ltr'><strong>inardescat.</strong></span> <span class='ocrx_word' id='word_1_208' title='bbox 3532 1453 3633 1521; x_wconf 91' lang='lat' dir='ltr'><strong>Qui</strong></span> <span class='ocrx_word' id='word_1_209' title='bbox 3652 1470 3766 1510; x_wconf 77' lang='lat' dir='ltr'><strong>coe-</strong></span> 
     </span>
    </p>
   </div>
   <div class='ocr_carea' id='block_1_29' title="bbox 2167 1535 3763 1613">
    <p class='ocr_par' dir='ltr' id='par_1_29' title="bbox 2167 1535 3763 1613">
     <span class='ocr_line' id='line_1_29' title="bbox 2167 1535 3763 1613; baseline 0.006 -22"><span class='ocrx_word' id='word_1_210' title='bbox 2167 1535 2396 1594; x_wconf 81' lang='lat' dir='ltr'><strong>Icstihus</strong></span> <span class='ocrx_word' id='word_1_211' title='bbox 2436 1537 2495 1593; x_wconf 89' lang='lat' dir='ltr'><strong>in</strong></span> <span class='ocrx_word' id='word_1_212' title='bbox 2536 1554 2723 1596; x_wconf 86' lang='lat' dir='ltr'><strong>amore</strong></span> <span class='ocrx_word' id='word_1_213' title='bbox 2750 1554 2850 1596; x_wconf 87' lang='lat' dir='ltr'><strong>suo</strong></span> <span class='ocrx_word' id='word_1_214' title='bbox 2888 1550 3104 1597; x_wconf 84' lang='lat' dir='ltr'><strong>terrena</strong></span> <span class='ocrx_word' id='word_1_215' title='bbox 3126 1542 3399 1613; x_wconf 87' lang='lat' dir='ltr'><strong>supponit,</strong></span> <span class='ocrx_word' id='word_1_216' title='bbox 3448 1545 3763 1601; x_wconf 84' lang='lat' dir='ltr'><strong>transitoria</strong></span> 
     </span>
    </p>
   </div>
   <div class='ocr_carea' id='block_1_30' title="bbox 2167 1626 3764 1701">
    <p class='ocr_par' dir='ltr' id='par_1_30' title="bbox 2167 1626 3764 1701">
     <span class='ocr_line' id='line_1_30' title="bbox 2167 1626 3764 1701; baseline 0.007 -20"><span class='ocrx_word' id='word_1_217' title='bbox 2167 1626 2533 1700; x_wconf 85' lang='lat' dir='ltr'><strong>ﬁoccipendit.</strong></span> <span class='ocrx_word' id='word_1_218' title='bbox 2580 1627 2697 1686; x_wconf 80' lang='lat' dir='ltr'><strong>Hoc</strong></span> <span class='ocrx_word' id='word_1_219' title='bbox 2746 1629 2932 1701; x_wconf 87' lang='lat' dir='ltr'><strong>itaque</strong></span> <span class='ocrx_word' id='word_1_220' title='bbox 2975 1630 3185 1686; x_wconf 84' lang='lat' dir='ltr'><strong>faciens</strong></span> <span class='ocrx_word' id='word_1_221' title='bbox 3230 1642 3287 1687; x_wconf 91' lang='lat' dir='ltr'><strong>et</strong></span> <span class='ocrx_word' id='word_1_222' title='bbox 3330 1634 3532 1689; x_wconf 67' lang='lat' dir='ltr'><strong>odiosa:</strong></span> <span class='ocrx_word' id='word_1_223' title='bbox 3575 1638 3764 1692; x_wconf 77' lang='lat' dir='ltr'><strong>uxoris</strong></span> 
     </span>
    </p>
   </div>
   <div class='ocr_carea' id='block_1_31' title="bbox 2169 1715 3758 1793">
    <p class='ocr_par' dir='ltr' id='par_1_31' title="bbox 2169 1715 3758 1793">
     <span class='ocr_line' id='line_1_31' title="bbox 2169 1715 3758 1793; baseline 0.004 -20"><span class='ocrx_word' id='word_1_224' title='bbox 2169 1718 2360 1785; x_wconf 77' lang='lat' dir='ltr'><strong>(ilium,</strong></span> <span class='ocrx_word' id='word_1_225' title='bbox 2384 1715 2538 1791; x_wconf 78' lang='lat' dir='ltr'><strong>juxta</strong></span> <span class='ocrx_word' id='word_1_226' title='bbox 2567 1723 2821 1777; x_wconf 89' lang='lat' dir='ltr'><strong>mandata</strong></span> <span class='ocrx_word' id='word_1_227' title='bbox 2847 1719 2999 1793; x_wconf 89' lang='lat' dir='ltr'><strong>legis,</strong></span> <span class='ocrx_word' id='word_1_228' title='bbox 3027 1722 3191 1778; x_wconf 74' lang='lat' dir='ltr'><strong>edicit</strong></span> <span class='ocrx_word' id='word_1_229' title='bbox 3215 1723 3657 1793; x_wconf 77' lang='lat' dir='ltr'><strong>primogenitum,</strong></span> <span class='ocrx_word' id='word_1_230' title='bbox 3680 1735 3758 1793; x_wconf 92' lang='lat' dir='ltr'><strong>et,</strong></span> 
     </span>
    </p>
   </div>
   <div class='ocr_carea' id='block_1_32' title="bbox 469 1791 3761 1889">
    <p class='ocr_par' dir='ltr' id='par_1_32' title="bbox 469 1791 3761 1889">
     <span class='ocr_line' id='line_1_32' title="bbox 469 1791 3761 1889; baseline 0 -18"><span class='ocrx_word' id='word_1_231' title='bbox 469 1827 631 1888; x_wconf 89' lang='lat' dir='ltr'><strong>gento</strong></span> <span class='ocrx_word' id='word_1_232' title='bbox 661 1791 895 1875; x_wconf 77' lang='lat' dir='ltr'><strong>debeant</strong></span> <span class='ocrx_word' id='word_1_233' title='bbox 923 1816 1073 1872; x_wconf 83' lang='lat' dir='ltr'><strong>fundi</strong></span> <span class='ocrx_word' id='word_1_234' title='bbox 1093 1791 1438 1889; x_wconf 37' lang='lat' dir='ltr'><strong>‘prmcipitur.</strong></span> <span class='ocrx_word' id='word_1_235' title='bbox 1461 1791 1697 1888; x_wconf 45' lang='lat' dir='ltr'><strong>&#39;Argenti</strong></span> <span class='ocrx_word' id='word_1_236' title='bbox 1725 1817 1923 1887; x_wconf 90' lang='lat' dir='ltr'><strong>quippe</strong></span> <span class='ocrx_word' id='word_1_237' title='bbox 1949 1816 2061 1872; x_wconf 91' lang='lat' dir='ltr'><strong>cla-</strong></span> <span class='ocrx_word' id='word_1_238' title='bbox 2088 1791 2137 1856; x_wconf 77' lang='grc' dir='ltr'><strong>Β</strong></span> <span class='ocrx_word' id='word_1_239' title='bbox 2164 1812 2460 1867; x_wconf 87' lang='lat' dir='ltr'><strong>secundum</strong></span> <span class='ocrx_word' id='word_1_240' title='bbox 2506 1808 2672 1868; x_wconf 88' lang='lat' dir='ltr'><strong>Iosue</strong></span> <span class='ocrx_word' id='word_1_241' title='bbox 2708 1791 3059 1879; x_wconf 74' lang='lat' dir='ltr'><strong>sententiam,</strong></span> <span class='ocrx_word' id='word_1_242' title='bbox 3088 1791 3275 1883; x_wconf 81' lang='lat' dir='ltr'><strong>portas</strong></span> <span class='ocrx_word' id='word_1_243' title='bbox 3304 1791 3526 1871; x_wconf 82' lang='lat' dir='ltr'><strong>Iericho</strong></span> <span class='ocrx_word' id='word_1_244' title='bbox 3567 1818 3620 1870; x_wconf 90' lang='lat' dir='ltr'><strong>in</strong></span> <span class='ocrx_word' id='word_1_245' title='bbox 3659 1791 3761 1871; x_wconf 36' lang='lat' dir='ltr'><strong>no;-</strong></span> 
     </span>
    </p>
   </div>
   <div class='ocr_carea' id='block_1_33' title="bbox 473 1907 2057 1980">
    <p class='ocr_par' dir='ltr' id='par_1_33' title="bbox 473 1907 2057 1980">
     <span class='ocr_line' id='line_1_33' title="bbox 473 1907 2057 1980; baseline 0.001 -17"><span class='ocrx_word' id='word_1_246' title='bbox 473 1912 609 1966; x_wconf 89' lang='lat' dir='ltr'><strong>ritas</strong></span> <span class='ocrx_word' id='word_1_247' title='bbox 636 1926 702 1967; x_wconf 84' lang='lat' dir='ltr'><strong>ex</strong></span> <span class='ocrx_word' id='word_1_248' title='bbox 726 1927 825 1966; x_wconf 92' lang='lat' dir='ltr'><strong>usu</strong></span> <span class='ocrx_word' id='word_1_249' title='bbox 855 1919 1139 1977; x_wconf 87' lang='lat' dir='ltr'><strong>servatur;</strong></span> <span class='ocrx_word' id='word_1_250' title='bbox 1166 1911 1283 1966; x_wconf 87' lang='lat' dir='ltr'><strong>sine</strong></span> <span class='ocrx_word' id='word_1_251' title='bbox 1308 1926 1409 1965; x_wconf 91' lang='lat' dir='ltr'><strong>usu</strong></span> <span class='ocrx_word' id='word_1_252' title='bbox 1432 1918 1612 1965; x_wconf 91' lang='lat' dir='ltr'><strong>autem</strong></span> <span class='ocrx_word' id='word_1_253' title='bbox 1642 1910 1695 1963; x_wconf 91' lang='lat' dir='ltr'><strong>in</strong></span> <span class='ocrx_word' id='word_1_254' title='bbox 1726 1907 2057 1980; x_wconf 81' lang='lat' dir='ltr'><strong>nigredinem</strong></span> 
     </span>
    </p>
   </div>
   <div class='ocr_carea' id='block_1_34' title="bbox 467 2001 2061 2074">
    <p class='ocr_par' dir='ltr' id='par_1_34' title="bbox 467 2001 2061 2074">
     <span class='ocr_line' id='line_1_34' title="bbox 467 2001 2061 2074; baseline 0 -18"><span class='ocrx_word' id='word_1_255' title='bbox 467 2005 719 2061; x_wconf 83' lang='lat' dir='ltr'><strong>vertitur.</strong></span> <span class='ocrx_word' id='word_1_256' title='bbox 751 2003 1145 2074; x_wconf 85' lang='lat' dir='ltr'><strong>Prophetarum</strong></span> <span class='ocrx_word' id='word_1_257' title='bbox 1178 2019 1393 2074; x_wconf 87' lang='lat' dir='ltr'><strong>quoque</strong></span> <span class='ocrx_word' id='word_1_258' title='bbox 1420 2001 1563 2060; x_wconf 90' lang='lat' dir='ltr'><strong>dicta</strong></span> <span class='ocrx_word' id='word_1_259' title='bbox 1607 2011 1897 2073; x_wconf 88' lang='lat' dir='ltr'><strong>antequam</strong></span> <span class='ocrx_word' id='word_1_260' title='bbox 1927 2018 2061 2073; x_wconf 86' lang='lat' dir='ltr'><strong>apo-</strong></span> 
     </span>
    </p>
   </div>
   <div class='ocr_carea' id='block_1_35' title="bbox 464 2092 2058 2166">
    <p class='ocr_par' dir='ltr' id='par_1_35' title="bbox 464 2092 2058 2166">
     <span class='ocr_line' id='line_1_35' title="bbox 464 2092 2058 2166; baseline -0.001 -17"><span class='ocrx_word' id='word_1_261' title='bbox 464 2096 653 2151; x_wconf 89' lang='lat' dir='ltr'><strong>stolica</strong></span> <span class='ocrx_word' id='word_1_262' title='bbox 682 2096 1066 2166; x_wconf 67' lang='lat' dir='ltr'><strong>prmdieatione</strong></span> <span class='ocrx_word' id='word_1_263' title='bbox 1099 2094 1486 2163; x_wconf 87' lang='lat' dir='ltr'><strong>clarescerent,</strong></span> <span class='ocrx_word' id='word_1_264' title='bbox 1517 2095 1643 2166; x_wconf 85' lang='lat' dir='ltr'><strong>quia</strong></span> <span class='ocrx_word' id='word_1_265' title='bbox 1686 2092 1739 2148; x_wconf 90' lang='lat' dir='ltr'><strong>in</strong></span> <span class='ocrx_word' id='word_1_266' title='bbox 1770 2110 1868 2149; x_wconf 91' lang='lat' dir='ltr'><strong>usu</strong></span> <span class='ocrx_word' id='word_1_267' title='bbox 1896 2094 2058 2165; x_wconf 86' lang='lat' dir='ltr'><strong>spiri-</strong></span> 
     </span>
    </p>
   </div>
   <div class='ocr_carea' id='block_1_36' title="bbox 466 2185 2057 2261">
    <p class='ocr_par' dir='ltr' id='par_1_36' title="bbox 466 2185 2057 2261">
     <span class='ocr_line' id='line_1_36' title="bbox 466 2185 2057 2261; baseline -0.002 -18"><span class='ocrx_word' id='word_1_268' title='bbox 466 2190 629 2244; x_wconf 91' lang='lat' dir='ltr'><strong>tualis</strong></span> <span class='ocrx_word' id='word_1_269' title='bbox 674 2189 1042 2261; x_wconf 86' lang='lat' dir='ltr'><strong>intelligentiae</strong></span> <span class='ocrx_word' id='word_1_270' title='bbox 1095 2204 1202 2245; x_wconf 93' lang='lat' dir='ltr'><strong>non</strong></span> <span class='ocrx_word' id='word_1_271' title='bbox 1250 2196 1434 2251; x_wconf 91' lang='lat' dir='ltr'><strong>erant,</strong></span> <span class='ocrx_word' id='word_1_272' title='bbox 1488 2186 1618 2242; x_wconf 90' lang='lat' dir='ltr'><strong>dum</strong></span> <span class='ocrx_word' id='word_1_273' title='bbox 1664 2185 1900 2255; x_wconf 87' lang='lat' dir='ltr'><strong>conspici</strong></span> <span class='ocrx_word' id='word_1_274' title='bbox 1946 2200 2057 2254; x_wconf 69' lang='lat' dir='ltr'><strong>pra:</strong></span> 
     </span>
    </p>
   </div>
   <div class='ocr_carea' id='block_1_37' title="bbox 462 2271 2053 2348">
    <p class='ocr_par' dir='ltr' id='par_1_37' title="bbox 462 2271 2053 2348">
     <span class='ocr_line' id='line_1_37' title="bbox 462 2271 2053 2348; baseline -0.004 -15"><span class='ocrx_word' id='word_1_275' title='bbox 462 2278 800 2333; x_wconf 86' lang='lat' dir='ltr'><strong>obscuritate</strong></span> <span class='ocrx_word' id='word_1_276' title='bbox 829 2293 934 2332; x_wconf 89' lang='lat' dir='ltr'><strong>non</strong></span> <span class='ocrx_word' id='word_1_277' title='bbox 965 2286 1250 2348; x_wconf 89' lang='lat' dir='ltr'><strong>poterant,</strong></span> <span class='ocrx_word' id='word_1_278' title='bbox 1283 2277 1435 2345; x_wconf 91' lang='lat' dir='ltr'><strong>quasi</strong></span> <span class='ocrx_word' id='word_1_279' title='bbox 1474 2271 1631 2347; x_wconf 86' lang='lat' dir='ltr'><strong>nigra</strong></span> <span class='ocrx_word' id='word_1_280' title='bbox 1667 2273 2053 2342; x_wconf 86' lang='lat' dir='ltr'><strong>remanebant;</strong></span> 
     </span>
    </p>
   </div>
   <div class='ocr_carea' id='block_1_38' title="bbox 462 2364 2051 2439">
    <p class='ocr_par' dir='ltr' id='par_1_38' title="bbox 462 2364 2051 2439">
     <span class='ocr_line' id='line_1_38' title="bbox 462 2364 2051 2439; baseline -0.003 -16"><span class='ocrx_word' id='word_1_281' title='bbox 462 2378 517 2423; x_wconf 82' lang='lat' dir='ltr'><strong>at</strong></span> <span class='ocrx_word' id='word_1_282' title='bbox 540 2380 827 2439; x_wconf 86' lang='lat' dir='ltr'><strong>postquam</strong></span> <span class='ocrx_word' id='word_1_283' title='bbox 859 2367 1165 2438; x_wconf 66' lang='lat' dir='ltr'><strong>apostolicae</strong></span> <span class='ocrx_word' id='word_1_284' title='bbox 1196 2365 1600 2438; x_wconf 56' lang='lat' dir='ltr'><strong>praedicationis</strong></span> <span class='ocrx_word' id='word_1_285' title='bbox 1631 2382 1824 2421; x_wconf 90' lang='lat' dir='ltr'><strong>manus</strong></span> <span class='ocrx_word' id='word_1_286' title='bbox 1858 2364 2051 2420; x_wconf 83' lang='lat' dir='ltr'><strong>vatici-</strong></span> 
     </span>
    </p>
   </div>
   <div class='ocr_carea' id='block_1_39' title="bbox 461 2454 2054 2529">
    <p class='ocr_par' dir='ltr' id='par_1_39' title="bbox 461 2454 2054 2529">
     <span class='ocr_line' id='line_1_39' title="bbox 461 2454 2054 2529; baseline -0.002 -16"><span class='ocrx_word' id='word_1_287' title='bbox 461 2460 552 2513; x_wconf 88' lang='lat' dir='ltr'><strong>nia</strong></span> <span class='ocrx_word' id='word_1_288' title='bbox 597 2460 826 2513; x_wconf 89' lang='lat' dir='ltr'><strong>obscura</strong></span> <span class='ocrx_word' id='word_1_289' title='bbox 858 2456 1103 2525; x_wconf 85' lang='lat' dir='ltr'><strong>detersit,</strong></span> <span class='ocrx_word' id='word_1_290' title='bbox 1144 2454 1409 2529; x_wconf 89' lang='lat' dir='ltr'><strong>quidquid</strong></span> <span class='ocrx_word' id='word_1_291' title='bbox 1452 2454 1593 2514; x_wconf 88' lang='lat' dir='ltr'><strong>lucis</strong></span> <span class='ocrx_word' id='word_1_292' title='bbox 1641 2456 1695 2511; x_wconf 88' lang='lat' dir='ltr'><strong>In</strong></span> <span class='ocrx_word' id='word_1_293' title='bbox 1736 2454 1816 2511; x_wconf 90' lang='lat' dir='ltr'><strong>eis</strong></span> <span class='ocrx_word' id='word_1_294' title='bbox 1851 2454 2054 2511; x_wconf 84' lang='lat' dir='ltr'><strong>latebat</strong></span> 
     </span>
    </p>
   </div>
   <div class='ocr_carea' id='block_1_40' title="bbox 460 2542 2051 2621">
    <p class='ocr_par' dir='ltr' id='par_1_40' title="bbox 460 2542 2051 2621">
     <span class='ocr_line' id='line_1_40' title="bbox 460 2542 2051 2621; baseline -0.002 -17"><span class='ocrx_word' id='word_1_295' title='bbox 460 2550 718 2605; x_wconf 91' lang='lat' dir='ltr'><strong>inclaruit</strong></span> <span class='ocrx_word' id='word_1_296' title='bbox 757 2564 1057 2620; x_wconf 88' lang='lat' dir='ltr'><strong>sensusque</strong></span> <span class='ocrx_word' id='word_1_297' title='bbox 1086 2564 1276 2605; x_wconf 91' lang='lat' dir='ltr'><strong>eorum</strong></span> <span class='ocrx_word' id='word_1_298' title='bbox 1307 2542 1566 2621; x_wconf 87' lang='lat' dir='ltr'><strong>mysticos</strong></span> <span class='ocrx_word' id='word_1_299' title='bbox 1602 2548 1657 2602; x_wconf 91' lang='lat' dir='ltr'><strong>in</strong></span> <span class='ocrx_word' id='word_1_300' title='bbox 1698 2564 1854 2605; x_wconf 92' lang='lat' dir='ltr'><strong>usum</strong></span> <span class='ocrx_word' id='word_1_301' title='bbox 1883 2547 2051 2612; x_wconf 85' lang='lat' dir='ltr'><strong>dedit,</strong></span> 
     </span>
    </p>
   </div>
   <div class='ocr_carea' id='block_1_41' title="bbox 457 2638 2047 2713">
    <p class='ocr_par' dir='ltr' id='par_1_41' title="bbox 457 2638 2047 2713">
     <span class='ocr_line' id='line_1_41' title="bbox 457 2638 2047 2713; baseline -0.002 -16"><span class='ocrx_word' id='word_1_302' title='bbox 457 2644 585 2713; x_wconf 88' lang='lat' dir='ltr'><strong>quia</strong></span> <span class='ocrx_word' id='word_1_303' title='bbox 624 2642 789 2697; x_wconf 90' lang='lat' dir='ltr'><strong>verba</strong></span> <span class='ocrx_word' id='word_1_304' title='bbox 824 2640 937 2711; x_wconf 89' lang='lat' dir='ltr'><strong>jam</strong></span> <span class='ocrx_word' id='word_1_305' title='bbox 977 2640 1137 2697; x_wconf 84' lang='lat' dir='ltr'><strong>rebus</strong></span> <span class='ocrx_word' id='word_1_306' title='bbox 1170 2655 1291 2696; x_wconf 91' lang='lat' dir='ltr'><strong>esse</strong></span> <span class='ocrx_word' id='word_1_307' title='bbox 1319 2638 1563 2711; x_wconf 79' lang='lat' dir='ltr'><strong>exposita</strong></span> <span class='ocrx_word' id='word_1_308' title='bbox 1598 2639 1881 2711; x_wconf 90' lang='lat' dir='ltr'><strong>perspicue</strong></span> <span class='ocrx_word' id='word_1_309' title='bbox 1910 2651 2047 2696; x_wconf 85' lang='lat' dir='ltr'><strong>nun.-</strong></span> 
     </span>
    </p>
   </div>
   <div class='ocr_carea' id='block_1_42' title="bbox 460 2724 2050 2803">
    <p class='ocr_par' dir='ltr' id='par_1_42' title="bbox 460 2724 2050 2803">
     <span class='ocr_line' id='line_1_42' title="bbox 460 2724 2050 2803; baseline -0.003 -15"><span class='ocrx_word' id='word_1_310' title='bbox 460 2731 632 2788; x_wconf 91' lang='lat' dir='ltr'><strong>tiavit.</strong></span> <span class='ocrx_word' id='word_1_311' title='bbox 666 2729 795 2788; x_wconf 87' lang='lat' dir='ltr'><strong>Iure</strong></span> <span class='ocrx_word' id='word_1_312' title='bbox 824 2732 989 2803; x_wconf 87' lang='lat' dir='ltr'><strong>igitur</strong></span> <span class='ocrx_word' id='word_1_313' title='bbox 1022 2726 1412 2801; x_wconf 68' lang='lat' dir='ltr'><strong>praecipiuntur</strong></span> <span class='ocrx_word' id='word_1_314' title='bbox 1442 2724 1559 2785; x_wconf 89' lang='lat' dir='ltr'><strong>ﬁeri</strong></span> <span class='ocrx_word' id='word_1_315' title='bbox 1580 2740 1637 2785; x_wconf 86' lang='lat' dir='ltr'><strong>et</strong></span> <span class='ocrx_word' id='word_1_316' title='bbox 1661 2727 1820 2784; x_wconf 81' lang='lat' dir='ltr'><strong>bases</strong></span> <span class='ocrx_word' id='word_1_317' title='bbox 1854 2740 2050 2800; x_wconf 81' lang='lat' dir='ltr'><strong>argen-</strong></span> 
     </span>
    </p>
   </div>
   <div class='ocr_carea' id='block_1_43' title="bbox 458 2817 2049 2889">
    <p class='ocr_par' dir='ltr' id='par_1_43' title="bbox 458 2817 2049 2889">
     <span class='ocr_line' id='line_1_43' title="bbox 458 2817 2049 2889; baseline -0.001 -14"><span class='ocrx_word' id='word_1_318' title='bbox 458 2831 559 2877; x_wconf 76' lang='lat' dir='ltr'><strong>tea:</strong></span> <span class='ocrx_word' id='word_1_319' title='bbox 600 2831 656 2877; x_wconf 89' lang='lat' dir='ltr'><strong>et</strong></span> <span class='ocrx_word' id='word_1_320' title='bbox 708 2821 900 2877; x_wconf 76' lang='lat' dir='ltr'><strong>tabulae</strong></span> <span class='ocrx_word' id='word_1_321' title='bbox 946 2822 1240 2887; x_wconf 81' lang='lat' dir='ltr'><strong>deauratae,</strong></span> <span class='ocrx_word' id='word_1_322' title='bbox 1282 2819 1407 2889; x_wconf 91' lang='lat' dir='ltr'><strong>quia</strong></span> <span class='ocrx_word' id='word_1_323' title='bbox 1450 2817 1711 2889; x_wconf 68' lang='lat' dir='ltr'><strong>videlicet</strong></span> <span class='ocrx_word' id='word_1_324' title='bbox 1754 2818 2049 2889; x_wconf 79' lang='lat' dir='ltr'><strong>apostolica</strong></span> 
     </span>
    </p>
   </div>
   <div class='ocr_carea' id='block_1_44' title="bbox 456 2911 2044 2986">
    <p class='ocr_par' dir='ltr' id='par_1_44' title="bbox 456 2911 2044 2986">
     <span class='ocr_line' id='line_1_44' title="bbox 456 2911 2044 2986; baseline -0.002 -15"><span class='ocrx_word' id='word_1_325' title='bbox 456 2925 727 2986; x_wconf 71' lang='lat' dir='ltr'><strong>prmcepta</strong></span> <span class='ocrx_word' id='word_1_326' title='bbox 759 2915 1145 2986; x_wconf 86' lang='lat' dir='ltr'><strong>prophetarum</strong></span> <span class='ocrx_word' id='word_1_327' title='bbox 1169 2914 1407 2970; x_wconf 90' lang='lat' dir='ltr'><strong>oraculis</strong></span> <span class='ocrx_word' id='word_1_328' title='bbox 1434 2913 1593 2985; x_wconf 86' lang='lat' dir='ltr'><strong>longe</strong></span> <span class='ocrx_word' id='word_1_329' title='bbox 1623 2918 1746 2969; x_wconf 86' lang='lat' dir='ltr'><strong>sunt</strong></span> <span class='ocrx_word' id='word_1_330' title='bbox 1784 2911 2044 2969; x_wconf 86' lang='lat' dir='ltr'><strong>clariora.</strong></span> 
     </span>
    </p>
   </div>
   <div class='ocr_carea' id='block_1_45' title="bbox 530 3005 2042 3077">
    <p class='ocr_par' dir='ltr' id='par_1_45' title="bbox 530 3005 2042 3077">
     <span class='ocr_line' id='line_1_45' title="bbox 530 3005 2042 3077; baseline -0.001 -16"><span class='ocrx_word' id='word_1_331' title='bbox 530 3005 595 3061; x_wconf 89' lang='lat' dir='ltr'><strong>Ut</strong></span> <span class='ocrx_word' id='word_1_332' title='bbox 623 3021 753 3077; x_wconf 85' lang='lat' dir='ltr'><strong>ergo</strong></span> <span class='ocrx_word' id='word_1_333' title='bbox 783 3007 851 3062; x_wconf 91' lang='lat' dir='ltr'><strong>ad</strong></span> <span class='ocrx_word' id='word_1_334' title='bbox 878 3006 1159 3075; x_wconf 85' lang='lat' dir='ltr'><strong>superiora</strong></span> <span class='ocrx_word' id='word_1_335' title='bbox 1201 3007 1508 3073; x_wconf 88' lang='lat' dir='ltr'><strong>redeamus,</strong></span> <span class='ocrx_word' id='word_1_336' title='bbox 1538 3021 1643 3061; x_wconf 88' lang='lat' dir='ltr'><strong>non</strong></span> <span class='ocrx_word' id='word_1_337' title='bbox 1686 3007 2042 3075; x_wconf 86' lang='lat' dir='ltr'><strong>incongruum</strong></span> 
     </span>
    </p>
   </div>
   <div class='ocr_carea' id='block_1_46' title="bbox 452 3095 2042 3168">
    <p class='ocr_par' dir='ltr' id='par_1_46' title="bbox 452 3095 2042 3168">
     <span class='ocr_line' id='line_1_46' title="bbox 452 3095 2042 3168; baseline -0.002 -15"><span class='ocrx_word' id='word_1_338' title='bbox 452 3108 537 3153; x_wconf 87' lang='lat' dir='ltr'><strong>est</strong></span> <span class='ocrx_word' id='word_1_339' title='bbox 564 3099 608 3153; x_wconf 92' lang='lat' dir='ltr'><strong>si</strong></span> <span class='ocrx_word' id='word_1_340' title='bbox 638 3107 693 3153; x_wconf 90' lang='lat' dir='ltr'><strong>et</strong></span> <span class='ocrx_word' id='word_1_341' title='bbox 720 3113 872 3164; x_wconf 89' lang='lat' dir='ltr'><strong>arca,</strong></span> <span class='ocrx_word' id='word_1_342' title='bbox 917 3107 972 3153; x_wconf 90' lang='lat' dir='ltr'><strong>et</strong></span> <span class='ocrx_word' id='word_1_343' title='bbox 994 3098 1189 3153; x_wconf 88' lang='lat' dir='ltr'><strong>domus</strong></span> <span class='ocrx_word' id='word_1_344' title='bbox 1229 3098 1552 3161; x_wconf 76' lang='lat' dir='ltr'><strong>meretricis,</strong></span> <span class='ocrx_word' id='word_1_345' title='bbox 1584 3113 1704 3168; x_wconf 62' lang='lat' dir='ltr'><strong>qua:</strong></span> <span class='ocrx_word' id='word_1_346' title='bbox 1742 3095 2042 3163; x_wconf 87' lang='lat' dir='ltr'><strong>obsidetur,</strong></span> 
     </span>
    </p>
   </div>
   <div class='ocr_carea' id='block_1_47' title="bbox 2164 1900 3761 1980">
    <p class='ocr_par' dir='ltr' id='par_1_47' title="bbox 2164 1900 3761 1980">
     <span class='ocr_line' id='line_1_47' title="bbox 2164 1900 3761 1980; baseline 0.005 -24"><span class='ocrx_word' id='word_1_347' title='bbox 2164 1900 2388 1958; x_wconf 76' lang='lat' dir='ltr'><strong>vissimo</strong></span> <span class='ocrx_word' id='word_1_348' title='bbox 2418 1902 2648 1959; x_wconf 79' lang='lat' dir='ltr'><strong>suscitat</strong></span> <span class='ocrx_word' id='word_1_349' title='bbox 2675 1903 2992 1959; x_wconf 91' lang='lat' dir='ltr'><strong>liberorum.</strong></span> <span class='ocrx_word' id='word_1_350' title='bbox 3024 1904 3141 1972; x_wconf 88' lang='lat' dir='ltr'><strong>Quo</strong></span> <span class='ocrx_word' id='word_1_351' title='bbox 3172 1916 3364 1962; x_wconf 84' lang='lat' dir='ltr'><strong>contra</strong></span> <span class='ocrx_word' id='word_1_352' title='bbox 3396 1906 3527 1962; x_wconf 88' lang='lat' dir='ltr'><strong>Cain</strong></span> <span class='ocrx_word' id='word_1_353' title='bbox 3564 1909 3616 1963; x_wconf 91' lang='lat' dir='ltr'><strong>in</strong></span> <span class='ocrx_word' id='word_1_354' title='bbox 3648 1910 3761 1980; x_wconf 85' lang='lat' dir='ltr'><strong>pri—</strong></span> 
     </span>
    </p>
   </div>
   <div class='ocr_carea' id='block_1_48' title="bbox 2162 1994 3758 2073">
    <p class='ocr_par' dir='ltr' id='par_1_48' title="bbox 2162 1994 3758 2073">
     <span class='ocr_line' id='line_1_48' title="bbox 2162 1994 3758 2073; baseline 0.003 -23"><span class='ocrx_word' id='word_1_355' title='bbox 2162 1998 2437 2068; x_wconf 82' lang='lat' dir='ltr'><strong>mogenita</strong></span> <span class='ocrx_word' id='word_1_356' title='bbox 2479 2012 2582 2054; x_wconf 85' lang='lat' dir='ltr'><strong>suo</strong></span> <span class='ocrx_word' id='word_1_357' title='bbox 2630 1994 2851 2055; x_wconf 83' lang='lat' dir='ltr'><strong>IIenoch</strong></span> <span class='ocrx_word' id='word_1_358' title='bbox 2880 2000 3120 2054; x_wconf 88' lang='lat' dir='ltr'><strong>condidit</strong></span> <span class='ocrx_word' id='word_1_359' title='bbox 3160 2001 3437 2056; x_wconf 87' lang='lat' dir='ltr'><strong>civitatem</strong></span> <span class='ocrx_word' id='word_1_360' title='bbox 3474 2001 3626 2073; x_wconf 82' lang='lat' dir='ltr'><strong>(Gen.</strong></span> <span class='ocrx_word' id='word_1_361' title='bbox 3655 2004 3758 2069; x_wconf 79' lang='lat' dir='ltr'><strong>iv),</strong></span> 
     </span>
    </p>
   </div>
   <div class='ocr_carea' id='block_1_49' title="bbox 2157 2087 3763 2163">
    <p class='ocr_par' dir='ltr' id='par_1_49' title="bbox 2157 2087 3763 2163">
     <span class='ocr_line' id='line_1_49' title="bbox 2157 2087 3763 2163; baseline 0.005 -22"><span class='ocrx_word' id='word_1_362' title='bbox 2157 2088 2286 2157; x_wconf 88' lang='lat' dir='ltr'><strong>quia</strong></span> <span class='ocrx_word' id='word_1_363' title='bbox 2316 2087 2553 2144; x_wconf 82' lang='lat' dir='ltr'><strong>futuram</strong></span> <span class='ocrx_word' id='word_1_364' title='bbox 2601 2102 2708 2144; x_wconf 88' lang='lat' dir='ltr'><strong>non</strong></span> <span class='ocrx_word' id='word_1_365' title='bbox 2738 2090 2994 2159; x_wconf 77' lang='lat' dir='ltr'><strong>sperabat</strong></span> <span class='ocrx_word' id='word_1_366' title='bbox 3020 2089 3426 2158; x_wconf 61' lang='lat' dir='ltr'><strong>haereditatem;</strong></span> <span class='ocrx_word' id='word_1_367' title='bbox 3456 2102 3512 2147; x_wconf 91' lang='lat' dir='ltr'><strong>et</strong></span> <span class='ocrx_word' id='word_1_368' title='bbox 3534 2094 3661 2163; x_wconf 77' lang='lat' dir='ltr'><strong>quia</strong></span> <span class='ocrx_word' id='word_1_369' title='bbox 3699 2110 3763 2150; x_wconf 90' lang='lat' dir='ltr'><strong>se</strong></span> 
     </span>
    </p>
   </div>
   <div class='ocr_carea' id='block_1_50' title="bbox 2159 2177 3757 2253">
    <p class='ocr_par' dir='ltr' id='par_1_50' title="bbox 2159 2177 3757 2253">
     <span class='ocr_line' id='line_1_50' title="bbox 2159 2177 3757 2253; baseline 0.004 -22"><span class='ocrx_word' id='word_1_370' title='bbox 2159 2178 2316 2247; x_wconf 85' lang='lat' dir='ltr'><strong>quasi</strong></span> <span class='ocrx_word' id='word_1_371' title='bbox 2349 2178 2401 2231; x_wconf 91' lang='lat' dir='ltr'><strong>in</strong></span> <span class='ocrx_word' id='word_1_372' title='bbox 2444 2177 2662 2234; x_wconf 85' lang='lat' dir='ltr'><strong>Iericho</strong></span> <span class='ocrx_word' id='word_1_373' title='bbox 2692 2178 2851 2249; x_wconf 90' lang='lat' dir='ltr'><strong>hujus</strong></span> <span class='ocrx_word' id='word_1_374' title='bbox 2879 2182 3061 2236; x_wconf 56' lang='grc' dir='ltr'><strong>δεδουΙί</strong></span> <span class='ocrx_word' id='word_1_375' title='bbox 3090 2194 3433 2253; x_wconf 65' lang='lat' dir='ltr'><strong>praepropere</strong></span> <span class='ocrx_word' id='word_1_376' title='bbox 3462 2185 3757 2251; x_wconf 85' lang='lat' dir='ltr'><strong>dedicavit,</strong></span> 
     </span>
    </p>
   </div>
   <div class='ocr_carea' id='block_1_51' title="bbox 2157 2268 3757 2340">
    <p class='ocr_par' dir='ltr' id='par_1_51' title="bbox 2157 2268 3757 2340">
     <span class='ocr_line' id='line_1_51' title="bbox 2157 2268 3757 2340; baseline 0.005 -18"><span class='ocrx_word' id='word_1_377' title='bbox 2157 2268 2393 2339; x_wconf 87' lang='lat' dir='ltr'><strong>elogium</strong></span> <span class='ocrx_word' id='word_1_378' title='bbox 2424 2278 2700 2340; x_wconf 65' lang='lat' dir='ltr'><strong>perpetuae</strong></span> <span class='ocrx_word' id='word_1_379' title='bbox 2732 2269 3129 2328; x_wconf 87' lang='lat' dir='ltr'><strong>maledictionis</strong></span> <span class='ocrx_word' id='word_1_380' title='bbox 3154 2273 3406 2329; x_wconf 88' lang='lat' dir='ltr'><strong>incurrit.</strong></span> <span class='ocrx_word' id='word_1_381' title='bbox 3444 2274 3596 2330; x_wconf 89' lang='lat' dir='ltr'><strong>Unde</strong></span> <span class='ocrx_word' id='word_1_382' title='bbox 3621 2278 3757 2330; x_wconf 85' lang='lat' dir='ltr'><strong>scri-</strong></span> 
     </span>
    </p>
   </div>
   <div class='ocr_carea' id='block_1_52' title="bbox 2155 2358 3753 2437">
    <p class='ocr_par' dir='ltr' id='par_1_52' title="bbox 2155 2358 3753 2437">
     <span class='ocr_line' id='line_1_52' title="bbox 2155 2358 3753 2437; baseline 0.006 -26"><span class='ocrx_word' id='word_1_383' title='bbox 2155 2367 2306 2426; x_wconf 88' lang='lat' dir='ltr'><strong>ptum</strong></span> <span class='ocrx_word' id='word_1_384' title='bbox 2328 2368 2449 2413; x_wconf 90' lang='lat' dir='ltr'><strong>est:</strong></span> <span class='ocrx_word' id='word_1_385' title='bbox 2478 2378 2499 2410; x_wconf 74' lang='grc' dir='ltr'>ι</span> <span class='ocrx_word' id='word_1_386' title='bbox 2528 2358 2851 2429; x_wconf 73' lang='lat' dir='ltr'><strong>llmreditas,</strong></span> <span class='ocrx_word' id='word_1_387' title='bbox 2875 2362 2941 2416; x_wconf 90' lang='lat' dir='ltr'><strong>ad</strong></span> <span class='ocrx_word' id='word_1_388' title='bbox 2965 2378 3127 2433; x_wconf 88' lang='lat' dir='ltr'><strong>quam</strong></span> <span class='ocrx_word' id='word_1_389' title='bbox 3157 2364 3447 2419; x_wconf 87' lang='lat' dir='ltr'><strong>festinatur</strong></span> <span class='ocrx_word' id='word_1_390' title='bbox 3466 2366 3523 2419; x_wconf 88' lang='lat' dir='ltr'><strong>iu</strong></span> <span class='ocrx_word' id='word_1_391' title='bbox 3549 2367 3753 2437; x_wconf 82' lang='lat' dir='ltr'><strong>princi-</strong></span> 
     </span>
    </p>
   </div>
   <div class='ocr_carea' id='block_1_53' title="bbox 2155 2450 3741 2530">
    <p class='ocr_par' dir='ltr' id='par_1_53' title="bbox 2155 2450 3741 2530">
     <span class='ocr_line' id='line_1_53' title="bbox 2155 2450 3741 2530; baseline 0.005 -25"><span class='ocrx_word' id='word_1_392' title='bbox 2155 2450 2266 2521; x_wconf 90' lang='lat' dir='ltr'><strong>pio,</strong></span> <span class='ocrx_word' id='word_1_393' title='bbox 2288 2452 2341 2506; x_wconf 88' lang='lat' dir='ltr'><strong>in</strong></span> <span class='ocrx_word' id='word_1_394' title='bbox 2365 2452 2658 2510; x_wconf 88' lang='lat' dir='ltr'><strong>novissimo</strong></span> <span class='ocrx_word' id='word_1_395' title='bbox 2679 2454 3059 2511; x_wconf 89' lang='lat' dir='ltr'><strong>benedictione</strong></span> <span class='ocrx_word' id='word_1_396' title='bbox 3082 2458 3291 2513; x_wconf 83' lang='lat' dir='ltr'><strong>carebit</strong></span> <span class='ocrx_word' id='word_1_397' title='bbox 3319 2457 3503 2530; x_wconf 82' lang='lat' dir='ltr'><strong>(Prov.</strong></span> <span class='ocrx_word' id='word_1_398' title='bbox 3527 2459 3645 2529; x_wconf 71' lang='lat' dir='ltr'><strong>xx).</strong></span> <span class='ocrx_word' id='word_1_399' title='bbox 3678 2472 3699 2507; x_wconf 76' lang='grc' dir='ltr'>ι</span> <span class='ocrx_word' id='word_1_400' title='bbox 3728 2451 3741 2459; x_wconf 82' lang='grc'><em>’</em></span> 
     </span>
    </p>
   </div>
   <div class='ocr_carea' id='block_1_54' title="bbox 2769 2544 3129 2604">
    <p class='ocr_par' dir='ltr' id='par_1_54' title="bbox 2769 2544 3129 2604">
     <span class='ocr_line' id='line_1_54' title="bbox 2769 2544 3129 2604; baseline 0.006 -3"><span class='ocrx_word' id='word_1_401' title='bbox 2769 2544 3000 2604; x_wconf 77' lang='lat' dir='ltr'><strong>CAPUT</strong></span> <span class='ocrx_word' id='word_1_402' title='bbox 3037 2548 3129 2604; x_wconf 80' lang='lat' dir='ltr'><strong>IX.</strong></span> 
     </span>
    </p>
   </div>
   <div class='ocr_carea' id='block_1_55' title="bbox 2392 2628 3489 2706">
    <p class='ocr_par' dir='ltr' id='par_1_55' title="bbox 2392 2628 3489 2706">
     <span class='ocr_line' id='line_1_55' title="bbox 2392 2628 3489 2706; baseline 0.009 -20"><span class='ocrx_word' id='word_1_403' title='bbox 2392 2628 2457 2687; x_wconf 83' lang='lat' dir='ltr'><strong>In</strong></span> <span class='ocrx_word' id='word_1_404' title='bbox 2492 2632 2626 2688; x_wconf 84' lang='lat' dir='ltr'><strong>libro</strong></span> <span class='ocrx_word' id='word_1_405' title='bbox 2658 2634 2723 2689; x_wconf 85' lang='lat' dir='ltr'><strong>de</strong></span> <span class='ocrx_word' id='word_1_406' title='bbox 2754 2636 3071 2706; x_wconf 80' lang='lat' dir='ltr'><strong>perfectione</strong></span> <span class='ocrx_word' id='word_1_407' title='bbox 3105 2638 3489 2695; x_wconf 75' lang='lat' dir='ltr'><strong>Monac/torum</strong></span> 
     </span>
    </p>
   </div>
   <div class='ocr_carea' id='block_1_56' title="bbox 2226 2715 3746 2804">
    <p class='ocr_par' dir='ltr' id='par_1_56' title="bbox 2226 2715 3746 2804">
     <span class='ocr_line' id='line_1_56' title="bbox 2226 2715 3746 2804; baseline 0.009 -28"><span class='ocrx_word' id='word_1_408' title='bbox 2226 2715 2480 2779; x_wconf 79' lang='lat' dir='ltr'><strong>Nonnulli</strong></span> <span class='ocrx_word' id='word_1_409' title='bbox 2502 2741 2756 2797; x_wconf 90' lang='lat' dir='ltr'><strong>namque,</strong></span> <span class='ocrx_word' id='word_1_410' title='bbox 2776 2729 2919 2798; x_wconf 91' lang='lat' dir='ltr'><strong>quod</strong></span> <span class='ocrx_word' id='word_1_411' title='bbox 2943 2729 3062 2786; x_wconf 88' lang='lat' dir='ltr'><strong>sine</strong></span> <span class='ocrx_word' id='word_1_412' title='bbox 3084 2732 3284 2801; x_wconf 81' lang='lat' dir='ltr'><strong>gemitu</strong></span> <span class='ocrx_word' id='word_1_413' title='bbox 3310 2733 3491 2789; x_wconf 85' lang='lat' dir='ltr'><strong>dicere</strong></span> <span class='ocrx_word' id='word_1_414' title='bbox 3515 2748 3746 2804; x_wconf 88' lang='lat' dir='ltr'><strong>nequeo,</strong></span> 
     </span>
    </p>
   </div>
   <div class='ocr_carea' id='block_1_57' title="bbox 2150 2812 3747 2888">
    <p class='ocr_par' dir='ltr' id='par_1_57' title="bbox 2150 2812 3747 2888">
     <span class='ocr_line' id='line_1_57' title="bbox 2150 2812 3747 2888; baseline 0.008 -19"><span class='ocrx_word' id='word_1_415' title='bbox 2150 2813 2230 2869; x_wconf 87' lang='lat' dir='ltr'><strong>sic</strong></span> <span class='ocrx_word' id='word_1_416' title='bbox 2265 2812 2332 2869; x_wconf 92' lang='lat' dir='ltr'><strong>ad</strong></span> <span class='ocrx_word' id='word_1_417' title='bbox 2373 2828 2525 2871; x_wconf 61' lang='lat' dir='ltr'><strong>nevae</strong></span> <span class='ocrx_word' id='word_1_418' title='bbox 2565 2818 2842 2888; x_wconf 77' lang='lat' dir='ltr'><strong>religionis</strong></span> <span class='ocrx_word' id='word_1_419' title='bbox 2869 2826 3154 2877; x_wconf 86' lang='lat' dir='ltr'><strong>transeunt</strong></span> <span class='ocrx_word' id='word_1_420' title='bbox 3190 2825 3436 2880; x_wconf 88' lang='lat' dir='ltr'><strong>ordinem</strong></span> <span class='ocrx_word' id='word_1_421' title='bbox 3468 2836 3527 2879; x_wconf 93' lang='lat' dir='ltr'><strong>ut</strong></span> <span class='ocrx_word' id='word_1_422' title='bbox 3566 2836 3747 2882; x_wconf 85' lang='lat' dir='ltr'><strong>tamen</strong></span> 
     </span>
    </p>
   </div>
   <div class='ocr_carea' id='block_1_58' title="bbox 2148 2903 3745 2980">
    <p class='ocr_par' dir='ltr' id='par_1_58' title="bbox 2148 2903 3745 2980">
     <span class='ocr_line' id='line_1_58' title="bbox 2148 2903 3745 2980; baseline 0.008 -20"><span class='ocrx_word' id='word_1_423' title='bbox 2148 2903 2441 2975; x_wconf 65' lang='lat' dir='ltr'><strong>praeterita:</strong></span> <span class='ocrx_word' id='word_1_424' title='bbox 2467 2909 2591 2963; x_wconf 71' lang='lat' dir='ltr'><strong>vita:</strong></span> <span class='ocrx_word' id='word_1_425' title='bbox 2614 2924 2890 2980; x_wconf 86' lang='lat' dir='ltr'><strong>nunquam</strong></span> <span class='ocrx_word' id='word_1_426' title='bbox 2917 2912 3173 2969; x_wconf 87' lang='lat' dir='ltr'><strong>deserant</strong></span> <span class='ocrx_word' id='word_1_427' title='bbox 3199 2925 3541 2973; x_wconf 87' lang='lat' dir='ltr'><strong>vetustatem.</strong></span> <span class='ocrx_word' id='word_1_428' title='bbox 3571 2918 3637 2974; x_wconf 88' lang='lat' dir='ltr'><strong>Ili</strong></span> <span class='ocrx_word' id='word_1_429' title='bbox 3665 2920 3745 2973; x_wconf 81' lang='lat' dir='ltr'><strong>ni-</strong></span> 
     </span>
    </p>
   </div>
   <div class='ocr_carea' id='block_1_59' title="bbox 2150 2997 3745 3082">
    <p class='ocr_par' dir='ltr' id='par_1_59' title="bbox 2150 2997 3745 3082">
     <span class='ocr_line' id='line_1_59' title="bbox 2150 2997 3745 3082; baseline 0.01 -31"><span class='ocrx_word' id='word_1_430' title='bbox 2150 2997 2349 3052; x_wconf 90' lang='lat' dir='ltr'><strong>mirum</strong></span> <span class='ocrx_word' id='word_1_431' title='bbox 2374 2998 2692 3057; x_wconf 66' lang='lat' dir='ltr'><strong>Gabaonita:</strong></span> <span class='ocrx_word' id='word_1_432' title='bbox 2716 3013 2864 3070; x_wconf 90' lang='lat' dir='ltr'><strong>sunt,</strong></span> <span class='ocrx_word' id='word_1_433' title='bbox 2891 3021 2997 3060; x_wconf 91' lang='lat' dir='ltr'><strong>non</strong></span> <span class='ocrx_word' id='word_1_434' title='bbox 3020 3006 3294 3063; x_wconf 74' lang='lat' dir='ltr'><strong>Israelitze.</strong></span> <span class='ocrx_word' id='word_1_435' title='bbox 3323 3008 3517 3065; x_wconf 86' lang='lat' dir='ltr'><strong>Notum</strong></span> <span class='ocrx_word' id='word_1_436' title='bbox 3547 3014 3745 3082; x_wconf 85' lang='lat' dir='ltr'><strong>quippe</strong></span> 
     </span>
    </p>
   </div>
   <div class='ocr_carea' id='block_1_60' title="bbox 2148 3088 3742 3167">
    <p class='ocr_par' dir='ltr' id='par_1_60' title="bbox 2148 3088 3742 3167">
     <span class='ocr_line' id='line_1_60' title="bbox 2148 3088 3742 3167; baseline 0.009 -26"><span class='ocrx_word' id='word_1_437' title='bbox 2148 3095 2232 3142; x_wconf 87' lang='lat' dir='ltr'><strong>est</strong></span> <span class='ocrx_word' id='word_1_438' title='bbox 2274 3090 2417 3157; x_wconf 90' lang='lat' dir='ltr'><strong>quod</strong></span> <span class='ocrx_word' id='word_1_439' title='bbox 2464 3088 2802 3157; x_wconf 78' lang='lat' dir='ltr'><strong>Gabaonitae,</strong></span> <span class='ocrx_word' id='word_1_440' title='bbox 2852 3096 3042 3149; x_wconf 89' lang='lat' dir='ltr'><strong>mortis</strong></span> <span class='ocrx_word' id='word_1_441' title='bbox 3094 3097 3291 3154; x_wconf 81' lang='lat' dir='ltr'><strong>timore</strong></span> <span class='ocrx_word' id='word_1_442' title='bbox 3332 3102 3629 3167; x_wconf 81' lang='lat' dir='ltr'><strong>perterriti,</strong></span> <span class='ocrx_word' id='word_1_443' title='bbox 3674 3101 3742 3156; x_wconf 89' lang='lat' dir='ltr'><strong>ad</strong></span> 
     </span>
    </p>
   </div>
   <div class='ocr_carea' id='block_1_61' title="bbox 452 3170 3741 3259">
    <p class='ocr_par' dir='ltr' id='par_1_61' title="bbox 452 3170 3741 3259">
     <span class='ocr_line' id='line_1_61' title="bbox 452 3170 3741 3259; baseline 0.005 -27"><span class='ocrx_word' id='word_1_444' title='bbox 452 3204 614 3244; x_wconf 76' lang='lat' dir='ltr'><strong>unam</strong></span> <span class='ocrx_word' id='word_1_445' title='bbox 656 3190 1012 3259; x_wconf 72' lang='lat' dir='ltr'><strong>eamdemque</strong></span> <span class='ocrx_word' id='word_1_446' title='bbox 1052 3190 1357 3259; x_wconf 70' lang='lat' dir='ltr'><strong>exprimere</strong></span> <span class='ocrx_word' id='word_1_447' title='bbox 1384 3189 1668 3245; x_wconf 75' lang='lat' dir='ltr'><strong>videamur</strong></span> <span class='ocrx_word' id='word_1_448' title='bbox 1718 3188 2040 3255; x_wconf 60' lang='lat' dir='ltr'><strong>Ecclesiam.</strong></span> <span class='ocrx_word' id='word_1_449' title='bbox 2072 3170 2117 3233; x_wconf 81' lang='lat' dir='ltr'>C</span> <span class='ocrx_word' id='word_1_450' title='bbox 2147 3174 2501 3234; x_wconf 85' lang='lat' dir='ltr'><strong>Israeliticum</strong></span> <span class='ocrx_word' id='word_1_451' title='bbox 2527 3183 2780 3251; x_wconf 80' lang='lat' dir='ltr'><strong>populum</strong></span> <span class='ocrx_word' id='word_1_452' title='bbox 2807 3199 2930 3238; x_wconf 91' lang='lat' dir='ltr'><strong>cum</strong></span> <span class='ocrx_word' id='word_1_453' title='bbox 2964 3184 3155 3242; x_wconf 87' lang='lat' dir='ltr'><strong>fraude</strong></span> <span class='ocrx_word' id='word_1_454' title='bbox 3176 3198 3232 3242; x_wconf 90' lang='lat' dir='ltr'><strong>et</strong></span> <span class='ocrx_word' id='word_1_455' title='bbox 3263 3189 3554 3246; x_wconf 86' lang='lat' dir='ltr'><strong>calliditate</strong></span> <span class='ocrx_word' id='word_1_456' title='bbox 3580 3208 3741 3247; x_wconf 73' lang='lat' dir='ltr'><strong>vene~</strong></span> 
     </span>
    </p>
   </div>
   <div class='ocr_carea' id='block_1_62' title="bbox 448 3280 2046 3354">
    <p class='ocr_par' dir='ltr' id='par_1_62' title="bbox 448 3280 2046 3354">
     <span class='ocr_line' id='line_1_62' title="bbox 448 3280 2046 3354; baseline 0.001 -17"><span class='ocrx_word' id='word_1_457' title='bbox 448 3298 574 3337; x_wconf 87' lang='lat' dir='ltr'><strong>cum</strong></span> <span class='ocrx_word' id='word_1_458' title='bbox 601 3280 842 3352; x_wconf 82' lang='lat' dir='ltr'><strong>ejusdem</strong></span> <span class='ocrx_word' id='word_1_459' title='bbox 872 3282 1147 3354; x_wconf 68' lang='lat' dir='ltr'><strong>Ecclesiae,</strong></span> <span class='ocrx_word' id='word_1_460' title='bbox 1171 3282 1310 3337; x_wconf 85' lang='lat' dir='ltr'><strong>sicut</strong></span> <span class='ocrx_word' id='word_1_461' title='bbox 1333 3283 1535 3338; x_wconf 90' lang='lat' dir='ltr'><strong>dictum</strong></span> <span class='ocrx_word' id='word_1_462' title='bbox 1556 3292 1666 3349; x_wconf 87' lang='lat' dir='ltr'><strong>est,</strong></span> <span class='ocrx_word' id='word_1_463' title='bbox 1691 3283 1904 3339; x_wconf 87' lang='lat' dir='ltr'><strong>diversa</strong></span> <span class='ocrx_word' id='word_1_464' title='bbox 1931 3284 2046 3339; x_wconf 89' lang='lat' dir='ltr'><strong>sint</strong></span> 
     </span>
    </p>
   </div>
   <div class='ocr_carea' id='block_1_63' title="bbox 452 3371 2048 3443">
    <p class='ocr_par' dir='ltr' id='par_1_63' title="bbox 452 3371 2048 3443">
     <span class='ocr_line' id='line_1_63' title="bbox 452 3371 2048 3443; baseline 0 -15"><span class='ocrx_word' id='word_1_465' title='bbox 452 3373 695 3428; x_wconf 77' lang='lat' dir='ltr'><strong>niembra</strong></span> <span class='ocrx_word' id='word_1_466' title='bbox 721 3391 733 3425; x_wconf 91' lang='lat'><strong>:</strong></span> <span class='ocrx_word' id='word_1_467' title='bbox 768 3372 870 3427; x_wconf 88' lang='lat' dir='ltr'><strong>alia</strong></span> <span class='ocrx_word' id='word_1_468' title='bbox 895 3371 1145 3427; x_wconf 86' lang='lat' dir='ltr'><strong>videlicet</strong></span> <span class='ocrx_word' id='word_1_469' title='bbox 1167 3388 1264 3443; x_wconf 90' lang='lat' dir='ltr'><strong>per</strong></span> <span class='ocrx_word' id='word_1_470' title='bbox 1286 3379 1487 3427; x_wconf 66' lang='lat' dir='ltr'><strong>sancta:</strong></span> <span class='ocrx_word' id='word_1_471' title='bbox 1511 3372 1911 3442; x_wconf 63' lang='lat' dir='ltr'><strong>praedicationis</strong></span> <span class='ocrx_word' id='word_1_472' title='bbox 1932 3389 2048 3428; x_wconf 79' lang='lat' dir='ltr'><strong>am-</strong></span> 
     </span>
    </p>
   </div>
   <div class='ocr_carea' id='block_1_64' title="bbox 446 3463 2044 3535">
    <p class='ocr_par' dir='ltr' id='par_1_64' title="bbox 446 3463 2044 3535">
     <span class='ocr_line' id='line_1_64' title="bbox 446 3463 2044 3535; baseline 0.001 -16"><span class='ocrx_word' id='word_1_473' title='bbox 446 3465 621 3519; x_wconf 87' lang='lat' dir='ltr'><strong>bitum</strong></span> <span class='ocrx_word' id='word_1_474' title='bbox 673 3466 1008 3530; x_wconf 87' lang='lat' dir='ltr'><strong>ohsideutia;</strong></span> <span class='ocrx_word' id='word_1_475' title='bbox 1042 3463 1146 3520; x_wconf 88' lang='lat' dir='ltr'><strong>alia</strong></span> <span class='ocrx_word' id='word_1_476' title='bbox 1182 3481 1211 3519; x_wconf 92' lang='lat' dir='ltr'><strong>a</strong></span> <span class='ocrx_word' id='word_1_477' title='bbox 1240 3480 1353 3520; x_wconf 72' lang='lat' dir='ltr'><strong>suae</strong></span> <span class='ocrx_word' id='word_1_478' title='bbox 1390 3465 1723 3521; x_wconf 85' lang='lat' dir='ltr'><strong>inﬁdelitatis</strong></span> <span class='ocrx_word' id='word_1_479' title='bbox 1753 3466 1833 3521; x_wconf 88' lang='lat' dir='ltr'><strong>vel</strong></span> <span class='ocrx_word' id='word_1_480' title='bbox 1862 3467 2044 3535; x_wconf 82' lang='lat' dir='ltr'><strong>pravi-</strong></span> 
     </span>
    </p>
   </div>
   <div class='ocr_carea' id='block_1_65' title="bbox 436 3544 2042 3627">
    <p class='ocr_par' dir='ltr' id='par_1_65' title="bbox 436 3544 2042 3627">
     <span class='ocr_line' id='line_1_65' title="bbox 436 3544 2042 3627; baseline 0.002 -18"><span class='ocrx_word' id='word_1_481' title='bbox 436 3544 581 3610; x_wconf 59' lang='lat' dir='ltr'><strong>&#39;tatis</strong></span> <span class='ocrx_word' id='word_1_482' title='bbox 609 3554 907 3609; x_wconf 88' lang='lat' dir='ltr'><strong>munimine</strong></span> <span class='ocrx_word' id='word_1_483' title='bbox 931 3551 1187 3608; x_wconf 88' lang='lat' dir='ltr'><strong>salutaris</strong></span> <span class='ocrx_word' id='word_1_484' title='bbox 1224 3553 1486 3609; x_wconf 74' lang='lat' dir='ltr'><strong>doctrina:</strong></span> <span class='ocrx_word' id='word_1_485' title='bbox 1506 3551 1705 3622; x_wconf 86' lang='lat' dir='ltr'><strong>jaculis</strong></span> <span class='ocrx_word' id='word_1_486' title='bbox 1748 3552 1909 3627; x_wconf 68' lang='grc'><strong>164</strong></span> <span class='ocrx_word' id='word_1_487' title='bbox 1944 3557 2042 3612; x_wconf 91' lang='lat' dir='ltr'><strong>ob-</strong></span> 
     </span>
    </p>
   </div>
   <div class='ocr_carea' id='block_1_66' title="bbox 450 3643 2040 3715">
    <p class='ocr_par' dir='ltr' id='par_1_66' title="bbox 450 3643 2040 3715">
     <span class='ocr_line' id='line_1_66' title="bbox 450 3643 2040 3715; baseline 0.001 -15"><span class='ocrx_word' id='word_1_488' title='bbox 450 3646 687 3711; x_wconf 88' lang='lat' dir='ltr'><strong>ruenda;</strong></span> <span class='ocrx_word' id='word_1_489' title='bbox 713 3644 817 3698; x_wconf 90' lang='lat' dir='ltr'><strong>alia</strong></span> <span class='ocrx_word' id='word_1_490' title='bbox 839 3643 954 3713; x_wconf 90' lang='lat' dir='ltr'><strong>jam</strong></span> <span class='ocrx_word' id='word_1_491' title='bbox 979 3644 1296 3715; x_wconf 83' lang='lat' dir='ltr'><strong>domestica,</strong></span> <span class='ocrx_word' id='word_1_492' title='bbox 1329 3643 1434 3697; x_wconf 89' lang='lat' dir='ltr'><strong>alia</strong></span> <span class='ocrx_word' id='word_1_493' title='bbox 1469 3644 1647 3700; x_wconf 87' lang='lat' dir='ltr'><strong>adhuc</strong></span> <span class='ocrx_word' id='word_1_494' title='bbox 1677 3660 1772 3715; x_wconf 91' lang='lat' dir='ltr'><strong>per</strong></span> <span class='ocrx_word' id='word_1_495' title='bbox 1800 3646 2040 3703; x_wconf 85' lang='lat' dir='ltr'><strong>aversio-</strong></span> 
     </span>
    </p>
   </div>
   <div class='ocr_carea' id='block_1_67' title="bbox 452 3733 2042 3807">
    <p class='ocr_par' dir='ltr' id='par_1_67' title="bbox 452 3733 2042 3807">
     <span class='ocr_line' id='line_1_67' title="bbox 452 3733 2042 3807; baseline 0.002 -18"><span class='ocrx_word' id='word_1_496' title='bbox 452 3752 576 3790; x_wconf 86' lang='lat' dir='ltr'><strong>nem</strong></span> <span class='ocrx_word' id='word_1_497' title='bbox 601 3735 751 3805; x_wconf 90' lang='lat' dir='ltr'><strong>pravi</strong></span> <span class='ocrx_word' id='word_1_498' title='bbox 782 3735 961 3804; x_wconf 90' lang='lat' dir='ltr'><strong>operis</strong></span> <span class='ocrx_word' id='word_1_499' title='bbox 987 3734 1183 3789; x_wconf 89' lang='lat' dir='ltr'><strong>aliena.</strong></span> <span class='ocrx_word' id='word_1_500' title='bbox 1217 3733 1372 3789; x_wconf 82' lang='lat' dir='ltr'><strong>Hunc</strong></span> <span class='ocrx_word' id='word_1_501' title='bbox 1396 3735 1448 3788; x_wconf 91' lang='lat' dir='ltr'><strong>in</strong></span> <span class='ocrx_word' id='word_1_502' title='bbox 1482 3734 1849 3790; x_wconf 90' lang='lat' dir='ltr'><strong>testimonium</strong></span> <span class='ocrx_word' id='word_1_503' title='bbox 1879 3735 2042 3807; x_wconf 88' lang='lat' dir='ltr'><strong>spiri-</strong></span> 
     </span>
    </p>
   </div>
   <div class='ocr_carea' id='block_1_68' title="bbox 450 3820 2038 3898">
    <p class='ocr_par' dir='ltr' id='par_1_68' title="bbox 450 3820 2038 3898">
     <span class='ocr_line' id='line_1_68' title="bbox 450 3820 2038 3898; baseline 0.002 -17"><span class='ocrx_word' id='word_1_504' title='bbox 450 3826 609 3881; x_wconf 89' lang='lat' dir='ltr'><strong>tualis</strong></span> <span class='ocrx_word' id='word_1_505' title='bbox 633 3841 826 3897; x_wconf 66' lang='lat' dir='ltr'><strong>pugnae</strong></span> <span class='ocrx_word' id='word_1_506' title='bbox 856 3824 1161 3881; x_wconf 76' lang='lat' dir='ltr'><strong>conflictum</strong></span> <span class='ocrx_word' id='word_1_507' title='bbox 1195 3825 1359 3881; x_wconf 90' lang='lat' dir='ltr'><strong>Isaias</strong></span> <span class='ocrx_word' id='word_1_508' title='bbox 1387 3820 1500 3894; x_wconf 88' lang='lat' dir='ltr'><strong>jam</strong></span> <span class='ocrx_word' id='word_1_509' title='bbox 1530 3827 1873 3898; x_wconf 78' lang='lat' dir='ltr'><strong>odoraverat,</strong></span> <span class='ocrx_word' id='word_1_510' title='bbox 1913 3844 2038 3884; x_wconf 90' lang='lat' dir='ltr'><strong>cum</strong></span> 
     </span>
    </p>
   </div>
   <div class='ocr_carea' id='block_1_69' title="bbox 436 3916 2038 3992">
    <p class='ocr_par' dir='ltr' id='par_1_69' title="bbox 436 3916 2038 3992">
     <span class='ocr_line' id='line_1_69' title="bbox 436 3916 2038 3992; baseline 0 -15"><span class='ocrx_word' id='word_1_511' title='bbox 436 3929 729 3991; x_wconf 79' lang='lat' dir='ltr'><strong>postquam</strong></span> <span class='ocrx_word' id='word_1_512' title='bbox 764 3917 1061 3974; x_wconf 89' lang='lat' dir='ltr'><strong>Salvatoris</strong></span> <span class='ocrx_word' id='word_1_513' title='bbox 1084 3919 1374 3973; x_wconf 86' lang='lat' dir='ltr'><strong>adventum</strong></span> <span class='ocrx_word' id='word_1_514' title='bbox 1406 3917 1693 3989; x_wconf 78' lang='lat' dir='ltr'><strong>perspicue</strong></span> <span class='ocrx_word' id='word_1_515' title='bbox 1717 3916 2038 3992; x_wconf 87' lang='lat' dir='ltr'><strong>descripsis-</strong></span> 
     </span>
    </p>
   </div>
   <div class='ocr_carea' id='block_1_70' title="bbox 441 4007 2035 4081">
    <p class='ocr_par' dir='ltr' id='par_1_70' title="bbox 441 4007 2035 4081">
     <span class='ocr_line' id='line_1_70' title="bbox 441 4007 2035 4081; baseline 0.001 -16"><span class='ocrx_word' id='word_1_516' title='bbox 441 4019 561 4075; x_wconf 87' lang='lat' dir='ltr'><strong>set,</strong></span> <span class='ocrx_word' id='word_1_517' title='bbox 603 4009 852 4080; x_wconf 90' lang='lat' dir='ltr'><strong>protinus</strong></span> <span class='ocrx_word' id='word_1_518' title='bbox 896 4008 1143 4063; x_wconf 89' lang='lat' dir='ltr'><strong>addidit;</strong></span> <span class='ocrx_word' id='word_1_519' title='bbox 1180 4028 1198 4060; x_wconf 77' lang='grc' dir='ltr'>ι</span> <span class='ocrx_word' id='word_1_520' title='bbox 1238 4007 1305 4063; x_wconf 88' lang='grc' dir='ltr'><strong>Ει</strong></span> <span class='ocrx_word' id='word_1_521' title='bbox 1329 4023 1425 4063; x_wconf 89' lang='lat' dir='ltr'><strong>cor</strong></span> <span class='ocrx_word' id='word_1_522' title='bbox 1450 4007 1675 4081; x_wconf 63' lang='lat' dir='ltr'><strong>Egypti</strong></span> <span class='ocrx_word' id='word_1_523' title='bbox 1709 4011 1949 4067; x_wconf 87' lang='lat' dir='ltr'><strong>tabescet</strong></span> <span class='ocrx_word' id='word_1_524' title='bbox 1980 4013 2035 4067; x_wconf 91' lang='lat' dir='ltr'><strong>in</strong></span> 
     </span>
    </p>
   </div>
   <div class='ocr_carea' id='block_1_71' title="bbox 442 4090 2036 4171">
    <p class='ocr_par' dir='ltr' id='par_1_71' title="bbox 442 4090 2036 4171">
     <span class='ocr_line' id='line_1_71' title="bbox 442 4090 2036 4171; baseline 0.003 -19"><span class='ocrx_word' id='word_1_525' title='bbox 442 4099 621 4153; x_wconf 87' lang='lat' dir='ltr'><strong>medio</strong></span> <span class='ocrx_word' id='word_1_526' title='bbox 647 4098 789 4169; x_wconf 90' lang='lat' dir='ltr'><strong>ejus,</strong></span> <span class='ocrx_word' id='word_1_527' title='bbox 824 4106 880 4152; x_wconf 85' lang='lat' dir='ltr'><strong>et</strong></span> <span class='ocrx_word' id='word_1_528' title='bbox 919 4106 1245 4153; x_wconf 77' lang='lat' dir='ltr'><strong>concurrere</strong></span> <span class='ocrx_word' id='word_1_529' title='bbox 1286 4094 1481 4153; x_wconf 81' lang='lat' dir='ltr'><strong>faciam</strong></span> <span class='ocrx_word' id='word_1_530' title='bbox 1522 4090 1807 4171; x_wconf 63' lang='lat' dir='ltr'><strong>Egyptios</strong></span> <span class='ocrx_word' id='word_1_531' title='bbox 1844 4101 2036 4156; x_wconf 83' lang='lat' dir='ltr'><strong>adver-</strong></span> 
     </span>
    </p>
   </div>
   <div class='ocr_carea' id='block_1_72' title="bbox 444 4189 2031 4262">
    <p class='ocr_par' dir='ltr' id='par_1_72' title="bbox 444 4189 2031 4262">
     <span class='ocr_line' id='line_1_72' title="bbox 444 4189 2031 4262; baseline 0.001 -16"><span class='ocrx_word' id='word_1_532' title='bbox 444 4206 537 4246; x_wconf 88' lang='lat' dir='ltr'><strong>sus</strong></span> <span class='ocrx_word' id='word_1_533' title='bbox 563 4189 881 4262; x_wconf 70' lang='lat' dir='ltr'><strong>Aﬂgyplios;</strong></span> <span class='ocrx_word' id='word_1_534' title='bbox 912 4199 967 4245; x_wconf 90' lang='lat' dir='ltr'><strong>et</strong></span> <span class='ocrx_word' id='word_1_535' title='bbox 994 4191 1256 4260; x_wconf 90' lang='lat' dir='ltr'><strong>pugnabit</strong></span> <span class='ocrx_word' id='word_1_536' title='bbox 1281 4190 1362 4244; x_wconf 90' lang='lat' dir='ltr'><strong>vir</strong></span> <span class='ocrx_word' id='word_1_537' title='bbox 1384 4199 1574 4246; x_wconf 89' lang='lat' dir='ltr'><strong>contra</strong></span> <span class='ocrx_word' id='word_1_538' title='bbox 1597 4191 1821 4247; x_wconf 78' lang='lat' dir='ltr'><strong>fratrem</strong></span> <span class='ocrx_word' id='word_1_539' title='bbox 1850 4208 2031 4261; x_wconf 89' lang='lat' dir='ltr'><strong>suum,</strong></span> 
     </span>
    </p>
   </div>
   <div class='ocr_carea' id='block_1_73' title="bbox 441 4279 2032 4347">
    <p class='ocr_par' dir='ltr' id='par_1_73' title="bbox 441 4279 2032 4347">
     <span class='ocr_line' id='line_1_73' title="bbox 441 4279 2032 4347; baseline 0 -10"><span class='ocrx_word' id='word_1_540' title='bbox 441 4291 497 4337; x_wconf 89' lang='lat' dir='ltr'><strong>et</strong></span> <span class='ocrx_word' id='word_1_541' title='bbox 526 4282 608 4335; x_wconf 81' lang='lat' dir='ltr'><strong>vir</strong></span> <span class='ocrx_word' id='word_1_542' title='bbox 635 4290 825 4337; x_wconf 89' lang='lat' dir='ltr'><strong>contra</strong></span> <span class='ocrx_word' id='word_1_543' title='bbox 853 4281 1089 4335; x_wconf 88' lang='lat' dir='ltr'><strong>amicum</strong></span> <span class='ocrx_word' id='word_1_544' title='bbox 1116 4296 1298 4347; x_wconf 88' lang='lat' dir='ltr'><strong>suum,</strong></span> <span class='ocrx_word' id='word_1_545' title='bbox 1324 4291 1381 4335; x_wconf 89' lang='lat' dir='ltr'><strong>et</strong></span> <span class='ocrx_word' id='word_1_546' title='bbox 1400 4279 1594 4337; x_wconf 87' lang='lat' dir='ltr'><strong>civitas</strong></span> <span class='ocrx_word' id='word_1_547' title='bbox 1619 4280 1881 4337; x_wconf 90' lang='lat' dir='ltr'><strong>adversus</strong></span> <span class='ocrx_word' id='word_1_548' title='bbox 1900 4282 2032 4341; x_wconf 86' lang='lat' dir='ltr'><strong>civi-</strong></span> 
     </span>
    </p>
   </div>
   <div class='ocr_carea' id='block_1_74' title="bbox 444 4370 2032 4443">
    <p class='ocr_par' dir='ltr' id='par_1_74' title="bbox 444 4370 2032 4443">
     <span class='ocr_line' id='line_1_74' title="bbox 444 4370 2032 4443; baseline 0.001 -18"><span class='ocrx_word' id='word_1_549' title='bbox 444 4380 642 4438; x_wconf 89' lang='lat' dir='ltr'><strong>tatem,</strong></span> <span class='ocrx_word' id='word_1_550' title='bbox 696 4386 920 4439; x_wconf 81' lang='lat' dir='ltr'><strong>regnum</strong></span> <span class='ocrx_word' id='word_1_551' title='bbox 970 4370 1232 4424; x_wconf 89' lang='lat' dir='ltr'><strong>adversus</strong></span> <span class='ocrx_word' id='word_1_552' title='bbox 1283 4385 1538 4439; x_wconf 89' lang='lat' dir='ltr'><strong>regnum;</strong></span> <span class='ocrx_word' id='word_1_553' title='bbox 1594 4380 1650 4425; x_wconf 92' lang='lat' dir='ltr'><strong>et</strong></span> <span class='ocrx_word' id='word_1_554' title='bbox 1696 4370 2032 4443; x_wconf 83' lang='lat' dir='ltr'><strong>dirumpetur</strong></span> 
     </span>
    </p>
   </div>
   <div class='ocr_carea' id='block_1_75' title="bbox 436 4454 2024 4531">
    <p class='ocr_par' dir='ltr' id='par_1_75' title="bbox 436 4454 2024 4531">
     <span class='ocr_line' id='line_1_75' title="bbox 436 4454 2024 4531; baseline 0.001 -17"><span class='ocrx_word' id='word_1_555' title='bbox 436 4460 660 4527; x_wconf 81' lang='lat' dir='ltr'><strong>spiritus</strong></span> <span class='ocrx_word' id='word_1_556' title='bbox 684 4454 904 4527; x_wconf 64' lang='lat' dir='ltr'><strong>Egypti</strong></span> <span class='ocrx_word' id='word_1_557' title='bbox 936 4458 988 4511; x_wconf 89' lang='lat' dir='ltr'><strong>in</strong></span> <span class='ocrx_word' id='word_1_558' title='bbox 1022 4454 1322 4512; x_wconf 87' lang='lat' dir='ltr'><strong>visceribus</strong></span> <span class='ocrx_word' id='word_1_559' title='bbox 1369 4454 1484 4527; x_wconf 86' lang='lat' dir='ltr'><strong>ejus</strong></span> <span class='ocrx_word' id='word_1_560' title='bbox 1511 4456 1646 4529; x_wconf 82' lang='lat' dir='ltr'><strong>(Isa.</strong></span> <span class='ocrx_word' id='word_1_561' title='bbox 1673 4459 1807 4531; x_wconf 81' lang='lat' dir='ltr'><strong>xix).</strong></span> <span class='ocrx_word' id='word_1_562' title='bbox 1840 4480 1858 4511; x_wconf 73' lang='grc' dir='ltr'><strong><em>ι</em></strong></span> <span class='ocrx_word' id='word_1_563' title='bbox 1892 4461 2024 4517; x_wconf 86' lang='lat' dir='ltr'><strong>Cum</strong></span> 
     </span>
    </p>
   </div>
   <div class='ocr_carea' id='block_1_76' title="bbox 436 4542 2027 4617">
    <p class='ocr_par' dir='ltr' id='par_1_76' title="bbox 436 4542 2027 4617">
     <span class='ocr_line' id='line_1_76' title="bbox 436 4542 2027 4617; baseline 0.001 -15"><span class='ocrx_word' id='word_1_564' title='bbox 436 4547 602 4616; x_wconf 76' lang='lat' dir='ltr'><strong>igitur</strong></span> <span class='ocrx_word' id='word_1_565' title='bbox 630 4562 729 4616; x_wconf 91' lang='lat' dir='ltr'><strong>per</strong></span> <span class='ocrx_word' id='word_1_566' title='bbox 762 4544 1072 4617; x_wconf 75' lang='lat' dir='ltr'><strong>apostolica:</strong></span> <span class='ocrx_word' id='word_1_567' title='bbox 1101 4543 1499 4616; x_wconf 58' lang='lat' dir='ltr'><strong>praedicationis</strong></span> <span class='ocrx_word' id='word_1_568' title='bbox 1526 4542 1883 4613; x_wconf 86' lang='lat' dir='ltr'><strong>obsidionem,</strong></span> <span class='ocrx_word' id='word_1_569' title='bbox 1916 4548 2027 4605; x_wconf 81' lang='lat' dir='ltr'><strong>fra-</strong></span> 
     </span>
    </p>
   </div>
   <div class='ocr_carea' id='block_1_77' title="bbox 438 4636 2028 4711">
    <p class='ocr_par' dir='ltr' id='par_1_77' title="bbox 438 4636 2028 4711">
     <span class='ocr_line' id='line_1_77' title="bbox 438 4636 2028 4711; baseline 0.001 -14"><span class='ocrx_word' id='word_1_570' title='bbox 438 4651 549 4697; x_wconf 90' lang='lat' dir='ltr'><strong>tres</strong></span> <span class='ocrx_word' id='word_1_571' title='bbox 574 4638 904 4706; x_wconf 82' lang='lat' dir='ltr'><strong>charissimi,</strong></span> <span class='ocrx_word' id='word_1_572' title='bbox 933 4639 997 4696; x_wconf 91' lang='lat' dir='ltr'><strong>de</strong></span> <span class='ocrx_word' id='word_1_573' title='bbox 1031 4636 1310 4711; x_wconf 90' lang='lat' dir='ltr'><strong>pereuntis</strong></span> <span class='ocrx_word' id='word_1_574' title='bbox 1343 4636 1562 4695; x_wconf 86' lang='lat' dir='ltr'><strong>Iericho</strong></span> <span class='ocrx_word' id='word_1_575' title='bbox 1589 4639 1760 4698; x_wconf 89' lang='lat' dir='ltr'><strong>simus</strong></span> <span class='ocrx_word' id='word_1_576' title='bbox 1789 4642 2028 4699; x_wconf 86' lang='lat' dir='ltr'><strong>interne-</strong></span> 
     </span>
    </p>
   </div>
   <div class='ocr_carea' id='block_1_78' title="bbox 433 4726 2027 4801">
    <p class='ocr_par' dir='ltr' id='par_1_78' title="bbox 433 4726 2027 4801">
     <span class='ocr_line' id='line_1_78' title="bbox 433 4726 2027 4801; baseline 0.001 -13"><span class='ocrx_word' id='word_1_577' title='bbox 433 4730 681 4788; x_wconf 85' lang='lat' dir='ltr'><strong>cionibus</strong></span> <span class='ocrx_word' id='word_1_578' title='bbox 708 4728 870 4797; x_wconf 89' lang='lat' dir='ltr'><strong>eruti,</strong></span> <span class='ocrx_word' id='word_1_579' title='bbox 906 4726 1021 4785; x_wconf 85' lang='lat' dir='ltr'><strong>imo</strong></span> <span class='ocrx_word' id='word_1_580' title='bbox 1050 4729 1116 4785; x_wconf 88' lang='lat' dir='ltr'><strong>de</strong></span> <span class='ocrx_word' id='word_1_581' title='bbox 1146 4730 1420 4785; x_wconf 64' lang='lat' dir='ltr'><strong>subversae</strong></span> <span class='ocrx_word' id='word_1_582' title='bbox 1460 4728 1777 4801; x_wconf 84' lang='lat' dir='ltr'><strong>gentilitatis</strong></span> <span class='ocrx_word' id='word_1_583' title='bbox 1811 4733 2027 4790; x_wconf 87' lang='lat' dir='ltr'><strong>excidio</strong></span> 
     </span>
    </p>
   </div>
   <div class='ocr_carea' id='block_1_79' title="bbox 432 4819 2023 4894">
    <p class='ocr_par' dir='ltr' id='par_1_79' title="bbox 432 4819 2023 4894">
     <span class='ocr_line' id='line_1_79' title="bbox 432 4819 2023 4894; baseline 0.001 -15"><span class='ocrx_word' id='word_1_584' title='bbox 432 4823 691 4879; x_wconf 91' lang='lat' dir='ltr'><strong>divinitus</strong></span> <span class='ocrx_word' id='word_1_585' title='bbox 722 4821 957 4888; x_wconf 86' lang='lat' dir='ltr'><strong>liberati,</strong></span> <span class='ocrx_word' id='word_1_586' title='bbox 999 4837 1106 4877; x_wconf 92' lang='lat' dir='ltr'><strong>non</strong></span> <span class='ocrx_word' id='word_1_587' title='bbox 1139 4837 1430 4894; x_wconf 83' lang='lat' dir='ltr'><strong>gravemur</strong></span> <span class='ocrx_word' id='word_1_588' title='bbox 1456 4819 1622 4879; x_wconf 91' lang='lat' dir='ltr'><strong>duces</strong></span> <span class='ocrx_word' id='word_1_589' title='bbox 1651 4832 1866 4880; x_wconf 90' lang='lat' dir='ltr'><strong>nostros</strong></span> <span class='ocrx_word' id='word_1_590' title='bbox 1892 4826 2023 4881; x_wconf 73' lang='lat' dir='ltr'><strong>sub~</strong></span> 
     </span>
    </p>
   </div>
   <div class='ocr_carea' id='block_1_80' title="bbox 428 4912 2023 4989">
    <p class='ocr_par' dir='ltr' id='par_1_80' title="bbox 428 4912 2023 4989">
     <span class='ocr_line' id='line_1_80' title="bbox 428 4912 2023 4989; baseline -0.001 -16"><span class='ocrx_word' id='word_1_591' title='bbox 428 4916 583 4986; x_wconf 78' lang='lat' dir='ltr'><strong>sequi</strong></span> <span class='ocrx_word' id='word_1_592' title='bbox 627 4931 735 4985; x_wconf 93' lang='lat' dir='ltr'><strong>quo</strong></span> <span class='ocrx_word' id='word_1_593' title='bbox 764 4912 1097 4983; x_wconf 67' lang='lat' dir='ltr'><strong>prtecedunt,</strong></span> <span class='ocrx_word' id='word_1_594' title='bbox 1129 4931 1236 4971; x_wconf 87' lang='lat' dir='ltr'><strong>non</strong></span> <span class='ocrx_word' id='word_1_595' title='bbox 1261 4915 1510 4970; x_wconf 88' lang='lat' dir='ltr'><strong>videatur</strong></span> <span class='ocrx_word' id='word_1_596' title='bbox 1534 4931 1824 4972; x_wconf 85' lang='lat' dir='ltr'><strong>onerosum</strong></span> <span class='ocrx_word' id='word_1_597' title='bbox 1864 4915 2023 4989; x_wconf 89' lang='lat' dir='ltr'><strong>quid-</strong></span> 
     </span>
    </p>
   </div>
   <div class='ocr_carea' id='block_1_81' title="bbox 430 5004 1649 5080">
    <p class='ocr_par' dir='ltr' id='par_1_81' title="bbox 430 5004 1649 5080">
     <span class='ocr_line' id='line_1_81' title="bbox 430 5004 1649 5080; baseline -0.002 -15"><span class='ocrx_word' id='word_1_598' title='bbox 430 5008 558 5080; x_wconf 75' lang='lat' dir='ltr'><strong>quid</strong></span> <span class='ocrx_word' id='word_1_599' title='bbox 584 5007 740 5063; x_wconf 90' lang='lat' dir='ltr'><strong>nobis</strong></span> <span class='ocrx_word' id='word_1_600' title='bbox 767 5021 869 5076; x_wconf 90' lang='lat' dir='ltr'><strong>pro</strong></span> <span class='ocrx_word' id='word_1_601' title='bbox 895 5015 1081 5061; x_wconf 88' lang='lat' dir='ltr'><strong>nostra</strong></span> <span class='ocrx_word' id='word_1_602' title='bbox 1109 5004 1281 5061; x_wconf 87' lang='lat' dir='ltr'><strong>salute</strong></span> <span class='ocrx_word' id='word_1_603' title='bbox 1306 5005 1649 5078; x_wconf 80' lang='lat' dir='ltr'><strong>praecipiunt.</strong></span> 
     </span>
    </p>
   </div>
   <div class='ocr_carea' id='block_1_82' title="bbox 1021 5113 1421 5170">
    <p class='ocr_par' dir='ltr' id='par_1_82' title="bbox 1021 5113 1421 5170">
     <span class='ocr_line' id='line_1_82' title="bbox 1021 5113 1421 5170; baseline -0.005 0"><span class='ocrx_word' id='word_1_604' title='bbox 1021 5113 1249 5170; x_wconf 83' lang='lat' dir='ltr'><strong>CAPUT</strong></span> <span class='ocrx_word' id='word_1_605' title='bbox 1289 5114 1421 5169; x_wconf 81' lang='lat' dir='ltr'><strong>VIII.</strong></span> 
     </span>
    </p>
   </div>
   <div class='ocr_carea' id='block_1_83' title="bbox 424 5203 2016 5280">
    <p class='ocr_par' dir='ltr' id='par_1_83' title="bbox 424 5203 2016 5280">
     <span class='ocr_line' id='line_1_83' title="bbox 424 5203 2016 5280; baseline 0.001 -17"><span class='ocrx_word' id='word_1_606' title='bbox 424 5207 493 5263; x_wconf 74' lang='lat' dir='ltr'><strong>In</strong></span> <span class='ocrx_word' id='word_1_607' title='bbox 516 5206 737 5280; x_wconf 72' lang='lat' dir='ltr'><strong>epistola</strong></span> <span class='ocrx_word' id='word_1_608' title='bbox 759 5206 831 5280; x_wconf 74' lang='lat' dir='ltr'><strong>ad</strong></span> <span class='ocrx_word' id='word_1_609' title='bbox 862 5204 926 5280; x_wconf 73' lang='grc' dir='ltr'><strong>Β.</strong></span> <span class='ocrx_word' id='word_1_610' title='bbox 958 5203 1316 5280; x_wconf 63' lang='lat' dir='ltr'><strong>Causidicum,</strong></span> <span class='ocrx_word' id='word_1_611' title='bbox 1351 5215 1406 5260; x_wconf 85' lang='lat' dir='ltr'><strong>ut</strong></span> <span class='ocrx_word' id='word_1_612' title='bbox 1441 5208 1687 5280; x_wconf 55' lang='lat' dir='ltr'><strong>exteriori</strong></span> <span class='ocrx_word' id='word_1_613' title='bbox 1722 5209 2016 5279; x_wconf 76' lang='lat' dir='ltr'><strong>prudentia:</strong></span> 
     </span>
    </p>
   </div>
   <div class='ocr_carea' id='block_1_84' title="bbox 748 5275 1687 5348">
    <p class='ocr_par' dir='ltr' id='par_1_84' title="bbox 748 5275 1687 5348">
     <span class='ocr_line' id='line_1_84' title="bbox 748 5275 1687 5348; baseline 0.002 -17"><span class='ocrx_word' id='word_1_614' title='bbox 748 5275 1042 5347; x_wconf 76' lang='lat' dir='ltr'><strong>spiritualis</strong></span> <span class='ocrx_word' id='word_1_615' title='bbox 1069 5277 1327 5346; x_wconf 76' lang='lat' dir='ltr'><strong>sapientia</strong></span> <span class='ocrx_word' id='word_1_616' title='bbox 1354 5278 1687 5348; x_wconf 71' lang='lat' dir='ltr'><strong>prarferatur.</strong></span> 
     </span>
    </p>
   </div>
   <div class='ocr_carea' id='block_1_85' title="bbox 500 5365 2012 5443">
    <p class='ocr_par' dir='ltr' id='par_1_85' title="bbox 500 5365 2012 5443">
     <span class='ocr_line' id='line_1_85' title="bbox 500 5365 2012 5443; baseline 0.002 -20"><span class='ocrx_word' id='word_1_617' title='bbox 500 5390 521 5423; x_wconf 75' lang='grc' dir='ltr'>ι</span> <span class='ocrx_word' id='word_1_618' title='bbox 565 5369 837 5428; x_wconf 89' lang='lat' dir='ltr'><strong>Subversa</strong></span> <span class='ocrx_word' id='word_1_619' title='bbox 876 5384 1006 5424; x_wconf 88' lang='lat' dir='ltr'><strong>vero</strong></span> <span class='ocrx_word' id='word_1_620' title='bbox 1044 5365 1285 5436; x_wconf 89' lang='lat' dir='ltr'><strong>Iericho,</strong></span> <span class='ocrx_word' id='word_1_621' title='bbox 1328 5368 1491 5427; x_wconf 89' lang='lat' dir='ltr'><strong>Iosue</strong></span> <span class='ocrx_word' id='word_1_622' title='bbox 1534 5368 1866 5443; x_wconf 87' lang='lat' dir='ltr'><strong>imprecatus</strong></span> <span class='ocrx_word' id='word_1_623' title='bbox 1906 5380 2012 5440; x_wconf 87' lang='lat' dir='ltr'><strong>est,</strong></span> 
     </span>
    </p>
   </div>
   <div class='ocr_carea' id='block_1_86' title="bbox 421 5458 2014 5534">
    <p class='ocr_par' dir='ltr' id='par_1_86' title="bbox 421 5458 2014 5534">
     <span class='ocr_line' id='line_1_86' title="bbox 421 5458 2014 5534; baseline 0.001 -18"><span class='ocrx_word' id='word_1_624' title='bbox 421 5463 608 5520; x_wconf 87' lang='lat' dir='ltr'><strong>dicens</strong></span> <span class='ocrx_word' id='word_1_625' title='bbox 636 5482 649 5519; x_wconf 88' lang='lat'><strong>:</strong></span> <span class='ocrx_word' id='word_1_626' title='bbox 680 5462 996 5519; x_wconf 84' lang='lat' dir='ltr'><strong>Maledictus</strong></span> <span class='ocrx_word' id='word_1_627' title='bbox 1028 5458 1112 5516; x_wconf 90' lang='lat' dir='ltr'><strong>vir</strong></span> <span class='ocrx_word' id='word_1_628' title='bbox 1140 5476 1325 5517; x_wconf 89' lang='lat' dir='ltr'><strong>coram</strong></span> <span class='ocrx_word' id='word_1_629' title='bbox 1361 5462 1608 5530; x_wconf 88' lang='lat' dir='ltr'><strong>Domino,</strong></span> <span class='ocrx_word' id='word_1_630' title='bbox 1638 5464 1731 5534; x_wconf 91' lang='lat' dir='ltr'><strong>qui</strong></span> <span class='ocrx_word' id='word_1_631' title='bbox 1777 5465 2014 5519; x_wconf 82' lang='lat' dir='ltr'><strong>suscita-</strong></span> 
     </span>
    </p>
   </div>
   <div class='ocr_carea' id='block_1_87' title="bbox 421 5552 2013 5629">
    <p class='ocr_par' dir='ltr' id='par_1_87' title="bbox 421 5552 2013 5629">
     <span class='ocr_line' id='line_1_87' title="bbox 421 5552 2013 5629; baseline 0.004 -25"><span class='ocrx_word' id='word_1_632' title='bbox 421 5552 565 5606; x_wconf 90' lang='lat' dir='ltr'><strong>verit</strong></span> <span class='ocrx_word' id='word_1_633' title='bbox 608 5562 664 5607; x_wconf 90' lang='lat' dir='ltr'><strong>et</strong></span> <span class='ocrx_word' id='word_1_634' title='bbox 708 5552 1058 5608; x_wconf 64' lang='lat' dir='ltr'><strong>aediﬁcaverit</strong></span> <span class='ocrx_word' id='word_1_635' title='bbox 1098 5552 1373 5608; x_wconf 88' lang='lat' dir='ltr'><strong>civitatem</strong></span> <span class='ocrx_word' id='word_1_636' title='bbox 1416 5552 1665 5618; x_wconf 88' lang='lat' dir='ltr'><strong>Iericho;</strong></span> <span class='ocrx_word' id='word_1_637' title='bbox 1714 5554 1767 5608; x_wconf 92' lang='lat' dir='ltr'><strong>in</strong></span> <span class='ocrx_word' id='word_1_638' title='bbox 1807 5554 2013 5629; x_wconf 81' lang='lat' dir='ltr'><strong>primo-</strong></span> 
     </span>
    </p>
   </div>
   <div class='ocr_carea' id='block_1_88' title="bbox 422 5640 2014 5711">
    <p class='ocr_par' dir='ltr' id='par_1_88' title="bbox 422 5640 2014 5711">
     <span class='ocr_line' id='line_1_88' title="bbox 422 5640 2014 5711; baseline 0.003 -15"><span class='ocrx_word' id='word_1_639' title='bbox 422 5642 607 5711; x_wconf 74' lang='lat' dir='ltr'><strong>genito</strong></span> <span class='ocrx_word' id='word_1_640' title='bbox 651 5657 750 5697; x_wconf 86' lang='lat' dir='ltr'><strong>suo</strong></span> <span class='ocrx_word' id='word_1_641' title='bbox 790 5641 1139 5697; x_wconf 82' lang='lat' dir='ltr'><strong>fundamenta</strong></span> <span class='ocrx_word' id='word_1_642' title='bbox 1176 5642 1316 5698; x_wconf 86' lang='lat' dir='ltr'><strong>illius</strong></span> <span class='ocrx_word' id='word_1_643' title='bbox 1336 5640 1507 5710; x_wconf 88' lang='lat' dir='ltr'><strong>jaciat</strong></span> <span class='ocrx_word' id='word_1_644' title='bbox 1544 5651 1600 5697; x_wconf 90' lang='lat' dir='ltr'><strong>et</strong></span> <span class='ocrx_word' id='word_1_645' title='bbox 1635 5642 1689 5697; x_wconf 88' lang='lat' dir='ltr'><strong>in</strong></span> <span class='ocrx_word' id='word_1_646' title='bbox 1717 5644 2014 5701; x_wconf 88' lang='lat' dir='ltr'><strong>novissimo</strong></span> 
     </span>
    </p>
   </div>
   <div class='ocr_carea' id='block_1_89' title="bbox 422 5731 2010 5808">
    <p class='ocr_par' dir='ltr' id='par_1_89' title="bbox 422 5731 2010 5808">
     <span class='ocr_line' id='line_1_89' title="bbox 422 5731 2010 5808; baseline 0.003 -21"><span class='ocrx_word' id='word_1_647' title='bbox 422 5731 717 5788; x_wconf 84' lang='lat' dir='ltr'><strong>liberorqu</strong></span> <span class='ocrx_word' id='word_1_648' title='bbox 740 5741 905 5801; x_wconf 86' lang='lat' dir='ltr'><strong>ponat</strong></span> <span class='ocrx_word' id='word_1_649' title='bbox 931 5742 1116 5802; x_wconf 83' lang='lat' dir='ltr'><strong>portas</strong></span> <span class='ocrx_word' id='word_1_650' title='bbox 1137 5732 1253 5805; x_wconf 83' lang='lat' dir='ltr'><strong>ejus</strong></span> <span class='ocrx_word' id='word_1_651' title='bbox 1274 5732 1413 5806; x_wconf 81' lang='lat' dir='ltr'><strong>(Ias.</strong></span> <span class='ocrx_word' id='word_1_652' title='bbox 1437 5735 1534 5801; x_wconf 81' lang='lat' dir='ltr'><strong>vi).</strong></span> <span class='ocrx_word' id='word_1_653' title='bbox 1567 5752 1585 5786; x_wconf 78' lang='grc' dir='ltr'><strong><em>ι</em></strong></span> <span class='ocrx_word' id='word_1_654' title='bbox 1610 5732 1746 5789; x_wconf 79' lang='lat' dir='ltr'><strong>Nam</strong></span> <span class='ocrx_word' id='word_1_655' title='bbox 1769 5736 1893 5806; x_wconf 85' lang='lat' dir='ltr'><strong>quia</strong></span> <span class='ocrx_word' id='word_1_656' title='bbox 1915 5749 2010 5808; x_wconf 85' lang='lat' dir='ltr'><strong>per</strong></span> 
     </span>
    </p>
   </div>
   <div class='ocr_carea' id='block_1_90' title="bbox 2148 3268 3737 3353">
    <p class='ocr_par' dir='ltr' id='par_1_90' title="bbox 2148 3268 3737 3353">
     <span class='ocr_line' id='line_1_90' title="bbox 2148 3268 3737 3353; baseline 0.012 -31"><span class='ocrx_word' id='word_1_657' title='bbox 2148 3279 2296 3336; x_wconf 90' lang='lat' dir='ltr'><strong>runt,</strong></span> <span class='ocrx_word' id='word_1_658' title='bbox 2340 3268 2432 3337; x_wconf 88' lang='lat' dir='ltr'><strong>ita</strong></span> <span class='ocrx_word' id='word_1_659' title='bbox 2484 3281 2547 3328; x_wconf 91' lang='lat' dir='ltr'><strong>ut</strong></span> <span class='ocrx_word' id='word_1_660' title='bbox 2602 3289 2661 3330; x_wconf 90' lang='lat' dir='ltr'><strong>se</strong></span> <span class='ocrx_word' id='word_1_661' title='bbox 2715 3277 2989 3334; x_wconf 86' lang='lat' dir='ltr'><strong>veteribus</strong></span> <span class='ocrx_word' id='word_1_662' title='bbox 3018 3281 3359 3338; x_wconf 88' lang='lat' dir='ltr'><strong>vestimentis</strong></span> <span class='ocrx_word' id='word_1_663' title='bbox 3412 3284 3737 3353; x_wconf 89' lang='lat' dir='ltr'><strong>induerent,</strong></span> 
     </span>
    </p>
   </div>
   <div class='ocr_carea' id='block_1_91' title="bbox 2147 3359 3738 3440">
    <p class='ocr_par' dir='ltr' id='par_1_91' title="bbox 2147 3359 3738 3440">
     <span class='ocr_line' id='line_1_91' title="bbox 2147 3359 3738 3440; baseline 0.012 -27"><span class='ocrx_word' id='word_1_664' title='bbox 2147 3359 2305 3432; x_wconf 75' lang='lat'><strong>165</strong></span> <span class='ocrx_word' id='word_1_665' title='bbox 2336 3376 2502 3433; x_wconf 87' lang='lat' dir='ltr'><strong>panes</strong></span> <span class='ocrx_word' id='word_1_666' title='bbox 2553 3366 2716 3420; x_wconf 88' lang='lat' dir='ltr'><strong>etiam</strong></span> <span class='ocrx_word' id='word_1_667' title='bbox 2768 3367 2974 3435; x_wconf 91' lang='lat' dir='ltr'><strong>siccos,</strong></span> <span class='ocrx_word' id='word_1_668' title='bbox 3023 3380 3209 3436; x_wconf 90' lang='lat' dir='ltr'><strong>utres,</strong></span> <span class='ocrx_word' id='word_1_669' title='bbox 3260 3388 3477 3440; x_wconf 84' lang='lat' dir='ltr'><strong>saccos,</strong></span> <span class='ocrx_word' id='word_1_670' title='bbox 3522 3377 3738 3432; x_wconf 79' lang='lat' dir='ltr'><strong>calcea-</strong></span> 
     </span>
    </p>
   </div>
   <div class='ocr_carea' id='block_1_92' title="bbox 2142 3457 3732 3535">
    <p class='ocr_par' dir='ltr' id='par_1_92' title="bbox 2142 3457 3732 3535">
     <span class='ocr_line' id='line_1_92' title="bbox 2142 3457 3732 3535; baseline 0.009 -30"><span class='ocrx_word' id='word_1_671' title='bbox 2142 3463 2327 3506; x_wconf 89' lang='lat' dir='ltr'><strong>menta</strong></span> <span class='ocrx_word' id='word_1_672' title='bbox 2391 3462 2554 3524; x_wconf 86' lang='lat' dir='ltr'><strong>atque</strong></span> <span class='ocrx_word' id='word_1_673' title='bbox 2623 3457 2804 3512; x_wconf 89' lang='lat' dir='ltr'><strong>omnia</strong></span> <span class='ocrx_word' id='word_1_674' title='bbox 2866 3459 3025 3514; x_wconf 89' lang='lat' dir='ltr'><strong>simul</strong></span> <span class='ocrx_word' id='word_1_675' title='bbox 3075 3461 3372 3517; x_wconf 83' lang='lat' dir='ltr'><strong>inveterata</strong></span> <span class='ocrx_word' id='word_1_676' title='bbox 3426 3477 3732 3535; x_wconf 81' lang='lat' dir='ltr'><strong>portarent.</strong></span> 
     </span>
    </p>
   </div>
   <div class='ocr_carea' id='block_1_93' title="bbox 2142 3539 3733 3619">
    <p class='ocr_par' dir='ltr' id='par_1_93' title="bbox 2142 3539 3733 3619">
     <span class='ocr_line' id='line_1_93' title="bbox 2142 3539 3733 3619; baseline 0.011 -27"><span class='ocrx_word' id='word_1_677' title='bbox 2142 3539 2351 3608; x_wconf 87' lang='lat' dir='ltr'><strong>Quibus</strong></span> <span class='ocrx_word' id='word_1_678' title='bbox 2401 3544 2612 3600; x_wconf 91' lang='lat' dir='ltr'><strong>scilicet</strong></span> <span class='ocrx_word' id='word_1_679' title='bbox 2662 3554 2954 3617; x_wconf 86' lang='lat' dir='ltr'><strong>postquam</strong></span> <span class='ocrx_word' id='word_1_680' title='bbox 3018 3550 3308 3619; x_wconf 85' lang='lat' dir='ltr'><strong>impetrato</strong></span> <span class='ocrx_word' id='word_1_681' title='bbox 3358 3552 3563 3608; x_wconf 68' lang='lat' dir='ltr'><strong>fmdere</strong></span> <span class='ocrx_word' id='word_1_682' title='bbox 3622 3556 3733 3611; x_wconf 83' lang='lat' dir='ltr'><strong>vita</strong></span> 
     </span>
    </p>
   </div>
   <div class='ocr_carea' id='block_1_94' title="bbox 2140 3631 3737 3713">
    <p class='ocr_par' dir='ltr' id='par_1_94' title="bbox 2140 3631 3737 3713">
     <span class='ocr_line' id='line_1_94' title="bbox 2140 3631 3737 3713; baseline 0.011 -28"><span class='ocrx_word' id='word_1_683' title='bbox 2140 3631 2411 3698; x_wconf 89' lang='lat' dir='ltr'><strong>donatur,</strong></span> <span class='ocrx_word' id='word_1_684' title='bbox 2449 3648 2851 3705; x_wconf 84' lang='lat' dir='ltr'><strong>consequenter</strong></span> <span class='ocrx_word' id='word_1_685' title='bbox 2897 3639 3069 3693; x_wconf 84' lang='lat' dir='ltr'><strong>etiam</strong></span> <span class='ocrx_word' id='word_1_686' title='bbox 3126 3641 3276 3697; x_wconf 89' lang='lat' dir='ltr'><strong>fraus</strong></span> <span class='ocrx_word' id='word_1_687' title='bbox 3326 3644 3594 3713; x_wconf 83' lang='lat' dir='ltr'><strong>patefacta</strong></span> <span class='ocrx_word' id='word_1_688' title='bbox 3641 3662 3737 3701; x_wconf 80' lang='lat' dir='ltr'><strong>co-</strong></span> 
     </span>
    </p>
   </div>
   <div class='ocr_carea' id='block_1_95' title="bbox 2139 3716 3733 3800">
    <p class='ocr_par' dir='ltr' id='par_1_95' title="bbox 2139 3716 3733 3800">
     <span class='ocr_line' id='line_1_95' title="bbox 2139 3716 3733 3800; baseline 0.012 -26"><span class='ocrx_word' id='word_1_689' title='bbox 2139 3716 2437 3790; x_wconf 85' lang='lat' dir='ltr'><strong>gnoscitur.</strong></span> <span class='ocrx_word' id='word_1_690' title='bbox 2467 3723 2614 3792; x_wconf 88' lang='lat' dir='ltr'><strong>Quos</strong></span> <span class='ocrx_word' id='word_1_691' title='bbox 2643 3724 2807 3783; x_wconf 86' lang='lat' dir='ltr'><strong>Iosue</strong></span> <span class='ocrx_word' id='word_1_692' title='bbox 2835 3768 2851 3794; x_wconf 92' lang='lat'><strong>,</strong></span> <span class='ocrx_word' id='word_1_693' title='bbox 2890 3742 3169 3800; x_wconf 88' lang='lat' dir='ltr'><strong>comperto</strong></span> <span class='ocrx_word' id='word_1_694' title='bbox 3196 3733 3341 3798; x_wconf 92' lang='lat' dir='ltr'><strong>dolo,</strong></span> <span class='ocrx_word' id='word_1_695' title='bbox 3372 3735 3473 3789; x_wconf 92' lang='lat' dir='ltr'><strong>suh</strong></span> <span class='ocrx_word' id='word_1_696' title='bbox 3502 3737 3733 3793; x_wconf 84' lang='lat' dir='ltr'><strong>maledi-</strong></span> 
     </span>
    </p>
   </div>
   <div class='ocr_carea' id='block_1_96' title="bbox 2139 3816 3733 3898">
    <p class='ocr_par' dir='ltr' id='par_1_96' title="bbox 2139 3816 3733 3898">
     <span class='ocr_line' id='line_1_96' title="bbox 2139 3816 3733 3898; baseline 0.01 -29"><span class='ocrx_word' id='word_1_697' title='bbox 2139 3816 2324 3870; x_wconf 87' lang='lat' dir='ltr'><strong>ctione</strong></span> <span class='ocrx_word' id='word_1_698' title='bbox 2355 3816 2648 3885; x_wconf 88' lang='lat' dir='ltr'><strong>damnavit,</strong></span> <span class='ocrx_word' id='word_1_699' title='bbox 2696 3828 2753 3874; x_wconf 92' lang='lat' dir='ltr'><strong>et</strong></span> <span class='ocrx_word' id='word_1_700' title='bbox 2803 3835 2958 3892; x_wconf 75' lang='lat' dir='ltr'><strong>aqua:</strong></span> <span class='ocrx_word' id='word_1_701' title='bbox 3005 3833 3307 3892; x_wconf 87' lang='lat' dir='ltr'><strong>gestatores</strong></span> <span class='ocrx_word' id='word_1_702' title='bbox 3350 3825 3733 3898; x_wconf 86' lang='lat' dir='ltr'><strong>lignorumque</strong></span> 
     </span>
    </p>
   </div>
   <div class='ocr_carea' id='block_1_97' title="bbox 2138 3912 3734 3989">
    <p class='ocr_par' dir='ltr' id='par_1_97' title="bbox 2138 3912 3734 3989">
     <span class='ocr_line' id='line_1_97' title="bbox 2138 3912 3734 3989; baseline 0.008 -26"><span class='ocrx_word' id='word_1_703' title='bbox 2138 3918 2372 3964; x_wconf 59' lang='lat' dir='ltr'><strong>censores</strong></span> <span class='ocrx_word' id='word_1_704' title='bbox 2397 3920 2662 3981; x_wconf 87' lang='lat' dir='ltr'><strong>perpetuo</strong></span> <span class='ocrx_word' id='word_1_705' title='bbox 2684 3912 2809 3981; x_wconf 88' lang='lat' dir='ltr'><strong>jure</strong></span> <span class='ocrx_word' id='word_1_706' title='bbox 2838 3915 3123 3971; x_wconf 83' lang='lat' dir='ltr'><strong>constituit</strong></span> <span class='ocrx_word' id='word_1_707' title='bbox 3150 3915 3288 3989; x_wconf 79' lang='lat' dir='ltr'><strong>(Ias.</strong></span> <span class='ocrx_word' id='word_1_708' title='bbox 3324 3920 3425 3988; x_wconf 81' lang='lat' dir='ltr'><strong>lx).</strong></span> <span class='ocrx_word' id='word_1_709' title='bbox 3470 3919 3570 3986; x_wconf 85' lang='lat' dir='ltr'><strong>Qui</strong></span> <span class='ocrx_word' id='word_1_710' title='bbox 3601 3931 3734 3977; x_wconf 90' lang='lat' dir='ltr'><strong>sunt</strong></span> 
     </span>
    </p>
   </div>
   <div class='ocr_carea' id='block_1_98' title="bbox 2138 4003 3733 4076">
    <p class='ocr_par' dir='ltr' id='par_1_98' title="bbox 2138 4003 3733 4076">
     <span class='ocr_line' id='line_1_98' title="bbox 2138 4003 3733 4076; baseline 0.008 -19"><span class='ocrx_word' id='word_1_711' title='bbox 2138 4010 2319 4057; x_wconf 85' lang='lat' dir='ltr'><strong>autem</strong></span> <span class='ocrx_word' id='word_1_712' title='bbox 2349 4003 2665 4060; x_wconf 65' lang='lat' dir='ltr'><strong>Gabaonitae</strong></span> <span class='ocrx_word' id='word_1_713' title='bbox 2689 4044 2706 4071; x_wconf 94' lang='lat'><strong>,</strong></span> <span class='ocrx_word' id='word_1_714' title='bbox 2753 4005 2845 4076; x_wconf 89' lang='lat' dir='ltr'><strong>qui</strong></span> <span class='ocrx_word' id='word_1_715' title='bbox 2889 4005 2958 4062; x_wconf 89' lang='lat' dir='ltr'><strong>ad</strong></span> <span class='ocrx_word' id='word_1_716' title='bbox 3006 4008 3281 4064; x_wconf 86' lang='lat' dir='ltr'><strong>Israelitas</strong></span> <span class='ocrx_word' id='word_1_717' title='bbox 3313 4012 3504 4067; x_wconf 87' lang='lat' dir='ltr'><strong>mortis</strong></span> <span class='ocrx_word' id='word_1_718' title='bbox 3541 4014 3733 4069; x_wconf 83' lang='lat' dir='ltr'><strong>formi-</strong></span> 
     </span>
    </p>
   </div>
   <div class='ocr_carea' id='block_1_99' title="bbox 2134 4093 3731 4168">
    <p class='ocr_par' dir='ltr' id='par_1_99' title="bbox 2134 4093 3731 4168">
     <span class='ocr_line' id='line_1_99' title="bbox 2134 4093 3731 4168; baseline 0.008 -19"><span class='ocrx_word' id='word_1_719' title='bbox 2134 4093 2262 4149; x_wconf 83' lang='lat' dir='ltr'><strong>dine</strong></span> <span class='ocrx_word' id='word_1_720' title='bbox 2293 4103 2576 4151; x_wconf 89' lang='lat' dir='ltr'><strong>trauseunt</strong></span> <span class='ocrx_word' id='word_1_721' title='bbox 2603 4137 2619 4161; x_wconf 94' lang='lat'><strong>,</strong></span> <span class='ocrx_word' id='word_1_722' title='bbox 2653 4098 2753 4152; x_wconf 90' lang='lat' dir='ltr'><strong>nisi</strong></span> <span class='ocrx_word' id='word_1_723' title='bbox 2785 4097 2820 4152; x_wconf 92' lang='lat' dir='ltr'><strong>ii</strong></span> <span class='ocrx_word' id='word_1_724' title='bbox 2849 4099 2941 4168; x_wconf 89' lang='lat' dir='ltr'><strong>qui</strong></span> <span class='ocrx_word' id='word_1_725' title='bbox 2976 4102 3043 4155; x_wconf 91' lang='lat' dir='ltr'><strong>ad</strong></span> <span class='ocrx_word' id='word_1_726' title='bbox 3080 4102 3362 4159; x_wconf 90' lang='lat' dir='ltr'><strong>servitutis</strong></span> <span class='ocrx_word' id='word_1_727' title='bbox 3403 4104 3595 4159; x_wconf 79' lang='lat' dir='ltr'><strong>divina:</strong></span> <span class='ocrx_word' id='word_1_728' title='bbox 3627 4107 3731 4161; x_wconf 75' lang='lat' dir='ltr'><strong>nii-</strong></span> 
     </span>
    </p>
   </div>
   <div class='ocr_carea' id='block_1_100' title="bbox 2134 4180 3731 4259">
    <p class='ocr_par' dir='ltr' id='par_1_100' title="bbox 2134 4180 3731 4259">
     <span class='ocr_line' id='line_1_100' title="bbox 2134 4180 3731 4259; baseline 0.009 -20"><span class='ocrx_word' id='word_1_729' title='bbox 2134 4180 2309 4241; x_wconf 89' lang='lat' dir='ltr'><strong>Iitiam</strong></span> <span class='ocrx_word' id='word_1_730' title='bbox 2344 4200 2449 4243; x_wconf 90' lang='lat' dir='ltr'><strong>non</strong></span> <span class='ocrx_word' id='word_1_731' title='bbox 2476 4187 2833 4259; x_wconf 85' lang='lat' dir='ltr'><strong>perfectionis</strong></span> <span class='ocrx_word' id='word_1_732' title='bbox 2861 4207 3069 4258; x_wconf 90' lang='lat' dir='ltr'><strong>amore,</strong></span> <span class='ocrx_word' id='word_1_733' title='bbox 3101 4195 3195 4249; x_wconf 91' lang='lat' dir='ltr'><strong>sed</strong></span> <span class='ocrx_word' id='word_1_734' title='bbox 3239 4196 3537 4251; x_wconf 86' lang='lat' dir='ltr'><strong>tremefacti</strong></span> <span class='ocrx_word' id='word_1_735' title='bbox 3562 4198 3731 4254; x_wconf 82' lang='lat' dir='ltr'><strong>scele-</strong></span> 
     </span>
    </p>
   </div>
   <div class='ocr_carea' id='block_1_101' title="bbox 2130 4277 3728 4353">
    <p class='ocr_par' dir='ltr' id='par_1_101' title="bbox 2130 4277 3728 4353">
     <span class='ocr_line' id='line_1_101' title="bbox 2130 4277 3728 4353; baseline 0.008 -24"><span class='ocrx_word' id='word_1_736' title='bbox 2130 4287 2255 4330; x_wconf 85' lang='lat' dir='ltr'><strong>rum</strong></span> <span class='ocrx_word' id='word_1_737' title='bbox 2308 4288 2529 4332; x_wconf 86' lang='lat' dir='ltr'><strong>suorum</strong></span> <span class='ocrx_word' id='word_1_738' title='bbox 2585 4277 2925 4335; x_wconf 89' lang='lat' dir='ltr'><strong>immanitate</strong></span> <span class='ocrx_word' id='word_1_739' title='bbox 2972 4281 3330 4353; x_wconf 80' lang='lat' dir='ltr'><strong>confugiunt?</strong></span> <span class='ocrx_word' id='word_1_740' title='bbox 3379 4284 3484 4339; x_wconf 87' lang='lat' dir='ltr'><strong>Sed</strong></span> <span class='ocrx_word' id='word_1_741' title='bbox 3534 4300 3728 4342; x_wconf 87' lang='lat' dir='ltr'><strong>eorum</strong></span> 
     </span>
    </p>
   </div>
   <div class='ocr_carea' id='block_1_102' title="bbox 2133 4367 3729 4446">
    <p class='ocr_par' dir='ltr' id='par_1_102' title="bbox 2133 4367 3729 4446">
     <span class='ocr_line' id='line_1_102' title="bbox 2133 4367 3729 4446; baseline 0.008 -26"><span class='ocrx_word' id='word_1_742' title='bbox 2133 4367 2375 4423; x_wconf 89' lang='lat' dir='ltr'><strong>nonnulli</strong></span> <span class='ocrx_word' id='word_1_743' title='bbox 2409 4376 2583 4435; x_wconf 86' lang='lat' dir='ltr'><strong>veste,</strong></span> <span class='ocrx_word' id='word_1_744' title='bbox 2610 4384 2717 4425; x_wconf 89' lang='lat' dir='ltr'><strong>non</strong></span> <span class='ocrx_word' id='word_1_745' title='bbox 2751 4380 2933 4427; x_wconf 90' lang='lat' dir='ltr'><strong>mente</strong></span> <span class='ocrx_word' id='word_1_746' title='bbox 2962 4374 3182 4438; x_wconf 89' lang='lat' dir='ltr'><strong>mutati,</strong></span> <span class='ocrx_word' id='word_1_747' title='bbox 3216 4375 3393 4430; x_wconf 85' lang='lat' dir='ltr'><strong>siccos</strong></span> <span class='ocrx_word' id='word_1_748' title='bbox 3437 4391 3606 4446; x_wconf 88' lang='lat' dir='ltr'><strong>panes</strong></span> <span class='ocrx_word' id='word_1_749' title='bbox 3656 4381 3729 4433; x_wconf 85' lang='lat' dir='ltr'><strong>ad</strong></span> 
     </span>
    </p>
   </div>
   <div class='ocr_carea' id='block_1_103' title="bbox 2130 4460 3728 4534">
    <p class='ocr_par' dir='ltr' id='par_1_103' title="bbox 2130 4460 3728 4534">
     <span class='ocr_line' id='line_1_103' title="bbox 2130 4460 3728 4534; baseline 0.008 -23"><span class='ocrx_word' id='word_1_750' title='bbox 2130 4470 2284 4512; x_wconf 89' lang='lat' dir='ltr'><strong>esum</strong></span> <span class='ocrx_word' id='word_1_751' title='bbox 2314 4467 2573 4528; x_wconf 89' lang='lat' dir='ltr'><strong>portant,</strong></span> <span class='ocrx_word' id='word_1_752' title='bbox 2601 4460 2727 4530; x_wconf 87' lang='lat' dir='ltr'><strong>quia</strong></span> <span class='ocrx_word' id='word_1_753' title='bbox 2753 4476 2943 4534; x_wconf 77' lang='lat' dir='ltr'><strong>azyma</strong></span> <span class='ocrx_word' id='word_1_754' title='bbox 2970 4464 3151 4518; x_wconf 86' lang='lat' dir='ltr'><strong>adhuc</strong></span> <span class='ocrx_word' id='word_1_755' title='bbox 3179 4465 3510 4521; x_wconf 88' lang='lat' dir='ltr'><strong>sinceritatis</strong></span> <span class='ocrx_word' id='word_1_756' title='bbox 3536 4476 3592 4522; x_wconf 87' lang='lat' dir='ltr'><strong>et</strong></span> <span class='ocrx_word' id='word_1_757' title='bbox 3633 4484 3728 4525; x_wconf 85' lang='lat' dir='ltr'><strong>ve-</strong></span> 
     </span>
    </p>
   </div>
   <div class='ocr_carea' id='block_1_104' title="bbox 2134 4544 3728 4623">
    <p class='ocr_par' dir='ltr' id='par_1_104' title="bbox 2134 4544 3728 4623">
     <span class='ocr_line' id='line_1_104' title="bbox 2134 4544 3728 4623; baseline 0.008 -22"><span class='ocrx_word' id='word_1_758' title='bbox 2134 4544 2313 4602; x_wconf 90' lang='lat' dir='ltr'><strong>ritatis</strong></span> <span class='ocrx_word' id='word_1_759' title='bbox 2346 4546 2403 4619; x_wconf 85' lang='grc' dir='ltr'><strong>(Ι</strong></span> <span class='ocrx_word' id='word_1_760' title='bbox 2430 4544 2560 4603; x_wconf 83' lang='lat' dir='ltr'><strong>Cor.</strong></span> <span class='ocrx_word' id='word_1_761' title='bbox 2590 4551 2644 4621; x_wconf 89' lang='lat' dir='ltr'><strong>v)</strong></span> <span class='ocrx_word' id='word_1_762' title='bbox 2677 4552 2950 4623; x_wconf 85' lang='lat' dir='ltr'><strong>ignorant.</strong></span> <span class='ocrx_word' id='word_1_763' title='bbox 2997 4554 3238 4610; x_wconf 83' lang='lat' dir='ltr'><strong>Vctustis</strong></span> <span class='ocrx_word' id='word_1_764' title='bbox 3266 4555 3506 4611; x_wconf 89' lang='lat' dir='ltr'><strong>vestibus</strong></span> <span class='ocrx_word' id='word_1_765' title='bbox 3534 4568 3728 4615; x_wconf 83' lang='lat' dir='ltr'><strong>conte-</strong></span> 
     </span>
    </p>
   </div>
   <div class='ocr_carea' id='block_1_105' title="bbox 2130 4640 3726 4709">
    <p class='ocr_par' dir='ltr' id='par_1_105' title="bbox 2130 4640 3726 4709">
     <span class='ocr_line' id='line_1_105' title="bbox 2130 4640 3726 4709; baseline 0.009 -18"><span class='ocrx_word' id='word_1_766' title='bbox 2130 4646 2350 4707; x_wconf 81' lang='lat' dir='ltr'><strong>guntur,</strong></span> <span class='ocrx_word' id='word_1_767' title='bbox 2381 4640 2508 4709; x_wconf 89' lang='lat' dir='ltr'><strong>quia</strong></span> <span class='ocrx_word' id='word_1_768' title='bbox 2545 4640 2600 4696; x_wconf 89' lang='lat' dir='ltr'><strong>in</strong></span> <span class='ocrx_word' id='word_1_769' title='bbox 2632 4643 2799 4698; x_wconf 80' lang='lat' dir='ltr'><strong>veteri</strong></span> <span class='ocrx_word' id='word_1_770' title='bbox 2831 4644 3008 4699; x_wconf 89' lang='lat' dir='ltr'><strong>adhuc</strong></span> <span class='ocrx_word' id='word_1_771' title='bbox 3035 4643 3253 4700; x_wconf 90' lang='lat' dir='ltr'><strong>homine</strong></span> <span class='ocrx_word' id='word_1_772' title='bbox 3288 4647 3570 4702; x_wconf 88' lang='lat' dir='ltr'><strong>constituti</strong></span> <span class='ocrx_word' id='word_1_773' title='bbox 3616 4665 3726 4705; x_wconf 65' lang='grc' dir='ltr'><strong>ηοα</strong></span> 
     </span>
    </p>
   </div>
   <div class='ocr_carea' id='block_1_106' title="bbox 2128 4730 3727 4805">
    <p class='ocr_par' dir='ltr' id='par_1_106' title="bbox 2128 4730 3727 4805">
     <span class='ocr_line' id='line_1_106' title="bbox 2128 4730 3727 4805; baseline 0.009 -21"><span class='ocrx_word' id='word_1_774' title='bbox 2128 4742 2255 4785; x_wconf 86' lang='lat' dir='ltr'><strong>vum</strong></span> <span class='ocrx_word' id='word_1_775' title='bbox 2285 4730 2511 4787; x_wconf 91' lang='lat' dir='ltr'><strong>induere</strong></span> <span class='ocrx_word' id='word_1_776' title='bbox 2540 4735 2810 4802; x_wconf 83' lang='lat' dir='ltr'><strong>nesciunt,</strong></span> <span class='ocrx_word' id='word_1_777' title='bbox 2852 4736 2943 4805; x_wconf 87' lang='lat' dir='ltr'><strong>qui</strong></span> <span class='ocrx_word' id='word_1_778' title='bbox 2976 4738 3273 4791; x_wconf 88' lang='lat' dir='ltr'><strong>secundum</strong></span> <span class='ocrx_word' id='word_1_779' title='bbox 3303 4737 3470 4793; x_wconf 89' lang='lat' dir='ltr'><strong>Deum</strong></span> <span class='ocrx_word' id='word_1_780' title='bbox 3497 4752 3727 4798; x_wconf 83' lang='lat' dir='ltr'><strong>creatus</strong></span> 
     </span>
    </p>
   </div>
   <div class='ocr_carea' id='block_1_107' title="bbox 2127 4820 3726 4905">
    <p class='ocr_par' dir='ltr' id='par_1_107' title="bbox 2127 4820 3726 4905">
     <span class='ocr_line' id='line_1_107' title="bbox 2127 4820 3726 4905; baseline 0.007 -28"><span class='ocrx_word' id='word_1_781' title='bbox 2127 4828 2213 4877; x_wconf 89' lang='lat' dir='ltr'><strong>est</strong></span> <span class='ocrx_word' id='word_1_782' title='bbox 2262 4820 2318 4879; x_wconf 90' lang='lat' dir='ltr'><strong>in</strong></span> <span class='ocrx_word' id='word_1_783' title='bbox 2366 4823 2577 4893; x_wconf 77' lang='lat' dir='ltr'><strong>iustitia</strong></span> <span class='ocrx_word' id='word_1_784' title='bbox 2624 4835 2680 4881; x_wconf 87' lang='lat' dir='ltr'><strong>et</strong></span> <span class='ocrx_word' id='word_1_785' title='bbox 2730 4827 3020 4883; x_wconf 87' lang='lat' dir='ltr'><strong>sanctitate</strong></span> <span class='ocrx_word' id='word_1_786' title='bbox 3074 4828 3319 4884; x_wconf 87' lang='lat' dir='ltr'><strong>veritatis</strong></span> <span class='ocrx_word' id='word_1_787' title='bbox 3362 4829 3581 4901; x_wconf 69' lang='lat' dir='ltr'><strong>(Ephes.</strong></span> <span class='ocrx_word' id='word_1_788' title='bbox 3616 4832 3726 4905; x_wconf 79' lang='lat' dir='ltr'><strong>iv).</strong></span> 
     </span>
    </p>
   </div>
   <div class='ocr_carea' id='block_1_108' title="bbox 2127 4908 3723 4993">
    <p class='ocr_par' dir='ltr' id='par_1_108' title="bbox 2127 4908 3723 4993">
     <span class='ocr_line' id='line_1_108' title="bbox 2127 4908 3723 4993; baseline 0.008 -26"><span class='ocrx_word' id='word_1_789' title='bbox 2127 4908 2407 4970; x_wconf 82' lang='lat' dir='ltr'><strong>Postremo</strong></span> <span class='ocrx_word' id='word_1_790' title='bbox 2442 4916 2621 4971; x_wconf 88' lang='lat' dir='ltr'><strong>omnia</strong></span> <span class='ocrx_word' id='word_1_791' title='bbox 2651 4915 2906 4973; x_wconf 90' lang='lat' dir='ltr'><strong>videntur</strong></span> <span class='ocrx_word' id='word_1_792' title='bbox 2955 4919 3256 4974; x_wconf 88' lang='lat' dir='ltr'><strong>inveterata</strong></span> <span class='ocrx_word' id='word_1_793' title='bbox 3301 4936 3423 4991; x_wconf 68' lang='lat' dir='ltr'><strong>quae</strong></span> <span class='ocrx_word' id='word_1_794' title='bbox 3472 4931 3723 4993; x_wconf 80' lang='lat' dir='ltr'><strong>gestant,</strong></span> 
     </span>
    </p>
   </div>
   <div class='ocr_carea' id='block_1_109' title="bbox 2126 5005 3721 5082">
    <p class='ocr_par' dir='ltr' id='par_1_109' title="bbox 2126 5005 3721 5082">
     <span class='ocr_line' id='line_1_109' title="bbox 2126 5005 3721 5082; baseline 0.009 -25"><span class='ocrx_word' id='word_1_795' title='bbox 2126 5006 2253 5074; x_wconf 88' lang='lat' dir='ltr'><strong>quia</strong></span> <span class='ocrx_word' id='word_1_796' title='bbox 2309 5005 2361 5060; x_wconf 79' lang='lat' dir='ltr'><strong>in</strong></span> <span class='ocrx_word' id='word_1_797' title='bbox 2414 5010 2703 5076; x_wconf 63' lang='lat' dir='ltr'><strong>prmterita:</strong></span> <span class='ocrx_word' id='word_1_798' title='bbox 2763 5010 2887 5064; x_wconf 71' lang='lat' dir='ltr'><strong>vita:</strong></span> <span class='ocrx_word' id='word_1_799' title='bbox 2945 5010 3095 5066; x_wconf 84' lang='lat' dir='ltr'><strong>vitiis</strong></span> <span class='ocrx_word' id='word_1_800' title='bbox 3152 5022 3543 5082; x_wconf 82' lang='lat' dir='ltr'><strong>perseverant,</strong></span> <span class='ocrx_word' id='word_1_801' title='bbox 3597 5030 3721 5072; x_wconf 82' lang='lat' dir='ltr'><strong>non</strong></span> 
     </span>
    </p>
   </div>
   <div class='ocr_carea' id='block_1_110' title="bbox 2123 5094 3785 5171">
    <p class='ocr_par' dir='ltr' id='par_1_110' title="bbox 2123 5094 3785 5171">
     <span class='ocr_line' id='line_1_110' title="bbox 2123 5094 3785 5171; baseline 0.008 -24"><span class='ocrx_word' id='word_1_802' title='bbox 2123 5094 2558 5164; x_wconf 84' lang='lat' dir='ltr'><strong>obtemperantes</strong></span> <span class='ocrx_word' id='word_1_803' title='bbox 2580 5098 2914 5167; x_wconf 81' lang='lat' dir='ltr'><strong>praecipienti</strong></span> <span class='ocrx_word' id='word_1_804' title='bbox 2943 5099 3243 5170; x_wconf 86' lang='lat' dir='ltr'><strong>Apostolo:</strong></span> <span class='ocrx_word' id='word_1_805' title='bbox 3287 5102 3719 5171; x_wconf 67' lang='lat' dir='ltr'><strong>«Renovamini,</strong></span> <span class='ocrx_word' id='word_1_806' title='bbox 3778 5160 3785 5166; x_wconf 77' lang='grc'><em>,</em></span> 
     </span>
    </p>
   </div>
   <div class='ocr_carea' id='block_1_111' title="bbox 2119 5180 3722 5265">
    <p class='ocr_par' dir='ltr' id='par_1_111' title="bbox 2119 5180 3722 5265">
     <span class='ocr_line' id='line_1_111' title="bbox 2119 5180 3722 5265; baseline 0.009 -26"><span class='ocrx_word' id='word_1_807' title='bbox 2119 5180 2336 5255; x_wconf 86' lang='lat' dir='ltr'><strong>inquit,</strong></span> <span class='ocrx_word' id='word_1_808' title='bbox 2384 5186 2575 5257; x_wconf 85' lang='lat' dir='ltr'><strong>spiritu</strong></span> <span class='ocrx_word' id='word_1_809' title='bbox 2624 5190 2821 5246; x_wconf 90' lang='lat' dir='ltr'><strong>mentis</strong></span> <span class='ocrx_word' id='word_1_810' title='bbox 2862 5200 3060 5247; x_wconf 75' lang='lat' dir='ltr'><strong>vestra:</strong></span> <span class='ocrx_word' id='word_1_811' title='bbox 3085 5192 3333 5265; x_wconf 65' lang='lat' dir='ltr'><strong>(Ibid.).i</strong></span> <span class='ocrx_word' id='word_1_812' title='bbox 3368 5193 3481 5249; x_wconf 82' lang='lat' dir='ltr'><strong>Nec</strong></span> <span class='ocrx_word' id='word_1_813' title='bbox 3508 5195 3602 5250; x_wconf 88' lang='lat' dir='ltr'><strong>illa</strong></span> <span class='ocrx_word' id='word_1_814' title='bbox 3632 5198 3722 5255; x_wconf 76' lang='lat' dir='ltr'><strong>eis</strong></span> 
     </span>
    </p>
   </div>
   <div class='ocr_carea' id='block_1_112' title="bbox 2120 5278 3718 5351">
    <p class='ocr_par' dir='ltr' id='par_1_112' title="bbox 2120 5278 3718 5351">
     <span class='ocr_line' id='line_1_112' title="bbox 2120 5278 3718 5351; baseline 0.011 -21"><span class='ocrx_word' id='word_1_815' title='bbox 2120 5278 2390 5332; x_wconf 86' lang='lat' dir='ltr'><strong>sententia</strong></span> <span class='ocrx_word' id='word_1_816' title='bbox 2431 5280 2699 5350; x_wconf 84' lang='lat' dir='ltr'><strong>congruit,</strong></span> <span class='ocrx_word' id='word_1_817' title='bbox 2746 5296 2855 5351; x_wconf 89' lang='lat' dir='ltr'><strong>qua</strong></span> <span class='ocrx_word' id='word_1_818' title='bbox 2902 5283 3141 5338; x_wconf 89' lang='lat' dir='ltr'><strong>dicitur:</strong></span> <span class='ocrx_word' id='word_1_819' title='bbox 3200 5283 3433 5342; x_wconf 70' lang='lat' dir='ltr'><strong>«Vetera</strong></span> <span class='ocrx_word' id='word_1_820' title='bbox 3466 5290 3718 5347; x_wconf 86' lang='lat' dir='ltr'><strong>transie—</strong></span> 
     </span>
    </p>
   </div>
   <div class='ocr_carea' id='block_1_113' title="bbox 2118 5372 3711 5453">
    <p class='ocr_par' dir='ltr' id='par_1_113' title="bbox 2118 5372 3711 5453">
     <span class='ocr_line' id='line_1_113' title="bbox 2118 5372 3711 5453; baseline 0.008 -29"><span class='ocrx_word' id='word_1_821' title='bbox 2118 5379 2267 5436; x_wconf 89' lang='lat' dir='ltr'><strong>runt,</strong></span> <span class='ocrx_word' id='word_1_822' title='bbox 2292 5381 2346 5425; x_wconf 92' lang='lat' dir='ltr'><strong>et</strong></span> <span class='ocrx_word' id='word_1_823' title='bbox 2375 5384 2503 5427; x_wconf 81' lang='lat' dir='ltr'><strong>ecce</strong></span> <span class='ocrx_word' id='word_1_824' title='bbox 2543 5372 2684 5429; x_wconf 86' lang='lat' dir='ltr'><strong>facta</strong></span> <span class='ocrx_word' id='word_1_825' title='bbox 2728 5384 2854 5429; x_wconf 86' lang='lat' dir='ltr'><strong>sunt</strong></span> <span class='ocrx_word' id='word_1_826' title='bbox 2897 5377 3079 5430; x_wconf 89' lang='lat' dir='ltr'><strong>omnia</strong></span> <span class='ocrx_word' id='word_1_827' title='bbox 3129 5392 3267 5431; x_wconf 85' lang='lat' dir='ltr'><strong>nova</strong></span> <span class='ocrx_word' id='word_1_828' title='bbox 3316 5377 3401 5448; x_wconf 86' lang='lat' dir='ltr'><strong>(II</strong></span> <span class='ocrx_word' id='word_1_829' title='bbox 3432 5378 3558 5433; x_wconf 81' lang='lat' dir='ltr'><strong>Cor.</strong></span> <span class='ocrx_word' id='word_1_830' title='bbox 3593 5380 3711 5453; x_wconf 68' lang='lat' dir='ltr'><strong>v).s</strong></span> 
     </span>
    </p>
   </div>
   <div class='ocr_carea' id='block_1_114' title="bbox 2110 5458 3716 5544">
    <p class='ocr_par' dir='ltr' id='par_1_114' title="bbox 2110 5458 3716 5544">
     <span class='ocr_line' id='line_1_114' title="bbox 2110 5458 3716 5544; baseline 0.008 -29"><span class='ocrx_word' id='word_1_831' title='bbox 2110 5458 2192 5516; x_wconf 80' lang='lat' dir='ltr'><strong>Ad</strong></span> <span class='ocrx_word' id='word_1_832' title='bbox 2214 5462 2507 5519; x_wconf 87' lang='lat' dir='ltr'><strong>novitatem</strong></span> <span class='ocrx_word' id='word_1_833' title='bbox 2533 5466 2731 5535; x_wconf 87' lang='lat' dir='ltr'><strong>quippe</strong></span> <span class='ocrx_word' id='word_1_834' title='bbox 2753 5466 3200 5537; x_wconf 87' lang='lat' dir='ltr'><strong>superﬁcictenns</strong></span> <span class='ocrx_word' id='word_1_835' title='bbox 3219 5470 3500 5527; x_wconf 81' lang='lat' dir='ltr'><strong>venientes</strong></span> <span class='ocrx_word' id='word_1_836' title='bbox 3524 5473 3716 5544; x_wconf 79' lang='lat' dir='ltr'><strong>reipsa</strong></span> 
     </span>
    </p>
   </div>
   <div class='ocr_carea' id='block_1_115' title="bbox 2110 5548 3712 5629">
    <p class='ocr_par' dir='ltr' id='par_1_115' title="bbox 2110 5548 3712 5629">
     <span class='ocr_line' id='line_1_115' title="bbox 2110 5548 3712 5629; baseline 0.01 -22"><span class='ocrx_word' id='word_1_837' title='bbox 2110 5548 2165 5608; x_wconf 84' lang='lat' dir='ltr'><strong>in</strong></span> <span class='ocrx_word' id='word_1_838' title='bbox 2197 5561 2465 5611; x_wconf 89' lang='lat' dir='ltr'><strong>vetustate</strong></span> <span class='ocrx_word' id='word_1_839' title='bbox 2493 5556 2787 5625; x_wconf 89' lang='lat' dir='ltr'><strong>persistunt</strong></span> <span class='ocrx_word' id='word_1_840' title='bbox 2811 5598 2826 5624; x_wconf 94' lang='lat'><strong>,</strong></span> <span class='ocrx_word' id='word_1_841' title='bbox 2871 5558 2999 5629; x_wconf 85' lang='lat' dir='ltr'><strong>quia</strong></span> <span class='ocrx_word' id='word_1_842' title='bbox 3040 5561 3475 5617; x_wconf 83' lang='lat' dir='ltr'><strong>emendationem</strong></span> <span class='ocrx_word' id='word_1_843' title='bbox 3511 5571 3570 5618; x_wconf 88' lang='lat' dir='ltr'><strong>et</strong></span> <span class='ocrx_word' id='word_1_844' title='bbox 3601 5580 3712 5623; x_wconf 86' lang='lat' dir='ltr'><strong>no-</strong></span> 
     </span>
    </p>
   </div>
   <div class='ocr_carea' id='block_1_116' title="bbox 2110 5649 3710 5713">
    <p class='ocr_par' dir='ltr' id='par_1_116' title="bbox 2110 5649 3710 5713">
     <span class='ocr_line' id='line_1_116' title="bbox 2110 5649 3710 5713; baseline 0.008 -13"><span class='ocrx_word' id='word_1_845' title='bbox 2110 5660 2231 5702; x_wconf 87' lang='lat' dir='ltr'><strong>vam</strong></span> <span class='ocrx_word' id='word_1_846' title='bbox 2270 5649 2735 5705; x_wconf 87' lang='lat' dir='ltr'><strong>conversationem</strong></span> <span class='ocrx_word' id='word_1_847' title='bbox 2784 5650 2837 5706; x_wconf 92' lang='lat' dir='ltr'><strong>in</strong></span> <span class='ocrx_word' id='word_1_848' title='bbox 2884 5653 3003 5708; x_wconf 86' lang='lat' dir='ltr'><strong>suis</strong></span> <span class='ocrx_word' id='word_1_849' title='bbox 3048 5654 3294 5710; x_wconf 89' lang='lat' dir='ltr'><strong>moribus</strong></span> <span class='ocrx_word' id='word_1_850' title='bbox 3343 5671 3451 5709; x_wconf 90' lang='lat' dir='ltr'><strong>non</strong></span> <span class='ocrx_word' id='word_1_851' title='bbox 3504 5666 3710 5713; x_wconf 86' lang='lat' dir='ltr'><strong>osten-</strong></span> 
     </span>
    </p>
   </div>
   <div class='ocr_carea' id='block_1_117' title="bbox 2111 5737 3709 5818">
    <p class='ocr_par' dir='ltr' id='par_1_117' title="bbox 2111 5737 3709 5818">
     <span class='ocr_line' id='line_1_117' title="bbox 2111 5737 3709 5818; baseline 0.009 -23"><span class='ocrx_word' id='word_1_852' title='bbox 2111 5740 2263 5795; x_wconf 88' lang='lat' dir='ltr'><strong>dunt.</strong></span> <span class='ocrx_word' id='word_1_853' title='bbox 2295 5737 2453 5796; x_wconf 80' lang='lat' dir='ltr'><strong>Tales</strong></span> <span class='ocrx_word' id='word_1_854' title='bbox 2475 5740 2658 5815; x_wconf 85' lang='lat' dir='ltr'><strong>itaque</strong></span> <span class='ocrx_word' id='word_1_855' title='bbox 2682 5743 3060 5802; x_wconf 86' lang='lat' dir='ltr'><strong>maledictione</strong></span> <span class='ocrx_word' id='word_1_856' title='bbox 3097 5743 3431 5818; x_wconf 73' lang='lat' dir='ltr'><strong>plectuntur,</strong></span> <span class='ocrx_word' id='word_1_857' title='bbox 3478 5762 3581 5804; x_wconf 83' lang='lat' dir='ltr'><strong>uec</strong></span> <span class='ocrx_word' id='word_1_858' title='bbox 3629 5752 3709 5809; x_wconf 75' lang='lat' dir='ltr'><strong>ad</strong></span> 
     </span>
    </p>
   </div>
  </div>
