4058 6178
434 352 573 410 1077

1720 343 1789 399 ΙΝ
1828 340 2088 398 LIBRUM
2108 392 2109 395 η
2126 339 2442 398 JUDICUM.

3575 343 3713 417 l078

429 464 762 523 sortiendam
792 477 915 518 cum
960 459 1221 517 lsraelitis
1262 460 1636 516 hereditatem
1679 457 2026 527 aliquatenus
2054 460 2100 517 Α
2133 465 2282 517 tuum
2317 456 2548 525 impetus
2578 454 2864 511 sustinere.
2900 455 3034 510 Nam
3079 472 3201 512 cum
3225 457 3523 528 petulantia
3554 459 3713 530 gulae,

430 556 819 611 admittuntur.
872 552 988 608 Non
1040 552 1185 607 enim
1230 567 1299 607 ex
1344 550 1556 607 illorum
1609 564 1835 605 numero
1876 556 2020 613 sunt,

428 645 631 715 quibus
661 643 863 698 dicitur
889 656 905 697 :
939 662 959 696 ι
982 642 1041 697 In
1064 643 1165 698 hoc
1192 642 1368 699 vocati
1400 642 1567 705 estis,
1604 651 1662 696 ut
1686 641 2022 697 bencdictio-
2076 708 2082 713 _

429 748 559 790 item
609 735 922 790 inmeditate
950 733 1274 803 possidentis
1322 732 1374 805 (Ι
1396 731 1545 787 Petr.
1573 732 1713 801 111).»
1740 732 1893 801 Aqua
1928 747 2025 785 au-

426 834 539 880 tem
584 824 815 894 insipida
849 833 935 878 est
963 832 1022 878 et
1060 823 1204 894 ligna
1233 823 1389 877 dura.
1442 822 1612 893 Ligna
1656 836 1788 891 ergo
1818 821 2024 891 caedere

427 926 484 971 et
510 928 684 985 aquas
716 922 938 969 vectare
972 911 1252 982 iubemur,
1282 912 1410 983 quia
1440 920 1631 982 gustus
1653 909 2023 981 intelligentia

423 1004 730 1075 spiritualis
777 1004 987 1076 ignari,
1034 1003 1186 1061 duris
1229 1013 1391 1073 atque
1433 1003 1843 1059 insensibilibus
1872 1011 2023 1058 exte-

426 1095 595 1151 rioris
634 1095 883 1150 exercitii
935 1095 1170 1167 negetiis
1191 1104 1546 1166 occupantur.
1595 1094 1690 1150 Sic
1728 1095 1894 1165 igitur
1924 1093 2023 1148 ali-

425 1196 596 1254 quam
646 1185 863 1255 quidem
917 1185 974 1242 in
1021 1186 1389 1243 exterioribus
1435 1186 1689 1241 videntur
1731 1185 2021 1240 utilitatem

426 1276 688 1333 Ecclesiae
735 1279 1026 1335 serviendo
1081 1278 1379 1346 conferre;
1432 1280 1528 1334 sed
1570 1278 1701 1348 quia
1751 1276 2023 1333 seniliter

427 1368 639 1435 vivunt,
673 1369 1043 1427 btereditatem
1085 1371 1228 1427 inter
1270 1370 1548 1427 Israelitas
1590 1376 1869 1440 nequeunt
1892 1382 2020 1443 pos-

426 1460 631 1518 sidere.

1044 1552 1275 1610 CAPUT
1323 1552 1389 1609 X.

740 1641 811 1697 In
837 1643 1059 1715 epistola
1093 1645 1163 1698 ad
1202 1645 1396 1714 fratres
1417 1642 1703 1713 Gamugni.

504 1753 525 1787 ε
559 1734 704 1789 Dixit
730 1734 900 1791 Josue
933 1736 1059 1792 filiis
1082 1735 1280 1806 Joseph
1306 1754 1320 1790 :
1364 1735 1423 1792 Si
1451 1736 1678 1805 populus
1707 1735 1908 1791 multus
1936 1750 2019 1801 es,

2125 561 2324 619 vorago
2376 549 2625 611 luxuriae,
2651 547 3003 617 omniumque
3052 547 3305 604 vitiorum
3344 559 3548 619 pestes,
3595 560 3718 604 tan-

2123 652 2284 705 quam
2328 636 2673 692 frementium
2721 635 3157 709 Chananzeorum
3188 640 3355 702 acies,
3387 639 3717 709 constipatis

2125 730 2412 783 adversum
2442 743 2541 783 nos
2558 728 2745 782 cuneis
2764 712 3189 798 conglobantur,
3215 730 3344 797 quid
3377 730 3520 785 aliud
3549 744 3715 800 quam

2124 820 2415 875 Chanantei
2462 834 2560 873 nos
2606 819 2799 875 ferreis
2829 820 3081 874 curribus
3120 821 3411 890 impetunt,
3452 830 3508 876 et
3550 838 3616 877 ne
3646 822 3716 877 de

2123 912 2360 967 carnalis
2410 912 2534 967 vita:
2578 912 2976 983 campestribus
3017 914 3083 967 ad
3139 914 3400 968 virtutum
3430 915 3709 971 valeamus

2121 1002 2341 1060 excelsa
2368 1004 2758 1068 conscendere,
2789 1002 2981 1059 salutis
3028 1005 3185 1061 nobis
3232 1005 3413 1061 aditus
3455 1006 3719 1061 interclu-

2123 1095 2293 1151 dunt?
2320 1094 2425 1150 Sed
2455 1096 2629 1150 bonus
2677 1096 2881 1151 militia:
2910 1107 3111 1152 nostra:
3137 1098 3241 1154 dux
3291 1100 3714 1156 imbecillitatem

2110 1198 2365 1244 nostram
2423 1190 2489 1244 ad
2539 1189 2753 1245 fortiter
2799 1192 2990 1262 agendi
3046 1195 3409 1249 constantiam
3461 1195 3621 1266 erigit
3664 1204 3719 1250 et

2121 1287 2314 1334 contra
2359 1278 2595 1334 hostium
2635 1280 2891 1351 impetus,
2940 1291 2999 1338 ut
3056 1284 3114 1339 in
3161 1283 3356 1340 altiora
3397 1286 3717 1356 progredia-

2123 1382 2265 1431 mur,
2300 1368 2543 1439 impellit.

2196 1457 2305 1513 Sed
2326 1461 2597 1529 quomodo
2617 1460 2685 1515 de
2714 1460 2951 1518 inimicis
2989 1463 3192 1518 nostris
3224 1462 3565 1534 triumphare
3590 1480 3720 1536 pos-

2124 1563 2352 1617 sumus,
2412 1550 2505 1621 qui
2554 1566 2770 1621 semper
2827 1552 2882 1607 in
2939 1550 3132 1622 epulis,
3200 1568 3415 1622 semper
3454 1554 3506 1609 in
3552 1569 3720 1623 pocu-

2123 1641 2301 1696 lorum
2366 1641 2703 1698 aliluentium
2769 1644 3019 1701 volumus
3088 1644 3508 1717 ingurgitatione
3564 1647 3719 1716 jace-

2124 1732 2223 1788 re?
2266 1733 2343 1789 De
2392 1734 2590 1802 quibus
2645 1734 2830 1804 utique
2878 1734 3134 1790 Salomon
3181 1736 3296 1789 ait:
3342 1752 3361 1788 ι
3390 1734 3492 1801 Qui
3546 1735 3720 1805 diligit

425 1827 661 1880 ascende
712 1826 765 1880 in
814 1827 1005 1881 silvam
1054 1835 1110 1882 et
1159 1829 1379 1883 succide
1428 1828 1523 1884 tibi
1564 1828 1738 1898 spatia
1774 1827 1826 1882 in
1872 1838 2019 1883 terra
2056 1814 2099 1872 Β
2126 1823 2335 1892 epulas,
2367 1823 2421 1877 in
2449 1822 2859 1893 egestalc‘eril;
2890 1823 2981 1894 qui
3002 1832 3147 1878 amat
3182 1824 3365 1878 vinum
3394 1833 3445 1877 el
3478 1825 3718 1894 pinguia.

421 1914 697 1970 Pheresmi
745 1924 802 1971 et
847 1916 1140 1987 Raphaim,
1189 1919 1316 1988 quia
1377 1929 1607 1989 angusta
1654 1926 1742 1973 est
1772 1918 1865 1974 tibi
1898 1934 2021 1987 pos-

426 2008 606 2063 sessio
640 2007 845 2063 tnontis
873 2008 1150 2077 Ephraim.
1182 2008 1428 2078 Cumque
1452 2010 1525 2064 ibi
1555 2021 2022 2079 conquererentur

422 2108 482 2154 et
534 2099 779 2154 dicerent
824 2114 841 2153 :
893 2095 1011 2153 Non
1057 2098 1356 2169 poterimus
1380 2099 1447 2153 ad
1476 2109 1733 2153 montana
1760 2114 2021 2155 conscen-

422 2188 577 2255 dere,
626 2201 750 2243 cum
803 2186 998 2243 ferreis
1031 2186 1283 2242 curribus
1328 2195 1553 2241 utantur
1591 2187 1884 2244 Chanantei
1925 2189 2018 2258 qui

424 2278 679 2333 habitant
710 2279 763 2332 in
798 2286 940 2332 terra
984 2277 1293 2347 campestri.
1332 2276 1633 2346 Respondit
1674 2276 1878 2333 losue:
1911 2278 2017 2333 Po-

429 2367 588 2436 pulus
619 2367 820 2422 multus
842 2382 905 2422 es
927 2375 981 2422 et
1017 2378 1226 2437 magna
1255 2365 1611 2431 fortitudinis,
1660 2382 1766 2443 non
1794 2368 2019 2424 habebis

421 2470 627 2516 sortem
651 2474 833 2527 unam,
866 2463 960 2517 sed
990 2462 1247 2517 transibis
1271 2461 1341 2516 ad
1364 2476 1633 2528 montem,
1669 2473 1727 2518 et
1770 2464 2019 2520 succides

429 2556 526 2611 tihl
565 2566 727 2627 atque
774 2556 1031 2626 purgahis
1058 2556 1125 2611 ad
1154 2556 1506 2612 habitandum
1553 2557 1769 2626 spatia;
1814 2566 1871 2612 et
1917 2572 2013 2627 po-

426 2646 562 2701 teris
591 2646 730 2701 ultra
757 2646 1202 2716 procederecum
1253 2646 1589 2702 subverteris
1615 2647 1976 2701 Chananazum
1999 2686 2016 2712 ,

418 2752 582 2806 quem
613 2737 750 2792 dicis
777 2735 988 2792 ferreos
1034 2737 1237 2793 habere
1280 2750 1497 2801 currus,
1524 2745 1581 2791 et
1623 2751 1745 2791 esse
1787 2731 2019 2792 fortissi-

422 2841 570 2883 tuum
618 2828 756 2900 (los.
794 2829 984 2901 ινιι).ι
1016 2828 1147 2897 Qum
1186 2829 1443 2884 nimirum
1483 2829 1671 2884 multis
1718 2830 2016 2901 indigentia

421 2916 608 2971 verbis
637 2932 964 2985 exponerem
995 2916 1264 2983 fortassis,
1293 2917 1338 2973 si
1368 2932 1475 2973 non
1511 2918 1669 2990 166
1703 2918 1835 2974 mihi
1866 2928 2012 2974 meta

420 3006 730 3075 compendii
780 3005 1089 3075 epistolaris
1112 3007 1396 3069 obstaret;
1457 3006 1563 3063 hoc
1605 3016 1813 3061 tantum
1856 3008 2011 3078 quasi

420 3104 797 3153 summotenus
826 3098 1243 3169 perstringendo
1271 3097 1504 3153 sufﬁciat
1524 3098 1672 3169 quia,
1701 3115 1825 3154 cum
1848 3098 2013 3155 Josue

2122 1927 2231 1965 non
2255 1912 2514 1967 dilabitur
2560 1909 2744 1983 (Prov.
2777 1913 2946 1982 ειη.»
2997 1912 3065 1967 Ει
3091 1913 3288 1967 iterum
3316 1930 3329 1965 :
3374 1931 3391 1964 ι
3420 1912 3717 1967 Luxuriosa

2124 2017 2212 2057 res
2236 2002 2419 2057 vinum
2444 2010 2499 2057 et
2526 2003 2859 2058 tumultuosa
2887 2003 3123 2058 ebrietas
3147 2020 3161 2068 ;
3192 2003 3282 2073 qui
3312 2003 3397 2058 his
3419 2002 3720 2057 delectatur

2121 2109 2231 2149 non
2256 2096 2361 2149 erit
2387 2095 2606 2165 sapiens
2641 2093 2828 2165 (Prov.
2860 2096 3012 2167 sit)»
3044 2094 3303 2151 Ventrem
3333 2111 3568 2166 namque
3594 2096 3719 2150 vino

2119 2187 2338 2242 etescis
2384 2187 2889 2257 assuescere,quid
2936 2195 3020 2243 est
3070 2186 3215 2242 aliud
3261 2202 3422 2257 quam
3472 2186 3720 2243 hostibus

2120 2276 2346 2339 animae,
2386 2284 2445 2329 ut
2490 2276 2890 2345 ingrediantur,
2947 2276 3128 2332 aditus
3176 2276 3425 2346 aperire?
3469 2276 3625 2334 Unde
3665 2284 3722 2333 et

2119 2366 2265 2421 idem
2312 2365 2609 2421 Salomon:
2666 2368 2811 2435 «Qui
2857 2370 3111 2434 delicate,
3162 2370 3368 2438 inquit,
3417 2385 3447 2424 a
3483 2370 3718 2441 pueritia

2120 2457 2292 2511 nutrit
2337 2470 2580 2523 servum,
2638 2466 2825 2526 postea
2868 2457 3016 2511 illum
3083 2458 3283 2513 sentiet
3338 2467 3717 2512 contumacem

2119 2540 2306 2607 (Prov.
2355 2544 2562 2615 xxix)»
2606 2541 2753 2599 Bene
2798 2545 2944 2601 hunc
2984 2560 3203 2601 servum
3249 2546 3380 2601 loris
3424 2546 3751 2601 cohibebat

2117 2635 2331 2701 inediae,
2360 2637 2456 2706 qui
2483 2637 2699 2692 dicebat
2726 2654 2740 2691 :
2782 2656 2800 2689 t
2828 2637 3048 2709 Castigo
3069 2653 3267 2708 corpus
3296 2653 3500 2703 tneum,
3525 2646 3577 2692 et
3595 2653 3716 2693 sero

2120 2727 2276 2782 vituti
2315 2726 2626 2799 subjicio(1
2649 2727 2773 2784 Cor.
2817 2731 2953 2799 ts).s
3000 2730 3277 2786 Adversus
3319 2730 3464 2786 hunc
3497 2745 3715 2786 servum

2116 2816 2429 2888 disputabat
2484 2833 2609 2874 cum
2656 2820 2901 2875 diceret:
2980 2838 3001 2872 ι
3033 2820 3170 2875 Esca
3200 2821 3376 2875 ventri
3423 2828 3480 2875 et
3524 2830 3715 2875 venter

2114 2910 2259 2966 escis
2282 2944 2299 2977 ,
2344 2910 2488 2966 Deus
2528 2918 2708 2967 autem
2736 2922 2793 2967 et
2821 2912 2964 2967 hunc
2992 2920 3048 2968 et
3074 2913 3193 2968 illas
3227 2913 3476 2967 destruet
3507 2911 3557 2984 (1
3583 2910 3709 2968 Cor.

2114 3000 2249 3069 va)»
2287 3000 2445 3057 Hunc
2471 3015 2688 3056 servum
2718 3003 2820 3058 sub
2860 3002 3102 3063 calcibus
3127 3018 3249 3058 esse
3276 3002 3599 3057 frenandum
3631 3003 3712 3059 si-

2116 3091 2429 3159 gniﬁcabat,
2455 3107 2579 3147 cum
2603 3092 2842 3147 diceret:
2874 3110 2893 3144 ι
2918 3092 3067 3147 Multi
3098 3094 3243 3148 enim
3270 3093 3555 3149 ambulant
3574 3110 3713 3165 quos

415 3189 667 3260 praecipit
692 3160 889 3261 populo
936 3160 1195 3245 silvarum
1242 3190 1520 3246 condensa
1540 3160 1876 3259 succidere,
1906 3193 2011 3249 hoc
2040 3160 2085 3223 C
2118 3196 2262 3252 539°
2292 3181 2538 3236 dicebam
2568 3181 2723 3238 νοδίε
2743 3222 2758 3246 ι
2795 3198 2939 3238 ειυηο
2957 3193 3137 3239 autem
3177 3193 3232 3238 ει
3256 3182 3389 3239 “ens
3414 3182 3535 3239 ἀίεο
3554 3226 3568 3250 ν
3590 3160 3708 3240 illi‘

417 3280 593 3335 innuit
622 3284 766 3351 quod
810 3289 996 3336 noster
1023 3281 1201 3344 Iesus,
1239 3280 1481 3348 ejusdem
1509 3281 1721 3336 scilicet
1750 3277 2006 3347 nominis,

413 3371 767 3440 sequentibus
806 3386 865 3426 se
885 3371 1039 3440 jubet
1068 3371 1206 3426 male
1230 3370 1557 3442 pullulantes
1599 3371 2007 3427 silvescentium

413 3462 675 3518 vitiorum
725 3463 952 3519 frutices
992 3463 1317 3533 exstirpare.
1368 3462 1630 3518 Hortatur
1658 3472 1855 3519 utnon
1902 3463 2008 3520 fte-

420 3555 575 3619 dera,
609 3555 704 3609 sed
730 3554 929 3610 bellum
957 3564 1147 3611 contra
1168 3556 1508 3611 Chananzeos
1525 3564 1743 3625 gerant,
1767 3566 1825 3609 ut
1854 3572 2009 3612 mon-

412 3656 543 3701 tana
590 3647 961 3701 conscendant
988 3687 1003 3712 ,
1050 3658 1319 3717 quatenus
1345 3656 1401 3703 et
1430 3647 1687 3703 vitiorum
1732 3647 2012 3704 elaborent

409 3736 685 3792 debellare
708 3737 1045 3804 barbariem,
1078 3747 1135 3794 et
1160 3738 1393 3794 arduum
1442 3739 1705 3793 virtutum
1749 3739 2013 3796 fe5tinent

2116 3275 2290 3330 mices
2334 3275 2519 3331 crucis
2574 3275 2812 3342 Christi;
2862 3292 3093 3345 quorum
3140 3276 3263 3331 linis
3317 3277 3612 3342 interitus,
3655 3286 3713 3333 et

2113 3380 2350 3435 quorum
2397 3365 2542 3421 Deus
2600 3376 2793 3422 venter
2846 3378 2951 3433 est,
2979 3376 3035 3422 et
3078 3367 3248 3436 gloria
3291 3368 3345 3421 in
3390 3368 3711 3425 confusione

2112 3473 2303 3514 eorum
2326 3457 2552 3530 (Philip.
2571 3459 2677 3531 ut).
2700 3480 2718 3512 ι
2744 3458 3052 3514 Notandum
3081 3468 3260 3514 autem
3284 3471 3339 3515 et
3358 3460 3445 3515 hic
3467 3461 3572 3515 duo
3597 3470 3705 3516 ter-

2116 3549 2295 3604 ribilia
2317 3549 2443 3613 dici,
2477 3558 2534 3604 et
2557 3550 2613 3604 in
2635 3550 2887 3605 inimicos
2917 3550 3096 3606 crucis
3131 3549 3333 3605 Christi
3366 3551 3707 3606 tremendam

2112 3638 2383 3709 depromit
2409 3639 2552 3696 idem
2581 3641 2875 3711 Apostolus
2920 3642 3243 3697 sententiam
3268 3680 3287 3711 ,
3322 3642 3550 3698 dicens:
3590 3661 3609 3694 ι
3644 3641 3705 3698 Si

2111 3731 2235 3801 quis
2269 3743 2379 3783 non
2402 3739 2551 3786 amat
2585 3730 2871 3785 Dominum
2898 3739 3148 3785 nostrum
3186 3729 3371 3786 lesum
3399 3729 3700 3797 Christum,

413 3827 665 3882 obtinere
687 3840 972 3884 cacumen.
1002 3827 1174 3884 Porro
1206 3837 1411 3893 autem,
1439 3829 1583 3898 quod
1608 3828 1685 3883 illi
1725 3828 2007 3899 pusilL’tni-
2106 3827 2185 3881 sit
2224 3826 2516 3882 anathema
2560 3824 2746 3879 Maran
2794 3826 2933 3880 Atha
2960 3822 3013 3893 (ι
3046 3824 3169 3880 (.‘or.
3204 3826 3339 3898 1m).
3365 3845 3385 3880 ι
3441 3826 3544 3894 Qui
3576 3842 3704 3883 vero

411 3917 575 3972 miter
601 3927 1014 3988 conquerantur
1038 3919 1301 3975 adversus
1326 3933 1421 3975 eos
1444 3920 1535 3989 qui
1564 3918 1758 3976 ferreis
1780 3921 2010 3976 uteban-

411 4014 504 4059 tur
529 4007 784 4062 curribus
808 4022 870 4062 se
892 4023 1000 4062 non
1031 4020 1189 4078 posse
1206 4023 1559 4077 consurgere,
1591 4009 1699 4064 hoc
1726 4019 1833 4075 est,
1860 4010 2006 4079 quod

413 4110 517 4151 nos
560 4097 861 4153 imbecilles
889 4106 945 4153 et
972 4096 1194 4169 fragiles
1231 4111 1378 4169 sape
1406 4097 1724 4169 difﬁdimus,
1747 4108 2005 4169 tanquam

412 4184 621 4242 ferreos
650 4198 885 4255 currus,
928 4187 1008 4244 sic
1048 4186 1402 4244 adversantes
1438 4187 1800 4271 malignorum
1848 4189 2009 4260 spiri-

2111 3926 2358 3973 ventrem
2386 3931 2485 3986 pro
2508 3916 2618 3971 Deo
2644 3926 2960 3981 veneratur,
2984 3915 3153 3971 Deum
3180 3917 3581 3986 quodammodo
3610 3932 3703 3973 ne-

2113 4024 2245 4080 gare
2265 4009 2627 4073 convincitur,
2656 4022 2721 4063 ac
2748 4023 2847 4079 per
2870 4009 2973 4064 hoc
2995 4009 3100 4063 duo
3122 4010 3235 4064 hazc
3265 4018 3473 4064 terrore
3504 4009 3701 4078 plenis-

2112 4099 2251 4154 sima
2304 4098 2471 4153 unum
2518 4097 2812 4162 videntur,
2863 4097 3154 4161 videlicet,
3206 4098 3349 4167 quod
3412 4100 3593 4163 absit,
3646 4110 3703 4154 et

2111 4184 2317 4243 Christi
2358 4186 2636 4241 inimicum
2670 4201 2792 4242 esse
2815 4196 2870 4241 et
2894 4202 3060 4240 unum
3096 4187 3265 4241 Deum
3297 4187 3465 4242 alium
3497 4188 3676 4243 colere

1554 4299 1863 4371 Eapliciunt
1895 4302 2193 4357 testimonia
2225 4301 2347 4355 libri
2370 4300 2557 4355 Iosue.

1193 4394 1552 4467 181-168
1586 4393 1931 4450 INCIPIUNT
1979 4392 2327 4450 CAPITULA
2370 4391 2553 4446 LIBRI
2600 4390 2918 4449 JUDICUM.

450 4483 500 4555 l.
542 4482 699 4555 Quod
726 4485 1091 4541 Adonibezecn
1118 4500 1373 4540 manuum
1402 4502 1465 4539 ac
1500 4486 1692 4555 pedum
1723 4486 2071 4547 summitates,
2102 4485 2228 4537 dum
2256 4483 2483 4555 capitur,
2502 4493 2867 4555 amputantur.

447 4554 501 4636 ξ.
546 4553 911 4636 Erat-Debere
934 4559 1228 4636 prophetes,
1256 4573 1393 4636 umor
1422 4552 1707 4625 Lapidoth,
1737 4573 1855 4636 quo:
1873 4555 2151 4625 judicabat
2186 4553 2437 4636 populum
2468 4552 2563 4606 illo
2588 4564 2834 4636 tempore.

447 4624 501 4677 5.
545 4622 697 4695 Quod
743 4620 953 4679 Gedeon
981 4620 1287 4694 prwcipitur
1334 4634 1390 4679 ut
1435 4620 1553 4681 cum
1587 4620 1831 4681 trecentis
1860 4620 2086 4692 tantum,
2111 4620 2201 4695 qui
2237 4620 2432 4691 aquam
2472 4620 2714 4677 manibus
2759 4620 3113 4690 lambuerant,
3155 4624 3226 4679 ad
3266 4625 3456 4681 bellum
3506 4638 3691 4684 contra

674 4694 1000 4748 Madianilas
1020 4701 1221 4763 pergat.

444 4763 500 4818 4.
548 4762 622 4817 De
650 4774 709 4816 eo
731 4765 818 4833 qui
847 4766 902 4817 in
928 4759 1128 4819 castris
1146 4762 1366 4833 Medicin
1393 4764 1536 4833 socio
1564 4763 1822 4832 referebat
1848 4772 1907 4817 se
1932 4779 2023 4831 per
2044 4762 2308 4817 somnium
2330 4759 2518 4815 vidisse
2540 4760 2943 4816 subcinericium
2974 4779 3167 4831 panem
3196 4764 3403 4820 hordei.

441 4834 497 4889 5.
541 4832 695 4898 Quod
722 4831 1008 4887 melior-est
1047 4849 1284 4887 racemus
1312 4831 1569 4901 Epitr'aim
1599 4831 1868 4887 vindemiis
1893 4833 2133 4887 Abiezer.

440 4905 492 4957 li.
530 4896 847 4966 Abimelech,
871 4901 1016 4971 ﬁlius
1044 4902 1315 4964 Jerobaal,
1349 4896 1750 5029 occiditcfratres
1776 4920 1900 4955 suos
1929 4902 2259 4972 septuaginta
2293 4898 2428 4953 viros
2450 4914 2606 4968 super
2631 4896 2855 4967 lapidem
2883 4914 3067 4954 unum.

442 4974 495 5025 7.
536 4971 688 5027 Stetit
714 4968 945 5025 Joathan
974 4973 1027 5026 in
1059 4972 1242 5026 vertice
1289 4973 1482 5027 montis
1569 4972 1781 5029 arizim.
1807 4972 2110 5029 elevataaue
2152 4984 2273 5025 race
2311 4969 2598 5024 clamavit:
2632 4969 2822 5024 Audite
2850 4984 2953 5029 me.
2980 4973 3067 5025 vin

442 4974 495 5025 7.
536 4971 688 5027 Stetit
714 4968 945 5025 Joath'an
974 4973 1027 5026 in
1059 4972 1242 5026 vertice
1289 4973 1482 5027 montis

655 5043 764 5094 diat
793 5055 880 5096 vos
903 5038 1066 5097 Deus.

1569 4972 1781 5037 arizim,
1807 4969 2126 5043 elevataque‘
2152 4984 2273 5025 race
2311 4969 2555 5022 clamavit
2580 4985 2598 5024 :
2632 4969 2822 5024 Audite
2850 4984 2953 5037 me,
2980 4972 3077 5025 viri
3106 4970 3353 5039 Sicltcm,
3382 4975 3458 5029 ita
3490 4985 3547 5030 ut
3582 4992 3684 5031 au-

441 5112 495 5168 8.
538 5110 856 5184 Abimelech,
900 5114 1117 5184 audiens
1170 5112 1311 5168 viros
1361 5115 1523 5169 turris
1572 5111 1929 5169 Sicltimarum
1983 5112 2183 5184 pariter
2234 5108 2591 5182 conglobatos,
2639 5110 2873 5166 ascendit
2922 5110 2979 5167 in
3034 5124 3261 5169 montem
3309 5110 3522 5170 Selmou
3569 5132 3690 5171 cum

652 5182 798 5235 omni
835 5183 1051 5252 populo.

437 5250 492 5309 9.
535 5250 687 5317 Quod
706 5246 1150 5327 dum'AA'bimelech
1182 5256 1398 5327 turrim,
1429 5261 1682 5327 quteerat
1713 5246 1767 5327 in
1791 5251 1973 5327 medio
1996 5250 2213 5327 Thebes,
2254 5256 2434 5307 amato
2460 5246 2580 5322 igne
2613 5250 2800 5323 ianuis
2828 5254 3144 5309 succendere
3171 5265 3468 5323 caneretur,
3494 5256 3687 5313 mulier

652 5323 803 5394 mota:
828 5322 1179 5394 fragmentum
1205 5322 1654 5394 desuper'jaciens
1674 5322 1790 5387 eius
1812 5324 1973 5390 capiti
2001 5322 2169 5376 illisit.
2313 5386 2319 5394 ἐ

404 5388 494 5449 to.
537 5390 696 5466 Quod
717 5388 933 5466 quidam
955 5394 1020 5446 de
1046 5394 1237 5466 papula
1266 5388 1519 5462 Epnraim
1543 5394 1668 5448 olim
1697 5388 1956 5448 venientes
1997 5395 2066 5446 ad
2105 5394 2244 5448 vada
2290 5388 2568 5461 Iordanis,
2616 5392 2744 5448 dum
2781 5394 3036 5448 nescirent
3065 5396 3354 5466 exprimere
3380 5394 3676 5465 Sebboletlr,

655 5458 1060 5536 Gdlaaditaruni
1084 5458 1285 5536 gladiis
1312 5458 1433 5536 cmi
1465 5474 1609 5520 sunt.

400 5532 487 5589 ll.
531 5529 678 5601 Cepit
709 5532 931 5587 Samson
955 5529 1211 5610 trecentas
1261 5535 1437 5605 vulpes
1491 5532 1791 5604 caudasque
1840 5548 2025 5589 earum
2061 5530 2254 5601 vinxit,
2295 5530 2543 5605 adjunxit
2579 5532 2650 5587 ad
2699 5534 2900 5589 caudas
2939 5534 3081 5604 faces
3130 5538 3181 5590 et
3229 5536 3284 5591 in
3332 5537 3505 5592 medio
3545 5535 3681 5610 liga-

654 5612 735 5655 tas
766 5604 1053 5659 succendit.

399 5669 488 5724 12.
536 5668 690 5745 Quod
713 5669 948 5745 _Sam_son
975 5676 1336 5745 mandibulam
1364 5674 1502 5731 asini
1524 5675 1785 5745 arripiens
1811 5673 1953 5728 mille
1976 5674 2125 5745 viros,
2143 5675 2196 5729 in
2232 5690 2295 5730 ea
2334 5662 2775 5745 Philisthinorum
2804 5674 3085 5745 interfecit.

403 5745 487 5799 15.
524 5739 960 5817 Quodbominus
981 5743 1328 5817 interrogatus
1355 5749 1432 5802 bis
1462 5746 1531 5803 ad
1558 5739 1843 5803 ineundum
1866 5755 2049 5798 contra
2090 5744 2373 5817 Benjamin
2399 5742 2663 5817 prwlium,
2690 5745 2831 5803 dedit
2858 5739 3152 5817 assensum,
3178 5755 3227 5803 et
3264 5750 3483 5805 tandem
3502 5748 3674 5807 Israet
3780 5746 3783 5751 λ

650 5809 929 5882 Bcnjamin
952 5812 1141 5885 gladiis
1172 5809 1441 5873 Sternitur.

1744 5885 2047 5959 Expliciunt
2078 5885 2330 5960 capitula.
