4058 6178
1294 264 1323 291 Ω

468 339 610 396 M79

1359 341 1857 400 COLLECTANEA
1899 342 1965 397 IN
2009 340 2245 402 VETUS
2284 343 2824 402 TESTAMENTUM.

3588 347 3734 402 1030

853 490 1494 583 INCIPIUNT
1565 491 2320 586 TESTIMONIA
2388 498 2720 586 LIBRI
2781 498 3357 590 JUDICUM.

962 640 1191 697 CAPUT
1252 642 1547 701 PRIMUM.

815 731 883 786 In
927 733 1144 802 epistola
1199 735 1269 787 ad
1329 732 1386 789 γ.
1423 736 1682 789 abbatem.

538 847 556 877 ι
583 823 847 896 Fugiente
875 824 1249 880 Adonibezech
1287 840 1471 880 coram
1501 826 1623 881 ﬁliis
1649 826 1834 889 lsrael,
1867 841 2051 896 perse-

460 924 691 987 quentes
719 915 1247 985 comprehenderunt
1272 931 1396 971 eum
1420 958 1436 983 ,
1460 916 1618 971 exesis
1646 916 2049 971 summitatibus

463 1024 722 1063 manuum
769 1008 888 1077 ejus
939 1022 1005 1062 ac
1058 1009 1254 1080 pedum
1308 1007 1457 1079 (Iud.
1510 1007 1606 1076 1).»
1668 1007 2047 1062 Adonibezech

458 1115 654 1171 nempe
696 1113 956 1155 manuum
995 1114 1060 1154 ac
1105 1100 1302 1169 pedum
1355 1100 1667 1154 summitate
1712 1097 2046 1169 prmciditur.

458 1192 583 1243 dum
613 1190 880 1261 malignus
930 1189 1072 1244 inter
1112 1198 1334 1244 sanctos
1383 1189 1528 1243 viros
1571 1189 1794 1259 spiritus
1818 1198 1873 1243 et
1902 1189 2051 1242 ince-

457 1280 618 1336 dendi
644 1290 697 1334 et
720 1279 975 1349 operandi
997 1280 1199 1334 virtute
1221 1278 1611 1350 privatuijui
1638 1262 1895 1333 nimirum
1916 1278 2044 1333 dum

457 1387 556 1426 sua
593 1372 813 1425 vulnera
854 1370 1089 1440 patitur,
1129 1370 1244 1426 haec
1269 1370 1457 1425 eadem
1484 1384 1604 1425 sese
1638 1369 1759 1424 aliis
1795 1367 2046 1423 intulisse

455 1460 717 1532 gloriatur
752 1478 764 1514 :
801 1479 819 1511 ι
857 1459 1246 1532 Septuaginta,
1288 1459 1497 1529 inquit,
1524 1474 1712 1531 reges,
1752 1458 2046 1529 amputatis

456 1567 714 1607 manuum
762 1566 826 1607 ac
877 1551 1073 1623 pedum
1100 1552 1525 1617 summitatibus,
1574 1551 1898 1622 colligebant
1943 1550 2046 1607 sub

456 1659 639 1700 mensa
666 1660 785 1701 mea
816 1644 1060 1700 ciborum
1107 1645 1393 1715 reliquias;
1426 1645 1569 1700 sicut
1600 1644 1725 1710 feci,
1751 1645 1826 1700 ita
1857 1645 2041 1700 reddi-

452 1734 534 1788 dit
556 1735 688 1789 mihi
708 1735 971 1790 Dominus
995 1734 1207 1805 (Ibid.).
1231 1754 1249 1788 ι
1273 1735 1625 1806 Septuaginta
1644 1735 2041 1805 scilicetreges,

450 1824 790 1894 septuaginta
818 1834 945 1879 sunt
976 1824 1279 1895 linguarum
1312 1826 1737 1896 discrepantium
1768 1826 2039 1893 nationes,

449 1915 647 1984 quibus
667 1929 836 1983 usque
855 1915 921 1969 ad
944 1914 1244 1970 Salvatoris
1265 1915 1557 1970 adventum
1586 1915 1843 1986 antiquus
1867 1916 2040 1972 hostis

2076 648 2125 708 Α
2153 648 2401 718 pluribus
2446 650 2649 719 indiget
2706 650 2888 707 verbis
2917 692 2932 717 ,
2979 652 3105 723 quia
3161 654 3347 711 multis
3405 664 3491 712 est
3533 657 3737 729 repleta

2155 744 2466 814 mysteriis;
2515 745 2611 799 sed
2653 760 2773 800 eam
2818 746 3023 802 idcirco
3076 748 3179 804 sub
3225 747 3491 805 brevitate
3523 762 3739 808 contra-

2152 833 2353 899 himus,
2411 842 2471 887 ut
2505 833 2848 891 dilectionem
2907 847 3145 893 vestram
3199 840 3531 909 prolixitatis
3580 844 3739 901 taedio

2154 922 2315 993 169
2341 937 2446 977 non
2484 939 2791 994 gravemus.
2819 924 3237 982 Consideremus
3274 928 3460 999 itaque
3499 931 3591 986 ubi
3639 946 3729 987 se-

2150 1013 2273 1069 dem
2326 1013 2527 1069 habere
2571 1016 2858 1086 prophetia
2919 1017 3281 1083 describitur,
3333 1020 3586 1077 videlicet
3639 1024 3741 1079 sub

2149 1108 2349 1178 palma,
2386 1109 2512 1179 quia
2542 1124 2679 1180 quos
2718 1111 3035 1181 prophetica
3066 1112 3312 1168 doctrina
3360 1115 3474 1170 suis
3522 1117 3741 1174 institu-

2146 1200 2386 1256 tionibus
2418 1201 2624 1270 erudit,
2645 1203 2709 1259 ad
2744 1202 2979 1273 palmam
3023 1219 3271 1273 supernae
3315 1208 3614 1264 vocationis
3647 1211 3743 1266 ad-

2147 1291 2317 1357 ducit,
2366 1291 2603 1361 dumque
2636 1306 2734 1363 per
2768 1306 2888 1347 eam
2938 1292 3188 1349 homines
3230 1294 3443 1351 vivendi
3492 1298 3741 1355 ordinem

2147 1382 2389 1446 discunt,
2431 1382 2687 1437 vitiorum
2724 1382 3100 1438 rebellantium
3146 1384 3385 1442 victores
3427 1386 3583 1442 fiunt.
3631 1388 3744 1446 Nec

2105 1475 2578 1545 -praetereundum
2616 1476 2760 1546 quod
2816 1476 2961 1532 inter
3007 1476 3177 1532 Rama
3220 1485 3275 1533 et
3308 1478 3493 1534 Bethel
3535 1482 3745 1538 sedisse

2145 1564 2495 1633 perhibetur:
2527 1563 2696 1619 ﬂama
2723 1564 3009 1634 siquidem,
3038 1566 3279 1631 excelsa;
3308 1566 3520 1633 Bethel,
3550 1570 3742 1624 domus

2143 1653 2266 1719 Dei,
2299 1654 2440 1709 sicut
2476 1652 2592 1723 jam
2624 1654 2882 1722 diximus,
2925 1656 3334 1725 interpretatur.
3372 1658 3544 1715 Recte
3576 1660 3744 1731 igitur

2144 1745 2427 1816 prophetia
2479 1746 2624 1802 inter
2671 1746 2843 1802 Rama
2890 1758 2945 1803 et
2991 1748 3180 1805 Bethel
3234 1750 3483 1807 habitare
3531 1752 3742 1808 descri-

2143 1838 2318 1904 bitur,
2374 1839 2498 1908 quia
2553 1839 2800 1908 quisquis
2843 1840 3176 1911 pr0plteticis
3224 1842 3406 1898 studet
3456 1844 3744 1916 invigilare

2144 1928 2431 1993 doctrinis,
2478 1929 2727 2000 quisquis
2763 1945 3045 1985 sacrarum
3080 1931 3483 2002 Scripturarum
3527 1934 3743 1991 sincero

447 2017 503 2062 et
525 2019 671 2063 recte
700 2007 978 2080 gradiendi
1022 2019 1078 2064 et
1120 2009 1261 2064 bona
1293 2008 1527 2065 faciendi
1558 2025 1780 2080 prorsus
1802 2010 2040 2067 abstule-
2066 2000 2115 2061 B
2141 2030 2299 2077 vacat
2344 2021 2611 2090 eloquiis,
2664 2022 2743 2079 sic
2799 2023 2853 2077 ίη
2910 2023 3072 2079 domo
3121 2000 3215 2079 De;
3265 2038 3364 2094 per
3408 2024 3742 2082 desiderium

450 2110 533 2154 rat
562 2100 894 2156 facultatem.
926 2100 1022 2157 Cui
1053 2102 1307 2156 nimirum
1339 2102 1558 2171 utrique
1584 2104 1799 2174 gemino
1826 2102 2037 2159 vulneri

451 2191 702 2246 medetur
750 2192 1061 2246 animarum
1110 2192 1352 2247 medicus
1395 2191 1637 2256 Paulus.
1700 2208 1821 2247 cum
1866 2193 2033 2248 dicit:

453 2280 776 2338 «Remissas
830 2299 1022 2337 manus
1073 2292 1127 2338 et
1180 2281 1441 2338 dissoluta
1490 2298 1663 2354 genua
1708 2283 1940 2354 erigite,
1982 2292 2039 2339 et

447 2386 665 2442 gressus
699 2381 877 2427 reetos
907 2372 1069 2429 lacite
1099 2373 1327 2443 pedibus
1368 2375 1584 2436 vestris,
1619 2390 1686 2430 ne
1724 2375 2037 2433 claudicans

447 2460 570 2531 quis
598 2471 764 2526 erret,
812 2463 986 2531 magis
1014 2472 1197 2518 autem
1238 2475 1461 2519 sanetur
1486 2463 1672 2536 (Hebr.
1703 2466 1855 2534 xu)»
1890 2467 2037 2523 Ado-

447 2548 705 2605 nibezecb
735 2551 931 2621 quippe
959 2552 1206 2606 dominus
1226 2552 1484 2621 fulminis,
1514 2553 1599 2608 vel
1638 2554 1882 2611 dominus
1911 2573 2037 2611 con-

445 2647 615 2694 tentus
661 2643 779 2697 vani
825 2642 1239 2712 interpretatur.
1276 2642 1501 2699 Fulmen
1544 2660 1668 2700 mox
1720 2654 1782 2701 ut
1831 2647 2036 2703 micare

445 2730 657 2803 incipit,
688 2734 870 2789 subito
893 2733 1096 2789 deﬁcit.
1136 2735 1238 2789 Per
1265 2733 1407 2804 quod
1447 2733 1705 2792 Iudaicus
1744 2746 1918 2806 potest
1944 2738 2031 2791 in-

443 2823 611 2896 telligi
638 2825 892 2896 populus,
937 2826 1026 2894 qui
1076 2826 1334 2880 nimirum
1384 2826 1617 2895 quodam
1644 2828 1797 2896 quasi
1826 2826 2034 2899 fulgore

446 2914 670 2979 micant,
699 2929 821 2969 cum
851 2914 1097 2970 dicerent
1121 2932 1135 2967 :
1176 2932 1194 2966 ι
1219 2912 1413 2971 Omnia
1442 2930 1563 2985 qua:
1591 2918 1847 2987 praecepit
1876 2918 2034 2975 nobis

445 3003 708 3060 Dominus
738 3015 793 3061 et
834 3005 1115 3060 audiemus
1154 3014 1209 3060 et
1252 3005 1511 3062 faciemus
1557 3007 1755 3078 (Exod.
1782 3008 1934 3080 sxw)
1961 3025 1975 3075 ;
2006 3028 2026 3062 ι

445 3098 539 3153 sed
567 3112 692 3153 mox
743 3097 1002 3153 deficiens
1052 3099 1143 3154 lux
1189 3099 1291 3155 ista
1338 3098 1587 3163 cadebat,
1629 3114 1751 3153 cum
1793 3099 2034 3156 cervices

446 3203 575 3245 suas
606 3190 908 3247 tenebrosis
935 3190 1269 3247 daemonibus
1299 3189 1654 3245 inclinabant.
1683 3189 1788 3245 Per
1814 3188 1868 3245 id
1903 3201 2034 3247 vero

446 3280 589 3349 quod
621 3279 841 3345 dicitur,
870 3287 1162 3336 contentus
1208 3279 1358 3340 vani.
1396 3278 1670 3350 gentilitas
1698 3279 2030 3352 designatur,

444 3385 567 3439 quae
596 3380 852 3426 contenta
888 3369 1191 3425 visibilibus
1223 3370 1380 3425 idolis
1420 3385 1527 3425 non
1559 3371 1787 3426 curabat
1832 3372 2033 3427 reverti
2062 3367 2106 3430 C

448 3462 514 3516 ad
546 3461 975 3518 misericordiam
1009 3460 1314 3530 Creatoris,
1345 3471 1401 3517 et
1445 3462 1572 3516 dum
1602 3462 1847 3517 veritatis
1882 3462 2039 3533 iano.

447 3555 604 3608 rabat
669 3554 893 3619 cultum,
946 3555 1103 3609 vanis
1143 3554 1423 3609 insistebat
1471 3552 1816 3608 czcremoniis
1867 3552 2037 3609 idolo-

443 3660 588 3700 rum.
624 3646 701 3700 De
729 3645 925 3715 quibus
954 3646 1087 3700 dicit
1114 3644 1442 3715 Apostolus:
1486 3661 1505 3695 ι
1529 3643 1665 3711 Quia
1709 3644 1876 3699 Deum
1922 3660 2032 3700 non

441 3734 884 3805 glorificaverunt
941 3743 1036 3789 aut
1082 3735 1286 3803 gratias
1339 3743 1608 3803 egerunt,
1662 3733 1756 3788 sed
1801 3747 2038 3789 evanueo

448 3834 578 3879 runt
605 3825 657 3881 in
685 3824 1106 3895 cogitationibus
1139 3825 1252 3881 suis
1286 3823 1459 3894 (Rom.
1489 3823 1587 3893 1).»
1626 3823 1832 3878 Horum
1872 3823 2036 3892 igitur

445 3917 672 3971 duorum
701 3917 1022 3989 populorum
1058 3932 1124 3973 ex
1154 3917 1393 3972 maxima
1436 3923 1591 3987 parte
1616 3914 1925 3971 dominatus
1950 3924 2037 3971 est

441 4008 826 4064 Adonibezcch
852 4048 869 4074 ,
920 4009 974 4063 id
1015 4018 1099 4064 est
1159 4007 1421 4078 reprobus
1466 4007 1722 4077 nequitia:
1763 4006 2029 4077 spiritus;

442 4099 569 4167 quia
605 4107 659 4154 et
697 4100 799 4155 iste
845 4099 1000 4170 quasi
1030 4099 1233 4155 fulmen
1261 4099 1465 4153 micare
1503 4097 1665 4167 coepit
1690 4105 1747 4153 et
1766 4096 1946 4161 desiit,
1977 4104 2032 4151 et

443 4187 532 4242 ille
560 4192 686 4244 dum
719 4189 959 4245 vanitate
989 4190 1294 4245 daemonum
1336 4196 1626 4244 contentus
1651 4187 1884 4252 exstitit,
1908 4200 2035 4257 pro-

436 4277 538 4346 prii
562 4276 839 4333 Creatoris
867 4277 1127 4333 auxilium
1161 4293 1267 4332 non
1297 4275 1565 4347 quaesivit.

1068 4390 1297 4445 CAPUT
1325 4388 1386 4444 Il.

821 4484 889 4539 In
920 4499 1158 4539 sermone
1182 4481 1246 4536 de
1275 4481 1337 4537 S.
1365 4481 1641 4535 Cassiano.

514 4592 535 4623 σ
563 4574 696 4629 Erat
725 4582 903 4628 autem
936 4572 1147 4629 Debora
1188 4572 1504 4641 prophetes,
1552 4585 1692 4627 uxor
1734 4571 2023 4642 Lapidoth,

433 4681 555 4735 qua:
578 4664 859 4732 judicabat
884 4663 1139 4734 populum
1168 4662 1261 4718 illo
1292 4671 1551 4731 tempore,
1591 4670 1647 4716 et
1677 4662 1899 4718 sedebat
1922 4664 2023 4719 sub

432 4757 637 4826 palma,
664 4771 785 4826 qua:
812 4756 1031 4811 nomine
1067 4755 1210 4810 illius
1236 4754 1532 4808 vocabatur
1554 4792 1571 4817 ,
1612 4754 1756 4809 inter
1774 4753 1944 4808 Rama
1970 4761 2027 4809 et

430 4851 623 4908 Bethel
679 4852 733 4907 in
777 4862 963 4907 monte
989 4850 1269 4922 Ephraim,
1303 4851 1781 4920 ascendebantque
1802 4850 1868 4905 ad
1900 4863 2019 4905 eam

433 4943 529 4997 lilii
558 4943 722 4998 Israel
752 4944 804 4997 in
830 4959 995 4999 omne
1031 4944 1297 5014 judicium
1333 4943 1485 5012 (Jud.
1513 4943 1645 5013 tv)»
1702 4941 1809 4998 Sed
1849 4943 1930 4999 sic
1954 4942 2023 4999 ad

431 5037 637 5091 exitum
685 5034 916 5091 celerius
956 5035 1291 5104 pervenitur,
1328 5035 1397 5099 si,
1430 5036 1558 5088 dum
1608 5035 1834 5089 historia
1877 5035 2021 5089 texi-

431 5138 542 5192 tur,
595 5142 692 5197 per
737 5135 922 5197 partes
969 5127 1188 5181 interim
1232 5135 1553 5195 exponatur.
1596 5124 1703 5181 Per
1751 5126 2023 5183 Deboram

428 5235 583 5284 sane,
612 5234 733 5288 qua:
769 5218 977 5289 loquela
1002 5259 1017 5282 ,
1063 5218 1181 5273 sive
1206 5218 1323 5287 apis
1354 5218 1765 5288 interpretatur,
1790 5220 2021 5290 prophe-

378 5348 399 5357 ι
431 5311 503 5364 tia
532 5326 637 5366 non
668 5310 1114 5367 inconvenienter
1150 5310 1436 5379 accipitur.
1480 5311 1611 5380 Apis
1656 5313 1855 5383 quippe
1882 5313 2020 5367 mel-

427 5403 634 5469 lilicat;
693 5414 751 5460 et
797 5406 863 5460 de
911 5404 1195 5475 prophetia
1245 5419 1342 5475 per
1387 5403 1732 5461 Psalmistam
1780 5407 2017 5463 dicitur:

432 5511 456 5543 ρ
481 5491 655 5557 Quam
686 5494 864 5550 dulcia
897 5494 1146 5550 faucibus
1186 5495 1322 5549 meis
1351 5494 1561 5565 eloquia
1612 5505 1734 5561 tua,
1767 5497 2016 5567 Domine,

428 5596 590 5650 super
635 5584 739 5635 mel
785 5594 839 5639 et
883 5584 1065 5639 favum
1113 5585 1196 5639 ori
1228 5585 1382 5657 meo}
1416 5604 1435 5637 ι
1472 5584 1648 5647 (Psal.
1683 5587 1900 5655 cxvm.)
1926 5586 2015 5642 ln-

428 5672 588 5726 tcrim
631 5672 753 5727 nolo
788 5691 887 5731 vos
924 5676 1127 5739 lateat,
1174 5676 1549 5740 dilectissimi,
1607 5676 1735 5747 quia
1784 5677 2012 5734 historia

2054 4715 2104 4774 D

2140 2115 2338 2171 mentis
2377 2115 2647 2171 inhabitat
2677 2124 2739 2170 ut
2779 2131 2884 2171 non
2915 2116 3099 2172 intima
3129 2126 3185 2172 et
3207 2125 3610 2184 momentanea,
3642 2119 3743 2175 sed

2138 2207 2351 2263 excelsa
2384 2211 2566 2279 potius
2595 2216 2758 2278 atque
2790 2208 3034 2265 cmlestia
3067 2224 3282 2279 semper
3313 2210 3571 2280 inquirat.
3605 2210 3738 2266 Haec

2136 2298 2352 2354 vocavit
2407 2300 2474 2354 ad
2516 2314 2579 2355 sc
2635 2299 2825 2355 Barac.
2886 2298 3057 2355 Porro
3112 2298 3283 2356 Barac
3338 2300 3733 2369 interpretatur

2137 2392 2452 2446 coruscatio.
2490 2392 2810 2447 Coruscatio
2845 2400 3028 2446 autem
3075 2392 3241 2447 habet
3268 2392 3486 2460 quidem
3531 2391 3736 2457 lucem,

2136 2484 2229 2539 sed
2259 2498 2364 2538 non
2395 2484 2596 2540 diutius
2630 2488 3039 2555 permanentem
3065 2500 3079 2549 ;
3110 2499 3235 2539 mox
3271 2485 3415 2539 enim
3448 2493 3508 2539 ut
3551 2485 3737 2542 lucere

2137 2574 2371 2644 incipit,
2418 2573 2564 2629 illico
2626 2574 2833 2629 delicit.
2876 2572 3050 2628 Barac
3100 2572 3267 2643 igitur
3307 2574 3411 2629 iste
3452 2574 3737 2631 lsraelitici

2135 2664 2319 2735 populi
2357 2662 2582 2733 figuram
2624 2672 2811 2718 tenet:
2850 2664 2941 2733 qui
2989 2663 3200 2734 primus
3228 2664 3466 2719 omnium
3498 2665 3735 2734 prophe-

2137 2756 2261 2811 ticis
2319 2755 2619 2809 instructus
2672 2753 2911 2810 oraculis
2967 2752 3361 2824 aliquantulum
3407 2754 3625 2824 quidem
3677 2755 3734 2810 in

2136 2856 2355 2917 accepta
2396 2846 2513 2917 lege
2550 2844 2780 2909 refulsit,
2816 2844 2910 2901 sed
2946 2844 3095 2900 brevi
3125 2854 3369 2915 tempore
3396 2846 3724 2901 coruscavit.

2133 2941 2192 2997 ln
2224 2938 2341 3008 lege
2371 2937 2591 3008 quippe,
2632 2936 2699 2991 de
2727 2951 2833 3006 qua
2877 2928 3081 2991 dictum
3112 2944 3197 2991 est
3230 2953 3244 2989 :
3278 2954 3297 2987 ι
3340 2935 3587 2991 Lucerna
3638 2950 3739 3006 pc-

2136 3032 2293 3090 dibus
2327 3030 2464 3084 meis
2490 3029 2716 3085 verbum
2746 3036 2920 3094 tuum,
2944 3017 3199 3093 Domine,
3231 3037 3288 3083 et
3311 3028 3490 3083 iumen
3520 3028 3733 3084 semitis

2134 3126 2270 3182 meis
2295 3123 2467 3197 (Psal.
2512 3126 2699 3195 cxvttt)
2729 3166 2745 3192 ,
2799 3143 2818 3177 ι
2861 3125 3118 3194 antiquus
3151 3122 3242 3177 ille
3281 3120 3505 3192 populus
3549 3119 3735 3175 lucere

2137 3220 2325 3290 cmpit,
2356 3218 2449 3275 sed
2484 3217 2665 3273 desiit.
2712 3216 3013 3273 Coruscnm
3061 3215 3212 3286 quasi
3264 3214 3422 3269 clara:
3456 3213 3578 3267 vitae
3608 3228 3735 3280 pro-

2141 3310 2283 3375 tulit,
2327 3309 2423 3365 sed
2470 3308 2523 3363 in
2559 3308 2754 3364 lucidis
2788 3308 3044 3376 operibus
3092 3321 3198 3361 non
3244 3303 3560 3375 permansit.
3593 3300 3732 3357 Nam

2142 3401 2269 3456 dum
2299 3400 2541 3455 dicerent
2574 3414 2589 3453 :
2624 3418 2642 3451 ι
2679 3398 2873 3454 Omnia
2923 3412 3042 3466 quae
3084 3394 3401 3468 praeceperit
3442 3393 3596 3448 nobis
3628 3392 3733 3445 Do-

2140 3491 2320 3545 minus
2359 3498 2414 3545 et
2449 3488 2731 3544 audiemus
2776 3496 2830 3544 et
2864 3486 3155 3552 faciemus,
3197 3504 3217 3538 ι
3262 3498 3392 3541 ecce
3435 3484 3589 3554 quasi
3634 3482 3729 3537 lux

2140 3581 2533 3639 coruscationis
2578 3589 2801 3646 exorta;
2854 3580 2948 3635 sed
2997 3579 3124 3633 dum
3170 3587 3392 3647 repente
3436 3583 3731 3630 curvarent

2138 3686 2311 3743 genua
2336 3669 2621 3732 anteBaal,
2650 3684 2776 3724 ecce
2798 3667 3102 3723 coruscatio
3127 3666 3413 3730 videbatur
3436 3664 3727 3720 exstincta.

2137 3763 2284 3818 Dixit
2312 3777 2440 3833 ergo
2479 3761 2688 3815 Debora
2727 3758 2793 3813 ad
2830 3758 3002 3813 Barac
3045 3772 3061 3811 :
3105 3776 3125 3808 ι
3169 3756 3432 3825 Praecepit
3474 3753 3567 3809 tibi
3619 3755 3731 3808 Do-

2136 3854 2318 3909 minus
2347 3852 2507 3907 lsrael
2532 3871 2545 3906 :
2573 3851 2723 3906 Tolle
2753 3861 2929 3906 tecum
2960 3850 3144 3905 decem
3175 3847 3342 3902 millia
3366 3855 3730 3917 pugnatorum

2136 3954 2191 3998 et
2216 3944 2350 3997 vade
2386 3944 2439 3997 in
2468 3950 2704 3998 montem
2732 3941 2950 3995 Thabor
2976 3957 2989 3993 :
3020 3953 3119 4009 ego
3142 3946 3321 3992 autem
3348 3937 3607 3990 adducam
3658 3935 3729 3989 ad

2139 4042 2192 4089 te
2222 4034 2274 4088 in
2295 4032 2472 4088 locum
2501 4032 2757 4088 torrentis
2776 4030 2937 4086 Cison
2966 4028 3206 4084 Sisaram
3236 4026 3531 4097 principem
3562 4040 3728 4079 exer-

2134 4124 2275 4179 citus
2297 4122 2480 4189 Jabin,
2505 4131 2560 4178 et
2588 4136 2782 4178 currus
2808 4120 2924 4189 ejus
2949 4131 3276 4187 omnemque
3303 4116 3727 4180 multitudinem,

2134 4220 2453 4290 tradamque
2480 4234 2574 4275 eos
2600 4219 2654 4273 in
2694 4233 2854 4273 manu
2890 4226 2980 4271 tua
3017 4214 3167 4287 (Iud.
3197 4212 3295 4285 tv).
3320 4233 3338 4266 ι
3368 4212 3647 4283 Tanquam
3678 4212 3729 4266 si

2133 4323 2230 4379 per
2254 4308 2621 4379 propheticam
2644 4307 2943 4362 doctrinam
2967 4304 3135 4375 priori
3161 4302 3359 4374 p0pulo
3380 4302 3522 4357 Deus
3545 4302 3728 4356 omni-

2133 4409 2327 4471 potens
2353 4400 2536 4455 dicat:
2573 4400 2771 4455 Decem
2800 4406 3066 4469 praecepta
3096 4397 3233 4468 legis
3266 4411 3482 4452 assume
3510 4404 3566 4449 et
3606 4396 3730 4451 vir»

2133 4500 2310 4546 tutum
2354 4490 2568 4547 culmen
2598 4490 2852 4556 ascende,
2904 4490 3092 4559 sicque
3123 4488 3476 4558 reproborutn
3521 4486 3734 4557 princi-

2131 4598 2253 4654 pem
2292 4596 2356 4637 ac
2402 4582 2567 4637 totius
2608 4581 2913 4652 iniquitatis
2962 4589 3264 4645 auctorem,
3305 4593 3391 4634 me
3438 4578 3534 4633 tibi
3579 4577 3733 4634 vires

2130 4671 2567 4737 administrante,
2595 4679 2900 4742 prosterne.

2204 4761 2316 4818 Nec
2342 4762 2775 4832 praetereundum
2804 4762 2947 4833 quod
2976 4761 3230 4833 princeps
3262 4760 3351 4814 ille
3389 4758 3594 4814 militiae
3634 4757 3729 4813 Si-

2132 4868 2276 4919 sara,
2306 4852 2397 4922 qui
2428 4851 2715 4923 perditioni
2742 4852 3003 4921 proxima:
3036 4860 3156 4906 erat
3182 4848 3471 4913 obnoxius,
3504 4847 3571 4902 ad
3600 4858 3728 4902 tor-

2132 4956 2343 5002 rentem
2369 4944 2531 5001 Cison
2558 4944 2979 5016 promittebatur
3004 4953 3163 4998 antea
3187 4941 3550 4997 deducendus.
3577 4939 3728 5007 Quid

2130 5039 2274 5093 enim
2324 5052 2422 5107 per
2461 5044 2759 5092 torrentem
2808 5035 3003 5100 Cison,
3059 5034 3164 5090 nisi
3208 5033 3513 5103 baptismus
3560 5032 3731 5088 debet

2131 5127 2407 5199 intelligi?
2459 5126 2595 5182 Nam
2649 5142 2773 5183 cum
2826 5125 3248 5182 catechumenus
3299 5122 3517 5178 lavacro
3578 5122 3732 5177 sacri

2122 5218 2289 5275 fontis
2311 5219 2672 5291 immergitur,
2693 5226 2951 5288 tanquam
2974 5215 3160 5272 Sisara
3187 5231 3309 5271 cum
3334 5230 3435 5271 suo
3453 5216 3736 5283 exercitu,

2123 5310 2203 5365 sic
2244 5310 2606 5380 nequissimus
2652 5307 2877 5379 spiritus
2905 5323 3028 5364 cum
3071 5308 3156 5363 his
3187 5323 3307 5378 qua:
3333 5307 3436 5363 sibi
3483 5307 3730 5363 militant

2122 5404 2271 5459 vitiis
2326 5404 2579 5459 omnibus
2626 5417 2851 5459 necesse
2906 5410 2992 5457 est
3042 5400 3361 5471 perimatur.
3412 5399 3732 5469 Respondit

2118 5505 2299 5551 autem
2340 5495 2510 5551 Barac
2557 5496 2625 5551 ad
2666 5495 2933 5551 Deboram
2980 5511 2994 5548 :

3047 5512 3066 5545 ι
3097 5491 3157 5548 Si
3198 5491 3413 5547 veneris
3450 5505 3675 5545 mecum
3702 5530 3723 5556 ,

2122 5584 2356 5651 vadam;
2387 5585 2431 5641 si
2464 5585 2704 5640 nolueris
2729 5584 2937 5649 venire,
2964 5597 3071 5637 non
3102 5596 3324 5653 pergam
3356 5579 3542 5650 (Ibid).
3580 5598 3600 5632 ι
3644 5580 3734 5638 Ac

2122 5677 2169 5732 si
2197 5676 2431 5732 carnalis
2475 5676 2564 5732 ille
2611 5674 2776 5732 lsrael
2812 5674 3111 5746 prophetia:
3157 5671 3527 5743 respondeat:
3574 5668 3729 5739 Nisi,

342 5846 343 5853 γ
430 5762 545 5815 haec
573 5804 587 5830 ,
634 5778 793 5832 quam
837 5766 1173 5823 tractandam
1213 5782 1277 5823 ex
1325 5765 1609 5824 occasione
1652 5769 2005 5841 suscepimus,
2112 5768 2266 5841 juxta
2300 5767 2511 5827 litteras
2541 5778 2595 5825 ct
2625 5769 2778 5840 quasi
2831 5767 3128 5827 secundum
3176 5765 3496 5825 muliebrem
3544 5762 3722 5820 intel-
