4058 6178
397 317 526 373 l’)8l
1639 324 1708 382 IN
1758 324 2022 384 LlBRUM
2073 325 2393 384 JUDICUM.

392 431 610 496 lectum,
653 438 705 485 te
737 446 948 487 mecum
993 448 1207 506 semper
1236 435 1502 503 habuero,
1549 439 1833 507 spirituale
1861 455 1978 496 cer-
2002 447 2053 504 Α
2080 439 2287 502 littera,
2321 455 2441 507 qua:
2469 438 2722 497 videlicet
2751 443 2930 499 crucis
2962 446 3218 517 exprimit
3243 451 3500 521 speciem,
3534 467 3660 507 cow

393 537 574 583 tamen
621 527 841 597 aggredi
888 541 994 581 non
1048 542 1334 597 praesumo.
1380 529 1478 584 Cui
1509 529 1761 585 Debora:
1814 547 1834 582 α
1884 531 2004 590 Ιιιοη
2081 532 2318 586 tinetur?
2345 531 2443 587 Cui
2492 531 2736 603 profecto
2769 534 2963 590 littera:
3010 538 3055 592 si
3095 555 3258 610 super
3299 551 3663 602 transversam

3526 338 3665 394 1083
3759 367 3768 376 ~

391 614 608 686 quidem
650 624 848 681 tecum,
891 616 986 670 sed
1035 617 1133 672 tibi
1188 618 1415 673 victoria
1463 635 1568 674 non
1618 621 1975 691 reputabitur,

391 708 517 778 quia
564 707 617 762 in
665 723 887 760 manum
935 707 1174 763 mulieris
1225 710 1468 764 tradetur
1497 710 1679 766 Sisara
1704 711 1915 782 (lbid.).
1951 731 1971 764 ι

390 797 549 852 Velut
591 797 641 864 si
681 805 924 853 vetustus
961 797 1050 852 ille
1088 799 1317 869 populus
1359 802 1588 856 audiat:
1624 802 1825 858 Tecum
1852 804 1976 873 qui-

387 888 510 944 dem
539 889 646 944 erit
687 889 946 954 exterior,
978 897 1036 943 ut
1064 889 1325 958 postulas,
1354 893 1657 962 prophetia,
1689 894 1786 948 sed
1818 893 1980 964 spiri~

388 979 587 1036 tualem
616 995 684 1033 ex
728 980 952 1050 antiquo
995 981 1151 1036 hoste
1192 981 1546 1052 triumphum,
1598 999 1704 1040 non
1755 992 1832 1052 tu,
1882 986 1977 1041 sed

386 1077 573 1127 sancta
636 1072 816 1142 potius
870 1071 1138 1128 obtinebit
1190 1071 1449 1130 Ecclesia.
1510 1076 1588 1131 illi
1651 1087 1840 1142 certe,
1900 1078 1974 1134 illi

383 1164 667 1234 proveniet
694 1165 819 1234 jure
869 1164 1135 1232 victoria,
1200 1183 1319 1238 qua:
1367 1168 1421 1222 in
1471 1167 1767 1240 Scriptura:
1817 1171 1978 1242 170

384 1255 693 1328 mysteriis,
745 1256 871 1310 dum
919 1254 1218 1325 spiritualis
1275 1257 1643 1332 intelligentia:
1683 1261 1974 1316 medullam

383 1350 608 1420 quaerit,
658 1349 956 1404 occidentis
1003 1349 1200 1404 littera:
1247 1333 1814 1424 paleas'magnopere
1865 1369 1977 1410 non

383 1447 633 1502 attendit.
661 1447 964 1501 Commisso
987 1446 1169 1516 itaque
1198 1446 1358 1514 bello,
1384 1451 1600 1503 tandem
1625 1447 1760 1520 fugit
1790 1448 1974 1505 Sisara

382 1535 437 1591 in
463 1534 880 1602 domum'Jahel,
909 1536 1226 1608 alienigena:
1260 1537 1514 1593 videlicet
1548 1539 1812 1594 mulieris.
1843 1539 1975 1607 Quae

380 1623 626 1696 profecto
654 1625 856 1680 sitienti
880 1635 1055 1681 utrem
1086 1626 1242 1682 lactis
1269 1628 1484 1696 aperuit
1507 1637 1562 1683 et
1585 1637 1771 1699 potum
1796 1629 1974 1696 dedit;

382 1715 574 1770 deinde
603 1717 816 1770 clavum
849 1717 903 1771 in
935 1716 1218 1772 cerebrum
1248 1718 1365 1786 ejus
1400 1733 1500 1788 per
1526 1727 1738 1788 tempus
1766 1727 1972 1774 utrum-

2078 623 2277 678 lineam
2307 623 2360 679 id
2388 624 2679 679 adderetur
2704 627 2846 695 quod
2884 628 2937 682 in
2967 643 3127 685 cruce
3165 637 3412 702 superius
3437 639 3665 704 eminet,

2078 729 2186 770 non
2226 713 2338 783 jam
2367 716 2546 769 crucis
2575 717 2805 785 species,
2847 719 2940 773 sed
2968 721 3146 789 potius
3189 723 3301 792 ipsa
3332 740 3466 780 crux
3497 739 3663 784 esset.

2079 803 2216 870 Quia
2264 804 2431 874 igitur
2479 806 2938 861 trecentenarium
2990 823 3274 865 numerum
3318 811 3432 867 Tau
3483 815 3661 871 littera

2079 896 2344 960 continet,
2376 909 2496 964 qua:
2523 895 2747 966 ﬁguram
2777 898 2955 953 erucis
2983 900 3222 963 exhibet,
3255 917 3360 956 non
3393 903 3667 961 immerito

2079 983 2134 1037 in
2171 982 2256 1037 his
2298 983 2554 1037 trecentis
2597 982 2906 1038 Gedeonem
2953 988 3325 1056 sequentibus,
3370 989 3445 1044 illi
3476 1007 3667 1050 omnes

2079 1073 2344 1142 designati
2371 1080 2497 1128 sunt
2531 1073 2728 1143 quibus
2757 1075 2990 1129 dicitur:
3029 1094 3048 1128 ‹
3093 1077 3148 1132 Si
3179 1079 3300 1148 quis
3335 1081 3448 1134 vult
3479 1085 3666 1139 venire

2078 1174 2200 1235 post
2225 1181 2334 1230 me,
2359 1165 2590 1236 abneget
2610 1165 2980 1234 semetipsum,
3005 1179 3060 1222 ct
3088 1169 3236 1224 tollat
3263 1187 3480 1226 crucem
3509 1188 3664 1229 suam

2077 1256 2318 1326 quotidie
2357 1265 2414 1310 et
2440 1265 2699 1326 sequatur
2724 1257 2879 1327 171
2916 1274 3002 1313 me
3043 1259 3192 1329 (Luc.
3241 1261 3338 1331 ix).
3379 1280 3397 1313 ι
3433 1261 3533 1330 Qui
3578 1264 3664 1318 ni-

2078 1346 2278 1400 mirum
2325 1356 2615 1416 sequentes
2661 1346 2944 1400 Dominum
3006 1358 3158 1402 tanto
3212 1349 3392 1404 verius
3447 1367 3664 1406 crucem

2079 1435 2272 1490 tollunt
2297 1446 2501 1506 quanto
2535 1445 2591 1490 et
2625 1436 2725 1506 ipsi
2763 1437 2946 1492 acrius
2971 1436 3299 1509 alﬂiguntur,
3331 1448 3383 1494 et
3417 1455 3545 1512 erga
3574 1442 3664 1496 de-

2075 1523 2382 1596 linquentes
2421 1525 2699 1596 proximos
2741 1525 2824 1581 vel
2858 1536 3076 1597 egentes
3128 1529 3228 1599 piae
3277 1531 3667 1600 compassionis

2076 1615 2329 1671 incendio
2341 1624 2780 1670 concremantur.
2798 1616 2950 1672 Unde
2963 1634 3062 1689 per
3072 1617 3410 1675 Ezechielem
3425 1621 3624 1676 dicitur
3647 1640 3662 1676 :

2082 1725 2104 1761 ι
2153 1709 2318 1780 Signa
2359 1709 2471 1764 Tan
2517 1725 2680 1780 super
2717 1708 2922 1766 frontes
2966 1711 3210 1766 vivorum
3243 1714 3571 1784 gementium
3607 1722 3664 1769 et

380 1821 486 1876 que
530 1807 738 1873 deﬁxit,
770 1808 956 1877 sicque
1002 1808 1054 1863 in
1088 1808 1322 1864 hominis
1369 1809 1551 1879 specie
1591 1824 1970 1878 perversomm
2003 1818 2048 1879 Β
2078 1800 2374 1857 dolentium
2402 1815 2567 1870 super
2605 1802 2820 1857 cunctis
2841 1801 3354 1869 abominationibus,
3379 1821 3499 1875 qua:
3531 1805 3667 1860 ﬁunt

379 1897 659 1952 hominum
687 1908 850 1967 caput
888 1899 1159 1954 diabolum
1197 1899 1487 1955 interfecit.
1518 1901 1657 1968 Quid
1702 1901 1847 1956 enim
1877 1899 1968 1954 Ja-

380 1987 487 2054 hel,
525 2003 643 2057 qua:
679 1989 913 2042 ascensio
944 1989 1352 2058 interpretatur,
1403 1989 1508 2044 nisi
1540 1998 1783 2044 sanctam
1831 1989 1971 2043 desi-

377 2089 510 2149 gnat
533 2078 849 2145 Ecclesiam,
891 2093 987 2148 per
1011 2095 1174 2150 quam
1206 2079 1454 2134 videlicet
1482 2079 1654 2135 solam
1690 2078 1970 2134 beatitudo

377 2175 616 2230 caelestis
657 2174 1012 2229 ascenditur?
1057 2173 1211 2230 Unde
1238 2184 1293 2229 et
1336 2175 1623 2246 Synagoga
1671 2175 1739 2230 de
1778 2175 1967 2231 eadem

377 2265 618 2322 Ecclesia
668 2265 798 2320 dicit
845 2265 898 2319 in
940 2263 1223 2321 Cauticis:
1277 2283 1297 2317 ι
1356 2266 1485 2332 Qua:
1535 2273 1622 2320 est
1668 2265 1794 2330 ista,
1849 2281 1970 2336 qua:

377 2357 621 2412 ascendit
659 2357 724 2411 de
755 2356 988 2420 deserto,
1033 2355 1243 2411 deliciis
1291 2355 1530 2418 allluens,
1573 2355 1758 2410 innixa
1807 2371 1971 2426 super

375 2447 633 2502 dilectum
660 2447 855 2502 suum?
875 2467 894 2498 ι
931 2445 1107 2517 (Cant.
1132 2447 1271 2516 Vill.)
1296 2445 1422 2502 Haec
1441 2445 1636 2501 mulier
1664 2445 1967 2516 alienigena

375 2538 498 2604 fuit,
537 2538 664 2608 quia
714 2547 900 2593 sancta
930 2537 1171 2593 Ecclesia
1214 2537 1282 2593 de
1326 2536 1630 2609 gentilitate
1673 2535 1964 2606 processit.

377 2631 505 2686 Haac
526 2620 893 2686 lSraelitarum
926 2631 1134 2686 hostem
1168 2630 1318 2700 prius
1353 2630 1490 2684 lacte
1519 2629 1745 2700 potavit,
1774 2637 1964 2699 postea

375 2719 542 2790 pilum
584 2720 747 2791 capiti
779 2721 894 2791 ejus
941 2719 1136 2784 inﬁxit,
1168 2719 1294 2790 quia
1339 2719 1559 2773 humani
1604 2719 1819 2790 generis
1861 2718 1970 2773 ini-

376 2811 597 2874 micum,
636 2825 798 2880 quem
846 2817 1032 2864 sancta
1066 2809 1219 2879 prius
1269 2807 1510 2863 Ecclesia
1554 2808 1846 2864 carnaliter
1888 2808 1970 2863 vi-

374 2902 553 2956 vendo
579 2901 820 2967 lactavit,
851 2901 1193 2971 postmodum
1222 2898 1573 2970 spiritualiter
1593 2899 1967 2955 conversando

373 2992 607 3062 quodam
632 2991 879 3045 acumine
895 3005 958 3044 ac
974 2989 1174 3044 virtute
1187 2989 1365 3044 crucis
1385 2988 1666 3045 exstinxit.
1683 2986 1799 3042 Nisi
1818 2988 1964 3043 enim

372 3081 693 3138 insatiabilis
745 3079 1015 3136 homicida
1065 3079 1423 3150 perditionem
1475 3078 1695 3132 humani
1750 3077 1966 3150 generis

2073 1889 2128 1943 in
2161 1890 2342 1944 medio
2371 1888 2708 1944 Hierusalem
2747 1891 2963 1962 (Exerit.
2995 1893 3093 1963 ιι).
3136 1913 3155 1947 ι
3187 1893 3280 1950 Vel
3309 1905 3456 1951 certe
3495 1897 3548 1950 in
3580 1896 3668 1952 bis

2059 1979 2356 2060 .treceutis,
2399 1981 2490 2049 qui
2536 1979 2651 2035 Tau
2687 1980 2865 2036 littera
2891 1983 3262 2051 continentur,
3287 1987 3388 2041 hoc
3407 1988 3666 2058 exprimi-

2069 2081 2182 2140 tur,
2207 2073 2350 2142 quod
2380 2071 2582 2128 ferrum
2609 2074 2847 2130 hostium
2888 2077 3067 2132 crucis
3105 2076 3250 2149 ligno
3276 2089 3580 2148 superetur.

2678 2165 2908 2222 CAPUT
2959 2166 3050 2223 ιγ.

2376 2255 2446 2310 1η
2475 2273 2715 2312 sermone
2743 2257 2808 2311 de
2829 2259 3025 2313 sanctis
3046 2259 3350 2330 virginibus.

2148 2365 2167 2399 ι
2202 2347 2337 2403 Cum
2378 2348 2594 2404 Gedeon
2630 2350 2971 2404 auscultandi
3007 2354 3182 2420 gratia
3223 2352 3290 2406 ad
3331 2361 3511 2406 castra
3546 2351 3664 2407 Ma-

2070 2439 2230 2504 dian,
2291 2438 2521 2495 Domino
2589 2441 2964 2511 praecipiente,
3035 2442 3316 2513 dirigitur,
3373 2443 3665 2500 Madianita

2071 2529 2361 2599 quispiam,
2391 2531 2529 2585 alter
2557 2531 2624 2585 ad
2653 2529 2884 2586 alterum
2913 2532 3114 2588 vidisse
3146 2548 3205 2588 se
3235 2534 3504 2588 somnium
3531 2549 3664 2588 con-

2069 2619 2277 2675 litetur.
2317 2621 2634 2688 Videbatur,
2677 2622 2871 2693 inquit,
2901 2623 3032 2679 mihi
3075 2624 3229 2693 quasi
3273 2624 3665 2681 subcinericius

2070 2713 2228 2783 panis
2247 2728 2313 2768 ex
2333 2713 2536 2768 hordeo
2553 2713 2692 2769 volvi
2714 2724 2769 2768 et
2789 2716 2842 2769 in
2867 2723 3046 2769 castra
3065 2714 3275 2768 Madian
3300 2715 3658 2780 descendere;

2068 2820 2302 2874 cumque
2332 2806 2671 2874 pervenisset
2692 2806 2759 2861 ad
2794 2805 3222 2871 tabernaculum,
3244 2808 3511 2876 percussit
3535 2806 3664 2862 illud

2069 2907 2231 2968 atque
2251 2898 2539 2963 subvertit,
2567 2908 2621 2954 et
2645 2907 2787 2954 terra
2812 2898 3054 2955 funditus
3075 2899 3393 2969 coaequavit.
3421 2898 3662 2967 Respon-

2068 2989 2148 3044 dit
2185 2991 2401 3047 auditor
2429 2991 2582 3047 :Non
2607 3002 2693 3047 est
2712 2993 2815 3047 hoc
2839 2991 2986 3047 aliud
3010 2991 3112 3047 nisi
3139 2991 3350 3060 gladius
3387 2989 3654 3045 Gedeonis

2069 3079 2163 3157 lilii
2190 3079 2317 3137 Joas
2365 3082 2464 3136 viri
2509 3083 2766 3138 Israelita:
2797 3100 2812 3137 :
2839 3082 3063 3138 tradidit
3111 3083 3260 3137 enim
3304 3082 3565 3137 Dominus
3603 3081 3658 3136 in

373 3173 678 3244 inexplebili
728 3186 950 3244 prorsus
998 3172 1254 3227 aviditate
1300 3171 1507 3236 sitiret,
1560 3170 1627 3226 de
1677 3169 1769 3226 illo
1811 3179 1959 3227 certe
1985 3183 2034 3248 ο
2067 3186 2268 3226 manus
2300 3172 2418 3243 ejus
2440 3171 2651 3227 Madian
2699 3183 2757 3228 et
2775 3173 2955 3228 omnia
2978 3181 3156 3228 castra
3178 3171 3467 3244 ejus(Jud.
3498 3173 3657 3240 vn)»

373 3267 654 3335 Scriptura
681 3282 787 3321 non
809 3254 1011 3321 diceret
1035 3283 1048 3319 :
1079 3283 1098 3317 ‹
1127 3265 1454 3322 Absorbebit
1481 3264 1729 3330 ﬂuvium,
1766 3273 1822 3320 et
1848 3279 1956 3320 non

370 3364 692 3427 mirabitur;
732 3371 788 3416 et
817 3364 981 3416 habet
1025 3361 1276 3415 ﬁduciam
1312 3359 1457 3429 quod
1487 3356 1678 3412 inﬂuat
1705 3357 1962 3414 Jordanis

369 3455 424 3509 in
453 3469 516 3508 os
549 3451 666 3521 ejus
697 3451 818 3523 (Job
847 3450 959 3521 XL).
996 3469 1014 3500 ι
1034 3449 1143 3504 Lac
1164 3464 1292 3505 vero
1316 3448 1526 3503 fructus
1550 3455 1638 3502 est
1664 3447 1871 3513 carnis,
1905 3459 1962 3503 et

373 3547 739 3602 blandimenta
779 3543 1014 3600 carnalis
1047 3543 1319 3614 signiﬁcat
1358 3541 1669 3610 voluptatis.
1709 3539 1959 3607 Quamliu

371 3653 504 3709 ergo
533 3636 749 3709 gentilis
773 3635 1003 3706 pepulus
1021 3635 1175 3706 juxta
1205 3633 1377 3704 legem
1421 3634 1604 3688 carnis
1640 3631 1961 3701 voluptuose

368 3731 525 3795 vixit,
571 3739 825 3799 tanquam
865 3728 970 3792 lac,
1008 3727 1082 3780 ita
1125 3725 1249 3779 vitae
1277 3739 1387 3778 suae
1429 3723 1709 3779 mollitiem
1750 3721 1958 3778 sitienti

369 3831 600 3877 mortem
641 3829 883 3876 nostram
920 3815 1136 3878 diabolo
1176 3814 1503 3886 propinavit.
1553 3814 1621 3868 At
1667 3821 1953 3884 postquam

367 3912 469 3968 sub
510 3912 733 3982 spiritus
767 3925 827 3964 se
869 3906 1149 3976 disciplina
1187 3904 1534 3969 constrinxit,
1582 3903 1795 3959 invicta:
1830 3917 1958 3957 mox

299 4027 303 4031 τ
366 4005 544 4060 crucis
583 4017 732 4057 arma
769 3999 1054 4068 corripuit,
1105 3997 1426 4065 hostemque
1467 3993 1662 4050 salutis
1682 3993 1952 4055 humanae,

365 4111 526 4167 quem
558 4094 758 4148 dudum
790 4089 1078 4159 voluptatis
1106 4087 1248 4142 laete
1275 4092 1578 4156 potaverat,
1609 4097 1753 4138 nunc
1781 4082 1958 4151 poeni-

368 4185 548 4241 tentiae
575 4184 780 4237 munita
815 4180 1090 4252 prmsidio,
1123 4177 1270 4248 ligno
1311 4174 1601 4231 transﬁxit.
1627 4175 1722 4230 Sic
1768 4174 1954 4242 itaque

365 4292 523 4348 quem
551 4274 846 4330 Israelitica
869 4270 1018 4342 plebs
1039 4282 1300 4340 superare
1321 4283 1426 4323 non
1450 4267 1644 4337 potuit,
1667 4264 1955 4336 peregrina

365 4367 582 4433 mulier,
619 4368 722 4422 hoc
765 4373 852 4422 est
878 4363 1097 4436 gentilis
1123 4361 1395 4428 Ecclesia,
1441 4359 1558 4416 solo
1591 4359 1772 4416 crucis
1800 4357 1955 4430 signo

363 4457 678 4528 prostravit.
1299 4493 1309 4499 —

983 4541 1213 4600 CAPUT
1251 4541 1339 4597 lll.

607 4637 676 4691 In
713 4651 950 4690 sermone
977 4637 1040 4689 de
1069 4633 1388 4688 exultatione
1415 4631 1478 4687 S.
1518 4631 1707 4686 crucis.

435 4728 550 4784 Hoc
577 4728 758 4782 crucis
784 4741 976 4796 nempe
996 4724 1250 4780 vexillum
1277 4732 1332 4778 et
1348 4721 1566 4778 Gedeon
1595 4721 1697 4776 sibi
1733 4721 1956 4791 suisque

363 4815 824 4875 commilitonibus
861 4815 1047 4886 typice
1093 4812 1355 4883 protulit,
1427 4811 1520 4881 qui
1567 4819 1756 4866 contra
1807 4807 1996 4864 arma’

363 4923 514 4963 arma
545 4905 805 4970 deseruit,
839 4903 1061 4959 inermis
1097 4911 1338 4957 armatos
1365 4900 1564 4956 invasit
1587 4908 1642 4955 et
1671 4898 1737 4952 ad
1770 4896 1956 4954 debel-

363 4997 584 5053 landum
615 4994 1032 5050 Madianitarum
1060 4991 1478 5053 multitudinem,
1521 4989 1745 5045 dimissa
1772 4986 1957 5042 multi-

365 5091 571 5154 tudine,
603 5104 725 5144 cum
756 5085 944 5157 paucis
972 5086 1135 5139 venit.
1184 5083 1376 5138 Divina
1407 5081 1673 5152 siquidem
1716 5079 1818 5135 sibi
1863 5077 1958 5133 ad-

364 5182 661 5238 monitione
686 5189 1015 5250 przeceptum
1059 5185 1144 5232 est
1171 5175 1334 5247 (Iud.
1380 5177 1494 5246 vn)
1537 5183 1597 5229 ut
1640 5173 1707 5228 ad
1734 5171 1957 5227 ﬂuvium

362 5273 586 5327 veniens
627 5285 844 5336 omnes,
885 5285 1020 5340 quos
1057 5267 1210 5323 ﬂexis
1253 5267 1482 5339 genibus
1526 5279 1695 5333 aquas
1739 5261 1958 5317 haurire

362 5363 725 5432 conspiceret,
756 5377 784 5416 a
831 5361 1096 5416 bellorum
1134 5355 1610 5428 congressionibus
1659 5357 1955 5407 amoveret.

361 5453 694 5524 Factumque
715 5464 797 5508 est
821 5463 875 5507 et
900 5451 1124 5508 trecenti
1149 5450 1250 5504 viri
1276 5447 1668 5512 tantummodo,
1694 5445 1784 5514 qui
1807 5452 1959 5499 stan-

365 5553 447 5599 tes
476 5545 723 5600 manibus
745 5559 913 5613 aquas
935 5544 1246 5607 hauserunt,
1283 5546 1679 5596 remanserunt.
1705 5534 1845 5602 Quid
1873 5542 1959 5589 est

361 5646 541 5693 autem
582 5635 726 5708 quod
772 5635 1009 5702 Gedeon,
1051 5636 1310 5691 trecentis
1347 5641 1634 5689 contentus
1666 5629 1950 5695 militibus,

363 5730 428 5786 ad
455 5730 593 5786 bella
637 5728 1000 5802 progreditur,
1031 5725 1134 5784 nisi
1162 5727 1288 5798 quia
1324 5725 1410 5782 hic
1456 5736 1718 5780 numerus
1743 5721 1797 5777 in
1833 5719 1950 5775 Tan

2068 3263 2174 3318 Per
2198 3265 2572 3334 Gedeon,qui,
2599 3281 2705 3320 non
2733 3266 3015 3331 circuitus,
3042 3267 3136 3322 sed
3158 3268 3413 3320 circuiens
3437 3267 3491 3319 in
3515 3276 3662 3319 utero

2067 3353 2290 3420 dicitur,
2339 3355 2429 3410 ille
2473 3356 2670 3411 merito
2717 3357 3034 3426 designatur
3077 3359 3189 3427 qui,
3236 3357 3365 3412 dum
3410 3356 3662 3427 virginali

2067 3441 2414 3500 clauderetur
2449 3447 2502 3500 in
2548 3446 2706 3512 alvo,
2756 3455 2924 3501 totam
2970 3447 3152 3502 mundi
3203 3447 3510 3501 machinam
3560 3459 3662 3500 suo

2066 3534 2440 3590 circumdabat
2469 3550 2534 3590 ac
2557 3535 2880 3605 disponebat
2910 3536 3155 3606 imperio.
3184 3535 3288 3592 Per
3317 3535 3529 3591 Madian
3560 3538 3659 3590 au-'

2065 3639 2195 3696 tem,
2226 3631 2315 3702 qui
2348 3631 2413 3686 de
2453 3630 2659 3700 judicio
2700 3631 3110 3702 interpretatur,
3153 3631 3382 3701 populus
3426 3629 3660 3686 inﬁdelis
3708 3622 3719 3630 ’

2064 3721 2350 3792 accipitur,
2376 3722 2444 3778 de
2471 3737 2580 3792 quo
2602 3722 2863 3778 Dominus
2888 3723 2995 3776 ait:
3026 3741 3044 3774 ι
3076 3721 3176 3789 Qui
3194 3737 3299 3794 non
3323 3721 3518 3786 credit,
3542 3719 3656 3790 jam

2056 3811 2334 3882 judicatus
2363 3821 2448 3868 est
2471 3810 2653 3883 (Joan.
2673 3813 2780 3883 ιιι).
2800 3811 3008 3867 »Ροιτο
3033 3821 3214 3866 autem
3243 3824 3412 3879 usque
3441 3811 3508 3864 ad
3535 3808 3660 3864 Sal-

2065 3906 2267 3962 vatoris
2287 3907 2599 3972 adventum,
2621 3921 2772 3961 more
2794 3905 3002 3970 hordei,
3021 3905 3121 3960 sub
3141 3904 3306 3974 paleis
3330 3903 3653 3970 litterarum,

2062 4005 2118 4051 et
2164 3995 2297 4066 legis
2333 4005 2602 4066 pnecepta
2636 4006 2694 4051 et
2731 3997 3116 4068 prophetarum
3159 3994 3480 4065 tegebantur
3526 4007 3655 4047 ora-

2061 4085 2223 4153 cula;
2262 4087 2357 4140 sed
2405 4095 2692 4156 postquam
2733 4086 2825 4141 ille
2867 4087 3090 4142 veniens
3118 4100 3284 4155 panes
3325 4084 3659 4138 hordeaceos

2060 4178 2246 4250 fregit,
2277 4179 2533 4248 deditque
2565 4179 2843 4250 discipulis
2872 4187 2932 4234 ut
2962 4179 3134 4232 turbis
3163 4183 3521 4247 apponerent.
3546 4173 3657 4230 Cu-

2055 4268 2145 4339 jus
2169 4270 2335 4326 etiam
2359 4271 2540 4342 operis
2565 4271 2831 4341 expositio
2853 4271 3099 4342 estquod
3128 4268 3457 4342 evangelista
3485 4268 3651 4324 dicit:

2059 4362 2317 4432 quoniam
2379 4378 2399 4413 ‹
2459 4361 2671 4431 aperuit
2734 4359 2840 4416 illis
2896 4375 3115 4416 sensum
3171 4369 3234 4415 ut
3291 4358 3655 4430 intelligerent

2061 4450 2374 4521 Scripturas
2400 4448 2552 4522 (Luc.
2581 4449 2784 4520 ιιιν),ι
2807 4449 2922 4520 jam
2953 4463 3018 4507 ex
3046 4449 3274 4516 hordeo,
3307 4451 3450 4522 quod
3477 4450 3657 4506 brutis

1982 4535 2036 4598 D
2061 4543 2344 4600 videbatur
2381 4543 2705 4598 animalibus
2736 4557 3059 4614 congruere,
3107 4559 3302 4615 panem
3350 4542 3531 4600 facere
3570 4543 3652 4599 di-

2059 4645 2254 4707 gnatus
2297 4643 2382 4692 est
2435 4637 2759 4690 animarum.
2816 4635 2968 4692 Sicut
3005 4637 3148 4691 enim
3197 4636 3458 4691 hordeum
3510 4637 3655 4691 inter

2059 4725 2258 4780 molam
2291 4734 2578 4795 utramque
2603 4725 2902 4780 conteritur
2925 4765 2942 4792 ,
2985 4736 3042 4780 ut
3085 4741 3116 4780 a
3165 4726 3357 4780 farina?
3381 4726 3651 4793 farragine

2059 4815 2380 4870 cantahrum
2430 4825 2781 4881 secernatur;
2839 4815 2913 4871 ita
2957 4815 3106 4871 velut
3150 4816 3293 4871 inter
3333 4817 3488 4881 duos,
3519 4816 3652 4886 legis

2059 4904 2270 4961 scilicet
2323 4913 2382 4960 et
2423 4904 2718 4976 Evangelii,
2755 4904 2960 4976 lapides
3003 4915 3206 4961 sancta:
3249 4905 3508 4961 Ecclesiae
3552 4905 3650 4959 do-

2060 4996 2236 5053 ctrina
2280 4997 2647 5064 commolitur,
2677 5005 2738 5052 ut
2779 4997 2973 5053 litterae
3013 4997 3332 5068 superﬁcies
3379 5011 3410 5050 a
3443 4994 3651 5052 medul-

2058 5090 2128 5148 lis
2230 5090 2454 5161 spiritus
2481 5090 2840 5146 discernatur.
2877 5091 2984 5147 Sed
3015 5100 3075 5145 ut
3122 5091 3174 5145 in
3211 5091 3298 5146 his
3329 5089 3510 5146 verbis
3537 5103 3646 5143 non

2059 5182 2263 5238 diutius
2302 5183 2675 5248 immoremur,
2707 5182 2824 5238 haec
2869 5182 3058 5238 hordei
3092 5181 3269 5236 farina
3305 5181 3445 5237 sacri
3469 5180 3645 5250 bapti-

2059 5273 2252 5328 smatis
2279 5287 2416 5342 aqua
2445 5286 2761 5342 conspersa,
2795 5273 2908 5328 sive
2949 5272 3201 5338 conﬂata,
3227 5281 3282 5328 et
3309 5272 3480 5328 sancti
3518 5271 3644 5342 Spi-

2059 5365 2198 5420 ritus
2236 5365 2360 5435 igne
2403 5374 2654 5432 percocta
2682 5363 2742 5416 lit
2785 5364 2976 5434 panis;
3019 5367 3109 5435 qui
3146 5364 3395 5419 videlicet
3433 5362 3644 5418 Madian

2057 5464 2237 5510 castra
2278 5452 2561 5518 subvertit,
2589 5453 2714 5522 quia
2756 5463 2979 5508 cunctas
3022 5454 3318 5509 inﬁdelium
3363 5453 3642 5510 machinas

2056 5543 2314 5598 destruit.
2350 5541 2450 5596 Hic
2477 5542 2652 5610 panis,
2673 5541 2827 5613 juxta
2853 5543 2964 5597 veri
2992 5541 3135 5597 illius
3161 5541 3474 5612 interpretis
3502 5557 3640 5598 con-

2049 5633 2338 5703 jecturam,
2365 5629 2636 5686 Gedeonis
2667 5640 2751 5686 est
2775 5631 3003 5702 gladius,
3031 5632 3157 5702 quia
3185 5631 3328 5687 sicut
3349 5632 3640 5702 Apostolus

2055 5724 2130 5778 ait
2155 5739 2168 5778 :
2207 5742 2225 5776 ‹
2258 5721 2479 5780 Gladius
2501 5721 2724 5792 spiritus
2753 5732 2836 5778 est
2868 5722 3087 5779 verbum
3117 5723 3208 5780 Dei
3236 5723 3453 5795 (Ep/res.
3481 5729 3579 5792 vr).
3611 5737 3634 5770 ι
