4058 6178
438 334 582 393 1083

1345 332 1849 392 COLLEC'I‘ANEA
1886 332 1953 390 IN
1991 331 2224 391 VETUS
2260 330 2804 389 TESTAMENTUM.

3566 324 3709 381 ιοδι

434 426 550 483 lloc
584 424 761 482 sancti
783 423 1017 496 Spiritus
1051 423 1229 495 gladio
1264 439 1361 480 rex
1389 425 1727 479 exercituum
1768 424 2017 481 Christus
2045 430 2091 486 A
2120 438 2227 494 quo
2251 432 2369 480 erat
2392 424 2506 493 ipse
2529 422 2824 477 venturus?
2857 438 2875 471 ι
2911 417 3062 491 (Luc.
3089 417 3174 489 x.)
3203 417 3300 475 Hic
3322 416 3486 473 etiam
3511 419 3711 487 pracdi-

430 531 560 572 suos
588 524 764 571 armat
798 516 1024 578 milites;
1054 515 1155 569 hoc
1183 514 1347 568 etiam
1378 528 1503 568 suas
1532 514 1813 585 praecingit
1839 530 1903 569 ac
1936 528 2021 570 ro-

431 605 593 661 borat
630 606 954 662 bellatrices.
986 606 1067 662 Ex
1100 615 1333 676 utroque
1362 606 1626 675 siquidem
1654 621 1787 661 sexu
1815 606 2022 662 militia:

432 712 546 752 sua:
577 712 777 752 cuneos
809 696 1027 751 instruit
1074 698 1327 765 aciesque
1367 696 1665 764 componit,
1710 698 1835 767 quia
1874 698 2020 751 viros

432 805 500 844 ac
552 789 780 845 feminas
830 787 896 843 ad
938 790 1220 861 praemium
1258 789 1406 844 beati
1454 790 1766 845 certaminis
1810 790 2023 847 indill'e-

433 889 618 936 tenter
643 880 899 935 admittit.

966 970 1123 1040 172
1168 969 1396 1026 CAPUT
1439 968 1502 1023 v.

568 1112 571 1119 .
816 1060 886 1116 In
912 1078 1149 1116 sermone
1174 1063 1238 1115 de
1273 1061 1328 1118 S.
1366 1061 1639 1116 Matutam.

509 1171 528 1205 ι
569 1150 778 1217 Nonne,
835 1169 853 1203 ι
889 1150 1061 1220 inquit
1096 1151 1340 1218 Gedeon,
1378 1170 1397 1203 ‹
1435 1148 1629 1207 melius
1662 1160 1745 1206 est
1774 1166 2026 1208 racemus

433 1244 692 1315 Ephraim
724 1244 1011 1299 vindemiis
1045 1244 1307 1301 Abiezer?
1341 1266 1361 1299 ι
1398 1245 1547 1316 (Iud.
1571 1246 1714 1318 vui.)
1737 1246 1871 1302 Nam
1898 1248 2026 1317 quia

434 1338 719 1408 Ephraim,
764 1338 907 1406 quod
947 1337 1322 1406 fecunditatem
1368 1348 1546 1403 sonat,
1592 1339 1895 1394 Ecclesium
1938 1354 2028 1394 ex-

433 1428 643 1499 primit,
678 1427 806 1497 quid
833 1435 1228 1497 pergracemum
1259 1428 1540 1498 Ephraim,
1574 1430 1677 1484 nisi
1709 1429 2026 1498 Christum}

434 1520 566 1588 quid
594 1535 691 1588 per
720 1520 1018 1575 vindemias
1043 1521 1296 1585 Abiezer,
1333 1522 1432 1576 nisi
1463 1521 1809 1576 Judaicorum
1843 1520 2026 1575 multi-

437 1609 677 1664 tudinem
707 1610 1082 1675 sacerdotum;
1117 1611 1232 1665 sive
1268 1612 1431 1665 etiam
1461 1627 1555 1680 per
1580 1626 1877 1676 racemum,
1905 1625 2028 1680 paro

434 1714 536 1755 vus
567 1700 802 1754 lidelium
848 1716 1108 1755 numerus
1150 1702 1440 1771 primitiva:
1482 1701 1758 1765 Ecclesia,
1788 1716 1883 1771 per
1911 1701 2031 1755 vin~

2121 514 2361 570 cantium
2413 513 2548 567 ordo
2586 513 2698 583 jam
2746 504 3081 582 figurabatur
3126 510 3179 564 in
3226 508 3351 573 illis,
3396 507 3463 563 de
3509 508 3709 577 quibus

2122 606 2188 660 ad
2233 605 2451 677 Moysen
2486 604 2747 660 Dominus
2780 604 2893 657 ait:
2932 620 2950 653 ι
2988 600 3267 673 Congrega
3315 600 3447 656 mihi
3487 609 3707 669 septua-

2122 697 2271 768 ginta
2308 697 2456 751 viros
2492 696 2559 751 de
2586 696 2894 752 senioribus
2922 693 3107 759 Israel,
3139 708 3274 765 quos
3304 703 3359 746 tu
3388 693 3529 747 nosti
3564 689 3707 762 quod

2123 803 2285 845 senes
2306 788 2484 858 populi
2518 788 2626 843 sint
2646 797 2702 842 et
2730 786 2994 858 magistri,
3023 794 3079 840 et
3108 786 3270 841 duces
3300 798 3393 839 eos
3414 785 3480 839 ad
3507 784 3707 839 ostium

2127 877 2284 949 173
2316 878 2649 933 tabernaculi
2674 876 2892 932 foederis
2919 874 3109 943 (Num.
3136 875 3234 947 xi).
3255 893 3275 925 ι
3297 873 3433 941 Quid
3460 888 3590 927 vero
3612 888 3710 943 per

2123 972 2459 1037 Abimelech,
2488 973 2577 1041 qui
2609 988 2796 1028 eorum
2831 970 3003 1026 frater
3027 980 3167 1036 erat,
3200 971 3295 1026 sed
3320 970 3568 1039 spurius,
3603 968 3712 1027 nisi

2124 1062 2387 1119 luxuriosi
2413 1073 2576 1133 atque
2601 1063 2850 1119 carnales
2879 1061 3207 1133 intelligendi
3239 1071 3367 1117 sunt
3388 1062 3593 1126 clerici,
3616 1061 3712 1131 qui

2125 1154 2520 1210 catholicorum
2572 1161 2997 1221 sanctorumque
3043 1150 3357 1221 pontificum
3406 1160 3462 1207 et
3511 1151 3712 1207 fratres

2126 1243 2343 1317 quidem
2376 1254 2501 1300 sunt
2532 1260 2627 1316 per
2665 1254 2946 1316 acceptum
2976 1244 3401 1300 ecclesiasticum
3436 1245 3711 1311 ordinem,

2127 1346 2183 1393 et
2204 1348 2381 1392 tamen
2408 1337 2576 1405 spurii
2590 1336 2904 1404 judicantur
2922 1350 3019 1405 per
3038 1333 3323 1405 degeneris
3344 1335 3466 1389 vitae
3488 1344 3542 1389 et
3564 1335 3716 1405 igno-

2126 1429 2313 1484 biliutn
2337 1444 2561 1498 operum
2587 1429 2947 1499 pravitatem?
2976 1426 3038 1482 Hi
3063 1428 3263 1484 fratres
3285 1444 3411 1484 suos
3438 1430 3714 1497 occidunt,

2130 1535 2252 1575 cum
2287 1531 2604 1576 sanctorum
2636 1518 2858 1575 Patrum
2882 1516 3086 1589 judicia
3113 1520 3415 1581 destruunt,
3445 1536 3567 1574 cum
3592 1536 3718 1575 san-

2130 1611 2338 1666 ctiones
2379 1625 2565 1666 eorum
2602 1619 2766 1680 atque
2792 1610 3006 1665 decrela
3037 1624 3293 1680 perverse
3326 1609 3555 1664 vivendo
3588 1624 3719 1666 eon-

2132 1700 2380 1759 fundunt.
2409 1704 2471 1757 Et
2505 1702 2621 1758 ha’c
2652 1702 2960 1758 interfectio
2988 1702 3048 1757 fit
3074 1717 3235 1771 super
3261 1702 3491 1772 lapidem
3525 1716 3718 1755 unum.

436 1790 673 1844 demiam
715 1806 843 1846 vero
872 1792 1158 1847 multitudo
1188 1792 1529 1861 intelligenda
1569 1802 1654 1846 est
1689 1791 2028 1862 Synagogm?
2059 1795 2103 1853 B
2133 1794 2292 1864 Lapis
2319 1796 2422 1849 iste
2450 1792 2747 1849 Salvatoris
2773 1802 2856 1849 est
2878 1794 3147 1857 Ecclesia,
3171 1793 3238 1847 de
3262 1808 3365 1862 qua
3391 1808 3489 1863 per
3511 1792 3723 1846 Zacha-
3808 1868 3813 1869 γ

436 1879 626 1934 Melior
645 1890 729 1935 est
758 1898 885 1951 ergo
910 1898 1159 1937 racemus
1182 1884 1437 1951 Ephraim
1458 1882 1739 1937 vindemiis
1760 1883 2024 1950 Abiezer;

438 1969 565 2034 quia
596 1970 807 2024 beatior
852 1972 954 2025 fuit
982 1973 1257 2041 pritnitiva
1300 1973 1561 2038 Ecclesia,
1608 1988 1727 2042 quae
1754 1988 1924 2041 usque
1973 1973 2029 2027 in

437 2058 600 2114 finem
632 2062 813 2115 saeculi
851 2064 1246 2117 renascentium
1276 2063 1459 2118 sobole
1484 2064 1836 2129 fecundatur;
1868 2062 2033 2132 quam

439 2152 904 2225 Synagoga,gqtta:
948 2156 1207 2225 paulatim
1254 2157 1491 2225 quotidie
1522 2156 1795 2212 defectura
1836 2156 2031 2213 minui-

437 2254 548 2298 tur.
598 2244 752 2300 Unde
781 2254 838 2299 et
873 2261 971 2316 per
1005 2247 1196 2302 Isaiam
1227 2247 1462 2302 dicitur:
1492 2265 1511 2299 ι
1552 2246 1760 2312 Lauda,
1804 2246 2027 2312 sterilia,

439 2350 563 2404 qua:
588 2352 693 2391 non
723 2338 905 2407 paris;
940 2338 1165 2393 decanta
1194 2340 1407 2394 laudem
1426 2350 1481 2395 et
1504 2341 1755 2412 hymnos,
1781 2356 1899 2410 qua:
1922 2356 2030 2397 non

436 2424 709 2495 pariebas,
740 2426 997 2494 quoniam
1049 2428 1201 2483 multi
1238 2429 1333 2483 filii
1375 2430 1605 2485 deserta:
1651 2432 1827 2501 magis
1867 2447 2029 2502 quam

438 2514 555 2584 ejus
584 2532 704 2585 qua:
734 2518 899 2573 habet
940 2518 1147 2585 virum;
1185 2519 1349 2574 dilata
1398 2520 1576 2576 locum
1606 2522 1821 2578 tentorii
1866 2522 1944 2577 tui
1979 2529 2035 2577 et

436 2605 607 2676 pelles
651 2608 1124 2663 tabernaculorum
1159 2618 1373 2665 tuorum
1402 2612 1665 2682 extende;
1700 2624 1771 2665 ne
1813 2626 2029 2680 parcas,

438 2694 630 2766 longos
660 2695 749 2751 fac
789 2697 1058 2753 funiculos
1091 2708 1211 2755 tuos
1240 2709 1297 2755 et
1329 2700 1511 2757 clavos
1548 2710 1669 2758 tuos
1709 2702 2027 2769 consolida;

435 2784 507 2837 ad
550 2784 831 2841 dexteram
863 2788 1008 2841 enim
1039 2797 1096 2843 et
1128 2790 1195 2844 ad
1239 2790 1426 2845 ltevntn
1461 2792 1791 2861 penetrabis,
1838 2802 1894 2847 et
1939 2807 2030 2848 se-

441 2888 565 2927 men
592 2882 737 2929 tuum
780 2885 969 2947 gentes
996 2878 1338 2935 bzereditabit
1363 2880 1500 2951 (lsa.
1522 2882 1653 2954 Liv).
1687 2901 1706 2935 ι
1732 2880 1858 2939 Haec
1877 2897 2032 2950 sane,

439 2964 594 3034 cujus
638 2981 823 3020 semen
873 2975 1063 3038 gentes
1112 2968 1417 3034 haereditat.
1471 2972 1711 3027 Ecclesia
1760 2983 1861 3036 est.
1914 2988 2034 3043 quae

441 3054 683 3124 quotidie
713 3070 883 3124 genus
913 3057 1206 3114 humanum
1235 3075 1333 3129 per
1353 3076 1480 3117 suos
1504 3056 1641 3118 ﬁlios
1673 3064 1740 3118 ad
1770 3064 1893 3119 fidei
1916 3064 2035 3119 uni.

2135 1887 2270 1939 riam
2318 1886 2558 1940 dicitur:
2596 1904 2615 1939 ί
2652 1884 2791 1941 Ecce
2831 1899 2932 1955 ego
2977 1884 3240 1939 adducam
3288 1899 3506 1939 servum
3538 1898 3719 1937 meum

2131 1975 2409 2032 Orientem
2429 2017 2445 2043 ,
2476 1971 2601 2044 quia
2634 1990 2761 2032 ecce
2788 1974 2955 2046 lapis,
2987 1990 3149 2046 quem
3181 1974 3303 2029 dedi
3340 1989 3521 2028 coram
3550 1969 3719 2039 Jesu;

2132 2080 2298 2137 super
2322 2066 2555 2137 lapidem
2588 2082 2755 2121 unum
2777 2074 2984 2137 septem
3014 2064 3154 2121 oculi
3180 2074 3306 2121 sunt
3338 2059 3518 2135 (Zach.
3559 2063 3662 2132 tu).
3694 2081 3717 2115 ι

2132 2157 2294 2229 Lapis
2330 2159 2431 2214 iste
2458 2159 2745 2229 utrobique
2770 2174 2909 2213 unus
2935 2156 3213 2228 aptissime
3242 2156 3442 2210 dicitur
3460 2196 3477 2221 ,
3505 2162 3567 2209 ut
3593 2153 3721 2209 uni-

2136 2256 2218 2304 tas
2254 2249 2511 2304 Ecclesia:
2556 2248 3000 2316 commendetur;
3044 2247 3112 2303 de
3159 2261 3262 2316 qua
3292 2261 3521 2317 Sponsus
3554 2244 3631 2299 ait
3663 2244 3721 2299 in

2132 2338 2373 2395 Canticis
2403 2357 2416 2394 :
2450 2357 2468 2391 ι
2506 2336 2624 2394 Una
2652 2347 2735 2395 est
2763 2334 3014 2394 columba
3041 2351 3181 2401 mea,
3207 2350 3313 2391 una
3335 2340 3419 2389 est
3440 2334 3724 2405 genitricis

2133 2446 2245 2489 sum
2272 2428 2449 2501 (Cant.
2476 2428 2575 2499 vr).
2617 2448 2636 2481 ι
2669 2424 2807 2496 Quid
2839 2436 2969 2483 sunt
2995 2436 3174 2481 autem
3202 2433 3409 2495 septem
3439 2423 3580 2479 oculi
3625 2440 3721 2477 su-

2133 2536 2231 2593 per
2250 2518 2484 2590 lapidem
2507 2534 2692 2584 unum,
2720 2515 2871 2574 salvo
2901 2527 3103 2583 tamen,
3127 2512 3172 2571 si
3193 2524 3299 2579 est,
3325 2512 3506 2568 altiori
3526 2520 3724 2584 myste-

2136 2613 2239 2676 rio.
2257 2612 2364 2670 nisi
2393 2610 2467 2666 illi
2495 2611 2835 2681 septuaginta
2863 2609 2988 2675 viri,
3012 2608 3115 2663 hoc
3136 2614 3241 2671 est,
3269 2606 3522 2660 doctores
3546 2600 3721 2658 sancti

2136 2702 2193 2757 in
2221 2700 2610 2757 ecclesiastica:
2639 2700 2787 2770 pacis
2817 2697 3024 2754 unitate
3063 2696 3334 2768 conjuncti
3375 2705 3429 2751 et
3464 2694 3722 2764 septifor-

2137 2794 2242 2849 mis
2270 2792 2448 2849 sancti
2472 2789 2712 2863 Spiritus
2731 2788 3152 2846 charismatibus
3179 2787 3431 2843 illustrati
3452 2787 3477 2841 ἲ
3497 2783 3602 2841 Per
3624 2787 3725 2841 hos

2135 2884 2280 2939 enim
2322 2880 2510 2938 oculos
2544 2890 2733 2937 sancta
2783 2876 3033 2935 videlicet
3063 2874 3304 2934 Ecclesia
3341 2889 3439 2949 per
3468 2879 3567 2933 hos
3598 2891 3727 2930 con-

2136 2973 2301 3044 spicit
2319 2972 2410 3029 ubi
2434 2969 2567 3029 recti
2590 2970 2773 3044 operis
2795 2970 2985 3041 pedem
3014 2979 3179 3040 ponat
3202 2984 3265 3025 ac
3284 2984 3382 3040 per
3402 2968 3543 3023 viam
3572 2981 3725 3022 man-

2140 3063 2390 3119 datorum
2419 3062 2516 3119 Dei
2556 3060 2812 3133 gradiens
2850 3074 3097 3116 normam
3131 3056 3471 3114 rectitudinis
3505 3072 3609 3112 non
3643 3052 3726 3111 of-

443 3156 607 3204 tatem
636 3149 956 3206 vocat.Iizec
980 3160 1085 3216 est.
1108 3153 1175 3207 de
1196 3169 1301 3224 qua
1323 3155 1520 3210 dicitur
1542 3157 1595 3211 in
1617 3156 1869 3225 psalmis:
1891 3176 1909 3210 ι
1931 3157 2036 3212 Pro
2064 3155 2108 3219 C
2140 3152 2343 3209 fendat.
2376 3152 2692 3209 Abimelech
2721 3167 2851 3223 ergo
2880 3163 3104 3206 manzer
3149 3159 3204 3206 et
3247 3150 3461 3221 Spurius
3508 3158 3730 3218 septua-

441 3256 528 3306 ea,
556 3256 676 3311 quae
702 3243 1053 3312 consequitur
1088 3246 1455 3303 bzereditatem
1488 3248 1577 3319 (In
1607 3250 1689 3303 tit.
1732 3244 1883 3305 Psal.
1916 3250 1971 3322 v)
2008 3268 2033 3304 ο

443 3330 571 3387 Haec
609 3341 693 3388 est
731 3334 888 3387 vinea
919 3350 1039 3404 quae
1090 3334 1304 3391 laudem
1344 3337 1642 3396 decantare
1687 3341 2034 3412 praecipitur;

444 3422 584 3477 sicut
627 3432 684 3477 et
721 3425 861 3494 apud
899 3425 1155 3481 eumdem
1188 3428 1507 3497 prophetam
1553 3429 1683 3485 alibi
1729 3432 2037 3501 reperitur:

447 3532 466 3565 ι
502 3512 561 3567 In
587 3512 677 3568 illa
708 3514 795 3569 die
822 3515 979 3571 vinea
1021 3518 1159 3573 meri
1206 3520 1448 3574 cantabit
1491 3520 1579 3575 ei:
1617 3520 1730 3592 Ego
1758 3522 2037 3591 Dominus,

445 3604 535 3673 qui
570 3619 729 3660 servo
760 3620 879 3660 eam
912 3605 1048 3677 (lsa.
1084 3609 1281 3679 xxvtt).
1325 3628 1344 3662 ι
1381 3609 1458 3664 De
1505 3611 1608 3666 hac
1658 3613 1815 3668 vinea
1847 3614 2039 3669 beatus

446 3711 662 3764 quoque
691 3695 980 3753 Matthaaus
1029 3698 1315 3753 Dominum
1359 3701 1563 3757 dixisse
1607 3714 2037 3760 commemorat:

448 3786 586 3853 Quia
642 3806 661 3839 ‹
711 3788 875 3843 homo
909 3799 1031 3844 erat
1072 3790 1465 3859 paterfamilias
1513 3792 1607 3863 qui
1645 3793 1912 3864 plantavit
1955 3797 2039 3851 vi-

446 3891 634 3944 neam,
666 3885 723 3932 et
748 3893 938 3949 sepem
967 3880 1329 3937 circumdedit
1366 3884 1438 3948 ei,
1485 3892 1540 3938 et
1570 3884 1704 3939 fodit
1733 3884 1790 3940 in
1822 3902 1884 3942 ea
1932 3897 2041 3943 tor-

445 3968 615 4034 cular.
640 3978 695 4025 et
715 3972 1004 4028 :ndificavit
1034 3975 1247 4041 turrim,
1272 3984 1327 4030 ct
1351 3975 1547 4031 locavit
1569 3990 1689 4031 eam
1713 3978 1963 4049 agricolis
1987 3989 2044 4036 et

440 4072 672 4130 peregre
700 4060 974 4130 profectus
999 4071 1084 4118 est
1110 4063 1325 4133 (Matth.
1368 4066 1504 4137 ut).
1552 4085 1570 4119 ι
1618 4066 1745 4123 Hzec
1773 4068 1931 4123 vinea
1972 4085 2041 4124 ex

448 4146 540 4201 illo
569 4149 769 4219 prodiit
792 4149 966 4213 botro.
1002 4151 1093 4221 qui
1122 4154 1347 4222 pedibus
1383 4148 1692 4210 Judreorum
1720 4166 1884 4228 atque
1909 4173 2041 4228 gen-

450 4237 622 4293 tllium
656 4240 706 4293 in
735 4239 914 4298 crucis
950 4243 1189 4298 calcatus
1220 4253 1303 4299 est
1346 4246 1533 4315 praelo,
1568 4262 1635 4302 cx
1669 4262 1778 4318 quo
1811 4248 2040 4318 pretiosi

447 4331 728 4399 sanguinis
750 4333 893 4386 unda
916 4334 1195 4403 proﬂuxit,
1218 4352 1339 4406 quae
1361 4348 1572 4394 mentes
1598 4340 1877 4395 hominum
1902 4342 2043 4398 male

448 4423 660 4477 sobrias
688 4425 814 4478 vino
842 4427 1142 4495 spiritualis
1182 4431 1373 4500 gratia:
1417 4433 1712 4488 salubriter
1751 4436 2036 4492 debriavit.

452 4514 528 4567 Dc
559 4530 665 4583 quo
695 4516 904 4570 scilicet
931 4518 1057 4573 vino
1088 4504 1209 4573 cum
1241 4517 1470 4577 diversis
1500 4524 1697 4595 linguis
1727 4541 1823 4596 per
1864 4522 2039 4598 Spiri-
2068 4503 2121 4567 D

450 4612 566 4661 tum
620 4616 867 4664 sanctum
914 4610 1270 4680 loquerentur
1332 4615 1602 4685 apostoli,
1662 4618 1866 4675 dictum
1912 4630 2037 4679 est:

455 4715 475 4748 ι
510 4695 687 4754 Musto
713 4699 858 4769 pleni
885 4710 1013 4757 sunt
1040 4703 1128 4759 isti
1158 4705 1296 4775 (Act.
1330 4708 1413 4776 tt).
1441 4727 1460 4760 ι

1062 4812 1292 4871 CAPUT
1334 4814 1421 4871 Vl.

496 4900 565 4958 In
592 4900 817 4973 cpistola
840 4903 910 4957 ad
929 4886 1153 4979 .Pemm‘t
1185 4907 1690 4979 archipresbyterum
1718 4909 1783 4966 de
1805 4910 1986 4968 incon-

966 4975 1183 5029 tinentia
1208 4975 1539 5034 clericorum.

528 5084 547 5119 ι
578 5064 890 5122 Abimelech
907 5065 1046 5120 ﬁlius
1058 5064 1332 5147 Jeroboal,
1362 5088 1378 5119 ι
1410 5085 1569 5139 quem
1593 5070 1870 5142 Scriptura
1891 5074 2043 5145 geni-

465 5163 579 5209 tum
599 5155 766 5211 refert
786 5155 852 5212 de
867 5157 1171 5212 concubina
1192 5157 1519 5231 (Judicmu)
1540 5180 1697 5232 quam
1720 5165 1984 5225 habuerat
2000 5171 2052 5226 in

462 5233 706 5315 Sicbem,
732 5266 751 5301 ς
783 5247 979 5303 occidit
1002 5247 1198 5304 fratres
1220 5266 1349 5306 suos
1371 5252 1512 5310 filios
1528 5254 1804 5325 Jeroboal,
1828 5270 2053 5329 septua-

454 5339 608 5411 ginta
631 5342 780 5396 viros
803 5355 968 5412 super
990 5344 1222 5412 lapidem
1254 5360 1418 5399 unum
1456 5345 1658 5415 (Judic.
1688 5352 1787 5421 Ix).
1845 5374 1864 5407 ι
1899 5357 2047 5423 Quid

454 5434 601 5487 enim
627 5450 723 5502 per
738 5434 1078 5504 septuaginta
1104 5436 1271 5501 viros,
1292 5438 1395 5493 nisi
1420 5441 1836 5510 praedicatorum
1859 5445 2046 5507 Eccle-

455 5523 550 5578 sia:
577 5523 709 5579 libra
739 5527 1011 5596 signatur.
1036 5528 1101 5583 de
1126 5530 1322 5598 quibus
1347 5535 1425 5587 ait
1470 5532 1644 5592 Lutum
1666 5540 1998 5609 evangelista
2023 5560 2040 5600 :

456 5612 588 5677 auia
613 5630 633 5664 ι
659 5615 960 5685 designavit
981 5616 1245 5676 Dominus
1264 5627 1631 5693 septuaginta,
1654 5639 1708 5685 et
1733 5630 1880 5687 misit
1911 5632 2038 5693 illas

447 5705 608 5764 binos
627 5717 754 5764 ante
769 5708 964 5767 faciem
996 5725 1149 5769 suam
1168 5712 1224 5773 in
1241 5729 1460 5775 omnem
1479 5716 1756 5781 civitatem
1781 5736 1835 5783 st
1851 5724 2034 5785 locum

2138 3246 2290 3316 ginta
2321 3245 2594 3318 legitimos
2622 3246 2821 3300 fratres
2852 3259 3014 3315 super
3035 3258 3200 3311 unum
3230 3240 3459 3313 lapidem
3484 3241 3725 3311 perimit,

2141 3338 2359 3406 quando
2402 3354 2530 3411 pars
2568 3334 2889 3394 clericorum
2934 3338 3002 3392 ab
3049 3331 3431 3391 ecclesiastica:
3459 3334 3729 3389 castitatis

2141 3430 2427 3487 nobilitate
2471 3427 2830 3501 degenerans,
2875 3426 3121 3484 obscena:
3151 3440 3210 3483 se
3247 3427 3475 3482 luxurias
3518 3426 3728 3496 legibus

2142 3518 2381 3591 subiicit,
2406 3528 2461 3574 et
2482 3520 2609 3573 dum
2640 3532 2830 3574 sacros
2853 3532 3089 3573 canones
3115 3512 3727 3586 reprobandosjudicat,

2142 3625 2331 3667 eorum
2356 3611 2689 3675 conditores,
2717 3616 2936 3664 sanctos
2964 3606 3217 3662 videlicet
3246 3607 3391 3661 viros
3416 3618 3477 3659 ac
3504 3620 3598 3676 per
3626 3604 3730 3660 hoc

2138 3700 2351 3756 nobiles
2375 3694 2670 3763 Gedeonis,
2695 3695 2748 3754 id
2769 3708 2874 3764 est,
2900 3696 3198 3754 Salvatoris
3227 3706 3283 3753 et
3309 3696 3565 3753 Ecclesia:
3588 3696 3733 3753 filios

2142 3790 2311 3864 impia
2340 3791 2743 3864 quodammodo
2771 3788 3093 3847 crudelitate
3122 3790 3378 3846 trucidat.
3407 3789 3732 3859 Quanquam

2140 3898 2251 3938 non
2298 3878 2612 3954 ignoremus
2649 3896 2757 3937 non
2802 3878 3037 3937 absurde
3088 3879 3385 3953 signiﬁcari
3429 3890 3589 3951 posse
3635 3894 3736 3949 per

2139 3970 2391 4031 Jeroboal
2422 3974 2728 4040 Christum;
2761 3989 2857 4045 per
2888 3969 3206 4029 Abimelech
3235 4013 3249 4038 ,
3285 3969 3687 4027 Antichristum
3712 3987 3731 4024 :

2142 4066 2237 4137 qui
2274 4064 2532 4121 nimirum
2563 4062 2707 4120 sicut
2732 4061 2823 4120 ille
2850 4062 3188 4130 concubinae,
3218 4060 3299 4119 sic
3319 4068 3375 4118 et
3406 4060 3506 4118 lste
3535 4068 3617 4116 est
3644 4076 3736 4116 re-

2132 4154 2294 4226 jecta:
2326 4155 2467 4212 filius
2492 4150 2824 4227 Synagogae;
2857 4170 2954 4225 per
2978 4153 3320 4225 septuaginta
3352 4166 3481 4209 vero
3509 4152 3735 4217 fratres,

2143 4262 2280 4315 quos
2308 4242 2624 4301 Abimelech
2653 4240 2921 4300 occidisse
2954 4254 3231 4310 narratur,
3254 4243 3595 4316 septuaginta
3623 4242 3736 4297 lin-

2144 4354 2370 4410 gnarum
2400 4346 2612 4408 gentes,
2637 4352 2775 4407 quas
2800 4336 3169 4393 Antichristus
3193 4334 3247 4391 in
3267 4334 3452 4392 satculi
3480 4335 3584 4389 line
3605 4350 3741 4406 per-

2144 4439 2424 4501 sequetur.

2753 4520 2982 4579 CAPUT
3025 4519 3129 4576 VII.

2148 4632 2215 4689 In
2242 4633 2459 4704 epistola
2491 4634 2563 4688 ad
2598 4632 2937 4716 Bonifacium
2988 4610 3287 4716 episcopum
3331 4632 3397 4689 de
3444 4631 3745 4689 curialibus

2722 4728 2733 4735 -
2802 4722 3076 4775 episcopis.

2222 4815 2241 4849 ι
2279 4795 2445 4852 Stetit
2488 4790 2723 4851 Joatban
2771 4795 2825 4853 in
2858 4794 3065 4852 vertice
3099 4795 3299 4852 montis
3329 4792 3591 4859 Garizim,
3622 4796 3751 4852 ele-

2144 4899 2379 4961 vataque
2408 4906 2542 4947 voce
2567 4886 2823 4946 clamavit
2849 4907 2862 4944 :
2893 4890 3091 4945 Audite
3120 4900 3229 4956 me,
3259 4889 3359 4944 viri
3394 4886 3635 4952 Sicbem,
3667 4888 3749 4944 ita

2146 4980 2331 5034 audiat
2369 4996 2465 5036 vos
2498 4980 2641 5035 Deus
2672 4994 2686 5034 :
2734 4974 2919 5035 lenmt
2969 4976 3135 5051 ligna,
3166 4991 3225 5034 ut
3270 4988 3536 5051 ungerent
3571 4994 3751 5049 super

2146 5089 2207 5129 se
2240 5088 2423 5143 regem
2443 5113 2458 5138 ,
2510 5073 2874 5143 dixeruntque
2920 5072 3075 5127 olivae
3106 5091 3118 5126 :
3148 5067 3355 5142 Impera
3400 5068 3577 5126 nobis.
3607 5069 3752 5137 Quae

2150 5165 2470 5236 respondit:
2501 5165 2755 5235 Nunquid
2784 5181 3005 5237 possum
3050 5167 3304 5222 deserere
3349 5161 3752 5237 pinguedinem

2150 5270 2351 5319 meam,
2383 5271 2490 5326 qua
2519 5265 2577 5310 et
2600 5256 2673 5310 dii
2700 5266 2927 5311 utuntur
2956 5266 3014 5311 et
3044 5258 3309 5322 homines,
3345 5266 3399 5312 et
3430 5253 3644 5323 venire,
3685 5267 3752 5313 ut

2148 5345 2294 5400 inter
2317 5344 2457 5415 ligna
2490 5347 2857 5415 promovear?
2891 5347 3260 5418 Dixeruntque
3297 5348 3441 5420 ligna
3476 5348 3545 5403 ad
3573 5349 3753 5405 arbo-

2149 5457 2263 5497 rem
2312 5441 2474 5497 ficum
2522 5456 2539 5495 :
2582 5442 2718 5499 Veni
2774 5448 2830 5500 et
2880 5459 3046 5513 super
3098 5458 3199 5497 nos
3240 5457 3465 5512 regnum
3528 5439 3752 5511 accipe.

2148 5532 2277 5599 Qua:
2307 5534 2588 5605 respondit
2640 5534 2722 5589 eis
2771 5551 2785 5588 :
2838 5532 3091 5604 Nunquid
3125 5548 3343 5603 possum
3396 5528 3753 5587 dulcedinem

2146 5640 2325 5679 meam
2357 5625 2614 5680 deserere
2654 5623 2971 5695 fructusque
2995 5622 3375 5688 ’suavissimos,
3418 5630 3474 5676 et
3514 5618 3637 5687 ire,
3692 5628 3757 5676 ut

2151 5715 2290 5773 inter
2314 5727 2513 5773 caetera
2559 5716 2702 5789 ligna
2735 5715 3095 5790 promovcar?
3122 5712 3327 5773 Locuta
3368 5724 3495 5771 sunt
3524 5727 3760 5786 quoque
