4058 6178
421 271 562 328 1085

1662 281 1730 338 IN
1774 281 2032 340 LIBRUM
2071 280 2393 344 JUDICUM.
2429 337 2435 343 .

3567 297 3705 354 1086

416 386 657 482 liguaet
778 387 942 444 vilem
972 403 987 444 :
1017 387 1155 447 Veni
1190 398 1246 446 et
1273 389 1480 462 impera
1529 395 1709 450 nobis.
1751 396 1882 464 Qum
1923 413 2007 452 re-
2035 402 2085 459 Α
2110 399 2664 458 conciliantbomines
2681 401 2966 461 Creatori?
2991 426 3008 458 ι
3029 405 3225 474 Quam,
3245 407 3443 478 inquit,
3473 414 3706 482 speciosi

419 476 635 545 spondit
660 489 676 530 :
701 474 838 532 Num
873 491 1093 549 possum
1123 483 1377 539 deserere
1407 484 1591 540 vinum
1621 501 1800 542 meum
1821 530 1836 553 ,
1867 489 2010 558 quod

421 566 662 622 laetiﬁcat
699 569 866 625 Deum
910 579 969 631 ,ει
1013 572 1302 638 homines,
1336 585 1393 631 et
1437 575 1580 632 inter
1624 588 1816 634 caetera
1866 578 2010 651 ligna

419 660 763 727 promoveri?
786 680 804 712 ι
834 661 1036 718 Deinde
1055 663 1338 735 Scriptura
1357 665 1662 739 subiungit:
1685 688 1704 720 ι
1728 667 2012 725 Dixerunt-

418 762 526 816 que
551 749 734 803 omnia
766 751 909 822 ligna
930 753 998 808 ad
1021 752 1304 808 rhamnum
1333 768 1348 809 :
1378 755 1539 829 174
1559 756 1692 811 Veni
1719 767 1774 813 et
1804 757 2012 828 impera-

417 841 595 896 nobis.
641 841 745 909 Qui
789 845 1068 913 respondit
1088 846 1176 902 eis
1207 864 1220 900 :
1255 846 1315 901 Si
1347 861 1476 902 vere
1519 863 1700 918 regem
1733 863 1820 904 me
1853 849 2013 906 vobis

416 931 777 997 constituitis,
825 935 1007 989 venite
1049 945 1105 989 et
1143 935 1248 990 sub
1275 938 1470 994 umbra
1518 954 1637 993 mea
1681 940 2014 1009 requiescite

416 1019 570 1089 (Jud.
599 1021 696 1093 ix).
735 1040 754 1072 ι
789 1021 1035 1094 Longum
1069 1033 1186 1092 est,
1233 1024 1277 1081 si
1317 1026 1565 1083 dicamus
1591 1028 1898 1084 Gedeonem
1933 1037 2014 1101 ty-

413 1123 540 1179 pum
587 1120 771 1167 tenere
814 1111 1148 1180 Salvatoris;
1197 1130 1296 1186 per
1337 1117 1604 1187 plurimas
1631 1119 1750 1188 ejus
1790 1135 2008 1186 uxores,

413 1198 661 1254 diversas
687 1201 888 1258 debere
913 1204 1166 1260 nationes
1191 1206 1441 1279 intelligi,
1466 1222 1588 1279 quae
1607 1210 1710 1264 sibi
1737 1211 2014 1266 cohzcsere

411 1303 511 1357 per
539 1288 730 1357 ﬁdem;
766 1308 862 1364 per
892 1298 1235 1367 septuaginta
1263 1297 1426 1364 ﬁlios,
1455 1298 1678 1372 totidem
1704 1302 2011 1373 linguarum

410 1381 656 1451 populos;
691 1397 788 1454 per
815 1385 1178 1442 concubinam
1201 1429 1216 1454 ,
1258 1389 1634 1464 Synagogam;
1666 1407 1766 1464 per
1793 1396 2015 1450 Abime—

411 1470 531 1524 lecti
559 1510 574 1535 ,
621 1471 1042 1543 Antichristum,
1071 1480 1162 1548 qui
1193 1479 1499 1553 Synagogac
1525 1483 1667 1539 ﬁlius
1695 1486 1821 1541 erit.
1857 1483 2015 1544 Unde

409 1567 468 1614 et
496 1561 547 1614 in
577 1562 902 1637 Apocalypsi
932 1566 1018 1622 his
1040 1570 1130 1639 qui
1157 1572 1417 1627 credituri
1445 1584 1569 1630 sunt
1590 1576 1830 1631 dicitur:
1859 1591 1878 1628 ι
1908 1579 2008 1646 Qui

408 1650 600 1706 dicunt
628 1669 690 1709 se
715 1654 933 1714 Judznos
962 1673 1089 1715 esse
1127 1671 1184 1716 et
1227 1677 1334 1716 non
1369 1673 1530 1732 sunt,
1567 1666 1660 1720 sed
1693 1676 1821 1722 sunt
1849 1684 2011 1739 syna-

2115 491 2278 562 pedes
2291 493 2774 563 evangelizantium
2789 510 2973 566 pacem
2990 495 3168 568 (Rom.
3195 503 3271 569 χ).
3295 519 3312 552 ι
3339 498 3500 555 Ficus
3525 512 3704 556 autem

2113 593 2284 637 sacra:
2317 581 2450 654 legis
2488 584 2778 655 imaginem
2813 595 2980 640 tenet.
3025 585 3178 643 Unde
3208 598 3263 642 et
3311 588 3362 644 in
3414 590 3708 664 Evangelia

2113 671 2314 727 dicitur
2331 674 2453 743 quia
2485 693 2503 726 ι
2537 675 2756 746 quidam
2774 677 3167 745 paterfamilias
3185 679 3705 749 plantavitvineam,

2114 765 2169 820 in
2215 782 2319 836 qua
2369 767 2582 822 scilicet
2619 768 2889 838 plantavit
2915 780 2967 825 et
3001 767 3158 826 licunt
3191 770 3403 842 (Manli.
3440 775 3574 844 xxx).
3609 774 3706 829 Vi-

2113 868 2215 912 nea
2236 857 2436 926 quippe
2462 858 2672 913 Domini
2699 857 2942 914 Sabaoth
2982 862 3174 916 domus
3222 872 3306 917 est
3350 861 3520 917 Israel
3565 858 3704 935 (Ira.

2113 945 2204 1016 v);
2247 966 2268 999 ›
2298 947 2350 1001 ἱιι
2382 962 2484 1016 qua
2518 947 2779 1002 ’nimirum
2805 949 3068 1018 plantavit
3107 952 3284 1007 divina
3315 969 3508 1008 manus
3537 955 3708 1008 Deca-

2113 1036 2293 1108 logum
2323 1035 2476 1106 legis.
2519 1038 2624 1094 Sed
2667 1039 2782 1096 ιιωο
2812 1041 2946 1096 ﬁcus
2986 1043 3223 1112 priorem
3266 1041 3520 1113 populum
3549 1047 3706 1114 quasi

2118 1125 2276 1199 175
2301 1143 2519 1199 gressus
2548 1143 2693 1197 suos,
2737 1132 2922 1188 aridos
2948 1133 3150 1188 scilicet
3184 1141 3240 1188 et
3266 1133 3486 1188 inutiles
3512 1144 3706 1204 protu-

2114 1219 2176 1275 lit
2222 1230 2276 1276 et
2319 1220 2549 1293 ‘abjecil;
2582 1236 2778 1278 novum
2808 1240 2938 1280 vero
2976 1223 3299 1281 Christiana:
3329 1225 3446 1282 ﬁdei
3484 1242 3706 1298 germen

2114 1315 2182 1368 ad
2213 1315 2576 1370 maturitatem
2617 1316 2842 1372 internae
2890 1318 3228 1388 pinguedinis
3275 1320 3706 1389 suavitatemque

2116 1405 2386 1477 perduxit.
2419 1403 2495 1460 De
2521 1408 2718 1478 quibus
2746 1405 3012 1464 Jeremias
3038 1407 3114 1463 ait
3145 1424 3160 1463 :
3199 1428 3217 1460 ι
3253 1407 3422 1465 Video
3447 1411 3580 1465 ﬁcus
3609 1411 3704 1466 bo-

2114 1513 2231 1564 nas,
2263 1497 2435 1554 bonas
2465 1499 2650 1567 valde;
2703 1511 2757 1555 et
2794 1500 2985 1567 malas,
3018 1502 3190 1557 malas
3232 1501 3420 1570 valde,
3464 1519 3583 1573 qum
3609 1520 3703 1558 co-

2114 1591 2255 1648 medi
2284 1609 2388 1648 non
2422 1602 2675 1664 possunt,
2713 1610 2777 1649 eo
2803 1595 2945 1665 quod
2975 1595 3084 1649 sint
3115 1591 3269 1649 malae
3300 1592 3436 1665 (Jer.
3469 1597 3639 1666 xxxv).
3681 1616 3700 1648 ι

2114 1678 2220 1736 Per
2247 1683 2380 1738 ﬁcus
2406 1698 2536 1754 ergo
2560 1683 2633 1738 illi
2665 1693 2890 1754 possunt
2919 1700 3028 1738 non
3066 1683 3512 1740 inconvenienter
3543 1683 3702 1740 intel-

407 1755 542 1844 goga
562 1745 781 1844 Satana:
801 1749 984 1819 (Apoc.
1011 1750 1095 1822 it).
1129 1769 1148 1804 ι
1177 1753 1239 1808 Ει
1263 1754 1406 1811 sicut
1429 1755 1518 1811 ille
1539 1759 1771 1827 peremit
1790 1769 2004 1829 septua-

2110 1769 2200 1842 ligi
2245 1771 2336 1841 qui
2384 1745 2553 1826 sac'ra:
2583 1745 2744 1844 Legis
2774 1773 3081 1829 eruditione
3110 1782 3235 1829 sunt
3264 1771 3594 1829 sullicienter
3618 1775 3703 1828 in-

406 1833 558 1900 ginta
581 1835 812 1905 fratres,
841 1841 921 1895 sic
954 1843 1057 1898 iste
1085 1856 1476 1913 persecuturus
1502 1857 1587 1904 est
1628 1864 1849 1917 omnes,
1883 1866 2004 1922 qua:

407 1925 511 1980 sibi
545 1943 649 1982 non
677 1934 1040 1998 consentient,
1068 1937 1336 1994 nationes.
1369 1939 1486 2006 llis,
1515 1942 1763 2011 inquam,
1789 1945 2005 2002 omissis

406 2028 525 2083 qua:
549 2017 808 2088 longioris
836 2023 961 2093 styli
993 2024 1248 2080 videntur
1272 2042 1434 2097 egere
1464 2039 1722 2098 tractatu,
1753 2031 1804 2088 in
1831 2049 2004 2103 quan-

407 2113 520 2159 tum
572 2110 779 2176 patitur
825 2112 1118 2180 epistolare
1171 2119 1552 2186 compendium
1603 2123 1683 2176 ita
1738 2125 2003 2180 duntaxat

406 2210 598 2270 ereptae
627 2203 978 2272 disputationi
1007 2220 1311 2278 congruere
1345 2211 1628 2277 videatur,
1661 2215 1883 2285 prolixae
1914 2215 1999 2270 hi-

409 2293 595 2348 storia:
647 2294 875 2364 figuram
925 2299 1201 2354 succincte
1231 2301 1672 2372 perstringimus.
1703 2303 1844 2370 Quid
1873 2321 2004 2376 ergo

403 2399 504 2456 per
549 2386 823 2456 .Ioathan,
867 2392 962 2459 qui
1011 2391 1408 2463 interpretatur
1439 2407 1856 2462 consummatus,
1887 2399 2004 2456 sive

403 2481 689 2550 perfectus,
722 2482 826 2538 nisi
845 2493 1096 2540 sanctum
1125 2495 1181 2540 et
1214 2485 1436 2543 doctum
1467 2489 1776 2561 quempiam
1809 2491 2003 2563 praedi-

407 2578 650 2625 catorem
677 2571 938 2628 debemus
967 2575 1258 2644 accipere?
1287 2575 1386 2632 llic
1415 2577 1470 2634 in
1499 2588 1738 2635 montem
1763 2579 2002 2638 Garizim

407 2665 656 2718 ascendit
679 2674 736 2720 et
761 2680 896 2721 voce
932 2681 1135 2737 magna
1164 2668 1440 2725 clamavit.
1485 2668 1652 2727 Prius
1675 2672 1923 2729 ascendit
1949 2683 2006 2730 et

407 2756 752 2823 postmodum
781 2755 1059 2811 clamavit.
1090 2759 1230 2814 Ante
1263 2760 1544 2831 consurgit
1585 2761 1639 2816 in
1676 2771 1918 2820 montem
1947 2773 2004 2820 et

407 2846 488 2899 sic
517 2845 697 2900 elevat
731 2860 944 2902 vocem.
995 2847 1131 2915 Quia
1173 2849 1279 2904 nisi
1327 2851 1517 2906 doctor
1557 2851 1816 2907 virtutum
1852 2849 2004 2923 prius

409 2935 621 2990 atlmen
654 2939 944 3003 ascendat,
969 2939 1211 2993 inaniter
1241 2939 1479 3008 clamat;
1511 2942 1652 2998 sicut
1682 2956 1784 3014 per
1803 2944 2000 3000 Isaiam

408 3025 608 3081 dicitur
637 3043 653 3080 :
691 3047 710 3079 ‹
747 3028 922 3097 Super
951 3040 1187 3086 montem
1219 3033 1493 3088 excelsum
1523 3035 1848 3102 ascende,tu
1903 3034 2014 3107 qui

2105 1863 2320 1915 structi.
2350 1859 2492 1917 V’itis
2524 1861 2687 1917 etiam
2719 1861 2950 1932 idipsum
2976 1879 3116 1933 pene
3147 1864 3361 1919 videtur
3394 1862 3706 1933 signiﬁcare

2105 1953 2250 2022 quod
2294 1953 2448 2008 ﬁcus.
2505 1953 2647 2008 Dicit
2677 1954 2822 2008 enim
2871 1953 3135 2009 Dominus
3170 1970 3184 2007 :
3220 1973 3239 2006 ι
3283 1950 3393 2024 Ego
3425 1968 3542 2008 sum
3579 1953 3706 2008 vitis

2103 2057 2255 2107 vera,
2285 2051 2339 2099 et
2363 2059 2460 2099 vos
2489 2044 2740 2114 palmites
2769 2042 2951 2117 (Joan.
2981 2045 3093 2118 xv).
3128 2066 3146 2098 ι
3173 2045 3241 2100 Et
3269 2045 3393 2116 quia
3424 2044 3488 2099 de
3515 2044 3706 2115 palmi-

2105 2131 2250 2192 tibus
2298 2134 2437 2189 ﬁunt
2479 2135 2656 2201 vites,
2705 2135 2835 2205 quid
2869 2137 3064 2191 mirum
3097 2137 3141 2192 si
3171 2147 3226 2191 et
3252 2136 3423 2192 sancti
3453 2135 3707 2190 doctores

2105 2234 2422 2279 asserantur
2457 2227 2625 2292 vites,
2655 2235 2714 2280 ut
2743 2229 2886 2297 quod
2919 2225 3169 2284 Salvator
3201 2228 3386 2282 mundi
3419 2243 3517 2296 per
3548 2237 3707 2282 natu-

2105 2329 2256 2380 ram,
2305 2315 2408 2369 hoc
2462 2315 2536 2368 illi
2581 2313 2881 2387 glorientur
2929 2315 3131 2372 habere
3172 2333 3268 2386 per
3297 2316 3569 2387 gratiam?
3598 2316 3702 2382 Qui

2105 2405 2362 2460 nimirum
2391 2406 2519 2461 dum
2551 2406 2885 2478 triumphum
2930 2405 3224 2462 Dominicze
3262 2406 3529 2477 passionis
3559 2423 3703 2476 prae-

2105 2494 2288 2553 dicare
2340 2513 2447 2552 non
2497 2507 2743 2566 cessant,
2773 2499 2928 2570 quasi
2967 2515 3066 2571 per
3091 2499 3352 2554 doctrinae
3382 2516 3492 2555 sua:
3516 2500 3705 2556 botros

2105 2586 2312 2643 arentia
2349 2587 2513 2644 corda
2544 2600 2729 2645 nostra
2766 2590 2893 2645 vino
2919 2589 3061 2646 beati
3095 2589 3304 2644 cruoris
3337 2588 3628 2644 inebriant.

2177 2679 2254 2735 De
2286 2681 2389 2737 hoc
2410 2679 2538 2739 vino
2565 2694 2660 2753 per
2687 2681 2856 2738 Jacob
2886 2697 3050 2753 super
3083 2678 3366 2737 Salvatore
3403 2683 3588 2737 nostro
3618 2681 3701 2735 a-l-

2104 2770 2341 2844 legorice
2369 2772 2569 2828 dicitur
2595 2791 2608 2827 :
2639 2790 2656 2825 ι
2687 2773 2916 2828 Lavabit
2940 2772 2991 2826 in
3019 2771 3144 2825 vino
3168 2771 3361 2825 stolam
3390 2786 3543 2824 suam
3571 2779 3622 2824 et
3647 2769 3702 2823 in

2105 2864 2370 2939 sanguine
2398 2861 2619 2935 pallium
2650 2878 2809 2919 suum
2852 2860 3008 2934 (Gen.
3042 2861 3209 2932 xux).
3251 2879 3268 2912 ι
3306 2858 3702 2916 Stola’Christi

2105 2950 2208 3012 fuit
2246 2956 2300 3011 in
2345 2954 2631 3026 apostolis.
2663 2962 2717 3008 et
2762 2951 2976 3009 caeteris
3004 2951 3349 3006 credentibus
3381 2951 3697 3022 SynagOga;

2107 3047 2263 3119 Cujus
2291 3049 2454 3104 etiam
2491 3044 2712 3118 pallium
2741 3044 2959 3117 gentilis
2986 3053 3071 3101 est
3097 3044 3347 3114 populus.
3386 3043 3462 3099 De
3505 3043 3702 3113 quibus

409 3119 752 3187 evangelizas
773 3119 904 3177 Sion
927 3138 941 3184 ;
980 3121 1160 3177 exalta
1187 3123 1240 3177 in
1271 3121 1589 3182 fortitudine
1613 3141 1803 3188 vocem
1829 3136 1998 3195 tuam,

2713 3100 2914 3193 dicitur
2990 3157 3008 3188 ι
3033 3100 3183 3191 (Vi-v0.
3205 3151 3328 3208 ego,
3354 3136 3486 3190 dicit
3516 3100 3700 3189 Domi-

405 3209 497 3278 qui
528 3210 867 3281 evangelizas
893 3211 1187 3269 Jerusalem
1225 3211 1364 3284 (ha.
1393 3214 1506 3288 ιι).
1539 3232 1561 3268 ι

478 3321 584 3378 Per
621 3321 861 3380 Garizim
908 3335 1091 3382 autem
1135 3337 1328 3385 sancta
1371 3329 1688 3402 designatur
1735 3327 2000 3398 Ecclesia,

405 3427 530 3483 quae
554 3417 817 3468 virtutum
846 3417 1088 3470 omnium
1119 3427 1205 3472 cst
1227 3419 1411 3474 schola
1442 3430 1497 3475 et
1520 3421 1826 3477 ccelestium
1849 3438 2003 3492 sege-

411 3513 524 3558 tum
557 3504 804 3558 ubertate
831 3505 1086 3561 fecunda.
1111 3506 1214 3564 Hic
1241 3516 1328 3565 est
1355 3509 1501 3564 enim
1530 3524 1716 3576 mons,
1747 3512 1839 3581 qui
1865 3512 2002 3565 dan-

407 3594 491 3649 dis
520 3608 618 3664 per
659 3595 880 3666 Moysen
927 3595 1400 3655 benedictionibus
1443 3595 1738 3670 deputatus
1781 3610 1887 3658 est.
1935 3601 2005 3658 Et

406 3683 649 3741 Ecclesia
679 3703 836 3742 mons
865 3687 1259 3744 benedictionis
1283 3697 1386 3757 est,
1420 3689 1574 3758 cuius
1596 3689 1721 3748 ﬁliis
1741 3708 1837 3763 per
1861 3692 2004 3763 Apo-

407 3777 606 3833 stolum
635 3779 834 3834 dicitur
865 3795 878 3833 :
910 3797 929 3831 t
967 3779 1021 3833 In
1055 3781 1157 3836 hoc
1187 3782 1364 3836 vocati
1395 3781 1546 3850 estis,
1579 3790 1639 3838 ut
1669 3783 2003 3839 benedictio-

407 3883 532 3922 nem
567 3869 886 3926 hzereditate
914 3871 1237 3940 possideatis
1263 3871 1315 3942 (Ι
1350 3868 1497 3928 Petr.
1526 3872 1634 3945 ιιι).
1665 3893 1684 3926 ι
1719 3870 2002 3929 llanchae—

407 3959 696 4013 reditatem
739 3975 770 4013 a
813 3957 971 4014 vidua
1005 3969 1183 4015 matre
1225 3961 1565 4031 suscepimus
1595 4002 1612 4028 ,
1659 3978 1759 4032 pro
1787 3978 1892 4032 qua
1919 3963 2003 4018 vir

405 4053 522 4122 ejus
555 4049 694 4106 mori
721 4051 972 4122 dignatus
997 4060 1102 4117 est,
1128 4051 1195 4106 de
1220 4066 1324 4121 qua
1348 4061 1404 4106 et
1433 4064 1530 4122 per
1553 4051 1896 4107 Psalmistam
1922 4052 2004 4107 di-

403 4147 584 4201 citur:
617 4162 637 4196 ι
673 4142 906 4199 Viduam
952 4142 1072 4214 ejus
1119 4143 1444 4200 benedicens
1479 4144 1796 4200 benedicam
1824 4143 1999 4216 (Paul.

403 4237 612 4300 cxm).
645 4257 664 4290 ι
697 4237 762 4292 Ει
791 4253 1030 4309 congrue
1056 4237 1318 4305 Garizim,
1370 4237 1465 4308 qui
1494 4238 1888 4309 interpretatur
1916 4237 2003 4292 di-

404 4332 554 4398 visio,
587 4330 669 4386 vel
698 4331 924 4396 advena,
956 4341 1198 4387 sanctam
1244 4331 1444 4403 ﬁgurat
1489 4329 1809 4397 Ecclesiam,
1858 4347 1998 4402 quo-

404 4422 548 4476 niam
580 4419 823 4477 Ecclesia
850 4421 1112 4492 gcntium,
1137 4436 1258 4491 quae
1287 4421 1437 4492 prius
1463 4421 1673 4478 exstitit
1699 4421 1941 4478 funditus
1965 4439 1996 4479 a
2031 4457 2078 4521 Β

402 4513 521 4584 lege
553 4513 643 4567 Dei
677 4514 865 4574 divisa.
898 4513 951 4566 in
979 4512 1158 4582 prima
1191 4513 1475 4568 vocatione
1500 4509 1644 4569 facta
1678 4521 1763 4568 est
1789 4514 1998 4569 advena

397 4603 621 4675 jamque
647 4618 747 4672 per
784 4604 1179 4657 incrementum
1225 4603 1416 4672 gratia:
1461 4601 1606 4658 facta
1651 4611 1736 4658 est
1778 4605 2000 4660 omnino

403 4695 721 4751 domestica.
773 4690 930 4748 Unde
963 4691 1080 4760 jam
1113 4691 1346 4748 ﬁrmiter
1391 4691 1647 4748 radicatis
1671 4701 1726 4748 et
1753 4692 1903 4748 velut
1940 4693 1998 4748 in

403 4789 540 4844 urbe
567 4785 880 4856 compositis
904 4781 1103 4839 Paulus
1138 4784 1215 4839 ait
1243 4799 1258 4838 :
1298 4804 1315 4836 ι
1350 4781 1467 4838 Jam
1501 4801 1608 4840 non
1638 4784 1774 4841 estis
1816 4785 2001 4856 hospi-

407 4889 489 4935 tes
515 4891 572 4934 et
592 4880 835 4944 advenae,
863 4877 957 4934 sed
980 4876 1112 4933 estis
1135 4878 1282 4934 cives
1302 4886 1617 4934 sanctorum
1637 4887 1693 4934 et
1715 4877 1997 4934 domestici

404 4969 499 5026 Dei
530 4969 745 5042 (Ephes.
773 4969 864 5040 ιι).
897 4990 915 5024 ι
964 4969 1072 5025 Sed
1118 4979 1178 5025 ut
1223 4971 1534 5026 omittentes
1578 4967 1810 5041 plurima
1853 4967 1998 5040 quod

405 5064 741 5134 propositum
771 5072 855 5119 est
884 5060 1237 5119 transiliendo
1261 5063 1518 5118 celeriter
1563 5077 1950 5135 percurramus
1973 5078 1995 5116 ι

405 5139 580 5229 Ligna
606 5157 756 5213 silva:
790 5165 919 5212 sunt
967 5157 1217 5212 homines
1262 5156 1408 5223 vani,
1454 5163 1512 5212 et
1553 5155 1882 5212 infructuosi
1932 5169 1998 5210 ac

401 5247 636 5304 ﬂammis
679 5247 965 5303 ultricibus
1007 5247 1205 5304 merito
1249 5261 1362 5302 sum
1399 5246 1705 5302 sterilitatis
1753 5247 1994 5303 obnoxii.

411 5357 429 5390 ι
473 5337 665 5394 Omnis
687 5339 831 5393 enim
862 5338 1048 5404 arbor,
1071 5353 1191 5408 quae
1219 5353 1325 5392 non
1355 5335 1483 5392 facit
1505 5337 1742 5392 fructum
1766 5334 1992 5403 bonum,

405 5431 721 5493 excidetur,
750 5439 805 5485 et
840 5432 893 5486 in
923 5431 1102 5502 ignem
1133 5431 1378 5486 mittetur
1406 5429 1622 5502 (Matth.
1657 5429 1762 5500 ιιι).
1800 5446 1819 5479 ι
1855 5427 1997 5496 Quid

404 5536 504 5591 per
521 5520 719 5576 olivam
734 5535 889 5587 vero,
906 5536 1026 5590 quae
1046 5528 1101 5576 et
1117 5522 1331 5593 signum
1353 5520 1506 5591 pacis
1527 5519 1765 5576 ostendit
1783 5519 1996 5591 oleique

407 5611 788 5685 pinguedinem
803 5612 1004 5676 fundit,
1026 5612 1130 5667 nisi
1154 5611 1619 5684 illidesignantur.
1643 5611 1735 5683 qui
1759 5611 1994 5682 Spiritus

409 5689 586 5764 sancti
627 5703 954 5778 pinguedine
979 5703 1201 5763 delibuti
1229 5704 1654 5778 evangelizando
1681 5719 1870 5778 paceni
1903 5719 1994 5762 rc-

2107 3243 2241 3304 nus,
2288 3237 2416 3306 quia
2464 3235 2552 3291 his
2595 3235 2850 3290 Omnibus
2899 3233 3047 3288 velut
3087 3243 3408 3288 ornamento
3455 3231 3703 3288 vestieris

2105 3325 2244 3398 (Ita.
2272 3327 2446 3394 xm).
2486 3343 2505 3377 ι
2543 3323 2654 3378 llos
2685 3323 2870 3393 itaque
2905 3322 3155 3377 Christus
3204 3321 3258 3376 in
3288 3321 3549 3391 sanguine
3583 3337 3700 3374 uvce

2103 3414 2257 3480 lavit,
2286 3428 2448 3483 quem
2478 3412 2546 3468 de
2572 3411 2867 3480 semetipso
2909 3411 3178 3466 contritus
3222 3411 3276 3465 in
3320 3410 3486 3481 prazlo
3520 3411 3702 3466 crucis

2102 3503 2395 3574 expressit.
2423 3501 2577 3558 Unde
2603 3511 2656 3557 et
2682 3500 2919 3558 Joannes
2943 3501 3021 3556 ait
3058 3518 3072 3555 :
3110 3520 3129 3554 ι
3170 3500 3271 3568 Qui
3303 3501 3492 3556 dilexit
3521 3516 3620 3556 nos
3645 3509 3701 3555 ct

2103 3597 2236 3654 lavit
2259 3612 2358 3652 nos
2375 3613 2404 3652 a
2421 3595 2660 3667 peccatis
2679 3596 2880 3651 nostris
2901 3594 2958 3651 in
2981 3596 3243 3668 sanguine
3267 3611 3364 3652 suo
3389 3593 3574 3665 (Apoc.
3593 3594 3651 3666 ι).
3672 3613 3693 3646 ι

2102 3683 2236 3745 Cum
2267 3689 2431 3764 igitur
2456 3687 2620 3753 oliva,
2652 3685 2787 3742 ﬁcus
2817 3699 2882 3743 ac
2911 3687 3059 3755 vitis,
3097 3688 3201 3743 hoc
3229 3695 3336 3752 est,
3385 3684 3700 3756 Spirituales

2101 3779 2204 3837 viri
2233 3780 2392 3854 lignis
2427 3795 2661 3854 praeesse
2706 3780 3080 3847 silvestribus,
3111 3780 3165 3834 id
3195 3787 3310 3845 est,
3344 3777 3574 3834 terrenis
3602 3777 3698 3831 ho-

2103 3860 2342 3930 minibus
2388 3883 2552 3945 atque
2605 3871 2915 3932 carnalibus
2957 3872 3264 3928 nullatenus
3313 3870 3695 3942 acquiescant,

2103 3963 2262 4019 ollert
2289 3979 2349 4019 se
2380 3964 2666 4030 rhamnus,
2697 3972 2752 4018 et
2787 3961 2856 4018 ab
2879 3962 2958 4017 eis
2987 3960 3384 4018 consumendus
3407 3967 3460 4029 et
3482 3959 3694 4024 eadem,

2104 4052 2187 4109 vel
2211 4069 2389 4124 prava.-
2408 4052 2840 4110 conversationis
2861 4051 3127 4122 exemplo,
3145 4050 3226 4106 vel
3243 4047 3458 4105 erronei
3482 4052 3699 4121 dogma-

2104 4146 2175 4202 tis
2225 4143 2476 4202 incendio
2518 4155 2962 4215 consumpturus.
3012 4141 3296 4198 Rhamnus
3337 4141 3481 4196 enim
3526 4139 3700 4210 spinis

2102 4236 2575 4295 crebrescentibus
2619 4237 2836 4304 horret;
2889 4251 2986 4306 per
3028 4250 3188 4305 quem
3222 4233 3432 4290 scilicet
3469 4231 3698 4302 quiiibct

2105 4346 2393 4403 perversus
2425 4328 2668 4384 inuuitur
2694 4328 2784 4398 qui
2821 4327 2899 4384 sic
2927 4335 3276 4398 peccatorum
3317 4332 3572 4394 tanquam
3601 4339 3695 4378 ve—

2106 4419 2283 4489 prium
2328 4417 2623 4489 asperitate
2666 4417 2943 4472 densatur.
2993 4415 3143 4474 Unde
3187 4424 3243 4471 et
3281 4413 3458 4486 primo
3488 4412 3695 4492 homini

2103 4507 2306 4564 dictum
2336 4519 2420 4564 est
2452 4527 2466 4564 :
2500 4527 2521 4562 ι
2558 4507 2727 4564 Terra
2757 4516 2845 4564 tua
2877 4509 3060 4579 Spinas
3087 4516 3142 4563 et
3170 4505 3395 4563 tribulos
3421 4506 3693 4578 germina-

2103 4600 2184 4654 bit
2211 4600 2302 4654 tibi
2334 4597 2489 4671 (Gen.
2525 4598 2605 4670 ιιι)
2641 4617 2656 4653 :
2695 4619 2713 4651 ι
2749 4598 2801 4653 id
2837 4606 2953 4662 est,
2986 4611 3184 4667 corpus
3233 4604 3386 4652 tuum
3433 4594 3696 4651 aculeatis

2102 4690 2359 4745 vitiorum
2391 4691 2784 4761 punctionibus
2809 4689 3126 4760 subiacebit.
3159 4689 3226 4744 Et
3249 4705 3346 4759 per
3372 4689 3698 4760 prephetam

2103 4777 2364 4834 Dominus
2397 4798 2410 4834 :
2452 4798 2470 4831 ι
2505 4776 2716 4850 Spiuis,
2743 4780 2938 4849 inquit,
2963 4788 3315 4850 peccatorum
3343 4794 3562 4834 suorum
3585 4779 3703 4834 cir-

2101 4868 2423 4924 Cumderunt
2452 4885 2540 4924 me
2570 4867 2789 4938 (Thren.
2817 4870 2922 4940 ιιι).
2962 4888 2980 4921 ι
3021 4869 3206 4941 Lignis
3252 4867 3430 4939 itaque
3459 4866 3700 4939 petenti-

2105 4962 2207 5018 bus
2235 4977 2441 5033 regem,
2497 4961 2550 5016 id
2579 4969 2684 5027 est,
2716 4961 2900 5032 pravis
2944 4959 3246 5032 quibusque
3275 4958 3568 5016 carnaliter
3589 4957 3675 5012 eli.

2106 5058 2358 5130 gentibus
2410 5057 2715 5127 praesulem,
2767 5057 3028 5112 rhamnus
3071 5056 3284 5112 accedit
3325 5055 3380 5110 in
3431 5052 3693 5117 medium,

2106 5144 2335 5218 quilibet
2355 5144 2608 5202 videlicet
2633 5147 2914 5216 reprobus,
2937 5148 3027 5216 qui
3053 5156 3107 5202 et
3129 5147 3306 5217 ignem
3328 5140 3693 5199 damnationis

2104 5236 2160 5298 in
2191 5253 2252 5293 se
2279 5253 2344 5292 ex
2367 5252 2554 5294 eorum
2585 5237 2940 5307 pravitatibus
2965 5246 3190 5307 augeat;
3230 5246 3284 5290 et
3314 5249 3408 5290 eos
3438 5246 3694 5304 perverse

2105 5326 2374 5392 vivendo.
2412 5327 2496 5381 vel
2540 5327 2785 5383 docendo
2822 5329 3098 5398 reciproca
3147 5327 3518 5382 combustione
3553 5340 3690 5380 con-

2100 5428 2298 5477 sumat.
2335 5417 2486 5476 Unde
2524 5427 2579 5474 et
2614 5417 2726 5474 illic
2767 5417 2964 5474 dicitur
2993 5436 3008 5473 :
3045 5436 3064 5469 ι
3097 5417 3420 5489 Egrediatur
3452 5416 3592 5488 ignis
3619 5432 3689 5473 ex

2098 5532 2202 5582 eo,
2245 5524 2307 5585 ut
2354 5530 2639 5571 consumat
2683 5514 3022 5570 habitatores
3061 5512 3278 5570 Sichem
3333 5524 3387 5568 et
3433 5512 3690 5584 oppidum

2100 5605 2256 5662 Melle
2273 5648 2286 5671 ,
2313 5605 2729 5678 egrediaturque
2755 5606 2896 5676 ignis
2927 5606 2994 5661 de
3021 5605 3154 5661 viris
3180 5601 3398 5660 Sichem
3423 5615 3479 5662 et
3502 5605 3568 5660 de
3592 5620 3684 5674 op-

2100 5698 2225 5769 pido
2269 5696 2427 5754 Melle
2471 5706 2528 5754 et
2570 5694 3126 5755 dcvoretAbimelccb
3170 5695 3324 5772 (Iud.
3353 5713 3456 5770 ιιι.
3489 5714 3510 5749 ι
3559 5692 3691 5751 lianc
