4058 6178
426 327 565 387 1087

417 516 543 572 ιιιι·;
572 509 697 578 quia
729 523 826 579 per
851 516 1069 563 sanctos
1097 508 1149 562 in
1180 507 1418 563 Ecclesia
1447 508 1829 578 praedicatores
1855 510 2005 564 addi-

417 598 619 652 scimus
660 600 929 668 quomodo
972 599 1277 669 quibusque
1322 601 1593 669 perversis
1643 617 1709 657 ac
1756 602 2005 673 reprobis

416 701 557 741 vana
586 688 889 756 petentibus
920 688 1262 744 resistamus.

1012 800 1241 856 CAPUT
1281 800 1413 857 Vill.

415 887 487 942 1η
515 886 734 959 epistola
768 890 839 943 ad
868 888 1085 965 Petrum
1130 895 1635 965 archipresbyterum
1678 896 1744 951 de
1780 896 2008 952 inconti-

939 963 1112 1018 nentio
1144 963 1473 1018 clericorum.

492 1065 513 1099 ι
544 1046 862 1104 Ahimelech
892 1051 1120 1105 audiens
1142 1052 1288 1106 viros
1319 1053 1484 1107 turris
1516 1052 1883 1109 Sichimorum
1911 1070 2009 1125 pa-

414 1140 551 1195 riter
594 1142 968 1213 conglobatos,
1003 1144 1247 1198 ascendit
1286 1144 1336 1198 in
1361 1154 1598 1200 montem
1631 1144 1851 1202 Selmon
1881 1163 2023 1202 cum.

415 1232 562 1286 omni
609 1247 707 1287 suo
750 1232 948 1304 populo
994 1243 1048 1289 et
1096 1244 1311 1305 arrepta
1346 1236 1507 1307 176
1534 1237 1709 1292 securi
1761 1238 2008 1306 praecidit

416 1320 631 1375 arboris
660 1336 903 1385 ramum,
945 1323 1366 1393 impositumque
1397 1324 1578 1380 ferens
1608 1326 1836 1381 humero
1870 1328 2007 1382 dixit

415 1408 483 1462 ad
530 1409 747 1467 socios:
780 1410 934 1477 Quod
988 1428 1074 1467 me
1106 1414 1301 1469 videtis
1342 1413 1523 1469 facere
1549 1455 1564 1480 ,
1606 1416 1715 1471 cito
1759 1416 1937 1472 facite.
1981 1435 2000 1469 ι

415 1498 618 1554 Deinde
644 1503 889 1571 sequitur
921 1521 934 1557 :
970 1522 989 1555 ι
1026 1504 1194 1575 lgitur
1220 1500 1468 1561 certatim
1499 1521 1681 1562 ramos
1706 1508 1773 1562 de
1797 1508 2007 1563 arbori-

414 1594 517 1650 bus
548 1597 935 1666 praecidentes,
985 1598 1351 1667 sequebantur
1393 1598 1618 1665 ducem;
1667 1599 1864 1670 quibus
1900 1601 2008 1656 cir-

416 1690 735 1744 cumdautes
752 1689 1058 1759 praesidium
1082 1691 1497 1757 succenderunt.
1520 1702 1683 1761 atque
1706 1693 1776 1747 ita
1802 1691 2003 1748 factum

1334 326 1833 385 COLLECTANEA
1873 328 1940 383 IN
1983 327 2211 385 VETUS
2250 327 2792 385 TESTAMENTUM.

322 430 325 437 ’
414 425 594 471 autem
625 415 848 473 Ioathas
875 415 1204 472 constitutus
1235 415 1289 471 in
1320 417 1524 471 vertice
1555 417 1754 472 montis
1784 417 1996 488 eloqui-
2024 424 2073 482 Α
2101 432 2322 491 percute
2352 437 2436 476 me
2459 460 2476 487 ,
2525 436 2594 475 ne
2636 418 2776 475 forte
2805 417 3019 474 dicatur
3048 418 3192 488 quod
3217 434 3247 472 a
3278 417 3477 473 femina
3523 422 3694 475 inter-

3548 321 3691 377 1088

2108 514 2282 569 fectus
2338 530 2481 570 sum.
2508 513 2607 580 Qui
2640 512 2791 581 jussa
2835 509 3163 582 perficiens,
3231 511 3499 569 interfecit
3541 530 3695 583 eum,

2108 604 2128 676 (
2198 604 2320 660 Ibid
2378 605 2420 675 ).
2466 624 2484 657 ι
2525 603 2591 659 Ut
2621 614 2803 658 autem
2836 603 2887 658 in
2918 603 3003 657 his
3027 604 3209 659 verbis
3232 619 3337 659 non
3372 605 3573 660 diutius
3596 607 3699 659 im-

2108 709 2405 758 moremur,
2431 698 2676 765 fragmen
2709 695 2811 749 hoc
2858 693 3044 757 molre,
3086 694 3228 763 quod
3257 694 3572 750 Abimelech
3604 712 3704 751 ce-

2109 786 2327 843 rebrum
2354 785 2535 857 fregit,
2562 787 2694 841 nihil
2715 794 2804 841 est
2826 787 2972 841 aliud
2996 802 3159 857 quam
3181 802 3373 842 saxum
3398 788 3529 843 illud
3549 791 3694 859 quod

2108 880 2296 935 Daniel
2321 880 2439 934 sine
2466 880 2717 935 manibus
2746 881 3046 936 abscissum
3082 880 3150 935 de
3186 890 3370 935 monte
3412 882 3705 950 conspexit

2107 971 2270 1043 (Dan.
2299 971 2393 1039 ri);
2427 973 2541 1042 ipse
2563 971 2816 1027 videlicet
2843 972 3120 1035 Dominus,
3152 973 3244 1041 qui
3271 973 3336 1025 de
3359 988 3417 1027 se
3442 973 3495 1026 in
3520 972 3698 1027 Evan-

2108 1060 2246 1131 gelio
2274 1061 2405 1115 dicit
2452 1079 2466 1114 :
2513 1080 2531 1112 ι
2566 1052 2673 1128 Qui
2722 1060 2977 1116 ceciderit
3020 1075 3183 1129 super
3226 1060 3456 1130 lapidem
3498 1061 3694 1125 istum,

2108 1149 2509 1220 confringetur;
2546 1166 2708 1221 super
2746 1165 2905 1219 quem
2958 1165 3087 1205 vero
3130 1150 3423 1215 ceciderit,
3452 1159 3698 1206 conteret

2107 1257 2231 1298 eum
2262 1241 2478 1313 (Matth.
2509 1251 2646 1312 nu).
2684 1262 2702 1295 ι
2739 1242 2930 1298 Mulier
2956 1258 3085 1298 vero
3107 1283 3123 1308 ,
3154 1243 3222 1298 de
3250 1242 3404 1311 cujus
3446 1241 3698 1298 manibus

2108 1334 2360 1399 mittitur,
2394 1349 2550 1390 sacra
2581 1333 2663 1390 lex
2696 1343 2800 1399 est,
2835 1334 2992 1404 177
3023 1348 3144 1403 qua:
3173 1332 3455 1403 flagitiosis
3483 1333 3698 1402 pudici-

2109 1428 2198 1482 tiae
2218 1428 2679 1499 contemptoribus
2697 1428 3035 1498 repentinum
3056 1427 3257 1483 Christi
3272 1426 3533 1495 judicium
3555 1442 3702 1482 com-

2109 1520 2366 1575 minatur.
2410 1520 2487 1576 De
2527 1535 2635 1590 quo
2673 1535 2771 1590 per
2806 1519 3095 1575 Jeremiam
3127 1519 3324 1574 dicitur
3351 1538 3364 1572 :
3392 1538 3410 1570 ι
3447 1518 3700 1589 Nunquid

2107 1626 2216 1665 non
2246 1612 2407 1666 verba
2442 1625 2561 1665 mea
2596 1620 2722 1665 sunt
2749 1611 2907 1680 quasi
2946 1610 3108 1680 ignis,
3151 1610 3282 1664 dicit
3321 1610 3614 1667 Dominus.
3645 1620 3701 1666 et

2109 1701 2263 1770 quasi
2290 1700 2514 1755 malleus
2546 1709 2837 1756 conterens
2864 1701 3118 1770 petram?
3155 1719 3173 1752 ι
3202 1699 3338 1771 (ler.
3368 1700 3552 1770 χχιιι.)
3592 1702 3700 1752 Ar-

416 1787 502 1834 cst
530 1788 588 1833 ut
624 1779 773 1835 fumo
802 1791 855 1834 et
886 1780 1008 1851 igue
1039 1780 1185 1836 mille
1213 1782 1491 1837 hominum
1522 1792 1877 1849 necarentur,
1898 1784 2003 1838 viri
2037 1793 2079 1851 Β
2111 1791 2284 1860 miger
2318 1804 2446 1844 vero
2472 1790 2815 1852 Ahimelech,
2865 1789 3111 1845 diabolus
3140 1799 3259 1854 est,
3309 1791 3401 1860 qui
3453 1790 3704 1846 videlicet

416 1868 626 1938 pariter
653 1878 708 1924 ct
735 1870 991 1926 mulieres
1023 1872 1355 1928 habitatores
1384 1873 1550 1928 turris
1588 1874 1806 1929 Sichem
1848 1873 2004 1945 (Jud.

417 1960 519 2027 rx.)
552 1979 571 2011 ι
606 1960 723 2016 Non
755 1972 840 2017 est
870 1962 1032 2031 hujus
1061 1964 1163 2019 loci
1201 1980 1370 2020 sacrae
1406 1965 1605 2035 ﬁguras
1639 1966 1878 2022 historiae
1920 1983 2006 2023 so.

416 2048 585 2105 lerter
609 2066 912 2122 exponere;
945 2053 1137 2112 sufficit
1166 2056 1348 2121 nobis,
1377 2064 1638 2126 quantum
1663 2057 1728 2112 ad
1758 2059 2008 2128 proposi-

420 2149 533 2193 tum
565 2141 792 2207 attinet,
833 2159 948 2198 rem
989 2154 1362 2202 summotenus
1398 2146 1695 2217 prtelibare.
1730 2147 1885 2203 Rami
1924 2165 2012 2203 ar-

415 2230 609 2286 borum
638 2242 764 2287 sunt
791 2237 1127 2292 sententiolae
1152 2237 1578 2309 Scripturarum,
1603 2257 1739 2310 quas
1758 2242 1885 2295 dum
1910 2241 2012 2295 im-

418 2322 600 2392 pudici
646 2326 850 2395 quique
895 2328 962 2381 ad
1015 2328 1357 2398 allegationis
1407 2347 1520 2386 suae
1548 2332 1716 2386 robur
1746 2331 2011 2387 violenter

416 2412 739 2482 inflectunt,
789 2416 936 2474 fumo
963 2419 1123 2474 simul
1152 2431 1208 2476 et
1236 2421 1359 2493 igne
1386 2438 1705 2478 numerosas
1730 2424 2008 2485 hominum

415 2518 664 2564 catervas
708 2512 1090 2584 exstinguunt:
1128 2514 1275 2570 fumo
1311 2516 1521 2571 scilicet
1564 2517 1769 2571 erroris
1809 2526 1865 2571 et
1887 2516 2011 2586 igne

416 2598 684 2668 libidinis;
739 2611 799 2656 ut
847 2604 1101 2675 deceptas
1150 2606 1292 2662 male
1336 2607 1662 2663 discentium
1707 2616 1917 2662 mentes
1954 2614 2011 2661 et

419 2687 652 2746 luxuriae
688 2691 903 2749 flamma
933 2698 1228 2763 succendat
1266 2706 1324 2753 et
1349 2699 1500 2768 pravi
1543 2698 1810 2769 dogmatis
1833 2698 2008 2770 caligo

417 2782 734 2839 confundat.
762 2785 855 2842 Hae
877 2799 1006 2843 sunt
1027 2789 1172 2843 enim
1202 2804 1432 2856 merces,
1457 2805 1577 2860 qua:
1604 2792 1669 2845 de
1695 2789 1927 2846 Sodoma
1954 2800 2017 2862 et,

416 2871 719 2930 Gomorrha
751 2879 968 2946 prodire
990 2880 1122 2937 visae
1152 2890 1279 2936 sunt
1303 2891 1426 2952 post
1451 2880 1745 2938 excidium.
1780 2901 1798 2933 ι
1826 2882 2010 2937 Abra-

420 2962 568 3031 ham,
608 2965 782 3036 inquit
808 2966 1108 3038 Scriptura,
1140 2986 1479 3043 consurgens
1503 2986 1690 3037 mane,
1715 2972 1807 3026 ubi
1838 2980 2010 3027 stete-

423 3068 509 3112 rat
535 3061 683 3128 prius
704 3078 827 3117 cum
857 3063 1113 3131 Domino,
1144 3067 1372 3122 intuitus
1394 3078 1479 3123 cst
1503 3068 1793 3123 Sodomam
1821 3076 1877 3123 et
1897 3067 2009 3124 Go-

424 3153 704 3207 morrham
733 3164 788 3209 et
815 3155 1129 3211 universam
1159 3167 1358 3212 terram
1384 3158 1619 3229 regionis
1646 3158 1822 3224 illius;
1853 3158 2013 3213 vidit-
2040 3140 2087 3207 σε

425 3260 529 3314 que
558 3248 940 3303 ascendentem
972 3250 1210 3306 favillam
1242 3253 1308 3307 de
1346 3261 1488 3307 terra
1516 3293 1531 3319 ,
1578 3253 1734 3322 quasi
1775 3251 2015 3309 fornacis

422 3334 631 3393 fumum
662 3337 815 3410 (Gen.
850 3341 985 3413 ιιι).
1026 3360 1046 3393 ι

1040 3430 1270 3488 CAPUT
1309 3432 1401 3487 1x.

946 3523 1014 3578 1η
1041 3525 1222 3578 eadem
1251 3523 1489 3594 epistola.

498 3610 669 3667 Porro
710 3621 892 3668 autem
920 3614 1046 3669 dum
1077 3624 1131 3669 et
1174 3613 1386 3670 Thebes
1420 3630 1543 3669 cum
1576 3616 1689 3670 suis
1713 3614 2018 3686 agminibus

427 3701 701 3757 obsideret
728 3704 1006 3773 Oppidum,
1039 3704 1287 3759 eumdem
1317 3713 1509 3759 contra
1540 3706 1851 3762 castitatem
1879 3706 2016 3762 Abi-

429 3793 639 3849 melech
667 3796 880 3852 videtur
909 3795 1172 3866 figurasse
1212 3794 1545 3851 conflictum.
1596 3815 1616 3849 ι
1652 3796 1785 3851 Erat
1829 3807 2014 3853 autem

430 3880 601 3934 turris
622 3880 851 3943 excelsa,
883 3900 901 3933 ι
931 3888 992 3935 ιιι
1012 3880 1293 3951 Scriptura
1323 3890 1571 3951 testatur,
1604 3900 1623 3936 ι
1649 3882 1702 3937 in
1732 3882 1910 3937 medio
1934 3882 2017 3938 ci-

430 3969 642 4037 vitatis,
670 3972 736 4026 ad
766 3987 928 4042 quam
959 3972 1314 4043 confugerant
1342 3973 1441 4027 viri
1466 3973 1627 4028 simul
1649 3989 1713 4028 ac
1737 3973 2017 4040 mulieres,

429 4069 484 4117 et
506 4076 695 4118 omnes
714 4063 986 4134 principes
1008 4064 1268 4128 civitatis,
1293 4064 1475 4120 clausa
1501 4063 1813 4120 firmissime
1827 4063 2013 4133 janua,

430 4168 486 4215 et
504 4174 667 4229 super
688 4161 854 4216 turris
878 4170 1077 4217 tectum
1101 4169 1308 4217 stantes
1323 4176 1418 4232 per
1432 4162 1838 4232 propugnacula
1862 4159 2014 4231 (Jud.

428 4250 527 4318 lx).
564 4268 583 4301 ι
611 4248 835 4315 Civitas,
864 4252 1189 4306 universalis
1216 4251 1494 4316 Ecclesia;
1532 4253 1717 4315 turris,
1746 4251 2019 4309 castitatis

428 4349 513 4393 est
540 4340 869 4407 eminentia;
917 4343 983 4396 ad
1028 4358 1193 4411 quam
1233 4342 1593 4411 confugerant
1637 4342 1735 4395 viri
1763 4342 1924 4396 simul
1953 4358 2018 4399 ac

428 4426 708 4492 mulieres,
756 4428 926 4485 fortes
970 4430 1181 4485 scilicet
1208 4438 1263 4484 et
1286 4430 1517 4495 infirmi;
1552 4431 1825 4500 principes
1851 4432 2016 4487 etiam

429 4517 692 4582 civitatis,
720 4519 855 4574 ordo
877 4519 1128 4575 videlicet
1150 4520 1495 4585 clericorum,
1524 4521 1616 4590 qui
1654 4530 1802 4575 tenet
1832 4522 2019 4579 Eccle—

430 4611 525 4666 sia:
545 4610 926 4682 principatum.
959 4630 978 4664 ι
1008 4612 1287 4668 Accedens
1317 4613 1498 4682 itaque
1526 4609 1837 4668 Abimelech
1859 4611 2022 4686 juxta.

430 4701 626 4755 turrim
657 4703 822 4772 ccepit
853 4702 1144 4759 instantius
1191 4703 1472 4765 dimicare,
1501 4711 1558 4757 et
1583 4704 2022 4775 appropinquans

430 4793 572 4851 ostio
600 4793 778 4864 ignem
800 4794 1103 4850 conabatur
1131 4809 1404 4865 apponere
1418 4794 1633 4869 (υἱώ).
1660 4814 1679 4846 ι
1708 4793 2024 4865 Hocitaque

430 4885 592 4940 modo
638 4884 824 4939 clerici
850 4884 1153 4955 petulantes
1194 4893 1248 4939 et
1272 4884 1543 4949 infruniti,
1572 4885 1704 4939 turri
1751 4886 2023 4943 castitatis

432 4974 1078 5040 moliunturincendium,
1102 4976 1230 5029 dum
1260 4975 1457 5030 multos
1487 4975 1551 5029 ad
1579 4976 1942 5032 sumlibidinis
1964 4986 2022 5032 et

430 5065 711 5121 astuantis
766 5066 993 5120 insaniae
1037 5066 1394 5120 cohortantur
1440 5067 1771 5134 exemplum.
1800 5068 2019 5138 Ignibus

433 5155 626 5211 armati
653 5155 843 5210 turrim
863 5156 1130 5212 castitatis
1153 5156 1438 5226 impetunt,
1465 5156 1591 5209 dum
1622 5155 1814 5210 incesti
1840 5164 2021 5210 castos

434 5243 651 5301 flamma
683 5247 955 5316 pestifera:
995 5246 1361 5317 persuasionis
1396 5247 1717 5303 accendunt.
1758 5247 1863 5303 Sed
1897 5248 2021 5304 huic

434 5339 717 5394 certamini
749 5340 838 5409 qui
873 5339 994 5394 finis
1023 5338 1359 5408 imponitur?
1388 5354 1526 5408 quos
1560 5338 1802 5394 victoria:
1834 5340 2020 5396 titulos

435 5426 553 5485 hmo
577 5445 752 5499 pugna
773 5430 1041 5485 sortitur?
1074 5450 1091 5482 ι
1121 5431 1287 5495 Ecce,
1315 5431 1508 5500 inquit,
1536 5431 1731 5487 mulier
1753 5430 2021 5503 fragmen-

443 5525 549 5571 tum
573 5521 727 5576 molae
750 5521 980 5592 desuper
1002 5521 1213 5592 jaciens
1242 5522 1395 5577 illisit
1424 5521 1588 5592 capiti
1619 5522 1934 5577 Abimelcch
1966 5531 2021 5578 et

439 5608 702 5682 confregit
722 5615 1004 5671 cerebrum
1026 5614 1161 5685 ejus.
1192 5613 1293 5681 Qui
1322 5615 1536 5669 vocavit
1560 5615 1667 5669 cito
1692 5614 2022 5684 armigerum

437 5717 618 5771 suum,
669 5712 723 5760 ct
761 5706 837 5760 ait
882 5709 947 5763 ad
992 5722 1115 5763 cum
1156 5726 1168 5763 :
1212 5706 1448 5779 Evagina
1495 5706 1734 5779 gladium
1782 5716 1930 5764 tuum
1967 5715 2022 5763 et

2111 1880 2364 1937 omnibus
2393 1882 2487 1951 qui
2527 1882 2718 1937 turrim
2748 1882 3019 1938 castitatis
3046 1893 3360 1952 oppugnant
3390 1896 3544 1936 arma
3582 1881 3705 1935 libi-

2111 1973 2251 2029 dinis
2275 1984 2329 2029 et
2352 1983 2513 2029 acuta
2546 1972 2774 2029 luxuria:
2812 1972 2991 2042 jacula
3036 1974 3435 2029 subministrat.
3487 1974 3561 2028 De
3582 1972 3706 2042 qui-

2110 2063 2212 2118 bus
2233 2062 2428 2132 jaculis
2462 2064 2593 2119 dicit
2615 2064 2903 2133 Apostolus
2933 2079 2948 2118 :
2982 2083 3002 2116 ‹
3036 2064 3093 2120 1η
3123 2065 3376 2120 omnibus
3413 2074 3695 2119 sumentes

2112 2163 2324 2209 scutum
2377 2155 2535 2222 fidei,
2574 2156 2626 2210 in
2653 2172 2760 2225 quo
2789 2155 3011 2225 possitis
3036 2157 3217 2211 omnia
3251 2156 3352 2211 tela
3385 2156 3706 2225 nequissimi

2113 2245 2269 2316 ignea
2297 2246 2644 2318 exstinguere
2671 2246 2888 2319 (Ephes.
2920 2246 3019 2317 vt).
3057 2267 3075 2300 ι
3109 2248 3173 2302 Ει
3202 2237 3463 2317 propheta
3499 2267 3512 2302 :
3545 2266 3565 2300 ι
3598 2248 3703 2316 lbi,

2111 2338 2308 2407 inquit,
2338 2339 2510 2395 Assur
2535 2354 2659 2395 cum
2691 2341 2855 2395 armis
2876 2340 2989 2396 suis
3010 2340 3231 2411 (Ezech.
3258 2341 3450 2409 xxxii).
3484 2361 3503 2394 ι
3530 2341 3705 2409 Quem

2111 2444 2242 2501 ergo
2272 2430 2468 2486 mulier
2492 2430 2759 2503 fragmine
2784 2431 2939 2487 mola:
2970 2431 3269 2501 percussit,
3299 2432 3534 2502 armiger
3574 2446 3706 2486 ense

2110 2524 2372 2592 peremit,
2391 2523 2517 2593 quia
2534 2524 2805 2579 castitatis
2821 2524 3185 2588 adversarios,
3203 2524 3397 2594 quibus
3417 2524 3704 2594 Scriptura

2111 2626 2269 2667 saera
2289 2611 2551 2681 judicium
2573 2613 2768 2669 divinae
2794 2614 3282 2669 animadversionis
3306 2614 3561 2678 intentat,
3582 2614 3703 2668 dia-

2110 2702 2267 2758 bolus
2295 2710 2510 2758 :eternae
2528 2703 2719 2758 mortis
2744 2703 3115 2759 internecione
3139 2702 3399 2769 trucidat;
3423 2712 3482 2756 ut
3504 2703 3703 2772 quibus

2112 2794 2293 2851 fuerat
2330 2795 2581 2851 minister
2608 2795 2663 2850 in
2702 2810 2881 2867 pugna
2912 2796 3226 2850 eorumdem
3256 2795 3328 2850 sit
3358 2794 3701 2865 postmodum

2112 2895 2285 2944 tortor
2306 2888 2360 2943 in
2384 2903 2577 2959 poena,
2607 2902 2835 2958 quaeque
2863 2887 2967 2943 illis
2994 2896 3181 2943 contra
3208 2887 3519 2957 pudicitiam
3546 2900 3702 2940 arma

2112 2986 2488 3051 suggesserat,
2535 2978 2725 3034 eadem
2766 2978 3106 3050 exigentibus
3153 2977 3363 3034 meritis
3415 2978 3469 3032 in
3512 2992 3702 3032 eorum

2114 3076 2242 3125 tunc
2264 3068 2512 3140 jugulum
2533 3076 2732 3124 vertat.

2742 3158 2971 3216 CAPUT
3008 3160 3078 3215 X.

2439 3247 2510 3302 In
2559 3264 2799 3303 sermone
2831 3249 2897 3303 de
2932 3256 3115 3306 sancto
3146 3247 3409 3302 Anthimo.

2191 3340 2561 3410 Quorumdam
2598 3340 2759 3411 plane
2792 3340 2927 3396 fides
2962 3349 3048 3396 est
3074 3355 3233 3403 vana,
3273 3339 3526 3405 flaccida,
3553 3353 3700 3409 prc-

2121 3432 2347 3488 tendens
2395 3431 2613 3502 quidem
2653 3431 2707 3486 in
2757 3431 3045 3502 superficie
3099 3431 3537 3496 similitudinem,
3589 3446 3700 3485 non

2119 3536 2300 3583 autem
2332 3526 2540 3583 habens
2577 3527 2906 3583 intrinsecus
2945 3526 3251 3583 veritatem.
3292 3524 3497 3579 Horum
3535 3540 3701 3595 porro

2119 3626 2346 3674 tenuere
2382 3617 2613 3690 figuram
2661 3618 2753 3688 qui
2801 3617 2928 3673 olim
2964 3618 3031 3673 de
3067 3617 3263 3688 populo
3312 3616 3567 3687 Ephraim
3610 3631 3706 3669 ve-

2120 3709 2333 3765 nientes
2369 3710 2437 3764 ad
2461 3709 2595 3763 vada
2625 3707 2897 3773 Jordanis,
2929 3708 3056 3763 dum
3086 3708 3360 3762 nescirent
3394 3706 3706 3775 exprimere

2119 3800 2398 3856 sebboleth
2445 3796 2885 3873 [schibboletth],
2926 3799 3021 3855 sed
3064 3798 3338 3867 jebboleth
3384 3795 3704 3870 [sibbolethj

2119 3889 2335 3959 potius,
2376 3898 2631 3959 tanquam
2666 3888 2950 3959 peregrina
2988 3886 3167 3955 lingua
3208 3885 3543 3956 proferrent.
3588 3883 3706 3939 Ga-

2123 3978 2448 4033 laaditarum
2482 3979 2675 4047 gladiis
2723 3978 2849 4033 caasi
2882 3986 3008 4032 sunt
3044 3977 3196 4047 (Iud.
3228 3975 3348 4046 xu).
3390 3975 3527 4041 Quid
3556 3975 3708 4028 enim

2121 4084 2220 4139 per
2260 4069 2588 4135 Jordanem,
2638 4069 2694 4124 in
2752 4084 2860 4137 quo
2898 4068 3150 4122 Salvator
3200 4076 3385 4121 noster
3440 4063 3707 4134 baptizari

2122 4164 2376 4233 dignatus
2403 4170 2509 4226 est,
2538 4161 2640 4217 nisi
2672 4160 3006 4231 baptismus?
3038 4158 3176 4227 Quid
3220 4174 3349 4211 vero
3383 4172 3478 4227 per
3509 4156 3709 4210 sebbo-

2121 4251 2251 4316 leth,
2280 4251 2422 4321 quod
2454 4252 2841 4320 interpretatur
2878 4250 3046 4319 spica,
3076 4249 3179 4303 nisi
3210 4247 3342 4301 fides
3380 4257 3464 4302 est
3499 4244 3707 4300 intelli-

2123 4342 2335 4413 genda?
2371 4343 2510 4397 sicut
2533 4342 2677 4396 enim
2709 4341 2860 4411 spica
2892 4339 3094 4393 victum
3132 4338 3334 4408 praebet
3372 4326 3708 4399 hominibus,

2125 4434 2198 4489 ita
2247 4443 2303 4488 et
2346 4434 2412 4488 de
2461 4433 2565 4487 fide
2612 4432 2813 4487 dicitur
2856 4430 2983 4500 quia
3030 4448 3049 4481 ι
3100 4430 3280 4496 justus
3317 4442 3382 4481 ex
3435 4426 3537 4480 fide
3572 4425 3713 4479 vivit

2121 4522 2351 4592 (Ifabac.
2381 4539 2453 4588 n;
2489 4520 2645 4575 Rom.
2681 4522 2742 4590 ι).
2776 4539 2794 4573 ι
2824 4521 2892 4575 Et
2936 4519 3078 4574 sicut
3111 4519 3260 4588 spica
3300 4517 3467 4570 multa
3498 4516 3552 4569 in
3589 4515 3715 4571 suis

2122 4614 2306 4670 aristis
2335 4628 2501 4685 grana
2542 4613 2803 4677 recondit,
2839 4612 2911 4666 ita
2941 4620 2997 4665 et
3021 4609 3320 4682 symbolum
3349 4618 3546 4663 nostra:
3574 4622 3717 4661 con-

2123 4703 2374 4760 fessionis
2410 4703 2639 4774 plurima
2667 4703 2720 4757 in
2755 4716 2814 4758 se
2839 4700 2961 4756 fidei
2987 4700 3194 4755 semina
3224 4699 3445 4769 colligit.
3476 4697 3717 4753 Venien-

2125 4805 2205 4851 tes
2261 4798 2442 4865 itaque
2494 4796 2562 4849 ad
2616 4794 2906 4849 Jordauem
2954 4790 3224 4861 Ephrataei
3271 4786 3624 4843 consuluntur
3680 4804 3716 4842 a

2124 4886 2421 4944 Galaaditis
2467 4885 2738 4957 quomodo
2789 4884 2994 4954 spicam
3037 4881 3346 4950 exprimant
3382 4900 3393 4933 :
3429 4880 3719 4934 venientes

2124 4978 2287 5033 etiam
2320 4977 2386 5032 ad
2415 4976 2668 5046 baptismi
2697 4976 2972 5029 lavacrum
3008 4971 3382 5028 catechumeui
3417 4970 3717 5039 inquirun-

2126 5078 2213 5124 tur
2260 5083 2288 5122 a
2338 5068 2714 5123 sacerdotibus
2757 5066 2991 5136 qualiter
3044 5063 3288 5119 credant.
3344 5062 3411 5115 Et
3449 5060 3719 5130 quoniam

2124 5159 2326 5215 Galaad
2378 5160 2765 5227 interpretatur
2802 5172 3015 5211 acervus
3056 5153 3370 5218 testimonii,
3416 5160 3564 5205 recte
3613 5167 3724 5222 per

2125 5249 2436 5305 Galaaditas
2493 5247 2805 5303 sacerdotes
2859 5244 3116 5301 Ecclesiae
3174 5242 3548 5311 intelliguntur
3614 5242 3721 5310 qui

2126 5339 2601 5410 praedicationibus
2648 5338 2762 5393 suis
2806 5351 2969 5407 opera
3026 5335 3205 5389 divina
3262 5341 3548 5388 testantur.
3606 5331 3725 5389 Per

2123 5433 2381 5501 Ephraim
2427 5447 2585 5496 vero,
2619 5431 2761 5500 quod
2797 5429 3170 5498 fecunditatem
3210 5434 3402 5490 sonat,
3442 5425 3518 5479 illi
3559 5426 3723 5480 desi-

2124 5532 2358 5595 gnantur
2387 5522 2477 5591 qui
2516 5521 2718 5575 idcirco
2755 5520 2821 5574 ad
2870 5519 2992 5573 fidei
3033 5518 3355 5588 perveniunt
3406 5516 3610 5585 spicam
3657 5524 3729 5569 ut

2124 5622 2441 5683 proventum
2498 5611 2845 5667 fecunditatis
2905 5624 3003 5680 per
3053 5609 3181 5663 boni
3239 5607 3421 5678 operis
3470 5614 3723 5677 segetem

2126 5704 2425 5777 proferant.
2471 5702 2623 5759 Sicut
2660 5717 2790 5773 ergo
2822 5701 2857 5757 ii
2907 5700 2998 5771 qui
3038 5700 3104 5757 ad
3148 5698 3439 5757 Jordauem
3489 5696 3727 5753 veniunt
