4058 6178
413 290 435 344 9
447 289 551 346 (ὶ89

409 501 610 565 sciunt,
660 501 1109 555 moriuntur:ita
1155 509 1212 555 et
1253 500 1344 570 qui
1392 500 1598 555 fontem
1652 500 1992 571 baptismatis

411 598 697 661 expetunt,
722 606 752 645 a
779 591 888 645 vita
912 589 1157 645 funditus
1183 590 1460 655 decidunt,
1482 591 1585 647 nisi
1611 592 1769 647 ﬁdem
1795 594 1989 661 ipsam,

409 697 572 751 quam
605 681 782 737 edocti
812 690 940 737 sunt
977 682 1219 746 credere,
1262 681 1572 736 studuerint
1610 680 1773 736 etiam
1821 681 1992 736 bono-

410 789 529 827 rum
588 788 809 844 operum
853 774 1230 830 enuntiatione
1292 775 1556 845 proferre.
1605 776 1686 830 lta
1733 776 1989 831 nimirum

406 861 636 916 alterum
676 865 871 933 pendet
906 877 973 917 ex
1019 863 1187 918 altero
1215 872 1276 918 ut
1301 879 1487 920 semen
1524 863 1656 919 ﬁdei
1696 879 1991 936 exsurgere

406 950 601 1004 debeat
639 950 691 1004 in
722 950 925 1020 spicam
955 950 1311 1019 operationis.
1344 950 1497 1017 Quod
1527 961 1582 1007 et
1613 951 1863 1008 Salvator
1892 969 1990 1009 no-

405 1049 519 1094 ster
548 1040 826 1096 evidenter
852 1039 1109 1095 ostendit.
1145 1038 1279 1095 Nam
1315 1056 1439 1096 cum
1479 1043 1793 1115 pmciperet
1828 1043 1987 1099 disci-

403 1131 567 1200 pulis,
616 1133 802 1188 dicens
834 1151 848 1187 :
899 1151 917 1185 ι
953 1133 1053 1198 lte,
1099 1134 1293 1189 docete
1338 1149 1531 1191 omnes
1566 1145 1775 1206 gentes,
1806 1138 1987 1207 bapti-

405 1232 594 1279 zantes
639 1238 735 1279 eos
770 1224 824 1279 in
875 1224 1094 1279 nomine
1136 1223 1348 1290 Patris,
1396 1234 1453 1280 et
1481 1225 1633 1293 Filii,
1662 1235 1719 1281 et
1755 1226 1988 1298 Spiritus

404 1314 608 1378 sancti;
656 1333 675 1367 ι
712 1315 957 1385 protinus
995 1300 1201 1369 addidit
1234 1331 1248 1367 :
1288 1334 1306 1367 ι
1336 1316 1602 1371 Docentes
1636 1331 1731 1372 eos
1770 1332 1988 1373 servare

403 1405 581 1459 omnia
630 1420 964 1476 quaecunque
1022 1406 1273 1460 mandavi
1332 1400 1495 1477 178
1550 1408 1699 1463 vobis
1752 1408 1984 1480 (Matth.

403 1496 618 1566 xxvtn).
649 1516 668 1548 ι
687 1498 763 1552 Ac
786 1497 832 1552 si
855 1507 1042 1567 aperte
1068 1498 1213 1552 dicat
1242 1515 1255 1551 :
1279 1498 1476 1553 Semen
1501 1496 1623 1553 ﬁdei
1652 1499 1706 1553 in
1732 1500 1987 1556 cordibus

401 1585 682 1639 hominum
734 1585 929 1649 serite,
972 1594 1028 1641 et
1066 1601 1190 1642 mox
1243 1588 1622 1642 mandatorum
1674 1589 1983 1658 germinan-

402 1677 536 1730 tittm
587 1678 792 1748 spicam
839 1678 1073 1747 qualiter
1099 1678 1431 1748 operationis
1466 1678 1647 1750 lingua
1676 1682 1985 1751 exprimere

1682 295 1751 352 IN
1787 293 2052 352 LIBRUM
2107 293 2425 353 JUDICUM.

407 409 613 478 spicam
648 410 867 479 quidem
894 408 1222 480 intelligunt,
1253 408 1372 475 sed,
1403 410 1530 482 quia
1560 411 1866 483 exprimere
1890 426 1988 466 ne-
2018 418 2065 476 Α
2093 410 2217 480 igne
2252 412 2483 482 mystice
2532 425 2631 482 per
2661 410 3006 470 Psalmis-tam
3050 416 3251 473 dicitur
3292 435 3306 473 :

3538 310 3675 365 109T)

3355 436 3374 472 ι
3429 417 3677 476 Tradidit

2093 501 2346 578 grandini
2394 499 2642 570 jumenta
2698 519 2922 571 eorum,
2973 515 3029 560 et
3074 510 3442 575 possessiones
3485 528 3675 569 eorum

2092 588 2203 661 igni
2232 589 2403 662 (Psal.
2427 596 2657 663 Lxxvu).
2693 613 2713 646 ι
2744 594 3008 661 Quoniam
3038 597 3178 653 sicut
3202 599 3331 654 boui
3363 605 3675 659 sacerdotes

2093 680 2203 736 Deo
2242 682 2611 750 quorumlibet
2658 684 2891 740 ﬁdelium
2930 687 3229 743 oblationes
3264 698 3318 745 et
3351 702 3474 746 vota
3518 708 3672 751 com-

2092 770 2374 839 mendant,
2404 772 2477 826 ita
2504 773 2818 845 plerumque
2846 777 2936 846 qui
2972 778 3145 833 sacris
3174 779 3433 838 altaribus
3466 784 3672 857 indigni

2090 869 2237 927 sunt,
2279 862 2614 920 horribiliter
2641 876 2888 937 gravant.
2918 866 3070 934 Quod
3107 879 3287 925 autem
3318 872 3444 927 mali
3485 890 3672 929 sacer-

2091 948 2244 1004 dotes
2288 949 2537 1021 vulpibus
2581 963 2984 1023 comparentur,
3012 955 3264 1012 Ezechiel
3305 973 3519 1031 quoque
3547 978 3676 1031 pro-

2088 1038 2249 1107 pheta
2291 1048 2541 1108 testatur,
2588 1042 2773 1098 dicens
2805 1061 2817 1097 :
2850 1062 2868 1096 s
2917 1044 3080 1112 Quasi
3117 1048 3305 1118 vulpes
3351 1051 3405 1105 in
3434 1053 3668 1111 desertis

2088 1129 2364 1198 propheta:
2393 1130 2468 1184 tui
2489 1140 2664 1196 erant,
2694 1132 2858 1187 Israel
2886 1132 3100 1204 (Ezech.
3132 1140 3273 1209 χιιι).
3306 1156 3325 1191 s

2592 1221 2755 1292 179
2792 1221 3019 1279 CAPUT
3061 1223 3174 1279 xu.

2387 1308 2455 1363 In
2485 1326 2722 1365 sermone
2755 1312 2820 1365 de
2851 1314 3045 1367 sanctis
3068 1316 3375 1386 virginibus.

2160 1396 2414 1455 Salvator
2449 1410 2660 1468 noster,
2705 1402 2760 1457 in
2804 1402 2965 1472 hujus
3007 1407 3189 1462 mundi
3225 1423 3475 1481 campum
3519 1423 3667 1483 pote-

2090 1496 2261 1545 states
2310 1505 2501 1546 aereas
2559 1492 2926 1548 debellaturus
2970 1496 3305 1564 adveniens,
3359 1516 3465 1556 non
3509 1502 3675 1574 elegit

2090 1582 2337 1638 rhetores
2386 1592 2443 1639 et
2485 1584 2867 1656 philosophos,
2899 1588 2992 1641 sed
3023 1588 3299 1658 simplices
3329 1607 3393 1647 ac
3420 1593 3673 1651 litterulis

2086 1670 2367 1727 industriae
2395 1687 2618 1743 prorsus
2655 1674 2907 1745 ignaros;
2942 1679 3228 1747 quoniam.
3251 1680 3392 1736 sicut
3418 1684 3498 1739 ait
3520 1685 3669 1755 Apo-

402 1767 659 1834 debeant,
702 1768 954 1834 edocete,
988 1784 1056 1825 ne
1086 1770 1452 1826 soloecismum
1493 1769 1695 1825 faciant
1738 1771 1793 1825 in
1836 1771 1984 1840 spica
2018 1776 2063 1835 B
2088 1759 2260 1814 ειοιυε
2300 1778 2314 1812 ε
2359 1779 2378 1812 σ
2412 1761 2543 1829 Qum
2569 1763 2732 1817 εῑυιιθ
2757 1774 2884 1819 sum
2913 1766 3072 1835 huius
3099 1770 3284 1824 mundi
3318 1770 3480 1843 9'98“
3503 1774 3669 1841 Deus.

400 1858 601 1926 operis,
635 1858 724 1926 qui
760 1873 819 1913 se
861 1859 927 1913 de
954 1868 1135 1914 monte
1164 1859 1450 1930 Ephraim,
1482 1859 1586 1916 hoc
1611 1867 1696 1916 est
1726 1862 1791 1917 de
1818 1861 1979 1916 celsi-

399 1949 586 2004 tudine
654 1964 776 2004 esse
841 1958 1109 2005 testantur
1169 1950 1554 2006 ecclesiastica:
1612 1950 1978 2007 fecunditatis.

399 2040 752 2112 Quapropter,
783 2040 1143 2108 dilectissimi,
1172 2057 1463 2098 caveamus
1499 2058 1567 2097 ne
1611 2042 1746 2099 ﬁdes
1794 2054 1981 2100 nostra

399 2133 727 2202 superducto
757 2147 855 2187 nos
899 2131 1067 2186 solius
1104 2130 1458 2200 professionis
1502 2132 1683 2188 colore
1724 2131 1978 2202 decipiat,

399 2232 455 2281 et
484 2235 737 2295 tanquam
771 2226 949 2280 inanis
974 2226 1144 2296 spica,
1177 2226 1499 2281 vacantibus
1525 2226 1747 2291 culmis,
1775 2227 1982 2296 absque

400 2317 705 2373 dilectionis
750 2316 982 2372 medulla
1034 2315 1299 2371 follescat.
1328 2315 1608 2370 imitemur
1645 2314 1803 2371 ﬁdem
1836 2332 1982 2371 mar-

400 2417 603 2480 tyrum,
636 2423 733 2477 per
760 2422 921 2477 quam
964 2406 1247 2461 vincentes
1284 2420 1451 2476 regna
1491 2413 1758 2460 terrarum
1798 2406 1978 2475 adepti

399 2509 526 2555 sunt
550 2500 771 2571 praemia
799 2498 1064 2570 promissa
1099 2497 1359 2553 caelorum
1391 2495 1577 2567 (Hebr.
1611 2495 1711 2567 χι).
1740 2494 1823 2551 Sit
1850 2511 1980 2567 ergo

400 2590 537 2646 ﬁdes
566 2599 752 2646 nostra
785 2588 977 2655 solida,
1024 2590 1097 2645 sit
1131 2603 1280 2653 vera,
1331 2586 1404 2642 sit
1449 2587 1693 2651 robusta,
1740 2593 1800 2639 ut
1833 2599 1981 2642 nunc

400 2687 577 2741 eundo
611 2702 708 2754 per
735 2685 895 2741 ﬁdem
925 2685 1305 2757 perveniamus
1349 2683 1416 2739 ad
1465 2683 1719 2755 speciem,
1746 2682 1979 2738 videndo

396 2783 493 2839 per
521 2768 820 2839 :euigmatis
848 2783 1131 2838 specutum
1157 2767 1207 2843 (ι
1233 2770 1355 2827 Cor.
1389 2770 1833 2841 xu;quandoque
1862 2783 1988 2842 per-

395 2859 661 2915 ducamur
688 2858 755 2914 ad
783 2858 952 2929 ipsius
977 2862 1204 2915 summa:
1232 2861 1475 2918 veritatis
1495 2861 1770 2919 obtutum.

1004 2973 1233 3031 CAPUT
1274 2973 1364 3029 XI.

396 3086 464 3141 In
482 3087 711 3162 epistola
752 3086 822 3162 ad
856 3085 1163 3140 Adelaidem
1190 3084 1526 3162 cornitissant,
1569 3098 1676 3162 qua
1704 3098 1820 3162 earn
1849 3098 1975 3162 eon-

466 3155 683 3229 faéderat
725 3158 963 3227 ep’iscoPO
1013 3164 1225 3226 propter
1271 3155 1705 3209 incontinentiam
1751 3155 1970 3207 clerico-

466 3246 604 3282 rum.

463 3319 616 3376 Sicut
644 3329 797 3375 vetus
827 3328 1013 3373 narrat
1042 3316 1269 3373 historia
1301 3333 1314 3369 :
1349 3333 1368 3367 ι
1396 3314 1550 3385 Cepit
1589 3312 1817 3369 Samson
1859 3323 1970 3369 tre-

392 3422 579 3470 centas
606 3414 813 3483 vulpes,
845 3412 1152 3480 caudasque
1178 3425 1366 3466 earum
1389 3408 1632 3477 adiunxit
1660 3410 1725 3463 ad
1748 3410 1969 3476 caudas,

391 3515 446 3560 et
502 3503 648 3559 faces
701 3504 885 3574 ligavit
933 3503 985 3557 in
1024 3503 1228 3568 medio;
1278 3517 1413 3572 quas
1462 3502 1587 3569 igne
1639 3503 1972 3557 succendens

392 3592 599 3649 dimisit
630 3600 688 3646 ut
739 3592 842 3645 huc
890 3590 1123 3661 illucque
1180 3591 1589 3645 discurrerent:
1627 3606 1746 3659 quae
1786 3593 1970 3646 statim

388 3692 749 3755 perrexerunt
785 3684 836 3738 in
876 3691 1087 3753 segetes
1128 3681 1557 3736 Philistinorum.
1593 3680 1797 3748 Quibus
1849 3680 1972 3736 suc-

389 3774 566 3829 censis
594 3784 648 3828 et
668 3771 1141 3843 comportataejam
1169 3770 1370 3841 fruges,
1394 3779 1451 3826 et
1470 3771 1650 3825 adhuc
1679 3780 1885 3825 stantes
1912 3770 1967 3825 in

387 3864 607 3932 stipula,
644 3872 999 3918 concremata:
1026 3870 1149 3917 sunt
1186 3861 1239 3915 in
1270 3870 1480 3915 tantum
1519 3867 1577 3913 ut
1614 3860 1799 3914 vineas
1829 3875 1967 3928 quo-

386 3969 492 4025 que
525 3962 579 4009 et
617 3952 812 4009 oliveta
841 3951 1055 4007 flamma
1081 3957 1425 4006 consumeret
1452 3948 1603 4020 (Iud.
1635 3949 1748 4020 xv).
1786 3968 1804 4001 ι
1841 3948 1970 4005 Haec

387 4045 551 4115 plane
588 4043 812 4099 historia
837 4042 964 4097 licet
985 4038 1359 4111 principaliter
1395 4039 1638 4108 designet
1660 4038 1966 4102 hmreticos,

386 4136 476 4205 qui
524 4134 676 4204 quasi
716 4132 1113 4188 trecentenario
1162 4143 1388 4184 numero
1433 4128 1808 4193 continentur,
1842 4129 1967 4198 quia

374 4235 587 4282 sanctae
614 4224 899 4280 Trinitatis
937 4223 1098 4278 ﬁdem
1138 4222 1466 4277 verbotenus
1494 4221 1839 4284 conﬁtentur,
1867 4220 1965 4275 sed

385 4318 513 4372 dum
545 4316 645 4372 sub
691 4315 996 4371 velamento
1023 4312 1339 4387 orthodoxa:
1381 4311 1503 4367 ﬁdei
1548 4311 1603 4365 in
1643 4311 1819 4380 prima
1852 4324 1966 4365 ser-

383 4405 559 4459 monis
595 4405 676 4459 sui
707 4405 885 4459 fronte
910 4419 969 4459 se
998 4404 1246 4474 pailiant,
1280 4403 1457 4471 ignem
1482 4392 1663 4472 prava:
1698 4400 1962 4456 doctrina:

378 4602 499 4641 rum
533 4593 858 4650 exurantur,
898 4584 1207 4648 occultant;
1249 4583 1524 4651 quamvis,
1575 4582 1828 4650 inquam,
1862 4596 1960 4650 per

376 4678 477 4733 has
506 4676 695 4745 vulpes
717 4675 1065 4745 designentur
1111 4672 1375 4737 haeretici,
1420 4672 1507 4726 his
1547 4680 1726 4725 tamen
1770 4672 1960 4727 incon-

377 4772 613 4827 tinentes
644 4769 826 4825 clerici
857 4785 978 4824 cum
1010 4770 1123 4824 suis
1156 4768 1436 4839 pellicibus
1468 4775 1693 4836 possunt
1724 4782 1830 4822 non
1871 4768 1957 4822 in-

375 4862 764 4919 convenieuter
791 4861 987 4929 aptari,
1027 4861 1116 4929 qui
1148 4860 1301 4928 quasi
1351 4859 1543 4914 solutis
1572 4859 1795 4928 pedibus
1827 4874 1953 4929 gra-

374 4955 617 5022 diuntur,
647 4958 772 5011 dum
802 4955 1100 5010 honestatis
1126 4955 1414 5024 aliquando
1437 4953 1669 5023 speciem
1695 4952 1951 5008 simulare

373 5050 744 5117 praetendunt;
780 5046 873 5101 sed
908 5062 1029 5101 cum
1062 5046 1305 5101 accensis
1337 5045 1541 5100 facibus
1570 5043 1952 5097 combinantur

375 5138 429 5193 iu
456 5139 660 5203 caudis,
692 5138 813 5207 quia
842 5137 994 5207 quasi
1034 5136 1352 5207 postposito,
1382 5145 1458 5201 et,
1484 5135 1536 5188 in
1567 5143 1827 5204 quantum
1857 5149 1951 5189 va-

375 5231 507 5297 lent,
541 5231 734 5286 occulti
777 5234 897 5302 igne
936 5230 1193 5301 impudici
1242 5228 1685 5298 conglutinantur
1726 5226 1947 5280 amoris.

375 5320 468 5375 liae
488 5322 686 5389 itaque
714 5320 1028 5389 vulpeculae,
1064 5319 1187 5389 igne
1211 5316 1601 5372 interveniente
1623 5315 1947 5383 conjunctae,

371 5422 426 5467 et
454 5412 694 5466 libidinis
724 5410 934 5465 facibus
958 5410 1296 5474 combinataa,
1329 5409 1509 5462 omnia
1541 5406 1946 5481 Philistinorum

371 5512 490 5558 sata
539 5510 905 5559 consumunt:
934 5502 1061 5571 quia
1097 5500 1405 5571 spirituales
1449 5498 1656 5552 fructus
1696 5496 1949 5552 Ecclesiae

370 5595 675 5656 destruunt,
700 5601 753 5646 et
783 5600 1041 5660 quantum
1074 5592 1140 5645 ad
1171 5606 1250 5655 se,
1282 5591 1420 5646 bona
1448 5602 1612 5660 opera
1651 5586 1824 5642 ﬁdelis
1849 5601 1949 5655 po-

368 5683 481 5755 puli
527 5683 723 5739 divinte
759 5681 1146 5752 indignationis
1184 5682 1308 5752 igne
1348 5678 1703 5739 succendunt.
1738 5678 1812 5734 De
1838 5693 1949 5748 quo

2084 1859 2145 1905 ut
2189 1852 2486 1909 confundat
2547 1855 2849 1925 sapientes;
2898 1867 2952 1913 et
3000 1859 3237 1928 inﬁrma,
3270 1871 3331 1917 ut
3376 1866 3674 1924 confundat

2082 1941 2246 1997 fortia
2277 1942 2329 2014 (I
2356 1943 2478 1999 Cor.
2506 1946 2570 2018 ι).
2604 1964 2625 1999 ι
2656 1945 2770 2002 Hoc
2792 1964 3026 2019 namque
3058 1950 3147 2006 illa
3178 1951 3408 2010 Samson
3441 1957 3667 2014 victoria

2080 2034 2222 2090 bene
2260 2036 2545 2107 ﬁguravit,
2585 2054 2689 2108 qua
2715 2040 3102 2108 [mandibulam
3144 2046 3282 2100 asini
3319 2046 3667 2105 fervefactam

2079 2125 2378 2196 arripiens,
2419 2128 2569 2184 mille
2621 2129 3032 2187 Philistinorum
3079 2135 3229 2192 viros
3273 2138 3493 2195 occidit.
3527 2140 3668 2210 Quid

2078 2214 2223 2268 enim
2268 2231 2365 2285 per
2396 2218 2761 2283 mandibulam
2814 2222 2985 2288 asini,
3015 2226 3157 2293 quod
3204 2226 3392 2299 utique
3436 2231 3666 2302 simplex

2078 2315 2165 2361 est
2196 2308 2428 2374 animal,
2457 2310 2560 2364 nisi
2600 2311 2848 2382 imperita
2879 2315 3203 2385 simplicium
3243 2321 3521 2378 hominum
3568 2342 3666 2381 ora

2079 2395 2403 2466 signantur?
2430 2397 2658 2455 Samson
2690 2402 2874 2472 itaque
2904 2420 3009 2461 non
3034 2422 3156 2462 cum
3185 2411 3383 2480 armis,
3410 2430 3516 2471 non
3542 2432 3665 2473 cum

2080 2485 2309 2543 diversis
2353 2488 2580 2544 telorum
2643 2494 2969 2562 generibus,
3030 2499 3124 2553 sed
3181 2516 3305 2555 cum
3356 2508 3666 2564 mandibula

2079 2576 2218 2630 asini
2265 2578 2410 2634 mille
2451 2572 2596 2637 viros
2627 2584 2865 2651 occidit,
2915 2587 3040 2657 quia
3090 2588 3420 2662 Redemptor
3456 2609 3665 2669 noster,

2077 2679 2239 2735 quem
2270 2668 2362 2759 ille
2384 2670 2653 2741 signabat,
2682 2688 2807 2728 cum
2846 2676 3113 2745 imperitis
3138 2690 3192 2736 et
3224 2684 3449 2742 rudibus
3482 2668 3664 2759 perfe-F

2078 2762 2228 2810 ctum
2275 2757 2571 2815 inﬁdelium
2623 2779 2906 2820 numerum
2969 2783 3001 2822 a
3057 2770 3167 2825 vita
3217 2776 3416 2832 veteris
3459 2757 3665 2836 erroris

2077 2847 2358 2905 exstinxit.
2403 2849 2541 2919 Quid
2570 2862 2751 2909 autem
2793 2856 3017 2925 mirum,
3061 2861 3104 2915 si
3151 2874 3369 2922 sanctos
3398 2870 3662 2937 praedica-

2078 2943 2223 2993 tores
2249 2954 2348 3008 per
2373 2941 2510 2997 asini
2540 2945 2811 3000 maxillam
2838 2962 3052 3004 sacrum
3082 2952 3330 3023 designet
3358 2957 3656 3028 eloquium,

2077 3044 2201 3085 cuto
2228 3042 2283 3087 et
2328 3033 2503 3104 ipsum
2541 3038 2943 3106 praedicationis
2994 3043 3220 3099 verbum
3270 3061 3368 3116 per
3398 3050 3660 3108 hordeum

1999 3132 2044 3194 ο
2075 3122 2397 3192 quandoque
2426 3125 2736 3195 denuntiet,
2764 3131 2907 3197 quod
2936 3140 3017 3185 est
3055 3134 3240 3202 utique
3280 3137 3538 3204 pabulum
3572 3139 3665 3207 ju-

2078 3215 2422 3267 mentorum?
2452 3215 2605 3281 Quod
2653 3227 2804 3273 certe
2849 3235 2954 3274 non
2985 3224 3144 3279 modo
3171 3241 3269 3295 per
3306 3227 3661 3301 Evangelicos

2077 3303 2317 3371 quinque
2362 3319 2528 3374 panes
2559 3309 2873 3378 agnoscitur
2913 3311 3108 3382 (Joan.
3135 3315 3257 3386 v1),
3285 3318 3379 3373 sed
3409 3336 3505 3390 per
3534 3322 3661 3377 illud

2075 3406 2290 3463 quoque
2328 3396 2470 3465 quod
2518 3396 2638 3463 ille,
2677 3399 2767 3468 qui
2809 3400 2861 3455 in
2908 3403 3104 3459 castris
3147 3404 3360 3464 Madian
3397 3426 3468 3481 .se
3515 3428 3662 3468 som-

2074 3484 2255 3539 niasse
2304 3487 2640 3555 perhibebat,
2687 3491 2836 3546 socio
2885 3492 3154 3550 referebat
3198 3515 3213 3551 :
3256 3516 3275 3551 t
3328 3498 3656 3571 Videbatur,

2074 3574 2285 3646 inquit,
2318 3578 2447 3632 mihi
2496 3581 2651 3649 quasi
2702 3584 3093 3643 subcinericius
3142 3590 3298 3657 panis
3340 3608 3409 3647 ex
3451 3593 3658 3650 hordeo

2072 3669 2248 3734 volvi,
2294 3680 2348 3725 et
2393 3671 2444 3725 in
2492 3671 2703 3729 Madian
2758 3686 2937 3732 castra
2989 3679 3316 3737 descendere
3362 3700 3376 3737 :
3421 3700 3655 3756 cumque

2076 3759 2238 3829 180
2266 3763 2603 3830 pervenisset
2631 3766 2699 3820 ad
2746 3766 3186 3838 tabernaculum,
3213 3774 3481 3842 percussit
3527 3774 3656 3830 illud

2072 3861 2237 3921 atque
2261 3853 2526 3908 subvertit
2553 3854 2703 3927 (Jud.
2738 3856 2859 3926 vlt).
2892 3877 2911 3909 ι

2655 3944 2885 4002 CAPUT
2927 3947 3063 4003 Xlll.

2319 4032 2387 4088 In
2427 4035 2644 4103 epistola
2683 4037 2752 4090 ad
2791 4041 3071 4093 canonicos
3115 4038 3405 4099 Fanenses.

2138 4123 2240 4192 Qui
2293 4125 2428 4181 alios
2473 4127 2539 4181 ad
2591 4128 2932 4185 rectitudinis
2975 4132 3118 4186 viam
3160 4135 3320 4190 debet
3359 4137 3652 4207 instruere,

2067 4213 2223 4269 valde
2252 4217 2553 4271 cavendum
2585 4225 2669 4271 est
2709 4232 2777 4272 ne
2807 4219 2942 4289 ipse,
2985 4221 3129 4290 quod
3175 4224 3337 4290 absit,
3384 4226 3437 4281 in
3468 4227 3651 4299 aliquo

2066 4304 2315 4360 videatur
2349 4320 2558 4361 errare.
2589 4307 2727 4363 Hinc
2755 4318 2839 4364 est
2874 4313 3016 4380 quod
3060 4312 3389 4372 lsraeliticus
3425 4320 3653 4389 populus

2065 4396 2132 4451 ad
2155 4397 2520 4454 ulciscendum
2536 4400 2716 4455 scelus
2743 4400 3018 4471 Benjamin
3045 4403 3329 4480 [Belamin]
3347 4409 3462 4466 zelo
3486 4414 3650 4468 recti-

274 4550 285 4554 ,
382 4496 435 4550 in
466 4495 878 4565 posterioribus,
911 4510 1018 4563 quo
1042 4493 1224 4561 fruges
1258 4493 1497 4547 omnium
1538 4492 1803 4547 bonorum
1833 4507 1958 4561 ope-
1990 4481 2039 4541 Ι)
2066 4487 2267 4543 tudinis
2296 4488 2681 4556 inflammatur,
2721 4500 2777 4545 et
2806 4499 2982 4548 tamen
3023 4494 3164 4550 idem
3197 4498 3423 4567 populus
3453 4500 3649 4570 gladiis

2059 4576 2342 4646 Beniamin
2388 4589 2513 4633 ante
2553 4580 2919 4648 prosternitur
2956 4581 3106 4650 (Iud.
3152 4584 3266 4655 xx).
3302 4586 3470 4653 Quem
3499 4592 3644 4646 enim

2027 4676 2166 4722 “non
2197 4675 2410 4723 moveat
2434 4669 2575 4738 quod
2601 4668 2861 4724 Dominus
2896 4671 2980 4726 bis
3016 4672 3405 4745 interrogatus,
3454 4679 3539 4733 bis
3577 4681 3646 4735 ad

2058 4756 2353 4812 ineundum
2382 4769 2568 4813 contra
2594 4758 2874 4829 Benjamin
2902 4761 3145 4830 prasliutn
3167 4765 3313 4819 dedit
3336 4782 3641 4837 assensum,

2058 4857 2115 4901 et
2140 4855 2318 4901 tamen
2364 4847 2418 4902 in
2462 4848 2640 4917 primo
2666 4850 2967 4905 certamine
3012 4852 3197 4922 viginti
3244 4856 3349 4911 duo
3379 4859 3543 4913 millia
3575 4864 3644 4917 de

2056 4938 2340 5004 lsraelitis,
2373 4940 2428 4994 in
2478 4941 2717 4997 secundo
2763 4958 2895 5000 vero
2942 4944 3127 5001 decem
3179 4957 3232 5003 et
3286 4959 3408 5005 octo
3472 4953 3639 5009 millia

2058 5026 2413 5087 ceciderunt?
2466 5031 2605 5100 Quid
2683 5032 2850 5105 igitur
2933 5035 2988 5091 in
3072 5037 3158 5092 his
3234 5040 3638 5112 intelligendum

2058 5132 2179 5190 est,
2245 5124 2373 5194 quid
2430 5127 2807 5191 sentiendum,
2865 5127 2970 5183 nisi
3020 5131 3143 5199 quia
3200 5132 3350 5200 prius
3412 5135 3637 5189 curandi

2058 5228 2184 5273 sunt
2224 5233 2255 5272 a
2287 5225 2502 5273 tumore
2532 5221 2733 5290 proprii
2788 5221 3025 5277 vulneris
3066 5223 3157 5291 qui
3208 5224 3374 5279 ferire
3419 5227 3637 5284 morbos

2057 5308 2249 5364 alienae
2291 5312 2529 5381 gestiunt
2572 5311 2877 5381 pravitatis,
2925 5321 2982 5366 ut
3012 5314 3112 5382 ipsi
3156 5313 3270 5381 jam
3323 5318 3506 5371 mundi
3537 5333 3638 5388 per

2054 5401 2313 5456 ultionem
2370 5402 2569 5457 suimet
2633 5404 2851 5459 veniant
2912 5396 3001 5474 qui
3067 5406 3294 5461 aliorum
3346 5421 3632 5477 percutere

2051 5509 2215 5565 prava
2246 5495 2536 5559 festinant,
2575 5496 2715 5551 sicut
2754 5498 2805 5551 in
2853 5496 3143 5568 Evangelio
3177 5500 3373 5555 dicitur
3420 5520 3433 5555 :
3473 5522 3492 5554 ‹
3528 5506 3634 5573 Qui

2051 5587 2169 5641 sine
2217 5596 2444 5655 peccato
2478 5596 2560 5643 est
2604 5597 2842 5643 vestrum
2920 5590 3071 5659 prius
3115 5591 3167 5646 in
3202 5591 3347 5648 illam
3395 5595 3631 5666 lapidem

2053 5679 2319 5750 mittat?)
2353 5678 2533 5750 (Joan.
2559 5681 2710 5752 vni.)
2734 5681 2885 5737 Unde
2914 5692 3061 5740 recte
3081 5700 3206 5742 cum
3236 5686 3310 5743 iiii
3344 5689 3631 5746 Dominum
