4058 6178
468 350 605 407 1091

1366 340 1864 400 COLLECTANEA
1923 339 1991 397 IN
2030 340 2261 399 VETUS
2300 340 2852 400 TESTAMENTUM.

3611 346 3754 403 109?.

466 463 815 522 consulentes
849 463 1076 522 dicunt:
1115 480 1134 517 α
1169 462 1302 530 Quis
1344 464 1453 519 erit
1496 462 1549 517 iu
1578 464 1822 520 exercitu
1868 471 2057 520 nostro
2086 471 2132 531 Α
2155 464 2323 533 iudex
2373 463 2758 528 constituitur,
2788 466 2853 517 ut
2903 462 3161 519 nimirum
3207 464 3363 534 prius
3394 478 3491 536 per
3538 466 3752 523 confes-

467 556 725 626 princeps
749 556 1062 613 certaminis
1089 565 1275 611 contra
1304 555 1584 625 Beniamin
1615 557 1791 612 ﬁlios?
1812 557 2057 627 Respon-

469 644 592 699 dit:
622 643 788 700 ludas
831 646 905 700 sit
955 645 1060 700 dux
1110 654 1293 701 vester
1331 646 1483 717 (Jud.
1526 647 1644 717 xx).
1681 666 1700 699 ι
1736 647 1869 713 Quia
1909 648 2054 703 enim

462 734 637 791 Judas
662 735 924 806 confessio
968 735 1378 807 interpretatur,
1413 746 1564 793 recte
1606 738 1715 793 dux
1756 738 1899 793 illius
1930 736 2053 794 belli

2165 556 2373 609 sionem
2414 552 2633 623 propria
2676 552 2933 635 studeant
2976 564 3153 607 emta
3183 553 3476 625 corrigere,
3502 554 3595 626 qui
3624 555 3751 615 aliit

2164 647 2353 703 volunt
2378 661 2623 702 errorem
2653 645 3040 703 conﬁtentibus
3071 646 3388 705 subvenire.

1567 851 1870 923 Expliciunt
1900 840 2199 905 testimonia
2231 846 2352 902 libri
2375 846 2647 901 Judicum.

1365 962 1711 1019 INCIPIUNT
1750 958 2093 1017 CAPITULA
2140 958 2322 1014 LIBRI
2366 954 2555 1012 PRIMI
2594 952 2860 1011 REGUM.

539 1076 592 1147 l.
636 1074 712 1131 De
743 1074 898 1141 Heli,
931 1079 1020 1147 qui
1044 1078 1276 1147 ﬂiiorum
1307 1086 1518 1147 peccata
1552 1093 1653 1147 non
1684 1073 2143 1147 dignecorripuit.

535 1146 593 1201 2.
636 1147 814 1212 Quod,
849 1137 972 1200 dum
1008 1137 1141 1202 cives
1171 1137 1330 1200 lube}
1364 1146 1571 1200 Ga’laad
1603 1137 1772 1214 {redu's
1800 1144 1864 1198 ab
1894 1137 2018 1196 Naa
2040 1141 2358 1214 Ammonite,
2383 1140 2472 1214 qui
2502 1155 2617 1193 eam
2645 1137 2932 1203 obsidebat,
2963 1148 3282 1207 expeterent,
3311 1137 3461 1196 Naas
3487 1148 3759 1214 respondi:

706 1219 760 1272 in
790 1210 886 1271 lioc
914 1235 968 1271 se
997 1234 1113 1270 cum
1142 1219 1213 1287 eis
1242 1218 1397 1285 ferire
1427 1210 1618 1285 finitus,
1647 1228 1700 1267 ut
1739 1225 1939 1267 erueret
1968 1214 2199 1290 omnium
2227 1210 2405 1290 oculos
2430 1211 2661 1262 dextros.
2752 1278 2765 1290 .
3019 1279 3031 1290 .

539 1287 597 1341 3.
638 1285 686 1338 F
688 1288 811 1341 ilius
840 1290 994 1341 unius
1019 1289 1145 1339 mini
1166 1279 1275 1339 erat
1310 1279 1466 1350 Saui,
1498 1303 1615 1361 cum
1641 1300 1858 1361 regnare
1887 1284 2119 1361 coepisset
2149 1295 2170 1334 ι
2203 1282 2609 1361 duobus‘autem.
2634 1279 3052 1361 annisreguavi}
3081 1295 3240 1361 super
3258 1279 3452 1337 Israel.

534 1359 592 1411 4.
635 1357 789 1422 Quod
821 1374 940 1411 cum
974 1357 1107 1412 Saul
1139 1373 1356 1424 regnare
1384 1348 1555 1423 erepit,
1586 1348 1733 1423 faber
1762 1348 2018 1424 ferrarius
2056 1369 2160 1424 non
2198 1352 2553 1424 inveniebatur
2590 1348 2645 1402 in
2676 1350 2815 1402 omni
2846 1359 2987 1424 terra
3016 1348 3206 1424 Israel.

542 1428 597 1482 5.
639 1420 718 1482 De
758 1428 935 1483 Merob
962 1438 1007 1480 et
1042 1420 1257 1490 Michoi,
1280 1420 1492 1495 ﬁliabus
1526 1420 1681 1490 Saul,
1708 1420 1839 1495 quas
1866 1423 1954 1479 ille
1980 1422 2249 1492 [adoravit
2276 1420 2446 1475 David
2478 1422 2533 1474 in
2562 1435 2787 1485 uxores;
2819 1420 2908 1473 sed
2936 1436 3043 1472 una
3065 1421 3357 1490 subtracta,
3390 1421 3610 1482 alteram
3655 1430 3760 1485 sibi

708 1498 875 1551 David
904 1514 1116 1550 uxorem
1145 1497 1438 1567 conjunxit.

534 1568 594 1641 6.
638 1568 791 1641 Quod
821 1568 1009 1641 David,
1042 1584 1073 1620 a
1106 1555 1407 1641 facie'regig
1438 1565 1568 1641 seu!
1592 1565 1819 1635 fugiens,
1850 1578 2027 1641 coram
2057 1561 2214 1641 dehis
2245 1575 2364 1641 rege
2391 1555 2521 1612 Geth
2558 1576 2612 1641 se
2642 1558 2818 1641 furere
2841 1558 3126 1641 simulauit.

538 1640 593 1695 7.
635 1630 713 1696 De
739 1638 1058 1709 l’ytltoniua
1082 1630 1198 1708 qua:
1222 1630 1493 1707 regi'Saul
1521 1630 1776 1706 boua'pro
1803 1634 1959 1688 malis
1983 1632 2205 1686 reddens
2236 1630 2456 1685 uitulum
2487 1632 2627 1687 coxit
2665 1640 2714 1688 ct
2742 1630 2979 1687 edulium
3005 1633 3345 1702 prwparavit.

1813 1745 2122 1819 Expliciunt
2155 1744 2411 1816 capitula.

697 1906 1336 1999 INCIPIUNT
1398 1898 2153 1993 TESTIMONIA
2203 1899 2535 1988 LIBRI
2614 1899 2966 1987 PRIMI
3049 1899 3500 1994 REGUM.

794 2077 950 2149 181
965 2074 1148 2146 -182
1195 2070 1423 2130 CAPUT
1460 2069 1752 2126 PRIMUM.

529 2188 599 2244 In
628 2185 851 2258 epistola
878 2186 949 2241 ad
978 2182 1265 2266 Nicolaum
1290 2196 1503 2252 papam,
1536 2182 1601 2235 de
1630 2180 2009 2237 incontinentia
2042 2200 2043 2203 η

1069 2269 1452 2324 episcoporum.
1552 2314 1561 2317 _

544 2348 688 2413 Heli,
719 2348 811 2418 qui
839 2347 1070 2402 ﬁliorum
1096 2353 1322 2415 peccata
1351 2342 1625 2414 cognovit,
1646 2342 1742 2399 sed
1767 2356 1862 2397 eos
1885 2339 2066 2397 invec—

466 2443 618 2497 tione
643 2455 748 2512 qua
775 2439 925 2511 digni
948 2445 1107 2492 erant
1126 2435 1391 2491 acerrima
1417 2450 1521 2489 non
1547 2432 1832 2503 corripuit,
1858 2432 2067 2487 eisdem

471 2531 600 2586 ﬁliis
632 2545 662 2584 a
696 2527 985 2584 Philistiim
1018 2525 1069 2580 in
1097 2524 1240 2579 bello
1266 2523 1582 2594 peremptis,
1607 2523 1722 2594 ipse
1743 2537 1959 2595 quoque
1999 2520 2067 2576 de

468 2623 603 2679 sella
633 2632 934 2683 retrorsum
953 2618 1153 2675 cecidit
1182 2617 1481 2686 fractisque
1503 2614 1809 2671 cervicibus
1824 2613 2068 2681 exspira-

465 2715 568 2768 vit.
596 2713 735 2780 Quin
776 2719 828 2767 et
866 2726 994 2767 arca
1041 2708 1252 2765 Domini
1293 2707 1361 2762 ab
1396 2707 1647 2764 hostibus
1683 2714 1839 2776 capta
1875 2714 1982 2769 est,
2011 2711 2069 2760 et

464 2805 622 2876 prius
653 2803 871 2873 quidem
903 2809 1135 2870 quatuor
1175 2798 1364 2863 millia,
1404 2798 1598 2853 deinde
1640 2797 1860 2866 triginta
1898 2795 2066 2851 millia

470 2895 714 2949 virorum
768 2899 896 2947 sunt
955 2890 1232 2945 Philistzco
1296 2889 1601 2944 trucidante
1652 2896 1944 2958 prostrata.
2000 2886 2069 2941 Et

466 2986 692 3054 quidem
722 2982 1023 3052 redarguit,
1055 2989 1111 3036 et
1137 2981 1355 3051 quidem
1382 2980 1674 3051 corripuit;
1715 2981 1808 3036 sed
1846 2980 2069 3037 lenitate

468 3083 528 3128 et
558 3073 974 3129 mansuetudine
1024 3071 1215 3140 patris,
1250 3086 1356 3125 non
1387 3070 1677 3127 severitate
1706 3070 1793 3126 vel
1830 3071 2070 3127 auctori.-

468 3170 585 3216 tute
617 3161 889 3231 pontiﬁcis
917 3179 930 3215 :
966 3180 984 3213 r
1016 3161 1217 3229 Quare,
1247 3160 1457 3231 inquit,
1489 3159 1669 3218 facitis
1697 3176 1783 3217 res
1813 3161 2068 3231 hujusce-

474 3252 646 3316 modi,
680 3267 816 3323 quas
839 3268 940 3324 ego
968 3252 1148 3320 audio,
1184 3267 1272 3307 res
1293 3252 1557 3321 pessimos
1576 3251 1646 3307 ab
1670 3252 1817 3309 omni
1842 3253 2064 3323 populo?

468 3342 669 3407 Nolite,
706 3343 800 3398 ﬁlii
832 3344 968 3409 mei;
999 3358 1103 3398 nou
1134 3352 1217 3399 est
1250 3343 1405 3419 enim
1424 3342 1569 3399 bona
1598 3342 1742 3399 fama
1770 3359 1932 3413 quam
1963 3360 2063 3400 auo

2094 2052 2299 2132 B’dicit
2327 2066 2588 2124 Dominus
2612 2081 2626 2124 :
2652 2050 2837 2134 Quare.
2850 2067 3002 2124 calce
3023 2068 3257 2140 abjicitis
3280 2070 3555 2127 victimam
3580 2090 3758 2132 meam

2166 2164 2221 2215 et
2245 2172 2469 2212 munera
2498 2172 2639 2222 mea,
2671 2172 2791 2227 qua:
2815 2160 3067 2229 praecepi,
3100 2158 3505 2219 utoﬁ‘errentur
3530 2163 3587 2218 in
3620 2176 3760 2222 tem-

2165 2247 2347 2320 plo.et
2367 2249 2539 2320 magis
2565 2249 2843 2306 bonorasti
2869 2249 3013 2307 ﬁlios
3042 2259 3161 2308 tuos
3179 2267 3342 2322 quam
3368 2255 3484 2310 me?
3504 2275 3524 2308 ι
3549 2255 3599 2327 (1
3622 2256 3756 2331 Reg.

2167 2338 2248 2410 ιι).
2295 2339 2354 2394 Si
2396 2354 2527 2413 ergo
2570 2339 2689 2396 Heli
2725 2349 2948 2411 propter
2974 2342 3110 2399 duos
3136 2345 3399 2402 duntaxat
3428 2347 3590 2415 ﬁlios,
3620 2364 3758 2418 quos

2164 2441 2275 2485 non
2301 2443 2362 2485 ea
2393 2443 2500 2501 qua
2525 2428 2674 2499 digni
2700 2440 2861 2487 erant
2890 2431 3201 2489 invectione
3224 2434 3509 2504 corripuit,
3533 2453 3655 2492 cum
3676 2440 3757 2495 eis

2168 2516 2328 2573 simul
2357 2527 2413 2573 et
2447 2533 2570 2573 eum
2614 2528 2697 2574 tot
2733 2519 3015 2578 hominum
3047 2523 3395 2582 multitudine
3427 2527 3621 2598 periit,
3651 2544 3753 2598 qua

2167 2606 2496 2663 arbitramur
2536 2608 2728 2680 dignos
2756 2625 2877 2666 esse
2912 2613 3182 2669 sententia
3213 2614 3305 2684 qui
3338 2616 3393 2671 in
3422 2616 3543 2672 aula
3578 2618 3756 2674 eccle-

2167 2697 2385 2753 siastica
2413 2708 2467 2753 et
2493 2699 2645 2755 soliis
2662 2700 3022 2770 judicantium
3052 2704 3343 2774 praesident
3365 2714 3420 2761 et
3452 2722 3620 2777 super
3646 2724 3752 2761 non

2169 2788 2366 2863 ignotis
2395 2806 2687 2863 pravorum
2733 2792 3014 2850 hominum
3053 2796 3375 2854 criminibus
3415 2807 3627 2864 tacent;
3660 2798 3753 2870 qui

2167 2881 2292 2937 dum
2335 2881 2696 2939 dehonestare
2736 2884 2986 2940 homines
3034 2886 3086 2940 in
3131 2888 3346 2958 publico
3389 2900 3654 2956 metuunt,
3688 2892 3754 2945 ad

2166 2969 2553 3027 contumeliam
2591 2975 2809 3043 superni
2848 2974 3058 3031 Judicis
3092 2978 3289 3033 divinae
3323 2979 3455 3051 legis
3498 2983 3755 3037 mandata

2166 3063 2525 3131 confundunt,
2569 3074 2625 3120 et
2671 3067 2798 3121 dum
2846 3067 3073 3138 perditis
3116 3069 3427 3127 hominibus
3471 3075 3753 3129 amittendi

2168 3155 2393 3210 honoris
2422 3154 2659 3211 ofﬁcium
2684 3166 2925 3223 servant,
2958 3159 3132 3229 ipsum
3164 3161 3544 3217 ecclesiasticae
3575 3165 3754 3237 digni-

2168 3244 2295 3298 tatis
2312 3244 2604 3301 Auctorem
2631 3248 2928 3303 crudeliter
2951 3248 3312 3305 iubonorant?
3338 3251 3485 3308 Unde
3503 3263 3558 3310 et
3578 3255 3754 3311 eidem

2167 3333 2308 3399 Heli,
2344 3338 2434 3406 qui
2470 3337 2663 3402 Deum,
2694 3353 2825 3395 suos
2856 3338 2995 3395 ﬁlios
3027 3340 3369 3409 honorando,
3405 3353 3751 3415 contempse—

471 3434 560 3488 dio
588 3433 641 3507 (Ι
667 3432 797 3505 Reg.
829 3432 912 3501 ll).
947 3454 967 3487 ι
996 3434 1251 3489 Audierat
1286 3428 1462 3496 edim.
1496 3432 1777 3505 Scriptura
1807 3444 2057 3502 testante,

2170 3433 2283 3491 rat,
2319 3426 2500 3481 divina
2528 3443 2631 3483 vox
2664 3429 2743 3483 ait
2771 3444 2785 3482 :
2821 3447 2839 3480 ‹
2879 3429 3200 3502 Quicunque
3224 3433 3615 3505 gloriﬁcavcrit
3640 3452 3751 3502 me,

460 3527 597 3595 quia
636 3526 981 3583 dormiebant
1015 3540 1135 3579 cum
1168 3524 1508 3592 mulieribus,
1542 3538 1678 3594 quas
1699 3527 2062 3583 observabant

466 3614 537 3668 ad
567 3614 768 3669 ostium
794 3613 1148 3670 tabernaculi.
1176 3611 1346 3667 Porro
1372 3628 1508 3682 quos
1534 3614 1781 3671 inimicos
1804 3614 1898 3671 Dei
1924 3616 2060 3672 vidit

470 3702 525 3757 in
559 3704 857 3772 perniciem
892 3719 1044 3758 suam
1078 3703 1215 3758 lilios
1246 3705 1577 3773 recognovit,
1606 3715 1660 3760 et
1700 3721 1836 3777 quos
1876 3707 2059 3764 hostili

464 3793 636 3849 ferire
668 3794 847 3865 gladio
886 3795 1070 3851 debuit
1105 3805 1345 3867 paterna:
1385 3796 1660 3852 blanditiae
1695 3798 1914 3855 lenitate
1947 3802 2061 3873 pal-

470 3886 644 3955 pavit.
678 3884 793 3939 Non
827 3886 906 3940 sic
946 3885 1035 3940 ille
1079 3886 1251 3942 ﬁdelis
1291 3888 1346 3942 in
1386 3887 1547 3943 domo
1586 3888 1798 3945 Domini
1829 3889 2061 3950 famulus

470 3975 706 4047 Moyses,
750 3977 1007 4046 magister
1057 3976 1309 4031 videlicet
1350 3977 1567 4048 ingenui
1607 3978 1861 4034 Phinees.
1896 3981 2061 4036 Stans

471 4067 620 4121 enim
657 4067 709 4121 in
748 4079 902 4138 porta
941 4076 1246 4123 castrorum
1278 4068 1353 4122 ait
1380 4086 1393 4123 :
1425 4088 1443 4120 ι
1476 4068 1533 4125 Si
1575 4072 1697 4141 quis
1726 4082 1809 4128 est
1849 4072 2059 4130 Domini

460 4158 727 4229 jungatur
766 4160 939 4225 mihi;
971 4161 1392 4233 congregatique
1422 4170 1546 4216 sunt
1592 4162 1659 4216 ad
1706 4177 1831 4217 eum
1872 4178 2061 4221 omnes

470 4237 567 4302 filii
591 4249 740 4314 Levi,
768 4252 964 4318 quibus
988 4252 1091 4305 ait:
1111 4251 1235 4307 Hmc
1259 4253 1389 4307 dicit
1412 4252 1669 4308 Dominus
1691 4254 1832 4309 Deus
1852 4256 2017 4311 Israel
2041 4272 2056 4311 :

468 4338 643 4395 Ponat
672 4341 911 4411 gladium
946 4343 1029 4397 vir
1067 4357 1229 4412 super
1268 4342 1445 4397 femur
1480 4358 1666 4411 suum;
1698 4344 1772 4399 ite
1806 4354 1863 4400 et
1890 4348 2062 4405 redite

469 4430 540 4483 de
586 4440 741 4498 porta
797 4447 968 4502 usque
1016 4433 1081 4487 ad
1131 4442 1341 4503 portam
1385 4442 1715 4501 castrorum,
1751 4442 1807 4488 et
1850 4437 2062 4493 occidat

476 4524 849 4594 unusquisque
871 4523 1120 4589 fratrem,
1145 4536 1200 4578 et
1224 4526 1528 4594 proximum
1551 4534 1607 4580 et
1627 4526 1859 4582 amicum
1879 4543 2058 4585 suum.

469 4613 638 4671 Caesis
679 4614 863 4684 itaque
900 4614 1089 4686 viginti
1134 4615 1307 4670 tribus
1348 4614 1586 4670 millibus
1631 4616 1945 4685 hominum,
1984 4619 2062 4676 ait

470 4706 685 4778 lloyses
714 4725 726 4761 :
757 4707 1129 4765 Consecrastis
1160 4724 1355 4767 manus
1385 4719 1594 4765 vestras
1632 4710 1793 4766 hodie
1809 4711 2060 4779 Domino.

2169 3515 2485 3586 gloriﬁcabo
2527 3534 2680 3585 eum;
2724 3521 2816 3592 qui
2856 3538 3037 3581 autem
3076 3534 3429 3581 contemnunt
3465 3544 3553 3583 me
3594 3540 3754 3585 erunt

2170 3606 2455 3677 ignobiles.
2491 3630 2509 3662 ι
2541 3610 2641 3667 Ubi
2672 3627 2796 3668 mox
2825 3615 3074 3671 subditur
3100 3633 3113 3669 :
3146 3633 3165 3667 ι
3194 3614 3335 3673 Ecce
3361 3619 3476 3673 dies
3501 3618 3755 3686 veniunt,

2167 3708 2223 3753 et
2264 3700 2553 3771 praecidam
2594 3702 2876 3759 brachium
2921 3714 3093 3774 tuum,
3136 3715 3192 3760 et
3234 3706 3516 3762 brachium
3561 3709 3758 3764 domus

2168 3791 2339 3858 patris
2364 3791 2437 3844 tui
2466 3791 2520 3863 (1
2557 3790 2682 3865 Reg.
2711 3795 2794 3861 ul;
2826 3815 2845 3847 ι
2875 3811 2940 3851 ac
2966 3797 3012 3852 si
3041 3808 3227 3869 aperte
3260 3799 3407 3855 dicat
3432 3820 3445 3855 ;
3471 3801 3608 3867 Quia
3648 3818 3750 3874 ego

2165 3896 2265 3953 per
2318 3884 2611 3953 pastoralis
2666 3886 2827 3942 cilicii
2889 3888 3207 3956 dignitatem
3260 3900 3451 3946 contra
3506 3892 3759 3947 inimicos

2170 3986 2322 4026 meos
2366 3973 2649 4030 brachium
2695 3977 2786 4031 tibi
2836 3977 3173 4034 fortitudinis
3216 3978 3441 4044 contuli,
3473 3981 3567 4036 sed
3602 3992 3657 4036 tu
3688 3983 3759 4036 ad

2168 4079 2356 4121 eorum
2382 4067 2640 4122 ultionem
2664 4068 2796 4123 illud
2821 4085 3080 4127 exercere
3099 4071 3458 4143 noluisti,jam
3474 4073 3762 4129 brachium

2166 4173 2197 4213 a
2229 4167 2279 4214 te
2300 4160 2609 4227 praecidam,
2639 4161 2691 4217 id
2715 4171 2822 4225 est,
2849 4163 3090 4235 vigorem
3129 4164 3224 4219 tibi
3252 4164 3605 4221 sacerdotalis
3635 4166 3763 4221 cul-

2168 4250 2333 4306 minis
2355 4252 2622 4319 auferam,
2647 4255 2815 4325 utqui
2840 4271 3096 4329 manceps
3118 4256 3298 4314 fueras
3320 4259 3386 4313 ad
3409 4259 3763 4331 pugnandum

2166 4359 2267 4414 pro
2298 4359 2407 4411 me,
2432 4346 2544 4418 jam
2569 4361 2671 4403 nec
2702 4364 2921 4403 manum
2950 4349 3154 4406 habeas
3182 4351 3251 4407 ad
3284 4352 3541 4406 tuendum
3568 4360 3645 4406 te.

2799 4438 3027 4495 CAPUT
3066 4440 3127 4497 ll.

2434 4527 2503 4583 1η
2531 4530 2753 4601 epistola
2776 4532 2844 4586 ad
2874 4532 3066 4601 fratres
3095 4533 3484 4591 Cluniacemes.

2237 4617 2547 4691 Fugiendus
2567 4630 2652 4678 est
2681 4622 2935 4690 mundus,
2963 4623 3053 4694 qui
3084 4625 3335 4681 tenebras
3365 4626 3631 4696 parturit;
3664 4645 3769 4700 pe-

2170 4710 2330 4766 teuda
2387 4712 2635 4778 remotio,
2706 4713 2797 4767 ubi
2852 4722 3111 4785 tanquam
3176 4716 3231 4771 in
3291 4716 3507 4773 deserto
3556 4733 3765 4777 verum

467 4801 849 4871 unusquisque,
874 4802 928 4855 in
952 4799 1063 4856 ﬁlio
1087 4812 1141 4859 et
1172 4799 1344 4857 fratre
1375 4817 1494 4866 suo,
1520 4810 1579 4857 ut
1599 4803 1760 4859 detur
1786 4802 1938 4861 vobis
1969 4805 2062 4863 be-
2088 4786 2138 4844 Ῑ)
2168 4803 2355 4861 iumen
2390 4805 2649 4877 erumpit.
2697 4804 2928 4862 Prorsus
2976 4823 3005 4863 a
3050 4816 3237 4864 nostra
3284 4810 3625 4880 repellendus
3677 4824 3774 4869 est

469 4889 708 4945 uedictio
747 4888 946 4960 (Exod.
980 4892 1177 4962 xxxii).
1218 4911 1238 4944 ι
1285 4891 1452 4947 Plane
1493 4894 1637 4952 sicut
1684 4894 2063 4953 benedictione

467 4988 615 5058 digni
646 4988 887 5057 suntqui
913 4988 1103 5058 culpas
1130 4988 1434 5058 corrigunt,
1462 4989 1535 5045 ita
1565 4990 1918 5049 nihilominus
1944 5007 2061 5048 ma-

467 5082 746 5137 ledictioui
780 5084 1002 5140 obnoxii
1030 5094 1156 5143 sunt
1184 5084 1277 5154 qui
1308 5086 1657 5155 peccantibus
1684 5086 2059 5145 blandiuntur.

466 5172 623 5229 Sicut
643 5188 740 5242 per
766 5176 1085 5244 prophetam
1116 5177 1353 5233 dicitur:
1389 5196 1407 5232 ι
1445 5177 1782 5245 Maledictus,
1814 5180 1903 5251 qui
1934 5194 2061 5250 pro-

466 5264 616 5321 hibet
652 5263 890 5332 gladiqu
928 5281 1083 5323 suum
1121 5281 1150 5322 a
1196 5268 1460 5339 sanguine
1505 5267 1654 5339 (Jer.
1697 5270 1923 5339 xtvui).
1962 5289 1981 5324 ι
2010 5271 2061 5327 Α

462 5361 727 5432 sanguine
760 5359 959 5429 quippe
1000 5358 1238 5428 gladium
1278 5373 1435 5413 suum
1481 5358 1733 5428 prohibet
1766 5359 1857 5428 qui
1897 5374 1958 5415 se
1990 5359 2063 5415 ah

466 5448 747 5506 inferenda
790 5448 1036 5519 reprobis
1076 5449 1235 5518 digna
1270 5449 1553 5505 sententiae
1588 5448 2061 5508 animadversione

465 5550 703 5596 coercet.
728 5540 877 5597 Facti
892 5541 1156 5609 siquidem
1175 5539 1389 5608 culpam
1413 5538 1593 5603 habet,
1609 5539 1698 5608 qui
1715 5540 1855 5607 quod
1879 5550 2057 5610 potest

467 5629 690 5699 uegiigit
714 5634 1005 5689 emendare
1030 5632 1110 5699 (S.
1139 5629 1383 5703 Gregor.)
1412 5628 1568 5687 Unde
1587 5639 1643 5686 et
1666 5629 1892 5701 pnefato
1914 5629 2054 5696 Heli,

467 5718 551 5771 vir
594 5717 712 5784 Dei,
744 5721 837 5791 qui
868 5731 921 5776 ct
964 5722 1196 5777 Phineas
1238 5719 1403 5777 fuisse
1446 5728 1686 5791 putatur,
1720 5722 1793 5777 ait
1824 5738 1836 5773 :
1875 5738 1893 5771 ‹
1930 5719 2055 5778 llaec

2166 4899 2430 4962 amicitia,
2474 4900 2564 4968 qui
2609 4899 2866 4954 nimirum
2895 4903 3022 4957 dum
3055 4901 3435 4966 tenebrarum,
3473 4902 3527 4957 in
3558 4904 3774 4972 quibus

2166 5004 2383 5063 semper
2426 5000 2530 5054 est,
2577 4990 2837 5061 caligines
2877 4987 3093 5058 inserit,
3140 4992 3607 5048 consentientibus
3654 4996 3775 5053 sibi

2166 5090 2329 5153 atque
2361 5080 2743 5137 obedientibus
2777 5081 2958 5137 lumen
2995 5084 3321 5155 exstinguit;
3353 5085 3463 5140 into
3492 5085 3778 5147 delemus

2166 5172 2217 5229 ei
2254 5186 2476 5240 semper
2516 5171 2900 5229 infmderabile
2924 5173 3145 5243 bellum,
3171 5174 3262 5246 qui
3309 5190 3530 5230 suorum
3566 5178 3781 5237 oculos

2167 5264 2349 5320 obruit
2375 5265 2701 5319 amicorum.
2744 5266 2882 5322 Hinc
2909 5274 2991 5321 est
3027 5269 3172 5339 quod
3212 5283 3367 5323 sacra
3400 5268 3608 5339 Regum
3644 5270 3780 5327 his-

2168 5359 2305 5413 toria
2334 5368 2592 5413 narrante
2620 5359 2907 5414 didicimus
2934 5377 2947 5414 :
2974 5360 3110 5427 Quia
3152 5379 3171 5414 ι
3202 5376 3323 5415 cum
3369 5360 3512 5415 Naas
3534 5361 3784 5418 Ammo-

2165 5448 2307 5505 nites
2351 5449 2698 5514 ascenderet,
2739 5458 2801 5505 ut
2834 5448 2997 5505 Iabes
3027 5448 3230 5506 Galaad
3268 5466 3392 5504 cum
3430 5450 3545 5506 suis
3583 5453 3786 5521 agmi-

2164 5538 2323 5595 nibus
2344 5547 2697 5609 expugnaret,
2720 5552 2911 5595 omnes
2932 5539 3034 5594 viri
3056 5539 3218 5597 Iabes
3236 5540 3305 5595 ad
3326 5539 3468 5595 Naas
3485 5555 3594 5595 una
3624 5556 3785 5601 voce

2163 5629 2418 5685 dixerunt
2448 5647 2461 5682 :
2494 5628 2701 5685 Habeto
2739 5646 2838 5686 nos
2872 5631 3167 5688 foederatos
3205 5639 3258 5688 et
3297 5632 3599 5687 serviemus
3636 5632 3784 5690 tibi.

2161 5722 2369 5792 Quibus
2392 5721 2479 5778 illc
2502 5722 2810 5793 respondit:
2834 5720 2891 5776 in
2916 5722 3017 5779 hoc
3039 5721 3228 5780 feriam
3251 5722 3530 5781 vobiscum
3551 5720 3785 5790 hedris,
