4058 6178
422 271 561 329 1093

1729 283 1798 343 IN
1832 286 1966 346 LIB.
2020 285 2044 344 ι
2086 287 2351 349 REGUM.

3538 309 3679 368 1095

417 396 678 442 uteruam
696 386 938 444 omnium
957 399 1200 447 vestrum
1217 392 1405 450 oculos
1423 394 1662 463 dextros,
1688 413 1995 470 penemque
2021 404 2070 467 Α
2099 415 2338 470 numque
2359 401 2629 462 mediator
2657 404 2936 466 innuitur?
2970 408 3109 480 Quid
3137 421 3218 473 est
3245 416 3388 486 quod
3419 423 3678 492 populum

414 493 514 534 vos
566 479 919 550 opprobrium
971 483 1228 540 universo
1268 486 1474 542 lsraeli.
1514 489 1884 560 Dixeruntque
1923 492 1993 550 ad
2094 489 2149 543 in
2193 497 2304 546 tres
2340 493 2621 549 constituit
2646 504 2851 565 partes,
2882 499 2984 554 nisi
3008 479 3141 572 quia
3174 479 3283 562 tres
3308 479 3438 562 sun;
3471 479 3673 579 princi-

413 585 539 627 ρυηι
567 574 810 628 seniores
836 573 998 631 labes
1029 593 1041 630 ε
1074 577 1324 634 Concede
1352 579 1505 636 nobis
1536 590 1742 651 septem
1765 583 1902 649 dies,
1930 591 1992 641 ιιι
2091 578 2242 648 pales
2258 581 2454 639 animae
2483 584 2732 651 virtutes,
2752 587 2882 646 ﬁdes
2908 591 3137 657 scilicet,
3165 609 3288 664 spes
3316 606 3370 651 et
3396 573 3675 660 charitas?

412 665 696 721 mittamus
728 668 954 724 nuntios
988 669 1042 724 in
1080 671 1363 728 universos
1406 675 1666 731 terminos
1711 675 1905 743 Israel;
1942 678 1988 734 si
2090 669 2148 726 ln
2175 670 2402 730 trifariis
2430 673 2611 744 itaque
2631 675 2952 736 bellatorum
2976 682 3222 750 partibus
3249 686 3471 743 victoria
3499 701 3675 748 certa-

411 770 519 810 non
559 755 722 811 fuerit
747 759 839 827 qui
869 760 1123 815 defendat
1157 776 1280 827 nos,
1310 765 1650 832 egrediemur
1674 768 1740 822 ad
1771 776 1843 822 te.
1870 770 1985 824 Au-

407 844 560 899 diens
588 845 702 900 haec
729 840 1147 904 saulexercitus
1181 850 1581 908 multitudinem
1611 859 1983 927 congregavit,

404 949 556 990 arma
602 938 867 1007 corripuit
910 948 967 994 et
1011 954 1077 996 ex
1130 940 1454 1019 Ammonitis
1495 945 1645 1014 gravi
1695 947 1982 1004 admodum

402 1027 548 1082 caede
573 1031 844 1097 percussis
869 1046 991 1085 cum
1021 1031 1191 1103 gloria
1217 1033 1569 1102 triumphavit
1592 1035 1645 1107 (1
1675 1035 1800 1108 Reg.
1835 1039 1934 1109 xu).
1957 1058 1978 1092 υ

400 1115 541 1183 Quid
570 1118 754 1188 itaque
789 1134 884 1190 per
915 1121 1059 1180 Naas
1085 1122 1471 1190 Ammonitem,
1500 1128 1790 1194 superbum
1826 1130 1978 1185 vide-

399 1206 527 1262 licet
556 1223 760 1279 regem,
793 1211 896 1266 nisi
921 1211 1002 1267 vel
1026 1213 1285 1268 mundum
1307 1213 1552 1271 Creatori
1575 1233 1675 1273 suo
1698 1219 1974 1290 rebellem,

397 1295 483 1350 vel
520 1295 794 1352 diabolum
835 1299 951 1367 ejus
997 1301 1349 1372 intelligimus
1389 1304 1724 1375 principem?
1758 1307 1833 1363 De
1869 1324 1977 1379 quo

395 1385 656 1441 nimirum
683 1387 925 1445 dicitur:
959 1391 1096 1458 Quia
1132 1409 1152 1444 ι
1195 1391 1311 1463 ipse
1348 1404 1433 1450 est
1467 1410 1560 1452 rex
1597 1412 1761 1467 super
1787 1415 1976 1460 omnes

394 1473 538 1530 ﬁlios
561 1478 828 1546 superbiae
858 1480 978 1550 (Job
1006 1482 1141 1554 xu).
1176 1502 1197 1536 ι
1229 1484 1298 1538 Et
1323 1485 1450 1554 quia
1477 1486 1620 1544 Naas
1658 1505 1866 1560 serpens
1892 1492 1974 1546 in-

393 1570 742 1633 terpretatur,
771 1577 917 1624 recte
938 1572 1200 1640 penhunc
1223 1589 1526 1634 venenosus
1549 1577 1639 1633 ille
1656 1587 1712 1634 et
1731 1578 1972 1639 lubricus

388 1655 583 1724 anguis
607 1658 950 1727 eXprimitur.
980 1661 1118 1728 Quid
1149 1678 1278 1718 vero
1305 1680 1402 1734 per
1426 1663 1612 1732 Jabes,
1634 1683 1755 1738 qua:
1777 1671 1968 1729 civitas

2088 756 2251 812 minis
2298 758 2599 828 obtinetur,
2646 766 2770 834 quia
2824 769 2998 824 tribus
3047 771 3488 843 his'virtutihus,
3533 781 3673 837 duce

2086 844 2324 914 Christo,
2347 852 2526 906 omnis
2556 853 2821 910 diabolica
2847 859 3072 914 tentatio
3100 861 3352 918 vincitur.
3378 865 3547 924 Porro
3568 887 3672 928 nec

2084 935 2200 1006 ipse
2231 954 2261 994 a
2292 934 2555 1012 mysterio
2585 956 2742 1003 vacat
2782 958 3138 1020 pugnatorum
3189 970 3463 1022 numerus,
3505 975 3669 1030 quem

2030 1070 2037 1080 .
2085 1026 2366 1100 Scriptura
2403 1037 2738 1104 pronuntiat.
2769 1058 2788 1090 ι
2822 1039 3078 1105 Fuerunt,
3112 1043 3208 1107 ait,
3242 1044 3473 1102 ﬁliorum
3500 1026 3668 1107 lsrael

2083 1130 2321 1178 trecenta
2353 1127 2540 1192 millia,
2568 1129 2808 1184 virorum
2841 1140 3022 1188 autem
3061 1132 3198 1188 Juda
3233 1137 3454 1206 triginta
3496 1141 3664 1196 millia

2081 1211 2315 1286 (Ibid.).
2351 1234 2370 1268 ι
2405 1215 2736 1276 Millenarius
2782 1230 2961 1276 autem
3017 1233 3180 1294 atque
3219 1227 3489 1295 denarius,
3535 1234 3663 1304 quia

2077 1305 2302 1377 perfecti
2336 1317 2461 1363 sunt
2489 1310 2722 1376 numeri,
2761 1320 3070 1371 sanctorum
3102 1317 3520 1389 perfectionem;
3553 1334 3663 1380 tre-

2076 1399 2220 1452 centi
2253 1415 2409 1466 vero,
2444 1402 2528 1456 vel
2567 1404 2817 1474 triginta,
2848 1407 2974 1475 quia
3003 1423 3033 1464 a
3065 1410 3238 1465 tribus
3274 1413 3544 1482 oriu’ntur,
3579 1417 3661 1470 dic

2074 1487 2255 1542 vinam
2291 1489 2603 1560 signiﬁcant
2641 1494 2984 1550 Trinitatem.
3019 1495 3156 1563 Quid
3195 1499 3378 1572 itaque
3409 1519 3506 1573 per
3547 1514 3660 1563 tro-

2072 1588 2229 1633 centa
2277 1582 2466 1648 millia,
2522 1583 2606 1638 vel
2656 1585 2874 1656 triginta
2927 1588 3093 1643 millia
3152 1591 3502 1661 bellatorum,
3552 1598 3658 1654 nisi

2073 1671 2249 1726 sancti
2298 1673 2548 1732 doctores
2593 1676 2968 1747 intelliguntur
3004 1680 3290 1751 Ecclesia},
3332 1687 3421 1758 qui
3457 1698 3509 1743 et
3548 1688 3656 1746 ﬁde
3739 1701 3748 1709 '

386 1755 509 1801 erat
545 1748 863 1818 Israelitica,
904 1753 1007 1808 nisi
1044 1755 1226 1810 anima
1263 1757 1507 1814 innuitur
1534 1759 1862 1828 Christiana,
1897 1764 1965 1820 ad
1995 1751 2041 1814 Β
2070 1773 2197 1820 sunt
2235 1764 2520 1822 orthodoxi
2558 1775 2613 1822 et
2656 1768 2924 1838 religiosis
2960 1773 3216 1843 operibus
3254 1748 3656 1834 consummati?

386 1838 680 1895 videndum
715 1842 884 1897 Deum
933 1859 1038 1914 per
1081 1848 1319 1904 studium
1367 1851 1838 1921 contemplationis
1883 1856 1966 1911 in.

385 1931 571 1985 tenta?
596 1931 663 1990 Et
683 1933 810 2003 quia
842 1933 1006 1992 labes
1030 1937 1421 2008 interpretatur
1447 1944 1733 2010 exsiccata,
1755 1945 1843 2002 vel
1866 1947 1965 2002 εἱοο

382 2030 526 2086 cata,
552 2037 788 2094 congrue
814 2040 912 2095 per
935 2025 1100 2082 Iabes
1135 2028 1226 2082 illa
1260 2029 1578 2102 intelligitur
1607 2035 1810 2101 anima,
1840 2051 1962 2107 qua:

380 2128 627 2183 supernae
655 2119 843 2187 gratiae
865 2119 1244 2188 pinguedinem
1266 2122 1488 2190 deserit,
1511 2135 1566 2180 et
1593 2126 1646 2180 in
1666 2135 1800 2183 aestu
1820 2120 1962 2184 con-

375 2204 728 2273 cupiscentiae
772 2208 1006 2265 carnalis
1052 2211 1268 2266 arescit.
1319 2211 1598 2272 Recedens
1647 2216 1844 2290 quippe
1891 2218 1960 2276 ab

378 2296 638 2352 inhiando
662 2299 833 2354 divini
868 2301 1110 2356 muneris
1147 2317 1272 2357 rore
1309 2303 1370 2357 ﬁt
1403 2304 1568 2367 sicea,
1597 2319 1756 2374 quem
1796 2317 1955 2363 antea

375 2389 504 2444 dum
533 2391 860 2460 perciperet,
893 2393 1109 2462 vigebat
1137 2393 1426 2451 salubriter
1452 2396 1696 2466 irrigata,
1728 2397 1956 2454 Domino

373 2492 474 2549 per
502 2480 692 2538 Isaiam
716 2481 967 2537 dicente:
996 2501 1016 2535 ι
1047 2481 1325 2540 Effundam
1352 2499 1549 2555 aquam
1579 2500 1742 2555 super
1767 2487 1955 2544 sitien-

375 2578 484 2624 tem
507 2579 562 2626 et
585 2569 788 2628 ﬂuenta
828 2585 991 2643 super
1033 2573 1241 2628 aridam
1269 2573 1405 2646 (Ita.
1428 2575 1596 2646 xuv).
1627 2595 1647 2631 ι
1679 2575 1786 2632 Sed
1808 2576 1951 2636 Naas

372 2674 495 2714 cum
515 2659 679 2716 labes
705 2660 882 2718 fmdus
908 2662 1066 2718 aliter
1091 2663 1408 2735 dedignatur
1427 2665 1586 2733 inire,
1603 2666 1704 2721 nisi
1733 2666 1949 2724 oculum

369 2745 622 2804 dextrum
649 2752 961 2821 paciscatur
989 2767 1201 2812 eruere.
1233 2753 1370 2821 Quia
1399 2755 1647 2826 quisquis
1675 2757 1759 2814 vel
1802 2757 1948 2814 anti-

367 2855 478 2911 quo
506 2842 646 2896 hosti
680 2843 732 2898 in
763 2859 1018 2914 perversa
1060 2846 1403 2916 suggestione
1448 2848 1832 2916 substernitur,
1864 2850 1947 2904 vel

367 2932 554 2986 mundi
586 2933 745 3003 hujus
771 2933 1030 3004 inquietis
1051 2935 1358 2993 actionibus
1376 2936 1704 3007 implicatur,
1737 2938 1946 2995 dum'se

368 3031 626 3094 tanquam
650 3026 882 3096 superbo
897 3026 1007 3097 regi
1031 3028 1258 3098 turpiter
1268 3027 1519 3095 ftederat,
1541 3044 1764 3085 necesse
1780 3031 1938 3102 183

2065 1852 2200 1911 Cum
2226 1854 2312 1909 his
2339 1870 2468 1926 ergo
2496 1855 2627 1911 Saul
2660 1858 2885 1916 hostiles
2907 1862 3050 1936 regis
3073 1862 3219 1920 Naas
3241 1865 3387 1920 acies
3408 1879 3647 1940 superat,

2063 1943 2194 2013 quia
2234 1958 2358 2000 cum
2397 1945 2710 2005 doctoribus
2745 1948 3000 2008 Ecclesia:
3033 1968 3146 2008 suae
3183 1954 3430 2012 Christus
3465 1957 3532 2013 de
3560 1974 3651 2014 vc-

2061 2038 2268 2091 ternosi
2314 2035 2585 2104 serpentis
2622 2047 2842 2095 versuta
2878 2043 3282 2099 machinatione
3328 2044 3646 2117 triumphat.

2061 2118 2195 2176 Nam
2213 2137 2335 2179 cum
2358 2137 2546 2179 eorum
2576 2136 2844 2196 praecepta
2871 2127 2957 2182 vel
2998 2130 3242 2200 exempla
3267 2131 3539 2189 subtiliter
3565 2145 3649 2190 at-

2060 2210 2376 2275 tenduntur,
2421 2227 2547 2268 mox
2593 2215 2755 2269 corda
2804 2218 3091 2287 torpentia,
3134 2236 3255 2291 qua:
3291 2221 3402 2292 jam
3452 2226 3650 2285 noxius

2061 2305 2214 2370 tepor
2265 2300 2571 2366 invaserat,
2624 2304 2963 2363 recalescunt
3014 2317 3068 2362 et
3119 2311 3186 2363 ab
3237 2311 3648 2376 obtruncandas

2056 2389 2487 2463 impugnantium
2532 2395 2787 2451 vitiorum
2831 2398 2974 2452 acies
3006 2399 3152 2454 velut
3195 2400 3337 2458 elato
3380 2421 3648 2467 mucrone

2056 2479 2279 2549 spiritus
2311 2479 2694 2539 inﬂammatur.
2734 2484 2884 2540 Unde
2913 2495 2969 2541 et
3010 2487 3109 2557 ipsi
3154 2490 3448 2549 bellatores
3474 2493 3641 2550 Israel

2053 2582 2109 2625 et
2143 2568 2279 2627 Juda
2319 2573 2542 2638 nuntiis,
2585 2574 2675 2644 qui
2712 2577 2777 2630 ad
2817 2591 2878 2630 se
2907 2588 3190 2644 venerant,
3235 2582 3457 2638 dicunt:
3494 2602 3516 2636 ε
3548 2585 3640 2644 Sic

2052 2659 2244 2717 dicetis
2288 2661 2442 2728 viris,
2475 2663 2565 2733 qui
2609 2676 2737 2719 sunt
2774 2666 2828 2723 in
2871 2665 3034 2724 Jabes
3074 2669 3317 2727 Galaad:
3358 2674 3491 2730 Cras
3532 2679 3640 2733 erit

2050 2752 2205 2809 vobis
2241 2753 2410 2822 salus,
2449 2771 2568 2810 cum
2613 2757 2900 2813 incaluerit
2940 2759 3040 2815 sol.
3081 2780 3100 2814 ι
3144 2760 3277 2820 Nam
3316 2781 3438 2820 cum
3477 2783 3634 2824 mens

2045 2855 2145 2911 per
2165 2841 2427 2898 desidiam
2452 2845 2703 2915 primitus
2725 2849 2990 2904 labefacta
3010 2850 3124 2920 jam
3150 2852 3203 2908 in
3228 2869 3288 2909 se
3319 2870 3538 2912 reversa
3564 2859 3634 2913 ad

2046 2930 2358 2988 Conditoris
2384 2933 2468 2989 sui
2500 2934 2832 2991 desiderium
2872 2940 3174 3008 recalescit,
3207 2958 3328 2998 cum
3359 2954 3630 3016 torporem

2047 3019 2390 3093 negligentiae
2415 3021 2616 3079 deserit
2643 3034 2696 3080 et
2720 3027 2892 3121 frigus
2931 3029 3362 3091 insensibilitatis
3388 3039 3632 3106 pristinas

362 3121 448 3167 est
459 3121 516 3166 ut
528 3113 779 3170 dextrum
793 3117 1140 3182 oculum,hoc
1150 3126 1254 3182 est,
1269 3117 1450 3175 lumen
1466 3118 1768 3188 contempla
1777 3120 1938 3176 tionis

2044 3107 2258 3165 ﬂamma
2315 3113 2487 3168 sancti
2537 3116 2737 3171 amoris
2766 3103 3048 3186 'accendit,
3105 3129 3232 3178 tunc
3287 3103 3434 3181 velut
3481 3128 3630 3184 inca-

364 3204 601 3270 amittat,
638 3211 694 3260 et
729 3206 810 3262 sic
841 3207 1190 3277 opprobrium
1226 3208 1281 3263 in
1322 3208 1490 3266 Israel
1533 3209 1773 3279 ponitur,
1809 3211 1933 3280 quia

360 3293 488 3348 dum
512 3311 542 3350 a
566 3297 1041 3367 contemplationis
1063 3313 1188 3354 arce
1213 3299 1281 3354 ad
1307 3308 1522 3358 terrena
1547 3301 1631 3354 vel
1659 3301 1934 3358 immunda

355 3382 612 3451 quaelibet
645 3387 990 3454 exsequenda
1023 3387 1349 3453 devolvitur,
1381 3402 1718 3460 consequens
1754 3398 1837 3448 est
1874 3399 1933 3448 ut

355 3475 412 3530 in
475 3475 720 3531 Ecclesia
779 3478 1054 3547 probrosas
1103 3477 1392 3534 derisionis
1445 3481 1932 3538 obtrectationibus

353 3565 692 3620 mordeatur.
727 3565 926 3623 Petunt
950 3577 1129 3622 autem
1170 3567 1247 3622 illi
1282 3577 1486 3638 septem
1514 3569 1630 3627 dies
1661 3570 1926 3637 inducias.

349 3661 408 3709 et
429 3653 554 3722 quia
580 3653 723 3710 Deus
761 3655 991 3725 septimo
1023 3656 1110 3712 die
1144 3657 1476 3727 requievisse
1501 3673 1532 3712 a
1563 3661 1773 3718 cunctis
1799 3677 1930 3731 ope-

350 3744 502 3800 ribus
528 3745 726 3817 legitur
750 3744 904 3817 (Gen.
942 3746 1028 3818 ιι),
1051 3749 1180 3818 quid
1213 3764 1313 3819 per
1337 3751 1699 3819 septenarium
1737 3767 1928 3810 nume-

348 3851 496 3902 rum,
526 3839 633 3894 nisi
669 3840 882 3910 requics
903 3841 1250 3911 designatur?
1283 3843 1447 3899 Istum
1477 3845 1924 3906 numerum.Saul

348 3924 667 3982 inobediens
699 3929 987 4000 ignoravit,
1021 3947 1143 3988 cum
1177 3948 1275 4002 per
1301 3949 1424 3990 eum
1451 3949 1508 3989 se
1536 3935 1753 3992 Samuel
1781 3953 1923 4008 pra:-

330 4019 656 4076 'stolandum
697 4037 820 4077 esse
851 4024 1128 4093 praecepit.
1162 4044 1181 4076 ι
1214 4025 1464 4096 Septem,
1499 4028 1702 4098 inquit,
1733 4029 1922 4086 diebus

333 4111 710 4178 exspectabis,
744 4111 916 4166 donec
944 4113 1157 4168 veniam
1198 4113 1263 4168 ad
1299 4124 1369 4176 te,
1409 4124 1464 4170 et
1502 4118 1780 4172 ostendam
1822 4119 1917 4174 tibi

328 4215 463 4269 qua:
487 4199 656 4256 facias
680 4201 728 4274 (1
752 4201 877 4273 Reg.
904 4204 982 4274 ι).
1009 4223 1027 4256 ι
1052 4204 1156 4258 Sed
1176 4207 1303 4274 quia
1322 4207 1650 4276 spiritualem
1674 4209 1916 4278 requiem

324 4291 427 4344 'vir
482 4293 744 4360 reprobus
792 4295 1026 4363 sprevit,
1075 4295 1455 4366 exagitandum
1507 4311 1630 4353 eum
1691 4301 1915 4370 spiritus

339 4383 516 4438 malus
560 4386 788 4455 arripuit
828 4385 880 4457 (1
909 4385 1040 4456 Reg.
1065 4386 1204 4457 xvi).
1242 4387 1339 4442 Per
1383 4391 1745 4459 septenarium
1781 4406 1911 4462 ergo

2039 3199 2286 3257 lesecnte
2312 3203 2428 3260 sole
2453 3203 2678 3260 victoria
2697 3206 2762 3260 de
2779 3208 3026 3267 hostibus
3049 3213 3299 3280 sumitur,
3324 3224 3380 3270 et
3403 3217 3628 3274 obsessa

2037 3289 2230 3347 civitas
2261 3292 2326 3346 de
2349 3285 2569 3362 superbi
2602 3296 2743 3366 regis
2773 3298 3022 3353 manibus
3051 3300 3332 3358 liberatur.
3364 3305 3502 3362 Hinc
3537 3317 3626 3364 est

2035 3379 2176 3447 quod
2194 3381 2259 3434 de
2280 3381 2551 3437 Abraham
2577 3385 2836 3456 scriptum
2860 3397 2942 3442 cst
2970 3390 3130 3464 184
3158 3395 3282 3464 quia
3318 3414 3336 3448 ι
3373 3402 3624 3469 apparuit

2034 3470 2083 3526 ei
2117 3469 2375 3530 Dominus
2409 3474 2462 3531 in
2503 3477 2745 3533 convalle
2773 3477 3013 3537 Matnhre
3051 3484 3103 3537 in
3137 3485 3250 3558 ipso
3287 3485 3622 3547 fervorediei

2032 3560 2184 3633 (Gen.
2209 3565 2384 3636 xvm).
2407 3586 2426 3618 ι
2449 3567 2585 3624 llinc
2603 3572 2848 3641 estquod
2867 3572 3025 3638 Loth,
3055 3595 3073 3628 ‹
3105 3576 3218 3642 801,
3244 3578 3439 3650 inquit,
3463 3593 3625 3641 ortus

2030 3663 2114 3710 est
2142 3670 2306 3727 super
2330 3667 2547 3724 terram,
2580 3669 2634 3717 et
2663 3661 2802 3719 Loth
2833 3665 3108 3737 ingressus
3138 3679 3224 3724 est
3254 3668 3425 3743 Segor
3455 3673 3618 3746 (Gen.

2028 3749 2182 3818 nx).
2223 3766 2243 3799 ι
2277 3746 2444 3805 Recte
2478 3750 2644 3822 igitur
2680 3754 2793 3810 sive
2825 3757 3039 3824 mundi,
3069 3759 3184 3812 sive
3209 3761 3471 3834 principis
3497 3765 3623 3836 ejus

2027 3839 2298 3894 amicitias
2340 3842 2715 3912 dedignamur,
2753 3855 2809 3900 et
2850 3861 2972 3902 cum
3012 3849 3093 3904 eis
3130 3850 3289 3905 simul
3335 3856 3622 3912 societatis-

2022 3928 2203 3987 medus
2227 3930 2427 3988 habere
2454 3935 2876 4002 contemnimus,
2907 3953 2974 3992 ne
2991 3979 3005 4004 ,
3028 3939 3154 3993 dum
3176 3942 3410 3998 tenebris
3431 3942 3618 4018 jungi-

2021 4032 2165 4082 mur,
2196 4018 2316 4074 luce
2343 4021 2645 4092 privemur.
2675 4024 2744 4077 Et
2768 4027 3064 4080 notandum
3092 4029 3234 4098 quod
3268 4029 3484 4100 iniquus
3515 4051 3613 4089 rex

2021 4125 2129 4165 non
2157 4111 2292 4167 duos
2317 4112 2554 4168 inimicis
2574 4130 2784 4182 eruere,
2809 4118 2904 4172 sed
2927 4135 3090 4173 unum
3112 4120 3373 4175 duntaxat
3394 4125 3615 4180 oculum

2019 4197 2246 4271 ﬂagitat,
2276 4210 2334 4282 ut
2356 4217 2452 4257 eos
2476 4203 2528 4256 in
2550 4202 2716 4258 Israel
2736 4207 3083 4275 opprobrium
3112 4219 3297 4278 ponat,
3323 4213 3447 4280 quia
3465 4230 3606 4285 szrpe

2017 4290 2289 4360 malignus
2328 4280 2504 4348 hostis
2549 4296 2908 4350 consentienti
2958 4298 3057 4353 sibi
3107 4299 3329 4357 cuilibet
3375 4280 3614 4374 reprobo
3695 4332 3700 4338 ~

2016 4381 2224 4436 homini
2249 4383 2513 4453 potiorem
2539 4394 2749 4454 partem
2777 4388 3086 4446 sanctitatis
3138 4407 3202 4445 ac
3227 4394 3390 4450 lucidi
3418 4398 3608 4465 operis

335 4473 547 4528 dierum
582 4491 866 4530 numerum
895 4479 965 4532 ab
993 4479 1178 4547 iniquo
1215 4493 1342 4550 rege
1366 4479 1528 4537 labes
1553 4483 1744 4538 civitas
1772 4483 1906 4539 libe.
1936 4469 1990 4528 D
2015 4471 2206 4526 adimit
2230 4488 2244 4526 :
2269 4473 2534 4531 minorem
2571 4491 2700 4530 vero
2728 4475 3022 4534 artiﬁciosa
3051 4483 3283 4552 quadam
3318 4500 3428 4540 suae
3450 4488 3607 4542 call?-

331 4573 510 4628 ratur,
539 4565 666 4633 quia
696 4565 950 4634 quaelibet
977 4569 1177 4630 anima,
1212 4584 1373 4638 quam
1409 4572 1668 4628 suadente
1697 4573 1910 4630 diabolo

333 4655 569 4708 mundus
596 4654 668 4710 ad
701 4669 761 4709 se
789 4664 1019 4710 conatur
1042 4658 1320 4714 attrahere
1348 4674 1412 4714 ac
1448 4662 1782 4731 negotiorum
1809 4679 1912 4718 sa:-

329 4743 596 4798 cularinm
626 4745 865 4799 tenebris
883 4759 1176 4812 excaecare,
1194 4748 1414 4804 illa-sum
1443 4753 1911 4823 contemplationis

329 4833 550 4888 oculum
584 4840 788 4896 servat,
827 4834 872 4890 si
909 4834 1131 4890 omnino
1169 4837 1429 4892 resistens
1470 4839 1522 4892 in
1570 4855 1680 4896 suae
1713 4843 1910 4911 quietis

325 4924 606 4995 preposito
633 4934 966 4993 perseverat,
995 4936 1222 4996 eamque
1268 4927 1596 4998 Redemptor
1631 4941 1815 4987 noster
1840 4933 1908 4988 de

307 5015 646 5080 .tentatione,
680 5029 843 5084 quam
874 5015 1100 5084 patitur,
1130 5016 1310 5086 eripit,
1343 5032 1464 5074 cum
1495 5033 1614 5074 eam
1645 5021 1698 5078 in
1723 5037 1902 5078 remo-

325 5102 492 5157 tionis
540 5118 651 5158 suae
717 5119 946 5159 censura
1008 5104 1288 5173 quiescere
1333 5106 1704 5176 deprehendit.
1753 5110 1907 5170 Unde

2017 4560 2202 4616 ditatis
2231 4561 2494 4618 industria
2531 4564 2881 4635 derelinquit,
2919 4579 2978 4623 ut
3017 4570 3070 4624 in
3114 4586 3180 4627 eo
3216 4575 3358 4642 quod
3393 4577 3608 4631 tollitur

2015 4649 2086 4706 sit
2118 4651 2334 4707 occasio
2364 4653 2750 4721 damnationis,
2785 4667 2843 4710 ut
2871 4669 3086 4728 pereat;
3119 4661 3171 4715 in
3201 4676 3266 4716 eo
3293 4678 3420 4717 vero
3449 4666 3602 4734 quod.
3686 4729 3694 4736 ι

2014 4750 2284 4808 remanet,
2311 4743 2375 4798 de
2397 4760 2492 4814 spe
2521 4746 2731 4802 ﬁduciae
2757 4759 3136 4818 praesumatur,
3160 4761 3219 4806 ut
3246 4762 3502 4822 peccator
3523 4756 3601 4810 ad

2013 4833 2394 4902 paenitentiam
2435 4851 2542 4889 non
2584 4849 2851 4904 recurrat,
2883 4843 2977 4895 sed
3015 4856 3082 4896 ex
3126 4841 3259 4913 ipsis
3288 4844 3597 4900 sanctitatis

2011 4922 2226 4978 amissze
2241 4923 2501 4993 reliquiis,
2518 4927 2712 4996 quibus
2734 4938 2989 5000 tanquam
3010 4929 3201 4986 baculo
3221 4940 3598 5004 transgressor

2009 5011 2288 5084 innititur;
2321 5016 2390 5072 ab
2428 5016 2536 5083 his,
2571 5019 2661 5088 qui
2708 5034 2833 5074 eum
2876 5021 3141 5077 cecidisse
3176 5035 3466 5092 noverunt,
3506 5028 3594 5082 in-

2004 5101 2170 5164 famia
2225 5106 2525 5176 laceratur;
2583 5109 2766 5183 sicque
2830 5111 2905 5181 pii
2962 5113 3144 5185 operis
3201 5114 3588 5174 detrimentum

322 5191 436 5247 illic
465 5194 726 5263 scriptum
755 5202 838 5249 est
865 5212 878 5249 :
913 5214 932 5248 l
967 5195 1102 5250 Cum
1127 5196 1383 5261 veniaset,
1418 5198 1610 5268 inquit,
1638 5201 1753 5258 dies
1779 5220 1902 5260 cra-

2044 5194 2180 5267 igna:
2205 5195 2264 5252 ﬁt
2294 5197 2567 5254 irrisiouis
2587 5201 2960 5272 opprobrium.

320 5282 523 5345 stinus,
553 5285 833 5339 constituit
857 5283 983 5340 Saul
1007 5283 1255 5354 populum
1283 5286 1334 5342 in
1366 5295 1475 5343 tres
1499 5297 1701 5356 partes,
1735 5301 1789 5347 et
1816 5295 1899 5348 in-

293 5385 543 5440 -gressus
566 5380 650 5426 est
674 5372 846 5428 media
875 5381 1054 5428 castra
1081 5372 1135 5428 in
1166 5373 1346 5444 vigilia
1375 5377 1641 5434 matutina
1669 5388 1724 5435 et
1773 5397 1896 5451 per-

297 5460 490 5516 cussit
521 5461 755 5516 Ammon
783 5477 954 5530 usque
982 5463 1108 5516 dum
1147 5462 1498 5522 incalesceret
1522 5466 1638 5524 dies
1661 5467 1679 5538 (
1702 5467 1734 5521 Ι
1765 5468 1891 5540 Reg.

296 5550 449 5622 .31).»
477 5551 616 5617 Quid
641 5551 786 5607 enim
817 5566 913 5619 per
941 5550 1092 5617 Saul,
1123 5553 1215 5622 qui
1239 5552 1479 5609 Christus
1508 5554 1723 5612 Domini
1751 5558 1897 5614 dice-

2623 5311 2850 5369 CAPUT
2882 5314 2969 5371 ΙΙΙ.

2015 5425 2020 5430 ·
2069 5397 2138 5454 In
2165 5399 2385 5471 epistola
2411 5401 2482 5455 ad
2513 5401 2835 5479 Alberienm,
2859 5405 2914 5458 in
2944 5408 3125 5479 (θααῃεὶ
3147 5423 3302 5479 super
3324 5407 3502 5464 decem
3552 5469 3557 5474 ,

2443 5474 2817 5542 ᾳιιωειίοηὶὸιιδ
2849 5474 3139 5544 respondet.

2069 5579 2089 5615 σ
2125 5562 2292 5620 Filius
2318 5565 2480 5621 unius
2507 5565 2634 5620 anni
2659 5575 2778 5621 erat
2800 5564 2952 5630 Saul,
2979 5581 3100 5620 cum
3124 5581 3351 5638 regnare
3373 5571 3576 5640 cmpis-

298 5642 516 5710 .hatun,
543 5641 646 5712 nisi
673 5642 752 5707 is,
779 5642 872 5712 qui
907 5657 1066 5702 verus
1102 5642 1216 5701 Rex
1251 5652 1335 5700 est
1364 5645 1561 5715 lsracl,
1589 5647 1678 5704 Dei
1717 5649 1893 5708 homi-
1994 5663 2108 5719 set;
2171 5654 2380 5712 duobus
2435 5666 2615 5715 autem
2676 5658 2833 5713 annis
2882 5659 3127 5731 regnavit
3190 5675 3352 5732 super
3410 5661 3574 5718 tsi-aui
