4034 6192
468 272 608 347 4093

1354 289 1857 348 COLl.ECTANEA
1898 289 1966 345 IN
2020 282 2253 348 VETUS
2296 282 2841 349 TESTAMENTUM}

3598 289 3743 349 W96

466 409 521 484 (1
551 406 682 479 Reg.
710 384 853 467 mn.
886 423 904 457 ι
936 403 1051 460 Hoc
1079 386 1318 458 nonnulli
1345 403 1569 477 intelligi
1594 406 1673 460 sic
1694 406 2046 471 arbitrantur,
2076 413 2126 469 Α
2154 405 2442 461 Philistiim
2467 446 2484 475 ,
2547 415 2609 461 ut
2670 413 2963 462 exacueret
3028 405 3400 477 unusquisque
3460 420 3745 461 vomerem

468 500 597 571 quia
630 497 738 569 regi
774 496 903 551 Saul
935 496 988 549 in
1019 492 1244 549 exordi‘o
1274 496 1424 565 regni
1453 498 1535 551 sui
1571 497 1713 552 ﬁlius
1744 506 1861 552 erat
1894 498 2053 552 anui-

467 594 645 659 culus,
674 593 763 662 qui
791 601 1032 645 teneram
1055 592 1233 647 adhuc
1261 593 1420 649 unius
1443 594 1570 648 anni
1602 594 1852 664 vagiebat
1873 593 2067 649 infant

471 686 624 749 tiam,
674 682 882 737 scilicet
929 680 1205 751 lsboseth,
1239 691 1295 736 et
1340 683 1431 737 hic
1473 684 1682 739 duobus
1727 685 1884 739 annis
1932 694 2052 753 post

468 782 696 827 mortem
735 771 907 841 patris
946 773 1194 842 regnavit
1236 788 1397 842 super
1435 773 1620 829 lsrael.
1656 774 1763 831 Sed
1792 776 2065 845 quoniam,

468 868 556 921 hic
600 881 630 919 a
672 866 1007 920 doctioribus
1053 865 1186 919 viris
1224 880 1416 923 sensus
1457 867 1782 936 exploditur,
1824 883 1854 922 a
1894 868 2051 922 nobis

466 956 633 1010 etiam
685 954 823 1009 alius
881 954 1208 1024 inquiratur.
1256 956 1410 1021 Quod
1462 957 1535 1010 ita
1580 957 1640 1011 Β.
1691 957 2051 1030 Hieronymus

469 1047 631 1102 docet
671 1046 896 1115 intelligi
930 1064 942 1099 :
978 1046 1244 1112 Quoniam
1280 1065 1299 1097 ‹
1339 1047 1416 1101 sic
1454 1056 1574 1102 erat
1616 1048 1895 1114 innocens,
1928 1058 2049 1103 tan-

467 1152 630 1206 quam
656 1151 790 1207 puer
812 1120 973 1191 unius
998 1136 1124 1190 anni
1151 1152 1270 1190 cum
1301 1152 1532 1208 regnare
1554 1138 1741 1208 cmpit,
1765 1149 1820 1194 et
1841 1140 2051 1193 duobus

470 1232 629 1285 annis
660 1231 713 1285 in
744 1229 984 1299 ejusdem
1015 1231 1337 1285 innocentiae
1363 1230 1707 1299 simplicitate
1732 1225 2047 1300 permansit.

472 1323 578 1377 Sed
615 1314 707 1392 qui
754 1332 881 1376 tunc
923 1330 1042 1377 erat
1074 1337 1139 1376 ex
1174 1321 1480 1376 humilitate
1515 1308 1687 1388 filius,
1707 1322 2050 1393 postmodum

467 1433 567 1488 per
591 1416 903 1487 superbiam
938 1416 1114 1491 factus
1140 1424 1223 1469 est
1250 1430 1462 1469 servus.
1493 1434 1511 1467 ι

1081 1527 1311 1584 CAPUT
1355 1528 1439 1583 IV.

464 1616 533 1674 In
562 1619 781 1690 epistola
825 1621 893 1673 ad
929 1619 1311 1687 Aliprandum;
1353 1634 1470 1690 qua:
1498 1627 1573 1672 est
1599 1616 1677 1690 de
1694 1615 2048 1690 correptione,

640 1707 797 1760 quam
827 1693 891 1743 sit
915 1691 1057 1743 utilis
1081 1690 1135 1742 in
1159 1690 1324 1741 sancti
1349 1689 1549 1742 ordinis
1572 1687 1872 1757 disciplina.

2152 512 2332 562 suum,
2364 507 2418 552 et
2448 498 2701 569 ligonem,
2734 507 2791 553 et
2815 496 3075 562 securim,
3105 507 3161 551 et
3185 497 3483 553 sarculum.
3518 515 3537 549 ι
3564 497 3740 552 lsrael

2151 604 2282 661 ergo
2306 590 2374 644 ad
2402 588 2701 645 Philistazos
2748 605 2854 645 non
2900 590 3164 656 ascendit,
3198 592 3292 646 sed
3340 592 3641 658 descendit,
3675 604 3747 648 ut

2152 680 2405 735 utensilia
2429 695 2539 735 sua:
2565 680 2910 736 necessitatis
2938 694 3194 749 exacuat,
3227 698 3351 738 cum
3382 687 3557 740 sancti
3584 687 3733 741 ordi‘

2152 771 2238 824 nis
2257 769 2357 824 viri
2384 771 2451 824 ad
2483 769 2824 825 saecularium
2864 771 2972 825 ima
3003 771 3297 837 declinant,
3328 785 3390 827 ut
3433 775 3503 831 ab
3528 776 3610 830 eis
3632 775 3742 830 sibi

2153 861 2499 916 commodum
2551 859 2844 929 cujuslibet
2898 862 3154 919 utilitatis
3201 867 3509 935 acquirant.
3570 866 3745 923 Vides

2151 963 2282 1018 ergo
2304 951 2433 1019 quia
2464 951 2509 1005 si
2538 951 2606 1006 de
2651 966 2809 1006 sacro
2854 964 3123 1008 conventu
3169 958 3576 1026 correptiouum
3606 975 3747 1015 cen-

2150 1055 2275 1095 sura
2304 1042 2662 1106 subtrahitur,
2707 1042 3006 1114 disciplinae
3049 1046 3202 1116 vigor
3226 1046 3469 1104 funditus
3500 1065 3741 1105 enerva—

2151 1142 2242 1187 tur
2270 1142 2325 1188 et
2354 1134 2544 1203 religio
2569 1143 2678 1191 tota
2709 1136 3030 1204 destruitur,
3057 1139 3183 1208 quia
3212 1140 3340 1195 dum
3363 1144 3745 1214 unusquisque

2150 1225 2385 1293 propriae
2412 1227 2657 1294 sequitur
2699 1227 2997 1284 voluntatis
3024 1231 3331 1299 arbitrium,
3362 1235 3429 1289 ad
3453 1236 3743 1292 sarcularia

2153 1317 2389 1379 rediens,
2432 1319 2728 1389 spiritualis
2773 1321 3137 1379 observantiae
3183 1325 3354 1379 violat
3404 1328 3740 1383 instituttun.

2152 1405 2309 1461 Unde
2327 1408 2575 1478 quisquis
2595 1419 2698 1475 est,
2723 1412 2809 1466 cui
2823 1412 3088 1482 regularis
3110 1415 3233 1469 vitae
3252 1416 3436 1472 fervor
3457 1419 3741 1487 intestuat,

2152 1499 2529 1565 correptiones
2583 1499 2814 1555 libenter
2866 1504 3236 1573 amplectitur,
3290 1518 3345 1561 et
3387 1517 3515 1565 tunc
3543 1513 3743 1579 etiam,

2151 1598 2273 1638 cum
2299 1586 2560 1642 innocens
2581 1597 2684 1654 est,
2708 1590 2821 1646 suis
2859 1593 3380 1662 reprehensionibus
3407 1598 3741 1669 delectatur,

2155 1691 2260 1730 non
2308 1686 2368 1731 ut
2397 1693 2522 1732 eum
2565 1681 2902 1736 conscientia
2958 1699 3215 1754 peccasse
3267 1692 3599 1757 remordeat,
3638 1696 3744 1749 sed

539 1757 853 1850 Spiritualis
899 1780 1057 1849 plane
1103 1780 1331 1847 quisque
1372 1785 1696 1842 conventus,
1736 1777 1781 1830 si
1822 1757 2126 1850 fraterniB
2156 1768 2414 1836 quoniam
2472 1769 2577 1825 hoc
2634 1773 2895 1841 prodesse
2950 1777 3166 1831 caeteris
3216 1779 3559 1837 audientibus
3606 1799 3742 1853 spe-

466 1873 567 1927 zeli
621 1872 892 1941 frequenti
944 1870 1292 1940 correptione
1344 1884 1450 1923 non
1503 1870 1692 1934 utitur,
1740 1867 2049 1923 Israeliticae

464 1964 635 2034 plebis
683 1963 911 2033 mystica
957 1961 1168 2015 laborat
1216 1959 1428 2029 inopia;
1465 1974 1586 2028 qua:
1622 1957 1874 2013 videlicet
1916 1956 2052 2011 inci-

463 2057 646 2125 piente
675 2054 804 2109 Saul
834 2054 979 2124 regis
1009 2053 1236 2122 imperio
1264 2051 1476 2106 fabrum
1504 2050 1790 2105 ferrarium
1818 2066 1928 2105 non
1952 2050 2051 2105 ha-

461 2147 644 2202 bebat.
686 2147 827 2202 Dicit
856 2147 1000 2201 enim
1033 2145 1313 2214 Scriptura
1342 2162 1355 2198 :
1388 2143 1527 2210 Quia
1556 2162 1574 2194 ι
1605 2143 1759 2199 faber
1786 2142 2051 2199 ferrarius

463 2254 568 2291 non
600 2239 979 2293 inveniebatur
1006 2238 1058 2291 in
1089 2238 1234 2292 omni
1267 2245 1408 2291 terra
1431 2234 1594 2291 lsrael
1618 2234 1668 2306 (Ι
1697 2235 1824 2305 Reg.
1847 2241 1988 2305 xm).
2025 2253 2045 2288 ι

460 2326 632 2381 Porro
663 2328 803 2381 sicut
840 2328 1045 2381 ferrum
1080 2326 1285 2396 reliqua
1317 2325 1535 2379 metalla
1568 2325 1783 2379 fortiter
1810 2325 2048 2391 edomat,

459 2413 537 2467 ita
561 2414 927 2483 correptionis
950 2413 1178 2468 malleus
1202 2413 1329 2467 vitia
1354 2412 1782 2482 delinquentium
1806 2411 2051 2481 reprimit

460 2514 514 2559 et
554 2506 708 2574 quasi
749 2506 995 2561 cudendo
1044 2505 1232 2576 rigidae
1274 2505 1473 2560 mentis
1521 2506 1779 2561 duritiam
1827 2504 2047 2575 frangit.

460 2592 601 2649 llinc
631 2604 715 2649 est
748 2595 892 2664 quod
931 2594 998 2650 de
1036 2595 1152 2664 ipso
1184 2594 1463 2648 fabrorum
1500 2594 1861 2664 spiritualium
1902 2596 2052 2666 prin-

462 2686 582 2755 cipe
623 2702 718 2756 per
748 2686 941 2741 Isaiam
980 2687 1218 2742 dicitur:
1259 2705 1278 2736 ι
1311 2686 1447 2741 Ecce
1476 2702 1576 2756 ego
1614 2687 1795 2741 creavi
1837 2685 2048 2745 fabrum

463 2772 770 2832 sumantem
808 2778 863 2832 in
909 2779 1031 2846 igne
1066 2793 1300 2846 prunam
1347 2786 1403 2832 et
1444 2777 1807 2846 proferentem
1854 2794 1951 2835 vas
1994 2779 2051 2834 in

462 2881 600 2935 opus
647 2884 802 2922 suum
850 2866 989 2937 (Isa.
1035 2869 1167 2936 Ltv).
1226 2887 1244 2919 ι
1294 2866 1371 2922 De
1417 2865 1563 2923 ferro
1611 2883 1825 2937 quoque
1862 2868 2050 2924 Eccle-

458 2958 656 3012 siastes
701 2957 879 3011 dicit:
931 2975 948 3007 ι
987 2956 1044 3011 Si
1090 2967 1333 3011 retusum
1386 2957 1549 3011 fuerit
1595 2956 1799 3011 ferrum
1848 2967 1903 3014 et
1946 2959 2050 3014 hoc

415 3031 574 3112 .non
623 3056 684 3102 ut
728 3048 898 3118 prius,
948 3049 1040 3103 sed
1088 3049 1400 3102 hebetatam
1456 3047 1581 3113 erit,
1641 3048 1809 3103 multo
1866 3048 2051 3103 labore

459 3134 780 3205 exacuetur,
829 3148 885 3194 ct
941 3150 1062 3209 post
1116 3139 1436 3193 industriam
1490 3139 1737 3208 sequitur
1786 3140 2050 3210 sapientia

352 3264 361 3267 ‹
460 3229 676 3298 (Eccle.
712 3231 804 3300 χ).
839 3248 857 3280 ι
907 3229 1013 3284 Sed
1058 3229 1317 3285 Pbilistmi
1358 3230 1424 3285 de
1473 3239 1614 3285 terra
1656 3228 1822 3284 lsrael
1865 3228 2050 3285 fabros

461 3322 621 3393 185
650 3322 904 3376 ferrarios
934 3320 1141 3384 tollunt,
1177 3334 1298 3375 cum
1348 3320 1568 3392 maligni
1627 3320 1854 3389 spiritus
1892 3318 2047 3375 falsae

458 3412 681 3482 pietatis
710 3410 935 3465 obtentu
965 3410 1139 3465 zelum
1172 3411 1530 3481 correptionis
1552 3410 1617 3465 de
1637 3408 1866 3465 fratrum
1888 3411 2048 3467 labiis

459 3501 734 3559 auferunt.
765 3501 918 3557 Unde
972 3511 1028 3555 et
1068 3501 1179 3555 illic
1219 3502 1468 3555 subditur
1501 3519 1514 3556 :
1551 3520 1570 3552 ι
1605 3498 1875 3556 Caverant
1903 3503 2047 3558 enim

457 3588 745 3651 Phiitstaei,
791 3605 863 3643 ne
912 3588 1053 3644 forte
1099 3588 1343 3643 facerent
1391 3589 1604 3644 Hebraei
1658 3589 1896 3660 gladium
1957 3602 2050 3647 aut

457 3679 701 3735 lanceam
728 3680 776 3751 (1
805 3679 926 3750 Reg.
946 3680 1089 3747 xm).
1114 3699 1131 3731 ι
1159 3678 1309 3734 Unde
1322 3679 1480 3748 paulo
1497 3689 1647 3749 post:
1667 3698 1685 3730 ο
1708 3679 1924 3735 Retusae
1948 3681 2050 3735 ita-

456 3783 561 3839 que
589 3776 747 3824 erant
774 3770 917 3824 acies
944 3784 1249 3835 vomerum,
1275 3778 1330 3823 et
1362 3769 1622 3840 ligouum,
1648 3779 1702 3823 et
1724 3770 2045 3825 tridentium

452 3869 508 3915 et
526 3861 796 3915 securium
814 3875 984 3929 usque
1005 3860 1072 3914 ad
1098 3859 1374 3915 stimulum
1397 3846 1775 3931 corrigendum
1793 3860 2005 3933 (lbid.).
2021 3881 2039 3915 ι

459 3952 592 4007 Dum
613 3949 874 4006 Philistmi
901 3952 1094 4006 timent
1118 3951 1346 4022 gladios,
1382 3951 1580 4006 tollunt
1604 3951 1808 4014 fabros.
1835 3961 1896 4007 ut
1919 3954 2044 4007 dum

454 4058 733 4102 armorum
764 4042 1100 4100 fabricatum
1157 4044 1543 4114 compescitur,
1602 4058 1708 4097 non
1765 4044 1837 4099 sit
1880 4045 2044 4099 etiam

453 4140 548 4210 qui
586 4143 784 4192 ccetera
826 4136 1119 4192 exercendi
1174 4136 1380 4191 laboris
1421 4135 1671 4191 utensilia
1726 4135 2043 4192 fabricetur.

455 4225 712 4298 Apostolo
734 4228 933 4297 quippe
959 4235 1196 4281 testante
1222 4245 1234 4279 :
1274 4246 1291 4278 ι
1322 4226 1545 4285 Gladius
1575 4227 1799 4297 spiritus
1822 4232 1901 4283 est
1924 4242 2046 4281 ver-

454 4318 585 4372 bum
607 4318 701 4371 Dei
728 4314 948 4387 (Ephes.
982 4318 1079 4387 vt).
1119 4337 1138 4369 ι
1171 4317 1327 4371 Hunc
1360 4316 1595 4387 gladium
1641 4320 1767 4388 quia
1801 4319 2045 4389 perversi

458 4409 652 4463 timent
680 4407 926 4477 spiritus,
954 4408 1139 4461 fabros
1167 4410 1232 4462 de
1257 4416 1398 4462 terra
1423 4409 1589 4463 lsrael
1612 4400 1885 4479 auferunt,
1912 4411 2041 4466 dum

457 4514 572 4563 eos,
597 4499 691 4569 qui
715 4499 1042 4569 redarguere
1058 4498 1484 4567 delinquentium
1507 4506 1689 4555 errata
1716 4500 2039 4567 debuerant,

454 4606 486 4645 a
516 4591 751 4647 tenenda
782 4605 1025 4644 censura:
1070 4589 1356 4659 disciplina
1409 4598 1790 4659 compescunt;
1843 4602 1898 4646 et
1940 4592 2041 4647 hac

454 4679 797 4750 negligentiae
838 4675 1191 4732 dissolutione
1239 4676 1507 4745 contingit
1544 4685 1608 4731 ιιι·
1656 4678 1711 4731 in
1759 4691 2040 4733 servorum

454 4772 551 4827 Dei
582 4771 887 4842 quibusque
911 4770 1379 4833 convenientibus,
1406 4785 1513 4824 non
1530 4771 1690 4825 modo
1713 4784 2037 4840 εδει-κρηθ-

453 4862 741 4916 dicationis
775 4877 955 4915 sermo
984 4871 1161 4917 cesset
1200 4860 1398 4927 audiri,
1447 4862 1540 4917 sed
1583 4871 1636 4915 et
1689 4863 2038 4917 honestarum

454 4951 653 5013 artium
704 4951 968 5005 exercitia
1018 4950 1271 5005 desinant
1323 4947 1680 5019 frequentari.
1726 4950 1859 5006 Nam
1910 4954 2036 5021 quia

452 5040 699 5098 districta
731 5040 1027 5109 magisterii
1055 5055 1151 5095 eos
1171 5040 1457 5109 disciplina
1489 5056 1594 5094 non
1623 5042 1889 5110 reprimit,
1912 5057 2039 5111 pro—

451 5132 585 5201 priis
636 5132 1005 5186 voluntatibus
1054 5132 1219 5187 dediti
1275 5132 1518 5187 scribere
1579 5134 1860 5200 nesciunt;
1903 5135 2040 5189 artis

452 5223 694 5280 honesta:
727 5239 983 5277 manuum
1031 5224 1294 5278 exercitia
1353 5224 1497 5277 nulla
1538 5226 1879 5290 condiscunt,
1912 5242 2036 5281 cum

453 5313 743 5381 Apostolus
773 5313 955 5367 dicat:
1000 5330 1018 5363 ‹
1055 5313 1157 5380 Qui
1190 5329 1296 5368 non
1325 5313 1564 5377 laborat,
1596 5330 1702 5367 non
1746 5316 2034 5371 manducet

454 5403 539 5472 (11
574 5403 753 5458 Thess.
780 5407 881 5476 lH).
925 5424 943 5457 ι
978 5404 1108 5471 Quae
1130 5405 1390 5459 nimirum
1422 5420 1545 5459 cum
1574 5405 1674 5458 sibi
1704 5405 1813 5459 sint
1845 5421 2036 5461 neces-

453 5494 621 5559 saria,
652 5496 941 5551 saecularcs
970 5497 1140 5561 viros,
1193 5496 1278 5551 vel
1319 5497 1486 5551 etiam
1521 5496 1780 5565 reprobos
1809 5499 2031 5564 adeunt,

451 5586 709 5654 quoniam
751 5590 865 5644 haec
920 5589 1062 5659 apud
1109 5604 1167 5644 se
1192 5590 1432 5660 reperire
1462 5603 1568 5643 non
1599 5597 1846 5658 possunt.
1882 5589 2035 5645 Unde

454 5676 564 5733 illic
593 5678 833 5734 dicitur:
871 5699 889 5732 ι
945 5682 1318 5737 Descendebat
1364 5694 1494 5751 ergo
1543 5681 1718 5738 omnis
1765 5680 1929 5738 lsrael
1966 5684 2032 5738 ad

2152 1868 2269 1924 rat,
2318 1869 2377 1914 ut
2424 1862 2548 1917 inde
2593 1863 2708 1933 ipse
2755 1865 3021 1921 innocens
3070 1877 3126 1922 et
3170 1874 3405 1929 mundus
3448 1876 3739 1945 arguitur,

2149 1950 2275 2014 alii,
2313 1953 2405 2021 qui
2450 1953 2533 2008 vel
2577 1954 2745 2025 lapsi,
2785 1956 2869 2011 vel
2917 1957 3121 2028 lapsuri
3171 1960 3331 2018 forte
3357 1974 3515 2031 sunt,
3552 1968 3740 2024 corri-

2149 2051 2367 2113 gantur.

2772 2135 3002 2193 CAPUT
3039 2139 3104 2195 γ.

2147 2241 2218 2297 In
2254 2244 2473 2329 epistola
2515 2246 2585 2300 ad
2628 2246 3041 2329 Hermisindim,
3062 2254 3126 2307 de
3154 2270 3215 2329 eo
3261 2258 3402 2325 quod
3447 2258 3739 2329 cedi/icium

2431 2317 2678 2374 humanm
2706 2323 2965 2391 superbire
2990 2325 3092 2377 cito
3129 2317 3443 2381 destruitur.

2226 2422 2246 2455 ε
2275 2400 2476 2460 Pactus
2506 2407 2725 2476 quidem
2771 2418 2855 2464 est
2904 2409 3035 2467 Saul
3082 2413 3342 2484 majorem
3375 2417 3539 2473 filiam
3577 2435 3741 2475 suam

2150 2491 2337 2550 Mcrob
2385 2494 2557 2551 David
2606 2498 2738 2553 dare
2778 2515 3036 2568 uxorem;
3066 2505 3159 2560 sed
3186 2521 3307 2560 cum
3334 2516 3547 2578 tempus
3574 2512 3747 2565 adve-

2150 2585 2322 2645 uisset
2338 2587 2484 2656 quod
2508 2588 2627 2645 dari
2654 2590 2757 2645 sibi
2790 2591 3092 2660 debuisset,
3124 2611 3231 2651 non
3266 2596 3316 2653 ei
3342 2600 3468 2654 data
3497 2612 3603 2665 est.
3638 2604 3740 2659 sed

2150 2676 2243 2732 alii
2265 2678 2550 2745 conjuncta
2579 2688 2666 2733 est
2689 2680 2830 2736 viro.
2858 2681 3061 2738 Dilexit
3099 2694 3279 2741 autem
3324 2687 3521 2744 Michol
3562 2690 3739 2745 filiam
3838 2698 3843 2703 ’

2151 2761 2282 2823 Saul
2311 2766 2542 2823 alteram
2566 2769 2735 2825 David
2766 2784 3000 2842 eamque
3042 2775 3145 2829 sibi
3178 2792 3402 2833 uxorem
3449 2781 3739 2852 conjunxit

2152 2854 2206 2927 (I
2235 2854 2363 2928 Reg.
2392 2858 2567 2928 xvru).
2606 2878 2625 2911 ι
2654 2859 2839 2917 Merob
2864 2865 3064 2934 quippe
3087 2866 3477 2938 interpretatur
3496 2872 3561 2925 de
3590 2875 3741 2926 mul-

2150 2947 2408 3014 titudine;
2452 2948 2650 3006 Miebol
2680 2961 2885 3020 autem,
2915 2972 2947 3008 a
2974 2972 3100 3026 qua,
3148 2960 3233 3013 vel
3278 2974 3343 3015 ea
3372 2963 3636 3018 omnibus.
3665 2966 3739 3021 Et

2152 3039 2282 3108 quid
2304 3055 2405 3110 per
2431 3042 2635 3110 Merob,
2664 3044 2772 3099 nisi
2820 3045 2908 3100 illa
2940 3048 3205 3105 duntaxat
3239 3051 3535 3109 infidelium
3569 3058 3741 3112 turba

2076 3111 2122 3173 Ο
2154 3130 2420 3201 signatur,
2448 3146 2570 3207 quae
2616 3143 2701 3190 est
2740 3137 2809 3191 de
2860 3138 3229 3206 multitudine,
3262 3158 3383 3211 qua:
3408 3146 3739 3215 repellitur?

2159 3236 2178 3271 ι
2207 3219 2355 3279 Multi
2402 3224 2545 3278 enim
2576 3234 2706 3280 sunt
2731 3225 2927 3290 vocati,
2968 3231 3126 3297 pauci
3150 3245 3282 3287 vero
3319 3233 3478 3289 electi
3512 3236 3733 3305 (Matth.

2151 3308 2269 3378 xx).
2306 3327 2324 3361 ι
2355 3308 2495 3375 Quid
2518 3321 2699 3369 autem
2718 3328 2814 3383 per
2841 3315 3055 3382 Micbol,
3104 3319 3209 3374 nisi
3248 3332 3435 3378 sancta
3462 3325 3733 3395 ﬁguratur

2152 3400 2413 3466 Ecclesia,
2434 3403 2595 3474 186
2619 3420 2651 3458 a
2671 3420 2773 3476 qua
2796 3406 3048 3464 videlicet
3067 3425 3256 3467 omnes
3277 3414 3531 3470 oriuntur
3546 3417 3731 3485 electi,

2151 3490 2236 3545 vel
2258 3508 2376 3561 quae
2406 3509 2475 3548 ex
2497 3494 2748 3549 omnibus
2772 3506 2987 3552 constat
3015 3498 3225 3567 electis,
3253 3518 3375 3573 quae
3404 3504 3531 3559 licet
3561 3507 3733 3562 filium

2150 3598 2258 3639 non
2281 3586 2545 3655 genuerit,
2571 3586 2697 3642 huic
2723 3594 2903 3644 tamen
2947 3590 3314 3664 intelligentiae
3332 3595 3451 3663 ejus
3470 3600 3735 3656 sterilitas

2149 3687 2257 3728 non
2288 3674 2540 3729 obsistit?
2560 3675 2720 3733 Aliud
2761 3679 2960 3749 quippe
2986 3683 3301 3752 mysterium
3326 3696 3432 3751 est,
3456 3689 3583 3757 quia
3617 3692 3732 3760 regi

2148 3761 2320 3816 David
2368 3772 2453 3818 est
2492 3764 2547 3818 in
2585 3766 2968 3837 conjugalitate
3012 3770 3333 3840 conjuncta;
3387 3775 3552 3842 aliud,
3603 3781 3731 3848 quia

2148 3853 2386 3924 perstitit
2423 3854 2744 3921 infecunda;
2782 3858 2948 3926 aliud,
2991 3862 3120 3931 quia
3168 3864 3371 3920 Christi
3398 3864 3613 3923 Domini
3646 3881 3733 3926 est

2145 3947 2338 4017 sortita
2369 3946 2704 4017 conjuglum;
2732 3950 2899 4018 aliud,
2921 3954 3047 4023 quia
3088 3954 3438 4014 fecunditatis
3488 3977 3593 4015 non
3618 3979 3737 4018 me»

2145 4036 2257 4090 ruit
2280 4038 2503 4103 donum,
2533 4040 2626 4094 sed
2649 4041 2867 4110 pertulit
2897 4044 2952 4099 in
2994 4043 3157 4101 lsrael
3203 4048 3506 4111 sterilitatis
3526 4067 3733 4122 θυρω-

2146 4127 2348 4182 brium.
2374 4128 2530 4184 lianc
2551 4144 2684 4186 sane
2708 4132 2873 4188 David
2895 4134 3115 4205 superbi
3141 4138 3285 4208 regis
3301 4138 3428 4194 Saul
3444 4142 3541 4196 sibi
3562 4143 3731 4199 filiam

2138 4214 2342 4285 junxit,
2376 4217 2502 4272 dum
2542 4217 2702 4276 fortis
2737 4236 2898 4277 manu
2939 4224 3099 4281 Jesus
3126 4241 3191 4282 ac
3232 4230 3427 4285 merito
3450 4230 3731 4288 desidera-

2144 4301 2270 4362 bilis
2295 4322 2418 4362 eam
2440 4308 2508 4364 de
2529 4312 2749 4381 superbi
2770 4314 2930 4382 hujus
2965 4319 3149 4374 mundi
3181 4320 3447 4391 principis
3466 4324 3733 4395 obsequio

2144 4397 2362 4451 sustulit
2377 4398 2588 4469 sibique
2602 4401 3082 4462 confederationis
3096 4410 3298 4465 intima:
3311 4413 3519 4482 glutino
3539 4418 3732 4473 conni-

2145 4487 2243 4542 vit.
2276 4487 2447 4555 Quam
2475 4491 2727 4549 videlicet
2764 4493 2980 4562 Michol,
3031 4513 3154 4568 qua:
3207 4515 3394 4559 sancta
3425 4506 3727 4565 electorum

2143 4590 2231 4637 est
2280 4581 2543 4645 Ecclesia,
2593 4588 2860 4656 superbus
2889 4589 2981 4665 iHe
3013 4589 3165 4658 Saul,
3197 4594 3301 4651 hoc
3328 4608 3433 4663 est,
3460 4600 3731 4671 malignus

2144 4675 2388 4745 spiritus,
2412 4676 2461 4730 ei
2492 4676 2676 4732 Merob
2700 4679 2914 4737 auferre
2945 4682 3169 4737 minime
3209 4687 3375 4754 valet,
3401 4692 3530 4759 quia
3554 4693 3731 4750 fidelis

2143 4777 2329 4822 custos
2351 4768 2783 4825 irrevocabiliter
2814 4788 2931 4827 eam
2962 4789 3075 4830 suae
3100 4776 3405 4836 dilectionis
3435 4784 3732 4841 obstrinxit

2145 4857 2511 4926 amplexibus;
2544 4861 2636 4929 qui
2668 4861 2721 4915 in
2749 4861 3040 4933 Evangelia
3082 4866 3281 4922 clamat
3314 4886 3329 4923 :
3368 4889 3387 4921 ε
3424 4870 3571 4927 Oves
3594 4890 3730 4931 mea

2117 4962 2329 5003 ‘vocem
2390 4965 2564 5005 meam
2623 4953 2870 5018 audiunt,
2924 4963 2980 5010 et
3013 4973 3117 5011 non
3163 4960 3416 5028 peribunt
3468 4964 3522 5017 in
3567 4978 3729 5021 aeter-

2143 5055 2293 5105 num,
2338 5050 2394 5095 et
2444 5058 2552 5098 non
2601 5046 2774 5114 rapiet
2813 5061 2907 5102 eas
2952 5049 3238 5120 quisquam
3284 5052 3351 5107 de
3394 5069 3564 5111 manu
3610 5072 3731 5113 mea

2144 5129 2328 5202 (Joan.
2355 5131 2431 5203 χ).
2469 5152 2489 5186 ι
2730 5147 2735 5152 -

2744 5226 2973 5284 CAPUT
3032 5229 3121 5286 Vl.

2533 5315 2601 5369 In
2628 5334 2864 5373 sermone
2883 5322 2949 5374 de
2968 5320 3030 5377 S.
3061 5321 3336 5378 Columba.

2208 5404 2343 5461 Cum
2368 5404 2697 5478 Redemptor
2725 5419 2910 5466 uoster
2937 5412 3097 5482 hujus
3141 5415 3326 5469 mundi
3358 5429 3610 5485 campum
3631 5433 3739 5489 pn-

2140 5512 2403 5568 gnaturus
2426 5503 2748 5575 ingreditur,
2792 5507 2859 5562 ad
2887 5508 3234 5564 debellandas
3260 5510 3404 5565 aeris
3434 5512 3604 5579 hujus
3632 5528 3739 5570 ne-

2141 5592 2344 5661 quitias
2369 5593 2528 5650 fortis
2553 5596 2829 5664 praeliator
2878 5607 3156 5664 armatur;
3186 5602 3310 5669 quia
3333 5614 3535 5655 novum
3564 5603 3739 5659 debe-

2143 5684 2235 5740 bat
2259 5684 2528 5744 instruere
2542 5687 2805 5758 praelium,
2822 5703 3017 5746 novum
3045 5690 3397 5763 induitgenus
3421 5706 3740 5762 armorum,
