4058 6178
343 187 360 240 l
373 185 473 245 097

1589 197 1662 252 IN
1703 149 1831 252 LlB.
1873 195 1890 249 l
1926 191 2188 249 REGUM.

3443 195 3577 252 1098

334 319 588 377 videlicet
637 324 696 373 ut
740 315 884 387 quod
933 313 1206 370 infirmum
1258 320 1343 367 est
1392 318 1800 380 superponeret,
1845 317 1901 362 et
1930 320 1974 375 Α
2003 319 2119 358 sum
2171 303 2272 373 piae
2317 304 2667 358 lmmanitatis
2710 304 2946 359 studium
2973 307 3357 371 exercendum,
3394 322 3576 362 verum

331 411 476 482 quod
529 409 930 464 robustum-est
971 405 1288 461 occultaret.
1332 403 1582 458 Loricam
1635 400 1902 471 siquidem

331 497 615 554 imbecillas
639 495 821 552 carnis
867 495 1038 550 induit
1062 506 1116 549 et
1156 491 1574 563 iusuperabilem
1600 488 1904 545 divinitatis

333 589 706 644 fortitudinem
724 587 1033 642 occultavit.
1065 585 1157 640 Sic
1179 585 1258 639 sic
1283 599 1380 654 per
1410 596 1630 637 carnem
1659 578 1905 634 diabolus

333 693 363 731 a
394 677 636 732 secundo
659 677 878 731 homine
912 675 1172 745 perditur,
1220 673 1313 742 qui
1341 687 1439 741 per
1464 684 1683 725 carnem
1704 667 1904 724 dudum

331 769 565 836 primum
622 769 894 822 hominem
944 765 1242 836 superavit,
1287 764 1586 832 eademque
1627 760 1728 816 sibi
1764 773 1907 813 nunc

331 857 504 912 ruina:
530 857 671 912 facta
697 867 776 912 est
804 872 967 912 causa
993 872 1113 925 quae
1145 855 1386 909 victoria
1427 852 1607 906 fuerat
1632 851 1700 905 de
1728 849 1905 918 primo

329 956 554 1016 parente
581 947 828 1001 materia.
863 945 974 1000 Hoc
1004 960 1101 1014 per
1127 943 1398 1013 allegoriae
1449 939 1766 1011 mysterium
1820 953 1906 992 res

328 1034 418 1092 illa
445 1035 926 1105 prmmonuitquod
953 1033 1117 1087 David
1147 1048 1173 1084 a
1209 1029 1344 1084 faeie
1375 1029 1516 1098 regis
1545 1027 1670 1082 Saul
1697 1026 1908 1098 fugiens

330 1127 384 1180 in
413 1127 698 1196 prtesentia
729 1126 894 1179 Achis
927 1125 1064 1195 regis
1093 1123 1233 1178 Getb
1264 1137 1324 1176 se
1374 1121 1556 1175 furere
1610 1118 1905 1173 simulavit.

330 1217 470 1271 Dicit
499 1218 642 1272 enim
672 1215 952 1284 Scriptura
989 1232 1001 1267 :
1036 1233 1052 1266 ι
1089 1213 1224 1280 Quia
1252 1212 1560 1266 defluebant
1581 1209 1765 1264 salivae
1789 1207 1908 1279 ejus

330 1304 384 1360 in
413 1305 635 1360 barbam
665 1304 716 1377 (1
744 1304 870 1374 Meg.
901 1303 1037 1374 ΠΙ).
1072 1323 1090 1356 ι
1133 1302 1278 1357 Sane
1315 1302 1440 1372 quia
1472 1302 1641 1356 barba
1685 1299 1786 1355 viri
1825 1309 1910 1355 est

328 1395 628 1464 proprium,
655 1393 785 1464 quid
818 1401 902 1448 est
943 1409 1040 1464 per
1091 1391 1375 1464 mysticum
1427 1387 1908 1455 intellectum,nisi

326 1488 544 1542 virtutis
590 1487 886 1542 indicium?
927 1485 1066 1554 Quid
1099 1499 1228 1555 ergo
1253 1500 1348 1556 per
1375 1484 1594 1549 salivas,
1619 1498 1738 1552 qua:
1757 1479 1910 1536 nimi-

327 1596 447 1634 rum
489 1578 665 1636 ﬂuidaa
716 1589 844 1634 sunt
884 1589 939 1634 et
988 1578 1164 1643 fluxm,
1200 1577 1304 1632 nisi
1353 1574 1534 1630 carnis
1579 1572 1910 1629 infirmitas?

2005 395 2166 451 etiam
2196 395 2262 448 ad
2287 394 2423 450 bona
2449 411 2548 464 pro
2573 393 2730 450 malis
2754 394 3163 461 redhibendum,
3195 411 3301 450 non
3324 408 3579 466 provocet

2003 485 2106 539 hoc
2133 485 2278 555 quod
2305 485 2371 539 de
2413 484 2740 556 Pythonissa
2785 483 2875 538 illa
2907 500 3114 554 magna:
3146 485 3387 555 profecto
3409 487 3580 542 laudis

2005 579 2162 650 digna
2195 580 2468 648 praeconio
2511 579 2729 649 legitur,
2756 594 2879 648 qua:
2908 579 3180 643 videlicet,
3217 581 3284 633 ad
3315 581 3580 636 imitatio-

2003 684 2129 724 nem
2171 671 2288 735 Dei,
2321 669 2452 725 Saul
2483 681 2589 726 tam
2621 671 2760 738 bene
2787 671 3058 734 tractavit,
3103 686 3209 724 non
3242 671 3404 724 modo
3434 673 3579 741 regio

1998 755 2110 824 jam
2156 758 2388 813 culmine
2444 760 2812 828 desperatum,
2857 759 2950 813 sed
2988 769 3042 812 et
3087 758 3138 811 in
3182 759 3419 812 crastino
3449 758 3578 812 Phi-

2005 850 2346 905 listhinorum
2398 851 2588 921 gladiis
2633 850 3001 921 perimendum
3028 849 3078 920 (1
3115 848 3247 918 Reg.
3279 851 3496 919 xxvtu):
3525 862 3581 902 et

2009 949 2262 1008 tanquam
2331 943 2609 1010 prudens,
2669 941 2824 1010 juxta
2897 939 3283 1010 Evangelium,
3352 955 3580 1009 serpens

2007 1029 2220 1098 (Matth.
2256 1029 2330 1101 κ),
2367 1031 2442 1085 illi
2489 1032 2741 1102 praestitit
2785 1031 3129 1094 beneficium,
3161 1046 3191 1083 a
3227 1047 3333 1100 quo
3377 1030 3579 1084 utilium

2005 1138 2065 1176 se
2091 1125 2346 1193 consequi
2373 1140 2528 1194 posse
2556 1126 2806 1192 sperabat
2836 1123 3280 1178 emolumentum.
3324 1123 3415 1177 llle
3445 1138 3581 1192 prte-

2009 1222 2176 1279 terea,
2223 1216 2364 1270 sicut
2424 1217 2536 1285 ipsa
2576 1215 2950 1284 conqueritur,
3001 1230 3191 1270 omnes
3237 1215 3477 1272 hariolos
3515 1217 3582 1270 de

2007 1309 2152 1356 terra
2177 1303 2341 1358 Israel
2390 1313 2446 1359 et
2502 1319 2689 1371 magos
2718 1305 2908 1370 erasit,
2934 1319 2998 1359 ac
3021 1320 3120 1375 per
3143 1305 3246 1360 hoc
3269 1306 3443 1360 eidem
3468 1322 3584 1360 mu-

2006 1391 2242 1448 liercula:
2296 1409 2510 1449 onmem
2570 1403 2835 1463 qutestum
2881 1395 3053 1449 solita:
3100 1395 3445 1451 divinationis
3487 1397 3586 1450 ad-

2007 1483 2158 1538 emit.
2196 1483 2290 1539 llla
2315 1483 2540 1539 vitulum
2568 1485 2898 1554 paschalem,
2929 1486 3019 1555 qui
3044 1485 3146 1540 sibi
3176 1486 3240 1540 de
3262 1496 3582 1556 consumpta

2007 1574 2095 1627 vix
2128 1583 2445 1644 paupertate
2487 1585 2797 1646 supererat,
2819 1577 2966 1632 coxit
2993 1584 3049 1630 et
3070 1592 3292 1648 azymos
3323 1593 3491 1648 panes
3518 1578 3585 1632 de

327 1669 467 1740 Quid
488 1686 616 1726 vero
643 1687 740 1742 per
763 1671 985 1726 barbam
1015 1669 1114 1724 nisi
1155 1667 1454 1722 divinitatis
1483 1665 1725 1721 innuitur
1755 1663 1910 1718 forti-
1939 1660 1983 1719 Β
2011 1663 2303 1736 perexigua
2331 1663 2505 1720 farina
2533 1666 2891 1720 commiscens
2920 1665 3014 1731 illi,
3048 1675 3108 1720 ut
3129 1674 3464 1731 vesceretur,
3491 1682 3586 1735 ap-

325 1759 496 1813 tudo?
537 1758 710 1813 Barba
735 1775 864 1830 ergo
889 1758 1076 1813 salivis
1125 1755 1484 1812 deﬂuentibus
1510 1755 1754 1824 operitur
1778 1753 1904 1822 quia

324 1844 502 1919 fragili
551 1849 732 1904 carnis
781 1849 1048 1904 velamine
1087 1847 1389 1903 divinitatis
1428 1848 1602 1902 virtus
1633 1830 1909 1899 induitur.

328 1941 436 1998 Sed
457 1944 598 2013 quod
630 1943 798 1998 David
826 1942 1248 2013 dispensationis
1271 1941 1463 2011 agebat
1485 1939 1776 2003 industria,
1802 1939 1906 1992 hoc

329 2046 362 2086 a
389 2033 755 2088 nescientibus
777 2033 1071 2102 putabatur
1113 2030 1346 2086 insania.
1383 2029 1534 2086 Unde
1575 2028 1742 2083 Achis
1785 2042 1903 2082 ser-

327 2124 413 2178 vis
454 2123 566 2177 suis
601 2123 720 2177 ait:
759 2142 776 2173 ‹
817 2122 1041 2176 Vidistis
1080 2121 1356 2175 hominem
1403 2121 1676 2183 insanum,
1733 2132 1906 2187 quare

2005 1752 2203 1818 posuit.
2250 1752 2404 1818 Quod
2444 1768 2568 1809 cum
2619 1754 2709 1809 ille
2757 1754 3001 1825 lugubris
3027 1765 3082 1810 et
3129 1756 3379 1826 contigua
3409 1765 3584 1811 morte

2009 1849 2173 1920 188
2187 1852 2506 1919 perterritus
2529 1864 2809 1922 sperneret
2831 1869 2895 1908 ac
2919 1854 3099 1908 cibum
3122 1869 3318 1924 capere
3343 1853 3585 1910 funditus

2006 1949 2302 2005 recusaret,
2333 1955 2364 1995 e
2407 1942 2686 1996 contrario
2717 1942 2804 1997 illa
2833 1943 3086 2012 precibus
3111 1943 3325 1998 obnixis
3371 1953 3426 1998 et
3465 1943 3585 2013 qui-

2005 2028 2226 2084 busdam
2261 2031 2404 2085 velut
2447 2034 3009 2102 argumentationibus
3062 2033 3462 2089 incessabiliter
3505 2035 3585 2086 in-

2004 2120 2252 2187 sistebat,
2286 2134 2348 2178 ut
2372 2126 2585 2196 roganti
2615 2125 2873 2181 talionem
2922 2126 3197 2180 redderet.
3225 2125 3294 2180 Et
3323 2126 3465 2180 sicut
3491 2123 3582 2179 illa

330 2214 633 2268 adduxistis
684 2228 807 2267 eum
855 2214 920 2266 ad
980 2212 1099 2267 me?
1153 2227 1220 2264 an
1274 2211 1468 2266 desunt
1507 2209 1664 2264 nobis
1716 2208 1905 2263 furiosi
2001 2208 2216 2279 iubenti
2246 2225 2522 2283 paruerat,
2575 2217 2655 2271 sic
2685 2218 2786 2272 iste
2816 2217 3171 2286 supplicantis
3205 2217 3458 2286 precibus
3483 2233 3584 2271 an—

329 2303 474 2372 quod
524 2303 901 2358 introduxistis
927 2301 1112 2366 istum,
1153 2309 1210 2354 ut
1231 2299 1434 2355 fureret
1472 2314 1558 2354 me
1603 2297 1908 2368 praesente?

330 2392 522 2466 (Ιὺὶά.)
553 2414 572 2446 ι

402 2475 592 2530 Nonne
613 2476 776 2531 etiam
806 2491 937 2530 vero
961 2475 1126 2530 David
1151 2473 1496 2544 Redemptori
1522 2479 1708 2527 nostro
1731 2468 1911 2527 simile

329 2565 461 2635 quid
496 2565 730 2631 ,accidit,
759 2575 820 2620 ut
845 2567 1072 2623 insanus
1100 2567 1168 2620 ab
1204 2564 1601 2621 insanientibus
1627 2571 1910 2632 putaretur

329 2663 387 2711 et
414 2655 675 2711 miracula
707 2671 804 2725 per
831 2658 1105 2712 daemones
1135 2671 1295 2726 agere
1325 2671 1356 2709 a
1387 2653 1732 2710 daemoniacis
1761 2653 1906 2707 dice-

331 2747 518 2802 retur?
542 2746 675 2802 Hinc
703 2756 786 2802 est
808 2748 950 2816 quod
979 2747 1190 2802 Marcus
1211 2745 1547 2817 evangelista
1575 2744 1710 2800 dicit
1739 2760 1752 2797 :
1790 2761 1808 2794 c
1841 2741 1911 2817 Et

333 2849 455 2892 cum
486 2838 750 2892 vidissent
797 2838 901 2903 sui,
950 2838 1204 2893 exierunt
1247 2845 1434 2892 tenere
1463 2850 1618 2900 eum;
1654 2834 1910 2889 dicebant

335 2929 480 2983 enim
509 2929 764 3000 quoniam
795 2930 849 2984 in
902 2929 1140 2985 furorem
1170 2943 1363 2984 versus
1411 2937 1495 2985 est
1525 2925 1717 2993 (Marc.
1745 2924 1849 2995 Ill).
1882 2942 1901 2976 ›

335 3017 540 3085 Quibus
570 3019 748 3075 verbis
773 3019 1019 3090 protinus
1042 3019 1246 3074 addidit
1272 3036 1286 3073 :
1323 3038 1342 3070 ι
1370 3018 1437 3073 Et
1467 3015 1692 3080 Scribae,
1715 3015 1805 3084 qui
1839 3015 1906 3069 ab
1933 3015 1980 3080 C
2010 3023 2428 3082 iusti-nummi]...

337 3107 725 3181 Hierosolymis
784 3109 1201 3174 descenderant,
1262 3108 1518 3164 dicebant
1573 3123 1586 3159 :
1643 3103 1906 3171 Quoniam

336 3198 636 3255 Beelzebub
675 3200 858 3264 habet,
883 3210 938 3256 et
976 3200 1103 3271 quia
1148 3200 1202 3254 in
1231 3199 1476 3270 principe
1515 3195 1909 3251 daemoniorum

336 3288 488 3362 ejicit
510 3290 774 3345 dmmonia
805 3289 1018 3360 (Ibid.).
1053 3307 1072 3340 ›
1119 3287 1290 3344 Porro
1333 3295 1538 3351 autem,
1567 3285 1693 3354 quia
1729 3285 1912 3339 saliva:

337 3379 652 3452 frequenter
684 3380 841 3450 187
863 3393 929 3434 ex
961 3379 1248 3434 infantium
1271 3392 1369 3433 ore
1397 3377 1913 3440 decurrunt,nonne

334 3469 486 3526 velut
509 3468 775 3523 infantilia
794 3469 1118 3524 videbantur
1139 3467 1465 3534 verba,cum
1485 3465 1728 3522 diceret:
1752 3481 1770 3514 ι
1799 3462 1912 3517 Nisi

338 3557 725 3616 manducaveri
735 3556 802 3612 tis
817 3571 1035 3612 carnem
1059 3555 1180 3611 Filii
1205 3554 1508 3610 hominiset
1528 3552 1775 3607 biberitis
1797 3552 1914 3621 eius

335 3651 676 3720 sanguinem,
694 3666 797 3703 non
818 3648 1087 3703 habebitis
1110 3646 1276 3701 vitam
1293 3645 1346 3699 in
1373 3643 1558 3700 vobis?
1574 3641 1755 3714 (Joan.
1771 3642 1870 3713 vr.)
1890 3659 1908 3694 ι

335 3740 490 3808 Quod
535 3739 818 3794 audientes
869 3737 1116 3807 discipuli
1161 3737 1414 3792 dicebant
1471 3749 1486 3788 :
1535 3752 1553 3785 ι
1609 3735 1784 3788 Durus
1831 3742 1918 3788 est

338 3832 427 3886 hic
456 3846 655 3896 sermo,
703 3840 758 3885 et
798 3831 920 3899 quis
964 3839 1140 3900 potest
1193 3844 1315 3884 eum
1358 3827 1576 3882 audire?
1612 3846 1632 3878 ι
1682 3826 1749 3881 Ει
1775 3827 1918 3882 sicut

337 3919 672 3990 evangelista
720 3917 905 3985 refert,
933 3937 952 3971 ι
982 3918 1096 3988 jam
1149 3934 1259 3973 non
1288 3933 1410 3972 cum
1455 3917 1546 3972 illo
1569 3916 1918 3971 ambulabant

338 4007 553 4081 (Ibid.).
594 4027 613 4060 ι
649 4006 754 4062 Sed
803 4008 923 4062 ista:
971 4007 1154 4062 salivae
1206 4007 1432 4061 barbam
1467 4005 1636 4060 David
1664 4005 1938 4075 tegebant,

337 4097 466 4168 quia
481 4098 584 4152 sub
605 4097 690 4151 his
712 4095 1052 4151 infautilibus
1075 4095 1258 4151 verbis
1281 4096 1456 4150 virtus
1477 4095 1660 4149 divina
1691 4095 1916 4150 latebat.

338 4186 538 4243 Factus
567 4198 651 4242 est
681 4203 811 4258 ergo
845 4186 1176 4256 Redemptor
1202 4198 1386 4241 noster
1414 4187 1684 4251 infirmus,
1707 4194 1766 4241 ut
1819 4200 1919 4242 nos

2006 2313 2239 2358 nucret:
2275 2323 2294 2356 ‹
2324 2304 2482 2369 Ecce,
2533 2305 2730 2374 inquit,
2783 2307 3027 2361 obedivit
3075 2306 3272 2361 ancilla
3325 2315 3416 2360 tua
3466 2307 3584 2362 voci

2008 2401 2130 2455 tute,
2163 2402 2218 2448 et
2239 2395 2392 2464 posui
2421 2385 2657 2450 animam
2690 2411 2864 2450 meam
2897 2396 2950 2449 in
2978 2411 3138 2450 manu
3168 2404 3278 2461 tua,
3320 2403 3376 2450 et
3404 2397 3583 2450 audivi

2007 2498 2288 2539 sermones
2320 2493 2462 2552 tuos,
2502 2501 2640 2557 quos
2669 2486 2880 2542 locutus
2925 2501 2985 2542 es
3014 2487 3081 2541 ad
3111 2502 3227 2553 me;
3276 2502 3420 2543 nunc
3453 2504 3585 2558 ergo

2007 2575 2128 2628 audi
2163 2587 2217 2630 et
2253 2585 2310 2630 tu
2333 2579 2520 2633 vocem
2551 2578 2763 2634 ancillae
2795 2588 2920 2647 tuzr,
2973 2588 3030 2635 et
3069 2595 3262 2649 ponam
3312 2594 3496 2634 coram
3527 2591 3579 2635 te

2008 2662 2304 2718 buccellam
2333 2666 2510 2734 panis,
2540 2674 2600 2720 ut
2627 2669 2916 2723 comedens
2961 2669 3306 2724 convalescas
3331 2678 3387 2724 et
3411 2671 3586 2740 possis

2009 2751 2114 2810 iter
2135 2753 2315 2810 facere
2335 2756 2387 2828 (Ι
2403 2757 2533 2827 Reg.
2550 2757 2766 2828 xxvm).
2791 2778 2810 2811 ι
2829 2758 2964 2827 Quis
2976 2759 3120 2815 enim
3143 2760 3246 2816 hoc
3264 2773 3586 2816 coruscantc

2008 2841 2212 2898 faceret
2241 2844 2553 2916 Evangelia,
2583 2849 2728 2920 quod
2757 2851 2872 2906 ιιωο
2894 2850 3088 2905 mulier
3114 2851 3216 2906 sub
3240 2851 3430 2906 umbra
3452 2850 3588 2922 legis

2009 2934 2184 3004 egisse
2231 2935 2585 3005 describitur,
2633 2942 2937 3010 praesertim
2996 2958 3119 2998 cum
3173 2943 3340 2998 Vetus
3393 2941 3588 2998 oll'erat

2482 3047 2495 3084 :
2558 3047 2577 3081 ι
2629 3029 2824 3103 Diliges
2873 3032 3107 3088 amicum
3163 3042 3337 3099 tuutn,
3368 3042 3423 3090 et
3458 3035 3588 3090 odio

2009 3115 2233 3173 habebis
2255 3119 2532 3176 inimicum
2565 3133 2737 3188 tuum,
2775 3144 2792 3175 ι
2826 3125 3133 3194 evangelica
3165 3141 3294 3181 vero
3321 3127 3448 3182 tuba
3481 3137 3592 3184 tero
3675 3135 3679 3140 ‘

2010 3208 2239 3264 ribiliter
2283 3209 2491 3266 intonet
2520 3229 2533 3264 :
2561 3212 2694 3278 Quia
2749 3233 2767 3265 ι
2807 3229 2908 3269 nec
2956 3215 3118 3270 Pater
3147 3226 3326 3272 vester
3351 3217 3590 3273 dimittet

2010 3295 2163 3350 vobis
2181 3307 2404 3366 peccata
2429 3310 2630 3366 vestra,
2657 3302 2702 3356 si
2730 3317 2836 3357 non
2877 3304 3194 3359 remiseritis
3221 3306 3591 3376 unusquisque

2012 3383 2168 3442 fratri
2192 3403 2290 3443 suo
2305 3389 2372 3446 de
2394 3392 2649 3448 cordibus
2671 3395 2885 3450 vestris
2918 3395 3535 3470 (Mattlr.vr;Marc.xI).
3565 3418 3584 3450 ι

2015 3473 2144 3529 Saul
2170 3478 2314 3532 enim
2339 3479 2414 3534 ita
2435 3480 2802 3539 divinantibus
2824 3494 2878 3539 et
2899 3485 3123 3540 hariolis
3147 3486 3396 3542 inimicus
3421 3490 3589 3543 exsti-

2016 3565 2082 3620 tit
2137 3575 2196 3622 ut
2254 3572 2456 3640 passim
2511 3588 2703 3630 onmes
2757 3575 3108 3644 interficeret,
3159 3589 3215 3632 et
3267 3582 3354 3634 vix
3399 3597 3588 3635 eorum

2014 3657 2304 3726 quispiam,
2334 3661 2437 3717 nisi
2469 3663 2584 3719 hzec
2614 3666 2874 3721 duntaxat
2901 3669 3226 3738 paupercula
3260 3671 3472 3737 mulier,
3502 3688 3590 3725 re-

2015 3751 2333 3818 mansisset;
2366 3754 2481 3810 hzec
2506 3756 2838 3826 etiam,quaa
2886 3770 3193 3829 supererat,
3238 3771 3388 3818 tanta
3431 3763 3594 3835 regiae

2015 3843 2407 3908 persecutionis
2457 3854 2577 3900 erat
2627 3848 2961 3905 immanitate
2989 3853 3285 3908 constricta
3337 3863 3418 3918 ut,
3463 3854 3591 3908 dum

2017 3929 2325 3988 nullatenus
2353 3934 2430 3989 uti
2478 3937 2810 3994 divinatione
2862 3951 3233 4010 praesumeret,
3274 3953 3590 4000 consuetum

2016 4022 2249 4091 propria:
2263 4025 2397 4080 artis
2412 4037 2677 4096 quzestum
2702 4026 2940 4084 funditus
2962 4032 3251 4089 amisisset.
3269 4032 3395 4090 Haec
3409 4042 3592 4090 tamen

2019 4110 2250 4182 idipsum
2275 4115 2417 4184 quod
2448 4128 2785 4173 remanserat
2827 4120 3055 4176 reddens
3097 4122 3234 4177 bona
3291 4138 3388 4193 pro
3433 4126 3596 4181 malis

2020 4201 2276 4259 alacriter
2295 4205 2514 4273 obtulit,
2545 4215 2599 4262 et
2644 4208 2923 4264 inimicum
2965 4225 3142 4277 suum,
3165 4212 3314 4268 velut
3340 4197 3597 4282 Apostolo

340 4275 510 4332 fortes
534 4275 798 4344 ellieeret;
833 4277 982 4333 visus
1035 4287 1120 4332 est
1175 4277 1391 4342 stultus,
1424 4285 1481 4330 ut
1511 4276 1578 4331 ad
1606 4291 1789 4333 veram
1821 4291 1912 4331 nos

2015 4289 2128 4360 jam
2165 4293 2280 4349 haec
2321 4296 2686 4366 praecipiente,
2736 4298 2938 4354 cibavit
2994 4275 3505 4371 (Rom.xtt).Etb:ec
3530 4316 3597 4358 eo

341 4368 664 4438 sapientiam
695 4379 998 4425 revocaret.
1031 4369 1183 4426 Unde
1211 4371 1342 4425 dicit
1367 4369 1693 4438 Apostolus:
1726 4387 1744 4419 ε
1778 4368 1912 4436 Quia

2025 4393 2264 4453 tempore
2309 4387 2592 4442 laudabilis
2648 4389 2842 4444 mulier
2869 4359 3016 4456 fecit,
3060 4406 3183 4446 cum
3239 4359 3387 4445 illum
3417 4402 3602 4447 nosset

341 4459 484 4528 quod
507 4459 727 4513 stultum
759 4471 841 4515 est
883 4461 974 4514 Dei
1003 4461 1272 4531 sapientia
1298 4469 1380 4515 est
1425 4461 1755 4515 hominibus.
1803 4481 1822 4512 ι
1855 4461 1922 4515 Et

345 4549 506 4619 paulo
536 4551 784 4619 superius
818 4570 833 4606 :
872 4570 890 4602 ι
930 4552 1067 4618 Quia
1121 4567 1227 4606 non
1268 4554 1519 4622 cognovit
1565 4554 1797 4606 mundus
1827 4568 1924 4621 per

339 4639 667 4710 sapientiam
697 4640 886 4705 Deum,
919 4641 1121 4710 placuit
1151 4642 1260 4694 Deo
1292 4655 1390 4709 per
1415 4640 1698 4694 stultitiam
1723 4641 1921 4708 praedi-

343 4731 576 4787 cationis
626 4733 805 4786 salvos
845 4731 1028 4786 facere
1079 4732 1366 4787 credentes
1396 4731 1446 4802 (1
1496 4731 1617 4785 Cor.
1666 4731 1728 4800 ι).
1763 4750 1781 4783 ι
1814 4730 1924 4786 Nec

346 4823 621 4893 indignum
647 4837 808 4892 super
838 4822 1067 4876 Domino
1101 4820 1386 4876 Salvatore
1415 4830 1601 4875 nostro
1631 4819 1918 4873 infirmita-

341 4921 473 4976 tem,
503 4914 585 4968 vel
611 4913 898 4968 stultitiam
928 4913 1056 4978 diei,
1113 4928 1234 4966 cum
1280 4913 1444 4966 etiam
1498 4927 1594 4981 per
1621 4911 1917 4980 leprosum,

342 5019 467 5060 eum
491 5006 651 5059 etiam
671 5020 766 5074 per
789 5014 1095 5075 serpentem
1129 5021 1233 5057 non
1259 5003 1578 5074 dedignatus
1601 5004 1670 5058 sit
1693 5003 1922 5075 mystice

345 5095 586 5164 figurari.

934 5165 1161 5221 CAPUT
1212 5164 1319 5220 γη.

346 5255 414 5308 1η
438 5255 657 5324 epistola
688 5257 755 5308 ad
787 5257 1114 5311 Desiderium
1149 5257 1408 5320 abbatem,
1439 5273 1542 5326 qua
1571 5257 1766 5309 dicitur
1786 5256 1926 5326 quod

417 5326 614 5398 majori
652 5328 734 5408 sit
767 5329 955 5396 dignus
1001 5329 1197 5408 Irortore
1244 5329 1334 5395 qui
1375 5325 1684 5396 dignitatem
1716 5325 1926 5395 projicit

416 5413 572 5462 quam
595 5413 684 5466 qut
719 5414 770 5450 m
808 5414 866 5450 ea
893 5408 1141 5464 persistit.

421 5487 588 5553 Quem
620 5502 726 5540 non
753 5488 984 5542 aediﬁcet
1025 5497 1190 5558 atque
1220 5488 1284 5541 ad
1335 5485 1720 5555 perfectionem
1750 5485 1928 5538 chari-

352 5578 476 5631 tatis
503 5575 727 5641 excitet,
767 5590 951 5644 quem,
988 5577 1232 5645 inquam,
1263 5591 1370 5632 non
1425 5575 1597 5632 solum
1624 5574 1692 5629 ad
1722 5571 1927 5628 oflicio-

792 5668 1066 5730 Pnaoa.
1099 5671 1358 5743 .QXLV.

2023 4475 2168 4531 illico
2201 4479 2542 4542 moriturum,
2569 4492 2731 4550 atque
2759 4482 3000 4537 ideonec
3029 4493 3276 4553 speraret
3297 4484 3409 4554 jam
3435 4485 3602 4555 placi-

2025 4569 2174 4631 dum,
2199 4582 2297 4622 nec
2317 4579 2541 4637 paveret
2561 4570 2780 4626 iratum.
2807 4571 3153 4640 Argumentis
3177 4582 3402 4626 utuntur
3422 4573 3600 4629 homi-

2025 4673 2140 4723 nes,
2162 4667 2270 4712 uta
2292 4659 2527 4728 propriis
2549 4659 2796 4714 domibus
2821 4661 3083 4730 hospitari
3101 4662 3340 4716 volentes
3360 4663 3603 4733 ejiciant,

2025 4757 2083 4799 ut
2112 4745 2176 4799 ad
2207 4748 2483 4812 tabernas,
2534 4748 2618 4801 vel
2661 4749 2927 4817 emptoria
2974 4749 3153 4804 vicina
3209 4752 3602 4806 transmittant.

2024 4835 2302 4905 Siquidem
2339 4836 2487 4891 locus
2516 4838 2617 4892 iste
2645 4838 3007 4907 depreciatur,
3049 4841 3136 4895 ille
3162 4840 3478 4912 praefertur;
3510 4842 3600 4896 hic

2023 4944 2118 4998 per
2148 4928 2543 4984 inclementiam
2573 4931 2845 4984 annotinae
2885 4935 3218 5002 tempestatis
3266 4951 3410 5006 aegra
3439 4949 3595 5006 seges

2025 5036 2224 5092 negare
2243 5020 2414 5078 fertur
2441 5021 2692 5092 agricolis
2719 5022 2947 5089 victum;
2983 5024 3070 5079 ille
3090 5025 3347 5080 feracium
3381 5025 3595 5097 frugum

2027 5115 2224 5170 dicitur
2279 5116 2609 5171 exuberasse
2653 5127 2966 5186 proventus.
2998 5119 3153 5173 Modo
3200 5122 3436 5175 brevitas
3458 5138 3608 5176 com-

2029 5206 2315 5260 mendatur
2341 5205 2568 5272 itineris,
2596 5208 2755 5262 modo
2786 5208 2864 5263 sol
2893 5209 3086 5266 altiora
3116 5210 3239 5264 coeli
3272 5219 3453 5264 tenere
3482 5226 3607 5279 spa-

2033 5297 2104 5350 tia
2133 5296 2468 5366 perhibetur.
2492 5298 2604 5352 llac
2635 5298 2798 5369 igitur
2828 5301 3172 5355 accuratione
3200 5302 3508 5365 verborum,
3530 5302 3608 5356 nil

2033 5388 2176 5442 aliud
2201 5389 2378 5456 agitur
2399 5404 2560 5458 quam
2583 5399 2642 5443 ut
2665 5391 3108 5459 supervenientes
3129 5393 3271 5444 aliud
3297 5394 3397 5447 sibi
3428 5393 3607 5462 provi-

2034 5478 2161 5533 dere
2212 5478 2606 5547 compellantur
2659 5480 2973 5550 hospitium.
3019 5481 3142 5536 llzee
3169 5492 3346 5536 auten:
3371 5485 3608 5553 prudens

2032 5584 2087 5629 et
2128 5573 2361 5644 ingenua
2407 5572 2605 5628 mulier
2653 5573 3039 5642 rhetoricatur,
3089 5585 3148 5628 ut
3202 5578 3276 5630 ita
3306 5575 3496 5647 loquar
3554 5586 3609 5632 ct

3095 5667 3172 5730 35
