4058 6178
518 207 652 267 1099

517 329 796 376 oratorum
849 321 1183 378 orationibus
1241 322 1443 389 utitur,
1501 332 1560 378 ut
1627 323 1881 378 inimicus
1937 323 2094 392 ejus,

1400 207 1900 267 COLLECTANEA
1946 208 2015 266 1N
2046 151 2275 268 V'ETUS
2317 208 2859 270 TESTAMENTUM.

3630 190 3766 250 1100

2205 325 2330 380 dum
2371 326 2578 396 respuit
2622 341 2684 380 ac
2735 324 2984 390 resultat,
3034 323 3103 380 ad
3148 324 3387 382 edulium
3418 342 3739 398 provocetur

1449 433 1462 446 '
1547 432 1854 503 Expliciuut-
1881 434 2178 488 testimonia
2206 435 2362 506 primi
2384 434 2507 490 libri
2536 434 2759 506 Regum.

1177 567 1530 645 189-190
1573 564 1914 621 lNClPlUNT
1951 564 2293 622 CAPITULA
2326 564 2506 620 LIBRI
2545 564 2835 622 SECUNDI
2867 563 3134 623 R‘EGUM.

597 723 610 735 .
651 681 724 735 De
753 699 811 735 eo
840 684 978 755 quod
1015 680 1184 735 David
1217 681 1534 750 imprecatus
1559 689 1669 746 est,
1720 690 1776 733 ut
1829 695 1933 732 non
1963 679 2173 747 deﬁciat
2213 681 2277 733 de
2305 679 2462 733 domo
2496 677 2633 733 Joab
2664 680 2867 748 ﬂuxum
2897 679 3112 734 seminis
3157 681 3418 735 sustinens
3471 693 3520 736 et
3550 684 3782 755 (cpi-cm

697 762 873 805 tenens
898 753 1096 820 fusum.

594 862 609 878 .
651 821 762 876 Ista
802 835 873 876 est
898 818 989 876 lea:
1022 824 1210 886 Adam,
1245 821 1316 873 ait
1349 821 1536 883 David,
1565 820 1783 874 Domine
1809 818 1964 872 Deus.

562 893 607 946 5.
652 891 796 945 Fecit
827 905 998 946 autem
1022 892 1190 945 David
1215 891 1313 944 sibi
1340 907 1548 954 nomen,
1572 907 1686 943 cum
1718 899 2074 954 reverteretur,
2093 899 2245 959 capta
2267 888 2450 959 Syria,
2467 888 2522 943 in
2545 887 2680 943 valle
2705 886 3013 944 Salinarunt
3039 890 3191 945 casis
3215 890 3491 946 duodecim
3514 893 3768 954 millibus.

602 1072 615 1084 .
654 1033 731 1086 De
759 1049 818 1085 eo
843 1033 982 1102 quod
1008 1031 1109 1101 ﬁlii
1139 1031 1318 1102 David;
1335 1031 1635 1102 sacerdotes
1651 1030 1812 1102 fuisse
1841 1031 2112 1102 dicuntur.

599 1141 614 1156 .
653 1101 805 1167 Quod
841 1099 1060 1156 Ammon
1091 1101 1232 1168 [ilius
1265 1100 1440 1166 Naas,
1489 1101 1686 1154 nuntiis
1723 1101 1891 1154 David
1921 1102 1988 1153 ad
2017 1099 2392 1154 consolandum
2417 1116 2535 1154 eum
2563 1115 2719 1170 super
2744 1108 2964 1154 mortem
2988 1100 3155 1172 patris
3181 1101 3413 1169 directis,
3444 1113 3604 1159 vestes
3625 1105 3777 1162 scidit

559 685 581 736 1

555 825 588 909 ἓ

555 914 588 946 Ο

555 962 610 1016 ι.
654 962 758 1026 Qui
793 972 942 1016 erant
973 961 1250 1028 Celetluei,
1287 971 1333 1014 et
1362 959 1665 1014 Piteletltazi.

559 1033 593 1086 5

559 1104 592 1158 6

660 1184 741 1260 “et
781 1174 966 1226 barbas
996 1173 1192 1260 med'i‘as
1216 1173 1373 1260 .r‘ast't.

568 1263 584 1297 Ι

597 1284 611 1297 .
651 1243 726 1297 De
766 1245 1064 1302 paenitentia
1094 1243 1285 1307 David,
1313 1259 1430 1311 quia
1454 1253 1695 1312 suscepta
1733 1250 1839 1306 est;
1877 1239 2008 1312 Saul
2033 1256 2173 1312 vero,
2202 1239 2497 1312 reprobata.

556 1317 611 1370 8.
650 1314 726 1369 De
753 1331 811 1369 eo
843 1315 982 1384 quod
1015 1314 1176 1367 David
1213 1309 1418 1366 [labat/2
1447 1309 1735 1376 civitatem,
1762 1329 1917 1382 quant
1949 1310 2084 1384 Joab
2114 1311 2474 1384 oppugnabat,
2505 1310 2669 1384 victor
2695 1309 2940 1364 obtinuit.

556 1387 608 1439 9.
650 1384 728 1438 De
755 1403 812 1438 eo
835 1379 974 1454 quod
1003 1383 1169 1437 David
1206 1384 1434 1438 Absalon
1465 1385 1670 1454 fugiens
1694 1379 1882 1454 decem,
1901 1379 2216 1435 concubinas
2246 1379 2315 1433 ad
2342 1380 2738 1454 custodiendam
2770 1385 2984 1434 domum
3005 1381 3253 1454 reliquit.

521 1457 609 1509 10.
655 1454 806 1520 Quod
833 1449 1059 1509 Absalon
1089 1465 1286 1524 patrem
1317 1449 1646 1524 persequens,
1669 1451 1982 1524 concubinas
2011 1467 2142 1524 quas
2166 1450 2479 1524 paterdomi
2515 1449 2801 1524 reliquerat
2828 1490 2843 1516 ,
2871 1452 3089 1524 consilio
3113 1449 3463 1523 AchitOphelis
3489 1453 3725 1524 (adurit.

520 1528 546 1581 1
565 1527 608 1579 ι.
653 1519 728 1580 De
757 1543 814 1580 eo
845 1528 980 1596 quod
1014 1519 1160 1590 δοῖή,
1197 1536 1242 1578 et
1275 1519 1484 1598 Machir
1506 1536 1561 1598 et
1575 1523 1836 1578 Berzellai
1860 1519 2484 1598 Galaaditesobtulerunt
2502 1519 2674 1575 David
2713 1521 2770 1574 in
2795 1521 2983 1576 castris
3007 1521 3231 1578 Madian
3253 1519 3532 1591 stratoria,
3563 1535 3613 1580 et
3639 1535 3787 1598 tape-

699 1598 808 1661 tia',
831 1593 876 1649 et
915 1609 1038 1650 vasa
1069 1606 1116 1649 et
1149 1612 1368 1666 qumque
1390 1596 1460 1649 ad
1494 1596 1633 1649 cibos
1673 1593 1992 1648 necessaria.

519 1666 608 1721 12.
652 1666 727 1721 De
753 1660 811 1721 eo
839 1667 976 1734 quod
1007 1660 1199 1720 dicitur
1221 1660 1402 1788 plures
1429 1666 1592 1734 fuisse
1616 1683 1744 1736 quos
1775 1672 2165 1732 consumpserat
2193 1661 2361 1721 saltus
2386 1661 2451 1717 de
2480 1660 2672 1732 populo
2697 1677 2856 1733 quam
2885 1661 2966 1716 illi
3003 1680 3133 1734 quos
3163 1673 3434 1719 voraverat
3457 1663 3691 1734 gladius.

521 1737 609 1788 15.
657 1736 810 1788 Ouod
842 1736 1100 1788 Berzellai
1138 1735 1213 1788 ϐα
1241 1735 1440 1788 aadites
1483 1753 1643 1788 usque
1679 1735 1971 1788 Iordanem
1999 1750 2116 1787 cum
2146 1749 2264 1788 reae
2294 1732 2466 1786 David
2506 1733 2715 1788 veniens
2750 1741 2798 1787 et
2839 1731 3175 1788 Hierusalem
3198 1751 3371 1788 secum
3395 1751 3606 1788 Demere
3632 1751 3691 1788 re

521 1737 609 1791 l5.
657 1736 820 1818 Quod
842 1736 1100 1793 Berzellai
1138 1735 1213 1790 ϐα

693 1817 845 1861 savtt.

1241 1731 1440 1790 vadites
1483 1731 1643 1806 usque
1679 1735 1971 1790 Iordanem
1995 1731 2116 1787 cum
2146 1749 2264 1804 rege
2294 1731 2717 1788 David’veniens
2750 1741 2798 1787 et
2839 1731 3175 1790 Hierusalem
3198 1751 3371 1789 secum
3393 1731 3606 1806 pergere
3632 1751 3787 1791 recu-

524 1875 613 1932 M.
658 1876 812 1943 Quod
845 1877 1014 1934 David
1052 1878 1227 1930 decem
1276 1875 1589 1932 concubinas
1615 1915 1630 1942 ,
1679 1892 1810 1947 quas
1844 1875 1988 1930 domi
2032 1873 2355 1945 reliquerat,
2410 1873 2622 1929 rediens
2663 1874 2721 1929 itt
2770 1875 3066 1930 custodiant
3104 1875 3366 1944 tradidit,
3404 1891 3500 1931 nec
3517 1884 3592 1932 est
3640 1875 3785 1931 ultra

701 1950 962 2017 ingressus
985 1949 1052 2004 ad
1077 1965 1185 2001 eas.

525 2018 613 2072 15.
656 2017 807 2071 Unde
833 2035 1013 2086 supra.

524 2088 613 2143 16.
650 2088 728 2142 De
755 2105 814 2142 eo
839 2085 975 2160 quod
1002 2089 1198 2142 dicitur
1202 2089 1424 2160 tertium
1451 2086 1642 2160 bellum
1672 2087 1728 2160 in
1749 2085 2064 2160 Gobncontra
2094 2085 2429 2141 Pliilisthteos
2457 2085 2651 2154 fuisse,
2686 2087 2742 2142 in
2765 2103 2867 2160 quo
2889 2087 3144 2160 percussit
3173 2087 3478 2142 Adeodatus
3505 2085 3654 2154 ﬁlius
3677 2085 3786 2141 sal-

698 2154 1163 2229 tuspolymitarius
1192 2158 1555 2212 Bethleemites
1597 2156 1811 2211 Goliath
1851 2154 2146 2211 Cethteum.

521 2228 609 2282 Π.
655 2226 822 2283 David
865 2231 1048 2284 sedens
1090 2231 1144 2282 in
1175 2230 1425 2283 cathedra
1454 2229 1870 2297 sapientissimus
1904 2230 2142 2298 princeps
2171 2229 2308 2282 inter
2334 2237 2472 2293 tres;
2508 2228 2615 2299 ipse
2638 2228 2792 2298 quasi
2815 2229 3124 2286 tenerrimus
3146 2228 3275 2300 ligni
3306 2226 3616 2283 vermiculus
3636 2265 3658 2295 ,
3693 2226 3791 2300 qui

699 2300 1019 2368 octingentos
1043 2300 1304 2368 interfecit
1335 2301 1526 2368 impetu
1555 2315 1681 2351 uno.

521 2367 607 2424 l8.
647 2367 800 2433 Quod
825 2363 996 2424 David
1026 2363 1205 2423 aream
1234 2363 1417 2424 Oruan
1442 2367 1674 2424 Jebuswi
1703 2379 1750 2424 et
1780 2367 1928 2423 boves
1956 2369 2010 2423 in
2042 2367 2405 2423 holocaustum
2433 2367 2700 2438 o/Terendo
2723 2377 2904 2424 taxato
2934 2371 3101 2439 pretio
3129 2369 3470 2441 comparavit.

1947 2481 2252 2550 Expliciunt
2283 2480 2539 2551 capitula.

665 2632 1306 2725 INCIPIUNT
1374 2629 2127 2726 TESTIMONIA
2181 2629 2511 2720 LIBRI
2587 2629 3100 2722 SECUNDI
3177 2636 3628 2730 REGUM.

1025 2799 1257 2856 CAPUT
1295 2799 1588 2856 PRIMUM.

977 2890 1044 2946 In
1075 2891 1206 2946 libro
1241 2889 1648 2947 Gomorrhiano.

594 3006 615 3039 ι
646 2987 760 3042 Nec
787 2984 1002 3041 deﬁciat
1021 3025 1035 3048 ,
1068 2985 1145 3038 ait
1169 2984 1334 3039 David
1359 3026 1373 3052 ,
1416 2986 1482 3040 de
1511 2986 1671 3040 domo
1711 2983 1846 3039 Joab
1876 2981 2106 3039 Gomor-

519 3067 674 3136 r’ltian
704 3075 1222 3148 sustinens(ll_Reg.
1248 3077 1386 3147 ιιι).ι
1415 3075 1520 3131 Pro
1541 3091 1649 3146 quo
1673 3077 1908 3131 secunda
1933 3084 2108 3130 trans-

519 3172 649 3227 latio
702 3171 863 3224 habet
925 3165 1126 3223 ﬂuxum
1177 3166 1398 3224 seminis
1439 3167 1711 3223 sustinens
1755 3174 1810 3222 et
1861 3165 2107 3238 leprosos

521 3273 712 3318 tenens
765 3260 944 3315 fusum
971 3299 987 3326 ,
1025 3268 1081 3314 et
1129 3261 1328 3314 cadens
1373 3257 1552 3330 gladio
1578 3266 1634 3312 et
1662 3257 1912 3329 indigens
1939 3270 2100 3327 pane.

518 3357 693 3424 Lepra
737 3355 935 3426 quippe
987 3351 1333 3424 perfunditur
1379 3352 1470 3423 qui
1501 3351 1682 3422 gravis
1734 3351 1942 3422 peccati
1985 3349 2107 3404 labe

520 3451 794 3516 findatur,
827 3447 1002 3503 fusum
1053 3461 1184 3501 vero
1211 3454 1399 3501 tenere
1437 3453 1519 3500 est
1553 3443 1725 3499 virilis
1771 3443 1898 3498 vita:
1946 3441 2106 3498 fortia

520 3541 664 3595 facta
699 3539 1007 3608 relinquere
1058 3546 1113 3593 et
1156 3537 1401 3592 femineae
1453 3536 1882 3591 conversationis
1923 3533 2105 3588 illece-

523 3632 743 3686 brosam
778 3628 1058 3684 mollitiem
1100 3627 1379 3682 exhibere.
1412 3625 1605 3681 Gladio
1646 3625 1792 3681 cadit
1821 3625 1914 3695 qui
1949 3623 2107 3679 furo-

524 3738 638 3777 rem
696 3722 891 3777 divinae
946 3719 1334 3790 indignationis
1380 3717 1628 3774 incurrit.
1676 3717 1823 3773 Pane
1871 3717 2104 3787 indiget,

521 3829 682 3884 quem
723 3829 752 3866 a
793 3811 1139 3882 perceptione
1185 3808 1384 3865 Christi
1426 3808 1669 3878 corporis
1691 3808 1894 3880 pr0prii
1925 3816 2108 3862 reatus

520 3921 678 3978 pcena
705 3912 938 3960 coercet.
974 3921 992 3954 ι
1013 3901 1106 3956 llle
1124 3909 1207 3957 est
1227 3902 1370 3955 enim
1393 3901 1548 3971 panis
1570 3901 1743 3964 vivus,
1770 3898 1860 3969 qui
1883 3899 1949 3954 de
1970 3897 2112 3952 coelo

522 3997 801 4053 descendit
842 3995 1024 4066 (Joan.
1056 3993 1153 4066 vr).
1190 4012 1210 4047 ι
1261 3992 1318 4048 Si
1346 4007 1474 4064 ergo
1501 4000 1622 4062 post
1648 3991 1849 4046 ﬂuxum
1885 3989 2106 4046 seminis

522 4089 772 4159 leprosos
801 4087 977 4142 factus
1021 4086 1288 4156 praecepto
1317 4083 1450 4155 legis
1489 4095 1643 4138 extra
1675 4092 1852 4138 castra
1886 4094 2110 4136 manere

521 4177 891 4248 compelleris,
933 4192 1031 4230 cur
1070 4176 1246 4230 adhuc
1286 4169 1338 4228 in
1371 4174 1573 4230 eisdem
1596 4173 1792 4228 castris
1819 4173 1980 4227 etiam
2011 4172 2108 4226 ho-
2140 4165 2185 4224 B

524 4269 674 4322 noris
717 4268 1008 4338 primatum
1052 4267 1299 4320 obtinere
1347 4265 1660 4320 contendis?
1698 4264 1948 4333 Nunquid
1997 4279 2106 4318 non

523 4358 684 4414 Ozias
717 4371 814 4412 rex
843 4371 966 4410 eum
1011 4357 1240 4423 superbe
1270 4354 1485 4409 adolere
1516 4356 1794 4408 incensum
1839 4367 2001 4422 super
2027 4352 2108 4406 al-

527 4458 645 4504 tare
671 4447 1040 4519 thymiamatis
1066 4445 1346 4510 voluisset,
1376 4453 1657 4512 postquam
1686 4459 1745 4497 se
1771 4444 1924 4513 plaga
1948 4443 2108 4512 lepra:

525 4539 738 4595 cmlitus
759 4552 1075 4608 percussum
1099 4539 1337 4606 agnovit.
1368 4553 1472 4591 non
1497 4537 1656 4591 modo
1681 4554 1709 4590 a
1735 4537 2110 4592 sacerdotibus

525 4631 592 4685 de
615 4630 810 4702 templo
834 4630 1024 4700 expelli
1047 4631 1318 4700 patienter
1349 4629 1465 4684 tulit
1484 4671 1497 4692 .
1523 4629 1616 4684 sed
1647 4637 1701 4684 et
1725 4629 1839 4699 ipse
1863 4628 2112 4682 celeriter

526 4722 708 4792 egredi
754 4719 1065 4774 festinavit?
1103 4718 1375 4788 Scriptum
1427 4719 1624 4789 quippe
1664 4727 1787 4773 est:
1820 4737 1838 4768 ι
1869 4717 2112 4787 Cumque

529 4812 864 4882 respexisset
892 4827 1014 4865 eum
1038 4810 1264 4865 Azarias
1296 4810 1532 4881 pontifex
1586 4819 1641 4866 et.
1683 4825 1871 4865 omnes
1916 4809 2108 4879 reliqui

527 4905 860 4969 sacerdotes,
895 4904 1157 4958 viderunt
1180 4903 1384 4972 lepram
1413 4903 1466 4956 in
1499 4902 1676 4956 fronte
1699 4901 1845 4969 ejus,
1876 4911 1931 4956 et
1961 4901 2113 4955 festi-

527 5002 655 5048 nato
684 4992 1009 5062 expulerunt
1048 5009 1192 5048 eum.
1230 5013 1247 5044 ι
1279 4993 1506 5060 Moxque
1535 4991 1879 5062 subjnngitur
1905 5010 1917 5044 :
1957 5011 1973 5042 ι
2004 4990 2110 5045 Sed

529 5094 584 5139 et
622 5085 735 5154 ipse
767 5085 1108 5152 perterritus,
1144 5084 1471 5139 acceleravit
1501 5084 1716 5152 egredi,
1739 5099 1805 5138 eo
1829 5085 1969 5152 quod
1992 5099 2112 5137 scn-

529 5179 691 5232 sisset
717 5177 856 5232 illico
880 5175 1090 5249 plagam
1125 5178 1335 5232 Domini
1381 5177 1465 5247 (Il
1502 5176 1627 5231 Par.
1659 5179 1833 5246 xxvt).
1867 5196 1883 5228 ι
1934 5176 1988 5230 Si
2018 5191 2111 5230 rex

531 5269 794 5339 corporali
845 5268 992 5340 lepra
1051 5283 1337 5338 percussus
1397 5285 1425 5322 a
1467 5269 1838 5324 sacerdotibus
1885 5267 2006 5335 ejici
2048 5267 2112 5320 de

533 5361 729 5432 templo
770 5376 872 5414 non
909 5361 1262 5430 contempsit,
1305 5369 1358 5413 tu
1396 5360 1638 5428 leprosus
1679 5359 1732 5411 in
1793 5359 1974 5411 anima
2018 5373 2115 5410 cur

533 5463 613 5507 tot
651 5463 963 5508 sanctorum
996 5453 1215 5507 Patrum
1241 5453 1446 5524 judicio
1480 5470 1507 5506 a
1540 5453 1709 5508 sacris
1737 5451 1997 5505 altaribus
2030 5465 2115 5504 re»-

2131 2803 2182 2863 Α
2209 2798 2416 2854 obitum
2443 2813 2548 2853 non
2579 2799 2815 2864 erubuit,
2841 2808 2896 2854 tu
2921 2816 3019 2856 cur
3039 2817 3067 2856 a
3099 2805 3451 2861 sacerdotalis
3471 2809 3631 2866 ollicii
3659 2827 3790 2870 cono

2206 2888 2450 2944 funderis
2472 2903 2597 2944 arce
2622 2889 2971 2956 descendere,
2994 2900 3053 2945 ut
3077 2892 3128 2945 in
3153 2893 3488 2962 ptenitentize
3509 2901 3789 2969 sepultura

2207 2978 2492 3035 conclusus
2518 2987 2569 3034 te
2592 2981 2732 3036 inter
2754 2979 2905 3036 vivos
2946 2983 3168 3038 studeas
3198 2986 3352 3053 quasi
3385 2999 3652 3046 mortuum
3694 2994 3790 3050 de-

2205 3071 2438 3143 putare?
2481 3071 2547 3126 Et
2575 3080 2632 3126 ut
2662 3073 2730 3128 ad
2757 3071 2899 3127 illam
2943 3073 3080 3129 Joab
3120 3077 3405 3147 mysticam
3444 3096 3794 3142 recurramus

2205 3165 2575 3233 historiam,si
2615 3166 2731 3236 ipse
2769 3165 2945 3238 gladio
2976 3168 3226 3225 corruisti
3258 3211 3273 3234 ,
3327 3175 3597 3241 quomodo
3624 3176 3790 3234 alium

2204 3268 2300 3326 per
2345 3254 2732 3310 sacerdotalem
2785 3257 3014 3327 gratiam
3047 3261 3374 3315 snscitabis?
3401 3263 3457 3318 Si
3493 3263 3630 3334 ipse,
3675 3268 3791 3322 exi-

2206 3345 2459 3416 gentibus
2488 3345 2717 3412 meritis,
2751 3344 2962 3418 indiges
2989 3362 3150 3418 pane,
3182 3351 3234 3404 id
3259 3359 3369 3415 est,
3407 3368 3435 3406 a
3466 3353 3667 3409 Christi
3707 3371 3796 3411 se-

2206 3447 2427 3508 paratus
2451 3453 2511 3493 es
2541 3453 2788 3508 corpore,
2817 3455 2924 3511 quo
2949 3453 3108 3511 pacto
3135 3442 3300 3499 alium
3323 3447 3526 3516 poteris
3549 3449 3790 3505 caelestis

2206 3543 2408 3583 mensae
2434 3529 2660 3599 dapibus
2695 3532 2927 3586 satiare?
2969 3531 3026 3588 Si
3054 3542 3108 3587 tu
3139 3533 3283 3590 Oziae
3314 3536 3456 3608 lepra
3482 3555 3542 3594 es
3571 3555 3792 3609 percus-

2208 3633 2303 3674 sus
2327 3619 2382 3674 in
2404 3617 2612 3686 fronte,
2644 3621 2747 3676 hoc
2776 3631 2858 3676 est
2878 3663 2892 3688 ,
2922 3622 3158 3679 infamiae
3185 3633 3310 3681 nota
3339 3629 3713 3686 dehonestaris
3739 3631 3790 3685 in

2207 3707 2389 3776 facie,
2431 3712 2700 3780 quomodo
2745 3712 2908 3767 alium
2954 3716 3157 3802 poteris
3203 3718 3437 3773 obducta
3495 3721 3793 3791 perpetrati

2207 3801 2449 3857 criminis
2488 3802 2756 3858 oblivione
2798 3801 3065 3877 purgare?
3114 3807 3412 3864 Erubescat
3443 3825 3571 3882 ergo
3615 3820 3792 3868 tume-

2207 3893 2349 3961 facta
2375 3897 2650 3966 superbia,
2678 3912 2776 3952 nec
2797 3914 2958 3968 super
2978 3914 3036 3954 se
3059 3901 3240 3956 extolli
3270 3903 3509 3958 inaniter
3535 3913 3796 3975 appetat,

2208 4002 2369 4056 quam
2393 3986 2534 4043 infra
2565 4003 2624 4044 se
2650 3989 2856 4060 proprii
2897 3999 3079 4046 reatus
3101 3992 3322 4048 sarcina
3350 4009 3458 4049 non
3498 3996 3799 4052 mediocri-

2211 4085 2296 4139 ter:
2319 4087 2526 4150 gravat.

2732 4169 2886 4240 191
2927 4168 3157 4226 CAPUT
3199 4170 3266 4226 ιι.

2592 4257 2660 4313 In
2698 4277 2935 4314 sermone
2966 4261 3029 4315 de
3060 4259 3121 4317 S.
3157 4261 3431 4318 Mattlta’o.

2279 4350 2414 4404 Cum
2462 4350 2630 4405 David
2656 4366 2753 4420 per
2779 4351 2995 4406 Nathan
3032 4353 3351 4423 prophetam
3384 4355 3674 4410 clementia
3708 4356 3803 4411 di-

2209 4439 2334 4494 vina
2371 4441 2710 4509 promitteret
2739 4457 2805 4496 ex
2833 4441 2948 4510 ejus
2978 4445 3186 4499 semine
3212 4445 3549 4501 nasciturum
3579 4447 3673 4516 qui
3697 4462 3803 4504 suo

2211 4541 2398 4584 sancto
2452 4531 2656 4584 nomini
2707 4541 3048 4589 construeret
3097 4536 3354 4606 templum
3407 4546 3461 4590 et
3509 4535 3800 4593 Christum

2214 4624 2498 4679 manifeste
2553 4627 2875 4682 denuntians
2917 4629 3245 4699 adiecisset:
3281 4651 3296 4680 ι
3327 4631 3438 4702 Ego
3479 4646 3572 4685 ero
3621 4631 3697 4686 illi
3749 4633 3806 4687 in

2212 4727 2516 4786 patrem,et
2539 4719 2650 4788 ipse
2672 4721 2776 4774 erit
2795 4721 2922 4775 mihi
2948 4723 2997 4776 in
3017 4721 3182 4777 ﬁlium
3208 4721 3292 4792 (II
3318 4723 3446 4794 Reg.
3466 4725 3625 4792 \'ll);D
3657 4741 3810 4779 mox-

2212 4824 2315 4876 que
2348 4810 2664 4877 Ecclesiam,
2695 4829 2814 4883 qua}
2837 4830 3034 4885 corpus
3068 4825 3150 4871 est
3183 4817 3413 4881 Christi,
3437 4819 3611 4887 qualis
3660 4833 3812 4876 esset

2214 4899 2425 4967 futura,
2458 4904 2837 4972 depromeret,
2873 4907 3096 4962 dicens:
3130 4926 3148 4958 ι
3173 4908 3236 4961 Ει
3270 4908 3440 4962 fidelis
3475 4910 3580 4963 erit
3605 4912 3812 4965 domus

2215 4999 2326 5057 tua,
2361 5002 2414 5047 et
2443 5007 2661 5064 regnum
2694 5006 2843 5050 tuum
2869 5013 3036 5068 usque
3069 4998 3120 5052 in
3160 5008 3422 5052 aeternum
3450 5008 3576 5053 ante
3600 4988 3814 5056 faciem

2215 5099 2432 5147 meam,
2474 5093 2530 5140 et
2563 5087 2790 5141 thronus
2836 5098 2959 5144 tuus
3005 5089 3108 5142 erit
3139 5089 3326 5144 firmus
3368 5090 3587 5160 jugiter.
3635 5110 3653 5142 ι
3720 5091 3816 5146 Ille

2216 5177 2422 5247 gratias
2452 5193 2638 5246 agens,
2686 5180 2827 5234 inter
2854 5191 3050 5238 extera
3083 5182 3346 5236 orationis
3372 5197 3482 5235 sua:
3523 5182 3700 5236 verba
3735 5183 3818 5237 sic

2215 5270 2332 5324 ait:
2365 5291 2383 5323 ι
2411 5269 2514 5325 Sed
2562 5280 2617 5326 et
2659 5287 2848 5341 parum
2895 5273 3068 5327 visum
3105 5281 3190 5328 est
3236 5273 3289 5328 in
3328 5281 3624 5341 conspectu
3679 5283 3818 5335 tuo,

2217 5361 2442 5418 Domine
2466 5364 2606 5416 Deus
2635 5380 2806 5429 mens,
2830 5365 2952 5433 quia
2971 5365 3207 5419 dilexisti
3233 5380 3342 5430 me,
3367 5365 3470 5420 nisi
3492 5364 3822 5433 loquereris

2219 5453 2382 5506 etiam
2423 5454 2490 5509 de
2515 5454 2674 5510 domo
2701 5455 2841 5509 servi
2877 5457 2950 5509 tui
2985 5457 3036 5509 in
3078 5455 3463 5527 longinquum;
3502 5475 3520 5508 ›
3567 5469 3824 5524 moxque

522 5535 736 5598 moveri
767 5562 872 5601 non
917 5545 1154 5615 pateris?
1183 5544 1238 5600 Si
1263 5545 1378 5616 ipse
1401 5586 1415 5610 ,
1456 5545 1692 5598 demisso
1731 5542 1891 5612 regia:
1934 5541 2108 5610 digni-
2139 5522 2183 5584 Ο
2219 5544 2494 5612 subjnnxit
2523 5564 2535 5599 :
2567 5567 2584 5598 ι
2616 5547 2718 5602 ista
2753 5557 2834 5602 est
2860 5547 3001 5602 enim
3035 5548 3120 5603 lex
3161 5549 3354 5614 Adam,
3389 5547 3614 5601 Domine
3666 5546 3827 5602 Deus

537 5633 664 5687 tatis
707 5635 932 5704 imperio
959 5676 975 5701 ,
1021 5635 1266 5692 habitare
1309 5637 1366 5690 in
1404 5637 1562 5692 domo
1597 5635 1805 5705 privata
1842 5650 2012 5703 usque
2042 5634 2109 5688 ad

2221 5635 2430 5708 (Ibid.).
2454 5659 2472 5691 ι
2489 5639 2567 5695 Ac
2586 5640 2628 5694 si
2652 5639 2935 5709 perspicue
2957 5639 3128 5695 dicat:
3147 5640 3299 5696 Sicut
3319 5641 3371 5694 in
3391 5639 3591 5695 terreni
3616 5638 3828 5694 mundi
