4058 6178
549 187 682 246 1101

1864 183 1932 243 ΙΝ
1969 184 2097 243 LiB.
2139 186 2179 241 ii
2222 185 2487 242 REGUM.

3667 189 3813 251 “02

539 309 702 380 huius
719 305 943 364 exordio
956 304 1126 362 Adam
1141 302 1816 375 constituiStipbsteritatis
1835 311 2104 359 secutura;
2131 304 2186 362 Α
2212 262 2229 286 θ
2249 299 2387 368 ﬂii).
2425 317 2448 350 ν
2490 296 2599 353 Cur
2626 297 2718 354 lilii
2749 299 2915 354 David
2947 302 3258 356 sacerdotes
3288 302 3456 358 fuisse
3504 303 3765 362 dicuntur
3810 331 3825 374 ;

535 409 842 475 parentem,
866 408 1030 471 atque
1055 409 1120 454 ex
1141 399 1243 454 hae
1266 399 1451 454 radice
1472 398 1640 454 totius
1659 398 1880 453 humani
1907 400 2127 468 generis
2227 397 2354 466 quia
2381 395 2580 450 nullam
2603 409 2729 451 cum
2761 395 2887 451 filiis
2913 396 3093 453 Aaron
3120 399 3670 468 eonsanguinitatom,
3698 402 3806 460 nisi

536 493 824 550 decrevisti
844 491 1107 565 pullulare
1129 491 1503 562 propaginem,
1523 489 1594 544 ita
1619 504 1786 555 nunc,
1811 503 1933 543 cum
1965 505 2123 544 mun-

535 585 664 639 dum
687 597 953 639 renovare
971 583 1234 653 disponis,
1260 597 1346 636 me
1361 582 1520 651 quasi
1541 595 1738 634 novum
1762 579 1938 634 Adam
1962 579 2118 644 facis,

535 676 664 730 dum
691 673 971 731 Christum
999 689 1067 730 ex
1099 689 1220 729 meo
1264 673 1472 729 semine
1504 672 1841 726 nasciturum
1865 710 1878 734 ,
1917 671 2008 740 qui
2034 675 2121 725 est

532 775 726 822 auctor
751 775 807 822 et
852 774 1016 837 caput
1049 765 1337 829 Ecclesiae,
1367 764 1660 836 poll'ceris.
1698 783 1722 814 ε’
1749 761 1854 818 ista
1885 770 1970 817 est
1995 801 2010 827 ,
2035 760 2119 815 in-

531 856 682 927 quit,
714 855 799 912 lex
845 855 1050 923 Adam;
1091 877 1110 910 ι
1161 857 1285 926 quia
1315 857 1455 912 sicut
1491 855 1580 909 ille
1609 863 1729 910 erat
1767 853 1822 908 in
1853 853 1976 907 filiis
2002 853 2117 909 suis

530 949 680 1004 hunc
698 950 958 1004 mundum
988 948 1253 1004 vis'bilem
1277 961 1650 1018 possessurus,
1677 946 1750 999 ita
1780 953 1836 1000 et
1867 959 1968 1016 ego
2000 959 2108 1014 po-

527 1043 640 1113 puli
676 1041 977 1114 spirituails
1022 1041 1074 1098 in
1113 1039 1332 1096 Christo
1364 1050 1520 1112 pater
1559 1037 1791 1104 eilici‘or,
1824 1049 1948 1094 eum
1986 1039 2111 1105 illo,

525 1135 616 1205 qui
647 1135 701 1190 in
731 1133 885 1192 cmlis
922 1144 1037 1201 est,
1071 1145 1332 1206 perpetuo
1381 1140 1726 1205 regnaturus.
1766 1129 1920 1188 Sicut
1959 1131 2111 1188 enim

524 1228 589 1282 de
615 1238 766 1287 costa
812 1227 958 1284 illius
1011 1227 1244 1282 formula
1297 1233 1382 1281 est
1427 1225 1727 1281 viventium
1778 1231 1953 1279 mater
1999 1221 2112 1281 Eva

523 1320 678 1391 (Cen.
708 1321 791 1390 tt),
816 1320 889 1376 ita
919 1320 985 1376 de
1021 1319 1191 1374 latere
1214 1317 1441 1384 Christi,
1465 1318 1556 1388 qui
1583 1329 1650 1373 ex
1684 1331 1771 1374 me
1797 1317 2110 1373 nasciturus

520 1420 602 1467 est
626 1453 641 1478 ,
689 1413 900 1468 victura
938 1411 1250 1483 perenniter
1293 1407 1572 1481 egreditur
1604 1406 1870 1466 Ecclesia.
1905 1407 1978 1465 De
2006 1409 2113 1464 hoc

519 1517 660 1559 novo
699 1512 755 1558 et
789 1502 1059 1574 spirituali
1113 1502 1316 1557 mundo
1362 1502 1627 1572 scriptum
1662 1509 1784 1558 est:
1839 1520 1859 1554 ι
1890 1495 2107 1558 Domini

517 1600 644 1647 sunt
669 1583 923 1648 cardines
953 1601 1110 1649 terrai
1135 1634 1150 1658 ,
1182 1601 1240 1649 et
1274 1591 1457 1663 posuit
1490 1606 1654 1664 super
1679 1608 1774 1650 eos
1815 1595 2000 1651 orbem
2049 1597 2104 1668 (1

516 1683 646 1756 Reg.
682 1686 768 1754 tt).
803 1697 821 1737 ι
868 1685 1029 1742 Orbis
1068 1687 1212 1742 enim
1255 1693 1421 1758 super
1474 1695 1633 1743 terrae
1661 1687 1914 1745 cardines
1948 1690 2103 1761 poni-

515 1789 632 1852 tur,
673 1797 797 1837 cum
834 1793 1024 1838 sancta
1057 1777 1298 1838 Ecclesia
1329 1790 1590 1853 tanqttam
1621 1791 1786 1853 super
1816 1779 1977 1839 bases
1999 1784 2100 1838 «lo~

510 1872 704 1930 ctrinis
729 1873 1056 1946 evangelicis
1083 1872 1371 1928 solidatur.

1129 1961 1358 2027 CAPUT
1392 1963 1478 2024 lii.

561 2061 629 2117 In
665 2061 884 2134 epistola
915 2063 986 2134 apd
1013 2061 1104 2129 B.,
1134 2079 1252 2134 qua:
1279 2070 1377 2134 est,
1402 2071 1458 2115 ut
1487 2060 1736 2134 exteriori
1756 2038 2051 2132 prudentia:

823 2131 1114 2204 spiritantia
1137 2131 1419 2202 prudentia
1442 2131 1780 2201 praeferatur.

583 2243 603 2275 ι
623 2221 775 2279 Fecit
801 2233 982 2278 autem
1006 2221 1176 2277 David
1196 2220 1297 2278 sibi
1321 2234 1541 2285 nomen,
1563 2236 1685 2275 cum
1709 2229 2093 2288 reverteretur,

507 2324 665 2385 capta
694 2313 876 2386 Syria,
907 2314 960 2367 in
981 2313 1120 2368 valle
1141 2307 1451 2367 Salinarum
1477 2311 1631 2365 caesis
1654 2309 1939 2366 duodecim
1969 2309 2093 2364 mil-

506 2404 647 2464 libus
691 2406 778 2477 (II
819 2407 942 2476 Reg.
973 2405 1114 2477 vut).
1149 2426 1167 2459 ι
1200 2405 1376 2462 Verus
1435 2404 1579 2460 enim
1613 2402 1779 2459 David
1808 2401 2090 2469 Christus,

505 2497 662 2555 fortis
705 2497 915 2553 scilicet
948 2496 1157 2552 viribus
1199 2504 1255 2551 et
1301 2494 1530 2565 pulcher
1572 2500 1794 2563 aspectu
1821 2533 1836 2559 ,
1873 2493 1926 2547 in
1955 2492 2101 2548 valle

505 2588 814 2644 Salinarum
857 2577 1144 2643 duodecim
1190 2585 1362 2642 millia
1388 2585 1668 2641 hominum
1698 2583 1893 2640 stravit
1919 2624 1936 2650 ,
1963 2583 2091 2654 quia

501 2695 600 2750 per
633 2679 908 2750 apostolos
934 2691 1063 2735 suos
1091 2679 1158 2734 de
1187 2678 1328 2734 salsa
1352 2718 1368 2740 ,
1402 2677 1510 2732 imo
1540 2675 1678 2731 falsa
1707 2674 1868 2745 hujus
1902 2674 2090 2730 mundi

499 2769 766 2843 sapientia
791 2770 1160 2842 triumphavit.
1179 2769 1281 2837 Qui
1304 2769 1447 2825 enim
1473 2767 1758 2824 duodecim
1789 2767 2100 2840 spiritualls

499 2839 670 2932 ιπέοιίι
718 2839 1010 2918 bellatores
1063 2863 1296 2928 habuit,
1341 2861 1499 2932 quasi
1553 2861 1778 2916 totidem
1820 2839 1931 2933 per
1991 2873 2086 2918 eos

498 2954 780 3008 hominum
817 2953 982 3008 millia
1023 2954 1345 3020 trucidavit,
1379 2954 1506 3008 dum
1535 2953 1698 3009 stulte
1733 2953 2006 3024 sapientes
2049 2965 2080 3009 a

2225 488 2369 542 sicut
2396 494 2610 542 caterua
2646 487 2820 542 tribus
2851 487 3108 544 habuisse
3135 489 3475 546 noscuntur?
3500 489 3608 545 Sed
3631 492 3810 548 scicn-

2220 578 2350 634 dum
2396 579 2522 649 quia
2570 578 2700 633 dum
2735 581 3049 636 sacerdotes
3085 583 3425 638 venerabiles
3460 595 3523 639 ac
3562 584 3810 655 magistri

2221 671 2631 726 constituuntur
2651 671 2706 726 in
2747 671 2966 742 populo,
2993 674 3283 744 aliquando
3309 677 3526 733 nomine
3557 680 3811 736 sacerdo-

2219 771 2334 818 tum
2366 764 2722 835 designantur
2746 763 3045 835 principes,
3078 767 3161 821 vel
3191 767 3442 824 doctores
3467 809 3485 834 ,
3519 770 3661 824 sicut
3680 769 3809 826 alibi

2217 857 2526 926 reperitur:
2563 875 2580 908 ι
2614 856 2697 911 Ira
2727 855 2928 912 Jarites
2971 857 3088 930 [Ira
3126 857 3370 931 latri/es]
3402 870 3520 914 erat
3550 862 3808 918 sacerdos

2218 943 2484 1020 DavidUl
2507 947 2634 1019 Reg.
2659 949 2776 1016 xx),
2797 968 2816 1000 ι
2839 948 2892 1004 id
2915 957 3020 1017 est,
3044 952 3321 1022 magister.
3349 951 3426 1006 Ita
3448 967 3664 1025 quoque
3678 968 3805 1010 eum

2216 1040 2417 1096 dicitur
2447 1057 2461 1094 :
2502 1059 2521 1093 ι
2541 1041 2665 1096 Filii
2696 1040 2876 1097 autem
2911 1043 3079 1097 David
3119 1053 3274 1102 erant
3305 1045 3645 1111 sacerdotes,
3679 1065 3697 1098 ι
3726 1049 3808 1104 sic

2219 1134 2631 1206 intelligendum
2662 1145 2748 1192 est
2786 1147 2854 1192 ac
2883 1135 2931 1191 si
2966 1135 3149 1192 dicat:
3181 1137 3317 1204 Quia
3363 1139 3611 1210 magistri
3650 1149 3807 1196 erant

2214 1223 2442 1279 fratrum
2484 1240 2704 1281 suorum
2729 1267 2744 1291 ,
2774 1227 2857 1282 vel
2887 1233 3038 1283 certe
3058 1229 3332 1298 principes
3360 1230 3502 1307 iqter
3531 1240 3761 1290 caeteros
3785 1275 3802 1299 ,

2213 1316 2355 1371 sicut
2397 1315 2559 1372 habet
2600 1317 2822 1388 antiqua
2859 1319 3164 1375 translatio.
3196 1319 3331 1374 Nam
3377 1321 3468 1376 ubi
3499 1336 3634 1377 nova
3666 1323 3802 1379 dicit

2210 1407 2380 1463 editio
2421 1422 2437 1462 :
2472 1406 2600 1463 Filii
2654 1407 2822 1464 David
2881 1416 3044 1465 erant
3103 1413 3454 1475 sacerdotes;
3523 1414 3574 1466 in
3629 1414 3803 1470 veteri

2212 1497 2410 1570 legitur
2448 1499 2618 1556 :Filii
2668 1506 2852 1556 autem
2910 1500 3078 1556 David
3135 1502 3416 1573 principes
3457 1513 3617 1559 erant
3666 1503 3802 1562 aulae

2211 1592 2395 1664 regiae.

2813 1663 3043 1722 CAPUT
3085 1664 3172 1721 VI.

2474 1753 2545 1810 In
2569 1756 2790 1827 epistola
2820 1757 2889 1810 ad
2919 1755 3288 1812 Cluniacenses
3321 1757 3538 1827 fratres.

2278 1862 2301 1896 ι
2327 1844 2572 1911 Faciam,
2597 1846 2773 1916 inquit
2815 1847 3010 1927 David,
3041 1847 3473 1903 misericordiam
3512 1861 3637 1904 cum
3681 1848 3794 1904 Ha~

2200 1949 2307 1992 non
2347 1936 2462 1992 tilio
2495 1935 2663 2003 Naas,
2699 1938 2842 1994 sicut
2855 1936 2987 1994 fecit
3014 1945 3169 2008 pater
3192 1936 3312 2007 ejus
3332 1953 3544 1994 mecum
3571 1939 3788 1994 miseri.

2199 2022 2464 2080 cordiam.
2493 2023 2788 2095 Misitergo
2811 2025 2982 2080 David
3001 2026 3291 2082 consolans
3321 2041 3444 2082 eum
3469 2041 3570 2097 per
3599 2042 3788 2083 servos

2198 2127 2363 2190 super
2405 2120 2580 2190 patris
2626 2119 2887 2186 interitu,
2913 2137 2938 2173 ν
2985 2129 3156 2191 utque
3197 2120 3488 2176 historiam
3539 2136 3798 2193 compen~

2198 2209 2353 2265 diosa
2412 2211 2678 2267 relatione
2726 2212 3043 2283 succingam
3103 2228 3126 2263 ς
3165 2211 3286 2268 tulit
3350 2211 3540 2268 Hauon
3607 2223 3796 2269 servos

2196 2299 2400 2364 David,
2431 2302 2674 2372 rasitque‘
2718 2303 2955 2358 mediam
2985 2311 3197 2372 partem
3231 2303 3414 2358 barba:
3458 2319 3649 2359 eorum
3675 2344 3691 2369 ,
3737 2315 3794 2360 et

2196 2391 2441 2461 praecidit
2470 2400 2653 2448 vestes
2672 2406 2871 2448 eorum
2900 2393 3110 2450 medias
3137 2409 3310 2464 usque
3341 2397 3410 2450 ad
3440 2405 3598 2450 nates
3624 2408 3676 2451 et
3706 2395 3792 2450 di-

2195 2482 2348 2539 misit
2394 2497 2490 2540 cos
2536 2484 2622 2557 (II
2654 2484 2783 2556 Reg.
2829 2491 2908 2557 Χ).
2946 2505 2966 2539 ι
3021 2485 3160 2553 Quid
3219 2487 3365 2542 enim
3418 2503 3516 2558 per
3557 2489 3748 2546 Kanon
3775 2532 3792 2558 ,

2193 2577 2299 2634 nisi
2325 2579 2580 2648 nequitiaa
2603 2580 2999 2652 spiritus‘lquid
3023 2596 3120 2653 per
3139 2582 3388 2648 barbam,
3409 2599 3530 2654 quae
3551 2586 3788 2643 virorum

2195 2679 2280 2726 est
2300 2672 2542 2744 propria,
2564 2672 2670 2730 nisi
2693 2682 3008 2730 sanctarum
3036 2673 3302 2730 fortitudo
3335 2677 3632 2734 virtutum?
3653 2681 3788 2750 quid

2190 2760 2357 2815 etiam
2397 2775 2498 2831 per
2539 2772 2752 2828 vestes,
2793 2763 2896 2819 nisi
2924 2765 3234 2820 sanctitatis
3285 2765 3602 2839 intelligitur
3626 2771 3785 2825 indo-

2191 2851 2478 2907 mentum?
2502 2850 2788 2908 Psalmista
2811 2851 3148 2922 peﬂtibente,
3183 2855 3276 2925 qui
3309 2856 3389 2911 ait
3417 2875 3432 2912 :
3465 2877 3482 2909 ι
3522 2858 3785 2916 Sacerdo-

2191 2949 2274 2998 tes
2315 2942 2390 2998 tui
2443 2943 2739 3000 induantur
2778 2944 3048 3015 justitiam
3099 2946 3274 3019 (Psal.
3307 2951 3515 3024 cxxxt).
3547 2974 3564 3006 ι
3599 2955 3788 3011 lianon

499 3041 705 3098 frivola:
743 3044 1024 3115 sapientia:
1051 3044 1291 3099 vanitate
1320 3042 1608 3100 convertit.
1657 3023 1898 3111 Quorum
1927 3043 2080 3100 vitle-
2109 3023 2156 3086 δ
2185 3048 2316 3105 θνιςο
2343 3031 2520 3092 Γωάυε
2551 3034 2805 3092 amicitia
2837 3039 3246 3107 reposcentibus
3273 3081 3288 3106 ι
3324 3042 3555 3098 "mdia"!
3594 3045 3776 3099 barba!

497 3131 624 3188 licet
650 3132 970 3191 bellatorum
992 3151 1133 3191 unus
1160 3137 1226 3191 ad
1249 3133 1562 3191 Corinthios
1581 3135 1749 3191 dicit:
1782 3153 1800 3189 ι
1829 3131 1888 3191 in
1917 3149 2082 3194 carne

495 3224 640 3280 enim
663 3225 1023 3293 ambulantes,
1051 3242 1157 3283 non
1182 3229 1477 3283 secundum
1504 3242 1724 3285 carnem
1748 3229 2075 3298 militamus;

496 3330 621 3369 nam
663 3331 813 3371 arma
847 3317 1055 3374 militia:
1097 3325 1298 3375 nostrae
1343 3334 1450 3374 non
1499 3321 1738 3376 carnalia
1775 3329 1936 3386 sunt,
1984 3323 2080 3378 sed

494 3405 737 3475 potentia
762 3407 897 3474 Deo,
929 3408 996 3462 ad
1021 3405 1443 3465 destructionem
1473 3410 1832 3466 munitionum
1854 3412 2088 3468 consilia

493 3497 739 3565 corporis
765 3498 1136 3565 destruentes,
1183 3507 1238 3554 et
1264 3515 1480 3556 omnem
1511 3501 1854 3557 altitudinem
1905 3503 2078 3558 estolc

495 3585 696 3641 lentem
726 3603 786 3643 se
813 3589 1072 3644 adversus
1102 3589 1386 3645 scientiam
1412 3589 1528 3657 Dei,
1552 3598 1608 3646 et
1629 3590 1683 3647 in
1706 3589 2077 3662 captivitatem

493 3676 807 3748 redigentes
832 3693 1050 3735 omnem
1081 3677 1414 3736 intellectum
1444 3681 1498 3735 in
1527 3680 1846 3752 obsequium
1873 3681 2076 3740 Christi

491 3765 580 3837 (II
616 3763 736 3822 Cor.
777 3767 856 3835 ι).
888 3786 908 3821 ι

1005 3877 1165 3949 192
1202 3877 1430 3935 CAPUT
1465 3877 1555 3934 tv.

488 3963 557 4022 In
585 3965 806 4034 epistola
841 3966 912 4022 ad
941 3965 1269 4043 Alberieum,
1307 3985 1413 4040 qua
1441 3983 1599 4043 super
1623 3970 1800 4026 decem
1826 3974 2073 4043 quwstio-

1050 4037 1203 4092 nibus
1232 4037 1524 4109 respondet.

559 4124 770 4194 Quaeris
795 4127 887 4198 qui
915 4136 1074 4182 erant
1093 4125 1360 4183 Cerethaei
1388 4137 1443 4183 et
1471 4126 1790 4195 Phelethzci,
1826 4131 1920 4201 qui
1947 4130 2065 4185 bel-

486 4216 686 4274 latores
708 4217 886 4274 dicunt
917 4217 1084 4275 fuisse
1107 4217 1306 4274 David?
1325 4217 1413 4289 (Il
1426 4218 1551 4290 Reg.
1582 4232 1674 4279 xv.
1714 4221 1826 4292 {8.)
1849 4219 2078 4292 Legitur

486 4309 539 4364 in
563 4308 700 4365 libro
717 4307 936 4365 Numeri
966 4309 1170 4366 dixisse
1193 4310 1475 4366 Dominum
1505 4309 1706 4383 Moysi:
1739 4329 1758 4363 ι
1791 4310 2068 4384 Congrega

2183 3136 2395 3196 partem
2420 3125 2585 3195 radit,
2613 3127 2740 3198 quia
2769 3129 2944 3185 hostis
2969 3131 3226 3200 antiquus
3254 3131 3548 3203 aliquando
3568 3133 3786 3192 fortiter

2184 3215 2467 3285 aperantis
2498 3216 2666 3272 robur
2715 3216 3026 3284 imminuit,
3084 3218 3180 3273 sed
3225 3229 3512 3292 postquam
3553 3223 3782 3279 barbam

2182 3307 2320 3362 rasit
2346 3348 2362 3374 ,
2391 3307 2556 3362 etiam
2588 3307 2917 3363 vestimenta
2947 3310 3239 3378 praecidit,
3272 3312 3399 3381 quia
3428 3327 3554 3368 mox
3587 3323 3644 3368 ut
3668 3330 3782 3369 ma-

2180 3395 2357 3470 lignus
2383 3397 2604 3468 Spiritus
2633 3397 2954 3454 interiorem
2985 3401 3174 3454 adimit
3204 3400 3582 3458 fortitudinem
3604 3445 3619 3469 ,
3643 3421 3774 3460 cons

2179 3497 2473 3558 sequenter
2493 3488 2658 3544 etiam
2680 3490 3008 3545 esteriorem
3022 3492 3328 3561 conspicuae
3349 3497 3781 3554 conversationis

2177 3582 2702 3639 exuithonestatem.
2723 3582 2861 3652 Quid
2881 3583 3036 3655 193
3050 3591 3128 3641 cst
3142 3586 3286 3640 enim
3307 3593 3485 3642 vestes
3498 3589 3777 3647 hominum

2187 3674 2257 3729 ad
2285 3685 2441 3730 nates
2466 3688 2638 3745 usque
2669 3675 2986 3747 praecidere,
3020 3677 3121 3730 nisi
3145 3689 3241 3734 eos
3261 3693 3292 3733 a
3325 3681 3660 3750 superducta
3681 3697 3777 3740 ve‘

2177 3763 2417 3822 lamento
2459 3765 2688 3835 iustitia:
2726 3781 2900 3836 usque
2947 3768 3015 3822 ad
3060 3768 3286 3826 obsceni
3333 3780 3390 3827 ct
3422 3771 3774 3831 invereeuudi

2177 3858 2362 3927 operis
2389 3858 2778 3929 turpitudinem
2809 3859 3129 3915 denudare?

2785 3945 3016 4003 CAPUT
3056 3945 3166 4004 VII.

2608 4037 2674 4091 In
2697 4035 2925 4107 epistola
2945 4039 3014 4091 ad
3044 4038 3334 4094 Marinum.

2247 4128 2382 4188 Cum
2439 4131 2611 4186 David
2659 4130 2961 4201 perpetrati
3017 4141 3200 4188 reatus
3241 4134 3512 4204 arguitttr,
3554 4153 3680 4194 mox
3713 4147 3773 4196 ut

2175 4225 2234 4278 i'n'
2279 4240 2466 4282 vocem
2521 4225 2882 4283 confessionis
2939 4226 3138 4297 erupit,
3198 4227 3432 4284 dicens:
3478 4249 3499 4282 ‹
3541 4229 3769 4290 Peccavi

2174 4318 2424 4387 Domino,
2460 4337 2479 4374 ι
2535 4333 2603 4376 ex
2635 4333 2730 4376 ore
2758 4321 3034 4392 prophetae
3055 4321 3303 4391 protinus
3332 4321 3536 4380 audivit
3565 4344 3580 4380 :
3610 4343 3629 4378 ι
3667 4328 3768 4381 Do-

484 4400 618 4454 mihi
646 4400 986 4472 septuaginta
1015 4401 1161 4456 viros
1181 4401 1248 4455 de
1281 4379 1781 4458 senioribusvlsrael
1801 4442 1816 4468 ,
1847 4415 1986 4472 quos
2013 4412 2068 4457 tu
2096 4379 2153 4443 Π
2173 4409 2354 4465 minus
2405 4411 2682 4468 transtulit
2717 4379 3000 4483 peccatum
3047 4379 3222 4478 tuum,
3254 4429 3360 4470 non
3394 4417 3647 4475 morieris
3677 4413 3766 4491 (11

484 4491 625 4546 nosti
648 4493 790 4561 quod
813 4507 972 4546 senes
994 4492 1174 4563 populi
1194 4493 1304 4547 sint
1332 4508 1395 4547 ac
1419 4494 1685 4564 magistri,
1709 4503 1764 4550 et
1788 4495 1953 4550 duces
1975 4509 2069 4550 eos

451 4573 551 4638 'ad
579 4582 781 4637 ostium
831 4582 1163 4637 tabernaculi
1209 4582 1431 4638 foederis
1477 4583 1760 4654 faciesque
1807 4585 1882 4640 ibi
1919 4594 2074 4640 stare

483 4681 662 4726 tecum
688 4687 703 4736 ;
743 4677 797 4725 et
823 4669 1065 4724 auferam
1091 4671 1159 4726 de
1191 4672 1386 4742 spiritu
1416 4681 1506 4727 tuo
1531 4675 1848 4744 tradamque
1870 4675 1970 4742 eis,
2006 4685 2067 4730 ut

480 4769 789 4819 sustentant
820 4770 997 4816 tecum
1026 4777 1163 4817 onus
1191 4762 1368 4833 populi
1395 4772 1451 4817 et
1498 4778 1604 4818 non
1653 4772 1706 4819 tu
1753 4765 1902 4821 solus
1940 4781 2066 4838 gra-

477 4855 623 4910 veris
647 4852 836 4926 (Num.
860 4853 959 4925 XI).
982 4873 1000 4905 ›
1028 4854 1101 4908 Es
1128 4855 1352 4909 istorum
1383 4856 1565 4924 itaque
1593 4857 1761 4928 stirpe
1792 4858 1912 4912 duae
1935 4871 2062 4928 pro-

479 4953 762 5001 cesserunt
784 4946 1158 5016 cognationes,
1187 4960 1413 5015 quarum
1440 4962 1546 5000 una
1569 4947 1856 5013 Cercthazi,
1884 4949 2071 5006 altera

479 5037 757 5092 dicebatur
782 5036 1094 5093 Pltelethzei.
1127 5035 1192 5091 Et
1214 5033 1478 5092 Ceretlta‘i
1499 5039 1716 5108 qhidetn
1747 5040 1880 5095 dans
1900 5041 2058 5112 judi-

477 5126 634 5190 cium,
683 5125 971 5182 Phelethzei
1005 5127 1225 5196 puniens
1275 5126 1694 5197 interpretatur;
1742 5128 2068 5200 utquosillf

477 5215 844 5286 adjudicarent
871 5217 1028 5271 murti
1055 5215 1450 5289 promulgando
1488 5217 1814 5274 sententiam
1840 5219 1929 5276 isti
1958 5235 2055 5292 pu.

478 5308 658 5362 ttirent
691 5309 982 5380 irt'ogando
1011 5307 1326 5362 vindictam.

1081 5397 1312 5458 CAPUT
1355 5401 1416 5455 V.

995 5493 1062 5546 In
1088 5500 1268 5547 eadem
1297 5493 1535 5563 epistola.

552 5602 571 5635 ι
600 5582 720 5638 Filii
777 5593 956 5640 autem
1011 5585 1178 5642 David
1224 5587 1538 5642 sacerdotes
1587 5595 1746 5641 erant
1795 5585 1877 5658 (Il
1928 5585 2053 5658 Reg.

2175 4498 2304 4572 Reg.
2339 4501 2459 4575 xu).
2495 4523 2514 4556 ι
2568 4501 2638 4559 Et
2686 4505 2814 4575 quia
2843 4521 2901 4561 se
2927 4507 3144 4562 occasio
3167 4508 3420 4578 praebuit,
3452 4509 3556 4567 hoc
3597 4513 3762 4568 etiam

2173 4599 2226 4646 te
2257 4591 2494 4647 fraudari
2521 4609 2628 4648 non
2652 4595 2852 4663 patiar,
2879 4595 3004 4664 quia
3039 4595 3284 4650 nonnulli
3316 4613 3344 4651 a
3377 4601 3560 4668 pueris
3592 4603 3645 4658 in
3675 4615 3765 4658 re-

2169 4677 2382 4749 ligionis
2410 4681 2600 4736 ordine
2632 4682 2914 4736 constituti
2954 4683 3065 4737 sola
3100 4683 3478 4743 inobedientia
3498 4693 3763 4760 superbiae

2168 4766 2327 4820 mista
2357 4767 2679 4838 depereunt,
2706 4783 2829 4824 cum
2853 4769 2905 4823 in
2931 4772 3130 4828 smeulo
3157 4772 3377 4843 plurimi
3423 4786 3544 4848 post
3570 4781 3761 4838 imma-

2169 4855 2314 4909 nium
2340 4856 2628 4911 criminum
2674 4867 2988 4930 perpetrata
3042 4862 3245 4934 flagitia
3295 4877 3392 4935 per
3441 4869 3761 4927 humilitatis

2165 4946 2400 5002 studium
2435 4947 2823 5020 indulgentiam
2864 4964 3269 5024 promerentur.
3304 4957 3446 5014 Ecce
3476 4961 3619 5015 enim
3657 4963 3759 5018 Da-

2164 5036 2258 5090 vid
2280 5035 2630 5105 adulterium,
2672 5037 3135 5112 bomicidiumque
3182 5047 3455 5103 commisit
3495 5045 3585 5120 (tf
3626 5051 3752 5124 Reg.

2162 5127 2282 5199 Ii);
2317 5125 2445 5182 Saul
2477 5139 2607 5182 vero
2657 5128 2896 5185 Samucli
2932 5130 3251 5187 in’obediens‘
3297 5137 3506 5192 exstitit
3550 5138 3605 5209 (1
3627 5140 3751 5214 Reg.

2161 5235 2279 5284 xm,
2310 5219 2421 5292 xv).
2451 5219 2556 5276 Sed
2579 5221 2730 5292 quid,
2759 5224 2924 5296 fquod
2967 5225 3058 5281 ille
3108 5226 3258 5282 nullo
3315 5229 3708 5291 intervenie‘t‘tte
3737 5277 3752 5300 ,

2163 5313 2248 5367 vel
2309 5314 2360 5367 in
2424 5325 2624 5382 puncto
2685 5316 2902 5370 veniam
2930 5318 3162 5384 meruit;
3215 5319 3456 5375 alterum
3493 5321 3621 5379 vero
3654 5333 3754 5381 nec

2161 5405 2378 5475 propria
2424 5404 2713 5468 confessio,
2765 5420 2866 5461 nec
2916 5409 3195 5478 propheta:
3250 5419 3358 5464 tam
3399 5411 3642 5481 lugubris
3697 5425 3753 5470 et

2165 5509 2346 5551 amara
2373 5507 2537 5566 atque
2560 5497 2768 5566 prolixa
2795 5481 3120 5568 supplicatio
3147 5501 3543 5557 reconciliavit.
3583 5503 3750 5560 Planc

2160 5588 2206 5643 si
2239 5584 2536 5657 Sct‘ipluru:
2568 5590 2740 5644 series
2766 5591 3051 5660 utrobique
3094 5593 3452 5663 discutiatur,
3479 5596 3748 5666 copiosior
