4058 6178
357 228 493 288 11οΊ

1231 213 1725 275 COLLECTANEA
1788 213 1854 270 IN
1896 210 2125 271 VETUS
2164 212 2702 271 TESTAMENTUM.

3459 221 3596 277 llOi

353 345 482 401 Saul
513 356 672 412 quant
721 337 891 393 David
936 336 989 390 in
1045 334 1223 390 verbis
1254 332 1583 404 pmnitentia:
1633 330 1921 402 reperitur.
1954 334 2000 391 Α
2029 328 2267 397 inquam,
2311 344 2345 382 ο
2393 330 2564 383 sancti
2612 326 2914 398 pontiﬁces,
2966 341 3063 383 vos
3117 328 3452 398 pOtissimum
3503 334 3602 389 hu-

352 434 456 487 Iste
485 430 750 501 siquidem
800 428 1064 481 duntaxat
1096 423 1149 478 id
1202 423 1343 491 quod
1396 420 1732 490 prasmissum
1794 427 1919 474 est:

357 544 377 577 ι
416 524 636 581 Peccavi
672 522 898 575 Domino
941 517 1023 589 (11
1061 517 1189 585 Reg.
1223 531 1297 569 ιιι
1327 517 1376 584 );
1412 535 1430 566 ι
1463 514 1553 568 ille
1582 522 1762 568 autem
1785 514 1879 566 'ait
1907 530 1921 567 :

359 637 380 672 ι
417 615 662 677 Peccavi,
700 612 889 681 inquit,
924 609 1047 678 quia
1076 609 1465 677 praevaricatns
1490 623 1606 661 sum
1648 621 1925 661 sermones

358 705 588 767 Domini,
619 713 673 757 et
694 702 853 755 verba
884 708 994 761 tua,
1037 699 1229 753 timens
1260 699 1538 775 populum,
1581 706 1634 751 et
1670 697 1925 751 obediens

356 797 476 852 voci
501 807 687 849 eorum
709 790 760 859 (Ι
791 789 915 857 Reg.
937 787 1059 859 xv);
1094 795 1291 855 iatque
1320 788 1552 856 idipsum
1580 784 1922 855 postmodum

354 894 623 955 repetens,
672 881 788 934 ait:
826 898 843 930 ι
877 878 1120 933 Peccavi.
1161 896 1178 928 ›
1213 876 1457 932 Accessit
1500 886 1677 931 autem
1707 884 1761 928 et
1810 874 1927 928 lon-

351 973 582 1043 ganimis
606 970 762 1023 valde
785 967 1054 1022 Samuelis
1079 967 1276 1030 oratio,
1308 967 1374 1021 de
1413 982 1517 1035 quo
1565 965 1811 1020 videlicet
1846 965 1923 1018 di-

349 1066 493 1120 citur
516 1079 530 1116 :
572 1081 589 1113 ι
617 1061 1091 1128 Contristatusque
1116 1066 1199 1113 est
1227 1057 1445 1113 Samuel
1499 1067 1553 1112 et
1580 1058 1833 1112 clamavit
1857 1058 1924 1113 ad

353 1152 633 1207 Dominum
662 1159 775 1204 tota
808 1156 965 1202 nocte
1007 1147 1094 1200 illa
1119 1145 1329 1217 (Ibid.).
1369 1166 1386 1197 ι
1429 1147 1534 1201 Sed
1568 1147 1748 1200 divina
1791 1161 1926 1201 voce

351 1257 675 1312 responsum
728 1248 811 1294 est
842 1257 855 1292 :
890 1257 907 1290 ι
940 1238 1258 1307 Usquequo,
1317 1237 1416 1304 ait,
1462 1247 1518 1291 tu
1567 1236 1717 1306 luges
1771 1234 1922 1299 Saul,

346 1348 471 1387 cum
498 1346 597 1402 ego
630 1330 948 1401 projecerim
993 1342 1137 1393 eum,
1176 1342 1242 1381 ne
1274 1337 1460 1397 regnet
1489 1341 1649 1395 super
1670 1324 1867 1378 Israel?
1899 1343 1917 1376 ι

343 1424 396 1495 (1
427 1423 550 1494 Reg.
575 1424 713 1493 xw.)
743 1422 880 1488 Quid
916 1431 999 1475 est
1021 1434 1150 1490 ergo
1186 1419 1329 1489 quod
1356 1417 1580 1473 alterius
1602 1415 1922 1486 pmnitentia

342 1517 434 1585 pie
458 1523 732 1585 suscepta,
762 1512 986 1568 alterius
1010 1518 1190 1565 autem
1214 1509 1313 1564 sub
1338 1508 1598 1563 districta:
1657 1505 1921 1562 severita-

346 1608 415 1662 tis
440 1616 524 1662 est
548 1605 795 1661 examine
837 1603 1145 1672 reprobata,
1174 1602 1274 1657 nisi
1308 1601 1450 1670 quod
1493 1599 1582 1652 ille
1616 1598 1790 1652 scelus
1842 1597 1923 1649 in-

2018 420 2251 490 jusmodi
2267 421 2604 476 dcbetisessc
2626 421 2925 489 prmdones,
2949 421 3040 492 qui
3064 422 3304 492 quotidie
3329 425 3599 484 desudetis

2026 494 2239 563 animas
2264 510 2539 563 hominum
2591 510 2655 563 dc
2708 510 2953 564 manibus
3006 512 3221 580 reprobi
3273 518 3598 581 possessoris

2025 600 2234 667 eripere
2268 608 2323 654 et
2366 599 2718 667 triumphales
2752 601 2877 670 llcgi
2909 610 3090 655 vestro
3122 602 3288 657 David
3318 606 3597 662 manubias

2026 697 2324 758 reportare.
2358 688 2466 745 Nec
2513 700 2687 745 tamen
2736 690 2952 755 sutlicit,
2987 705 3108 744 cum
3138 692 3351 747 diabolo
3386 703 3597 763 raptus,

2027 781 2093 833 ad
2126 779 2293 833 Deum
2339 778 2568 848 quisque
2616 780 2701 847 pia
2757 779 3042 834 devotione
3088 782 3444 848 convertitur,
3494 784 3597 837 nisi

2026 885 2153 924 mox
2174 871 2337 924 etiam
2367 885 2396 922 a
2427 880 2602 925 status
2645 872 2725 925 sui
2769 872 2964 926 duritia
2996 872 3149 941 quasi
3176 873 3368 928 crebro
3398 884 3601 928 sanctae

2026 962 2425 1033 praedicationis
2482 962 2674 1016 malleo
2724 972 3055 1017 conteratur.
3104 964 3257 1019 Unde
3300 980 3395 1034 per
3445 965 3600 1021 Jerc-

2026 1051 2192 1125 iniam
2226 1067 2241 1107 :
2284 1070 2301 1102 ι
2337 1049 2588 1121 Nunquid
2618 1067 2721 1106 non
2759 1054 2920 1107 verba
2964 1069 3081 1108 mea
3108 1063 3236 1109 sunt
3265 1056 3415 1124 quasi
3440 1056 3596 1126 ignis,

2026 1142 2155 1196 dicit
2184 1142 2462 1206 Dominus,
2483 1150 2539 1195 et
2566 1142 2719 1211 quasi
2748 1142 2973 1199 malleus
2992 1153 3281 1199 conterens
3305 1148 3544 1215 petram?
3572 1168 3593 1199 ι

2026 1230 2164 1300 (Jer.
2202 1232 2383 1301 mn.)
2412 1232 2584 1287 Verba
2615 1231 2811 1302 quippe
2840 1231 3051 1287 Domini
3079 1234 3231 1302 quasi
3260 1234 3397 1305 ignis
3442 1246 3598 1301 sunt,

2026 1324 2152 1391 quia
2204 1323 2374 1392 frigus
2417 1324 2708 1394 expellunt,
2755 1325 2989 1380 calorem
3015 1328 3283 1381 mentibus
3308 1329 3597 1398 ingerunt;

2024 1416 2252 1472 malleus
2281 1426 2460 1471 autem
2485 1429 2632 1483 sunt,
2662 1418 2919 1487 quoniam
2972 1418 3355 1476 obstinationis
3392 1429 3447 1475 et
3478 1437 3603 1493 per-

2024 1506 2243 1562 vicacia:
2266 1508 2521 1562 duritiam
2550 1507 2819 1563 molliunt.

2096 1598 2342 1676 Congrue
2388 1614 2515 1670 ergo
2565 1614 2720 1655 sacra
2771 1599 3040 1656 subnectit
3064 1601 3289 1657 historia
3323 1620 3338 1657 :
3374 1620 3394 1655 (
3428 1601 3603 1672 Popu-

345 1696 664 1752 obedientiae
686 1695 875 1763 spiritu
896 1694 1158 1763 superbiae
1183 1690 1576 1763 parvipendens
1589 1703 1926 1759 nequaquam
1958 1681 2005 1742 B
2034 1690 2142 1745 lum
2169 1705 2382 1761 quoque
2410 1690 2525 1757 ejus
2571 1693 2843 1748 adducens
2892 1695 3143 1758 serravit,
3195 1704 3249 1749 et
3279 1695 3601 1765 circumegit

345 1788 501 1855 pleno
523 1788 685 1840 corde
716 1786 1003 1856 paenituit;
1031 1785 1118 1839 hic
1148 1794 1325 1838 autem
1350 1797 1521 1852 pauca
1551 1782 1767 1850 quidem
1799 1794 1922 1848 pro-

346 1877 481 1938 tulit,
514 1879 607 1931 sed
633 1877 748 1945 ejus
771 1877 979 1931 viscera
1008 1876 1173 1930 divini
1204 1875 1416 1928 timoris
1443 1872 1623 1941 gladio
1656 1873 1916 1926 translixa
1973 1870 1975 1872 ’

344 1966 457 2021 veri
485 1966 662 2020 luctus
681 1966 983 2019 amaritudo
1011 1964 1266 2033 replevit?
1287 1963 1434 2027 Hazc,
1452 1976 1652 2032 qumso,
1668 1962 1921 2016 conside-

345 2072 468 2113 rare
492 2072 595 2113 non
616 2058 920 2128 negligant,
949 2057 1039 2127 qui
1068 2072 1190 2111 cum
1234 2055 1615 2110 inobedientia:
1645 2052 1919 2115 obediant,

346 2147 413 2202 de
448 2149 760 2218 graviorum
802 2162 860 2201 se
905 2146 1241 2200 immanitate
1279 2144 1567 2200 criminum
1620 2140 1922 2211 procaciter

340 2238 566 2308 jactant.
595 2239 833 2305 Quorum
849 2235 1089 2307 profecto
1114 2233 1400 2289 nonnullos
1421 2247 1561 2302 saepe
1589 2232 1832 2285 videmus
1854 2229 1921 2283 ad

342 2329 566 2397 agendae
612 2327 967 2382 confessionis
1006 2327 1266 2396 judicium
1322 2323 1683 2392 frequentare,
1725 2319 1839 2375 solo
1862 2332 1923 2372 se

344 2422 535 2475 devote
587 2427 954 2487 prosternere,
1005 2415 1227 2469 tinnulis
1280 2429 1339 2469 se
1362 2422 1416 2469 et
1444 2412 1714 2467 accuratis
1742 2409 1923 2463 verbis

343 2512 518 2581 magis
539 2510 717 2565 facete
770 2524 929 2579 quam
982 2506 1257 2561 humiliter
1299 2517 1578 2570 accusare,
1608 2513 1767 2571 atque
1799 2501 1921 2556 ideo

342 2616 620 2673 nunquam
639 2615 830 2656 eorum
863 2612 1040 2653 mores
1069 2597 1135 2650 ad
1163 2596 1367 2651 idonea:
1388 2592 1743 2662 correptionis
1768 2606 1918 2645 emo-

341 2692 585 2749 lumenta
602 2692 917 2763 procedere,
949 2689 1077 2759 quia
1109 2686 1355 2743 videlicet
1382 2703 1504 2742 cum
1534 2685 1662 2741 Saul
1688 2700 1782 2739 ore
1808 2697 1920 2754 po:-

342 2784 538 2850 uitent,
567 2782 732 2837 corde
757 2786 993 2835 tumeat.

934 2869 1159 2925 CAPUT
1201 2867 1329 2924 Vlll.

595 2964 665 3019 In
694 2961 911 3034 epistola
949 2962 1018 3014 ad
1056 2959 1349 3013 cardinales
1387 2958 1670 3028 episcopos.

413 3051 569 3108 Sicut
592 3024 1109 3105 olim'Romanorum
1133 3046 1381 3101 consules
1408 3059 1472 3099 ex
1503 3044 1733 3101 diversis
1763 3058 1917 3097 mun-
1944 3024 1991 3088 (ἶ

343 3144 397 3201 di
425 3142 672 3213 partibus
700 3139 1069 3209 reportabant,
1110 3144 1326 3206 peracta
1367 3136 1603 3190 hostium
1638 3134 1806 3199 caade,
1842 3132 1922 3186 vi-

341 3234 562 3298 ctorias,
615 3233 694 3288 sic
744 3230 833 3290 isti
880 3244 1025 3284 nunc
1073 3229 1282 3282 animas
1334 3227 1614 3282 hominum
1645 3226 1712 3281 de
1761 3240 1921 3279 manu

341 3323 541 3381 diaboli
599 3321 794 3379 debent
847 3321 1080 3375 liberare
1124 3319 1384 3389 captivas.
1433 3318 1516 3372 Ad
1568 3318 1667 3372 hos
1720 3318 1921 3386 quippe

340 3416 695 3472 victoriarum
742 3411 949 3479 titulos,
980 3411 1052 3466 ad
1083 3412 1184 3466 hos
1232 3409 1432 3465 debent
1471 3423 1685 3478 semper
1711 3408 1923 3462 inhiare

343 3507 664 3577 triumphos,
692 3505 943 3561 videlicet
997 3498 1158 3575 194
1215 3510 1275 3557 ut
1296 3502 1519 3583 antiquo
1542 3501 1779 3572 praedoni
1803 3500 1922 3554 ani-

340 3613 555 3654 marum
600 3596 942 3669 pereuntium
988 3593 1273 3649 manubias
1322 3608 1535 3664 rapere,
1560 3602 1615 3647 et
1652 3592 1785 3663 Regi
1826 3592 1924 3647 suo

341 3688 562 3745 Christo
592 3689 745 3758 signa
788 3687 1058 3758 gaudeant
1108 3684 1355 3739 victricia
1420 3692 1720 3753 reportare.
1772 3681 1924 3738 Hunc

340 3792 509 3851 porro
557 3776 867 3832 conﬂictum
929 3775 1095 3829 David
1142 3774 1425 3842 signavit‘,
1477 3788 1601 3828 cum
1674 3773 1924 3829 Rabbath

341 3870 620 3925 civitatem
664 3868 842 3923 victor
880 3866 1113 3923 obtinuit
1161 3863 1247 3936 (11
1306 3864 1433 3935 Reg.
1498 3863 1620 3936 xu).
1678 3863 1923 3919 Rabbath

343 3959 551 4031 quippe
576 3957 877 4024 multitudo,
924 3955 1009 4011 vel
1059 3956 1275 4026 grandis
1327 3956 1733 4025 interpretatur,
1780 3955 1924 4025 quod

347 4063 459 4105 non
502 4047 947 4104 inconvenienter
987 4044 1395 4100 universitatem
1444 4044 1605 4115 hujus
1645 4045 1830 4099 mundi
1852 4045 1925 4099 si-

344 4139 604 4211 gniﬁcare
653 4139 1017 4210 cognoscitur.
1060 4137 1227 4192 David
1271 4139 1453 4207 itaque
1498 4137 1745 4193 Rabbath
1785 4137 1925 4192 obti-

347 4232 470 4287 nuit
503 4232 802 4297 civitatem,
832 4247 954 4287 cum
1001 4230 1114 4286 suis
1155 4230 1365 4302 legibus
1402 4230 1648 4287 Christus
1667 4234 1924 4302 grandem

346 4330 403 4375 et
452 4321 725 4390 cepiosam
773 4318 931 4386 hujus
973 4319 1158 4387 mundi
1214 4318 1450 4372 subdidit
1498 4319 1917 4375 multitudinem.

345 4377 615 4463 Coronam
646 4422 776 4461 vero
798 4377 863 4461 de
897 4384 1087 4475 capite
1127 4407 1265 4475 regis
1299 4405 1440 4461 illius
1483 4406 1652 4460 David
1702 4408 1923 4462 abstulit
1951 4377 1999 4436 υ

346 4498 580 4567 sibique,
628 4497 768 4550 sicut
813 4495 1091 4564 Scriptura
1146 4503 1391 4557 testatur,
1437 4496 1727 4564 imposuit;
1777 4498 1920 4565 quod

347 4598 479 4643 tunc
527 4601 686 4641 verus
739 4584 908 4639 David
966 4584 1215 4639 Christus
1268 4584 1527 4654 implevit,
1566 4601 1689 4641 cum
1736 4587 1922 4641 mundi

346 4675 641 4747 sapientes,
668 4674 863 4744 quibus
901 4674 1298 4744 quodammodo
1320 4673 1563 4729 diabolus
1596 4674 1922 4741 ornabatur,

347 4768 546 4838 eripuit
565 4776 621 4823 et
644 4768 698 4822 in
722 4768 803 4821 sui
832 4765 1047 4821 decoris
1074 4773 1128 4820 et
1155 4766 1341 4837 gloria:
1362 4765 1609 4820 diadema
1635 4768 1923 4822 convertit.

348 4856 632 4913 Multitudo
655 4854 851 4925 quippe
886 4853 1120 4909 ﬁdeliqu
1154 4869 1267 4908 non
1296 4853 1454 4907 modo
1475 4853 1696 4917 Christi,
1732 4856 1825 4909 sed
1868 4862 1923 4910 et

347 4947 588 5005 doctoris
630 4945 889 5015 cujusque
930 4959 1128 5000 corona
1158 4943 1493 5015 perhibetur,
1535 4943 1690 5012 cujus
1724 4943 1919 5014 prazdi-

346 5040 566 5098 catione
619 5037 977 5101 convertitur,
1032 5035 1172 5091 sicut
1230 5033 1429 5088 Paulus
1490 5033 1924 5103 Philippensibus

350 5130 477 5185 ait:
518 5147 537 5181 ι
594 5126 801 5199 Itaque,
852 5125 1051 5180 fratres
1111 5123 1217 5178 mei
1280 5123 1605 5188 charissimi,
1672 5124 1923 5194 gaudium

352 5235 533 5278 meum
559 5228 614 5275 et
639 5232 837 5274 corona
865 5232 1005 5281 mea,
1036 5216 1113 5271 sic
1142 5222 1281 5269 State
1319 5215 1371 5267 in
1427 5213 1654 5270 Domino
1700 5213 1921 5286 (Philip.

351 5322 449 5387 tv).
486 5338 505 5371 ο
550 5317 658 5373 Sed
710 5326 764 5372 et
791 5316 1052 5385 prmdam,
1116 5314 1269 5386 juxta
1298 5313 1655 5384 Scripturam,
1683 5324 1929 5384 asporta-

353 5408 433 5463 vit
461 5408 683 5464 multam
705 5407 877 5463 valde.
906 5406 1089 5462 Praeda
1112 5407 1310 5476 quippe
1341 5408 1406 5461 de
1431 5405 1675 5461 Rabbath
1701 5405 1924 5471 tollitur,

356 5513 477 5552 cum
508 5513 574 5552 ex
608 5501 709 5555 hoc
732 5500 931 5555 mundo
959 5499 1159 5570 quique
1205 5497 1391 5554 fideles
1443 5505 1606 5568 atque
1643 5496 1820 5552 devoti
1859 5498 1925 5552 ad

357 5585 454 5643 Dei
492 5588 873 5658 omnipotentis
936 5591 1255 5662 obsequium
1311 5597 1720 5647 convertuntur.
1779 5588 1920 5654 Vos,

2023 1794 2184 1850 super
2230 1795 2325 1835 eos
2387 1779 2587 1835 ferrata
2648 1790 2924 1852 carpenta,
2971 1783 3260 1854 divisitqne
3304 1785 3495 1841 cultris
3547 1794 3601 1841 et

2024 1875 2329 1930 transduxit
2368 1875 2419 1929 in
2449 1885 2631 1947 typum
2683 1877 2911 1933 laterum
2944 1877 3026 1949 (Il
3098 1878 3225 1950 Req.
3254 1882 3376 1951 χιι).
3412 1898 3431 1934 ι
3461 1881 3595 1948 Quid

2024 1964 2165 2019 enim
2208 1980 2305 2034 per
2355 1964 2554 2021 ferrata
2607 1977 2888 2038 carpenta,
2939 1970 3080 2038 quod
3107 1970 3292 2040 utique
3325 1984 3490 2040 genus
3516 1983 3599 2028 est

2022 2070 2303 2120 curruum,
2336 2057 2435 2112 nisi
2471 2056 2665 2113 fortem
2692 2069 2856 2129 atque
2878 2060 3350 2131 inexpugnabilem
3386 2063 3601 2132 quadri-

2022 2161 2145 2217 gam
2171 2155 2483 2202 sanctorum
2512 2148 2987 2220 evangelistarum,
3018 2165 3081 2205 ac
3102 2166 3200 2220 per
3228 2152 3329 2205 hoc
3355 2152 3593 2206 omnium

2021 2235 2325 2290 divinarum
2374 2237 2775 2307 Scripturarum
2831 2238 3130 2309 intelligere
3193 2241 3451 2295 debemus
3486 2240 3596 2295 elo-

2022 2326 2250 2395 quium?
2277 2325 2434 2393 Nam,
2458 2335 2617 2395 prout
2641 2328 2767 2382 alibi
2789 2326 2901 2396 jam
2933 2329 3167 2384 diximus
3192 2347 3205 2382 :
3238 2329 3353 2384 Vile
3380 2319 3596 2399 quidem

2021 2416 2249 2486 ferrum,
2282 2426 2461 2472 tamen
2490 2418 2707 2473 edomat
2749 2434 2911 2473 omne
2950 2420 3241 2474 metallum.
3290 2419 3443 2475 Sicut
3492 2419 3601 2474 fer-

2021 2523 2142 2561 rum
2192 2506 2424 2561 metallis
2474 2508 2726 2562 omnihus
2773 2508 3104 2573 dominatur,
3155 2510 3234 2564 sic
3284 2510 3598 2579 evangelica

2023 2598 2271 2652 doctrina
2320 2598 2483 2652 duras
2532 2608 2742 2653 mentes
2789 2598 3031 2653 emollire
3067 2598 3426 2667 cognoscitur.
3459 2598 3598 2665 Quid

2022 2697 2106 2742 est
2125 2702 2256 2757 ergo
2297 2703 2458 2757 super
2493 2699 2680 2758 captos
2708 2688 2954 2744 homines
2983 2687 3182 2742 ferrata
3209 2698 3464 2759 carpenta
3492 2690 3600 2744 cir-

2021 2790 2325 2846 cumagere,
2382 2777 2484 2831 nisi
2516 2792 2684 2831 sacra:
2731 2777 3022 2847 Scriptura:
3052 2778 3192 2833 rotis
3232 2779 3591 2832 humanarum

2023 2865 2283 2919 mentium
2316 2880 2496 2920 aream
2528 2866 2806 2931 triturare,
2837 2879 2893 2920 ut
2922 2867 2975 2921 in
3002 2868 3081 2922 eis
3104 2882 3282 2922 sermo
3310 2867 3519 2923 divinus
3544 2875 3601 2923 et

2022 2960 2279 3015 vitiorum
2309 2960 2687 3016 reluctantium
2738 2961 2918 3032 glebas
2941 2961 3174 3026 obterat,
3197 2968 3253 3016 et
3277 2975 3370 3016 eas
3397 2961 3463 3015 ad
3484 2974 3604 3015 sus-

2021 3051 2295 3120 cipiendas
2341 3052 2716 3106 mandatorum
2763 3052 3062 3106 caelestium
3123 3062 3332 3122 segetes
3367 3051 3603 3122 compla-

2021 3157 2153 3197 nare
2174 3153 2229 3198 et
2251 3159 2535 3212 exaequare
2569 3144 2892 3199 contendat?
2928 3144 2995 3198 Et
3025 3144 3153 3214 quid
3185 3154 3268 3199 est
3291 3158 3384 3199 eos
3406 3144 3596 3199 cultris

2022 3232 2283 3297 dividere,
2322 3233 2425 3286 nisi
2446 3242 2791 3303 peccatorum
2818 3234 3092 3287 hominum
3115 3233 3501 3288 conscientiam
3528 3233 3600 3288 ad

2022 3321 2418 3378 confessionem
2462 3322 2627 3377 divini
2660 3322 2807 3376 verbi
2836 3322 3305 3393 praedicationibus
3347 3320 3602 3392 aperire?

2022 3416 2099 3470 De
2127 3431 2233 3485 quo
2261 3416 2423 3469 verbo
2467 3414 2598 3469 dicit
2630 3415 2956 3485 Apostolus:
3001 3433 3019 3466 ι
3058 3414 3307 3470 Gladium
3353 3414 3595 3484 spiritus,

2021 3505 2165 3577 quod
2195 3513 2279 3560 est
2301 3505 2528 3559 verbum
2559 3504 2653 3559 Dei
2684 3495 2897 3575 (Ephés.
2935 3503 3042 3575 v1);
3085 3523 3104 3556 ι
3148 3514 3273 3559 tunc
3304 3503 3449 3559 enim
3476 3513 3598 3558 tan—

2022 3610 2183 3665 quam
2237 3594 2608 3663 spiritualibus
2649 3594 2836 3649 cultris
2867 3595 3027 3649 homo
3059 3593 3333 3659 dividitur,
3382 3608 3502 3648 cum
3532 3593 3600 3648 ad

2023 3683 2348 3753 detegendas
2374 3684 2568 3737 animae
2601 3698 2713 3736 sua:
2734 3682 2918 3754 plagas
2938 3682 3103 3736 divini
3138 3681 3287 3736 verbi
3310 3679 3483 3752 gladio
3506 3681 3600 3734 de-

2022 3782 2257 3829 secatur.
2288 3772 2397 3827 Cur
2450 3780 2630 3827 autem
2676 3787 2769 3827 eos
2820 3773 2875 3826 in
2930 3779 3113 3843 typum
3158 3770 3380 3826 laterum
3440 3768 3597 3839 195

2022 3863 2392 3920 transduxisse
2439 3873 2718 3929 narratur,
2758 3863 2863 3918 nisi
2901 3864 3027 3933 quia
3067 3861 3266 3917 lateres
3293 3870 3347 3915 et
3393 3860 3597 3915 terreni

2022 3961 2148 4008 sunt
2172 3962 2227 4007 et
2252 3951 2493 4022 decocti?
2522 3950 2674 4007 Tunc
2696 3951 2841 4005 enim
2872 3959 3124 4022 peccator
3152 3951 3205 4006 in
3233 3959 3415 4021 typum
3457 3948 3596 4002 late-

2024 4043 2100 4098 ris
2157 4020 2403 4107 vertitur‘,
2467 4056 2589 4095 cum
2639 4041 2704 4095 ad
2744 4041 3139 4110 praedicationis
3189 4056 3374 4097 vocem
3423 4040 3599 4094 sancti

2024 4134 2259 4204 Spiritus
2318 4133 2566 4187 ardorem
2618 4132 2927 4202 concipitet
2970 4130 3235 4186 veraciter
3283 4129 3597 4184 humiliatus

2024 4233 2225 4280 terram
2250 4239 2309 4279 se
2334 4239 2399 4279 ac
2428 4224 2595 4277 lutum
2625 4238 2744 4277 esse
2769 4222 3068 4292 perpendit.
3115 4223 3204 4277 Sic
3235 4223 3417 4290 itaque
3450 4221 3600 4291 quis-

2025 4330 2129 4384 que
2160 4329 2451 4369 conversus
2482 4329 2545 4367 ac
2575 4320 2844 4382 pmmtens
2879 4313 2929 4365 in
2959 4313 3143 4365 lateris
3180 4311 3596 4366 formaturima—

2025 4409 2223 4478 ginem,
2257 4423 2380 4462 cum
2416 4407 2817 4475 ctghumiliatur
2863 4423 2930 4462 ex
2977 4423 3086 4461 suae
3123 4406 3427 4476 fragilitatis
3460 4406 3591 4471 luto,

2025 4510 2081 4553 et
2105 4500 2257 4569 quasi
2291 4500 2548 4567 rubescit,
2599 4500 2713 4554 sive
2754 4499 3071 4554 flannncscit
3101 4501 3152 4553 in
3178 4516 3361 4553 amore
3390 4500 3591 4563 divino,

2026 4590 2231 4643 utdutn
2253 4604 2312 4644 se
2358 4598 2632 4643 terrenum
2677 4589 2951 4657 pulverem
2987 4599 3195 4659 pensat,
3231 4604 3327 4642 cor
3347 4605 3498 4642 suum
3528 4590 3593 4642 ad
3672 4576 3675 4583 λ

2024 4683 2338 4739 referendas
2369 4683 2477 4738 Deo
2508 4685 2732 4754 gratias,
2769 4683 2858 4751 qui
2890 4696 2949 4737 se
2981 4682 3282 4747 revocavit,
3313 4683 3592 4736 accendat.

2031 4773 2183 4829 Unde
2204 4784 2258 4828 et
2279 4772 2449 4827 Adam
2472 4774 2857 4841 interpretatur
2885 4785 3023 4827 terra
3050 4776 3228 4838 rubra,
3266 4783 3322 4827 ut
3345 4791 3409 4827 ex
3435 4774 3593 4844 primi

2025 4863 2267 4932 parentis
2311 4863 2528 4917 nomine
2556 4864 2783 4932 quisque
2828 4863 3125 4928 condiscat,
3162 4863 3245 4918 vel
3276 4864 3403 4935 quid
3428 4863 3595 4933 origi-

2028 4950 2222 5006 naliter
2249 4950 2337 5014 sit,
2371 4950 2454 5005 vel
2480 4951 2607 5020 quid
2636 4967 2757 5007 eum
2798 4950 3082 5006 actualitcr
3123 4953 3245 5007 esse
3289 4952 3573 5007 conveniat

2026 5044 2109 5099 Ad
2155 5042 2255 5099 hos
2311 5045 2493 5114 itaque
2546 5044 2854 5099 sacerdotes
2894 5044 3258 5099 Ecclesiarum
3289 5086 3302 5109 ,
3353 5045 3419 5099 ad
3466 5046 3597 5098 istas

2028 5137 2199 5193 sancti
2243 5138 2526 5206 pontifices
2569 5136 2863 5194 debuerant
2913 5139 3169 5195 anhelare
3212 5140 3596 5205 victorias,non

2029 5229 2357 5297 sumptuosis
2380 5229 2658 5298 epularum
2699 5230 2935 5294 ferculis,
2991 5246 3098 5285 non
3150 5231 3350 5287 resolvi
3399 5231 3598 5289 lenoci-

2030 5319 2175 5373 nanti
2200 5319 2489 5389 petulantia
2534 5320 2842 5390 voluptatis.
2899 5320 3026 5375 Post
3049 5321 3231 5375 mundi
3264 5322 3463 5391 quippe
3503 5336 3598 5375 na-

2026 5414 2228 5468 scentis
2254 5413 2557 5479 exordium,
2606 5428 2702 5483 per
2751 5413 2896 5468 mille
2930 5413 3101 5468 ferme
3139 5424 3297 5484 atque
3315 5424 3598 5469 sexcentos

2028 5518 2200 5557 annos
2243 5504 2536 5558 humanum
2565 5519 2731 5574 genus
2762 5506 2878 5560 sine
2899 5504 3008 5558 vini
3037 5504 3227 5574 poculo
3248 5512 3302 5559 ct
3335 5519 3431 5560 esu
3476 5520 3596 5558 car-

2026 5594 2173 5647 nium
2233 5593 2405 5655 vixit;
2476 5609 2575 5649 nec
2635 5606 2813 5650 tamen
2868 5594 3158 5664 quispiam,
3224 5608 3383 5663 quem
3449 5591 3598 5649 Scri-
