4058 6178
463 403 604 513 i105

1744 450 1807 506 IN
1848 451 1976 507 LIB.
2023 449 2064 506 ll
2105 448 2371 508 REGUM.

3595 454 3730 510 HD“?

462 577 622 637 ptura
652 570 1068 630 commemoret,
1094 577 1266 634 usque
1295 563 1363 620 ad
1392 562 1597 620 obitum
1629 565 1890 634 languore
1916 577 2043 619 con-
2072 566 2121 625 Δ
2148 561 2292 618 inter
2313 570 2605 632 utrumque
2648 565 2877 618 libratus
2921 572 2978 618 et
3026 573 3226 618 terram
3266 571 3517 635 perderet
3569 575 3625 620 et
3662 574 3733 622 ad

463 659 657 714 tabuit.

1061 746 1291 806 CAPUT
1327 747 1418 803 IX.

534 841 603 899 In
632 842 851 915 epistola
903 842 974 896 ad
1002 842 1318 915 Albericum,
1374 858 1478 912 qua
1519 858 1571 915 et
1622 856 1778 911 super
1798 842 1976 895 decem

901 912 1278 979 quaestionibus
1305 911 1597 982 respondet.
1813 967 1818 971 ,
2009 936 2014 938 -

536 1038 556 1073 ι
587 1021 848 1092 Egressus
892 1031 976 1077 est
1003 1030 1186 1077 autem
1217 1037 1311 1077 rex
1349 1021 1519 1078 David
1567 1021 1932 1089 Hierusalem,
1965 1021 2047 1078 fu-

461 1111 613 1183 giens
654 1111 912 1178 Absalon,
942 1124 1000 1168 et
1026 1113 1316 1184 dereliquit
1349 1113 1535 1168 decem
1570 1113 1827 1168 mulieres
1847 1128 2045 1168 cont-u-

457 1203 617 1257 binas
640 1203 708 1257 ad
735 1203 1142 1259 custodiendam
1175 1204 1393 1259 domum
1426 1203 1513 1274 (II
1546 1203 1747 1275 Reg.xv
1782 1247 1798 1273 ,
1858 1202 1978 1276 l6).
2019 1222 2038 1256 ι

459 1292 628 1347 David
651 1308 682 1347 a
708 1291 848 1348 l‘acie
878 1293 1112 1349 Absalon
1137 1293 1349 1365 fugiens
1369 1295 1556 1350 decem
1605 1293 1936 1350 concubinas
1989 1293 2042 1348 in

457 1381 617 1438 domo
639 1383 914 1452 relinquit,
944 1399 1081 1454 quas
1102 1384 1338 1440 Absalon
1367 1399 1464 1454 per
1494 1384 1762 1438 incestum
1801 1383 2036 1452 turpiter

455 1475 644 1531 findat.
669 1477 803 1544 Quia
829 1476 1156 1547 Redemptor
1185 1487 1387 1540 uoster,
1417 1477 1544 1532 dum
1568 1475 1774 1545 ejectus
1798 1475 1864 1530 de
1907 1475 2042 1530 civi-

459 1575 570 1622 tate
593 1566 822 1624 Iudaica
870 1569 928 1624 in
957 1568 1232 1624 desertum
1260 1569 1502 1640 gentium
1551 1575 1829 1640 properat,
1878 1567 2044 1624 relin-

455 1659 573 1726 quit
612 1658 668 1714 in
701 1659 861 1715 domo
883 1659 1018 1730 legis
1043 1659 1258 1716 Iudaeos
1302 1675 1409 1716 non
1445 1659 1677 1715 viriliter
1702 1658 2038 1719 incedentes.

455 1747 549 1802 sed
579 1749 830 1804 muliebri
880 1750 1297 1806 conversatione
1340 1750 1618 1816 viventes;
1667 1749 1759 1819 qui
1785 1749 2038 1804 nimirum

453 1853 552 1909 per
605 1837 791 1895 decem
844 1840 1176 1896 concubinas
1225 1855 1331 1896 non
1376 1840 1671 1912 incongrue
1715 1840 2038 1909 ﬁgurantur,

2140 645 2339 699 coelum
2372 644 2684 701 nullatenus
2709 643 3000 715 aspiraret.
3024 641 3160 699 Nam
3183 643 3604 713 ctAcbitophel,
3637 646 3728 716 qui

2140 738 2310 810 David
2341 739 2594 810 persequi
2627 754 2735 795 non
2765 737 3110 795 dissimiliter
3141 739 3337 803 voluit,
3375 740 3728 811 exigentibus

2140 831 2378 897 meritis,
2409 831 2642 900 idipsum
2678 845 2853 900 genus
2881 831 3075 886 mortis
3097 830 3259 900 elegit
3281 828 3366 902 (ΙΙ
3396 830 3527 902 Reg.
3552 831 3729 900 xvii);

2143 924 2230 982 hic
2259 927 2406 980 enim
2427 925 2666 980 Absalon
2688 927 3039 995 persequenti
3063 925 3234 979 David
3257 923 3552 982 consilium
3579 925 3732 981 dedit

2143 1027 2201 1073 ut
2222 1018 2557 1074 concubinas
2589 1020 2782 1090 patris,
2833 1034 2973 1089 quas
3007 1017 3294 1074 dimiserat
3323 1018 3389 1073 ad
3419 1019 3729 1074 custodien-

2143 1111 2267 1168 dam
2299 1112 2545 1180 domum,
2607 1112 2872 1182 sacrilega
2904 1112 3257 1181 permistione
3307 1112 3611 1183 pollueret,
3662 1111 3730 1166 ad

2143 1204 2458 1264 fwdandum
2503 1214 2714 1274 patrem
2779 1221 3046 1262 novercas
3094 1219 3240 1277 suas,
3277 1205 3520 1275 turpiter
3578 1205 3731 1258 ince~

2144 1309 2316 1354 staret
2339 1297 2418 1367 (ll
2441 1297 2573 1370 Reg.
2609 1298 2741 1368 xvi).
2771 1297 2909 1365 Quid
2935 1308 3118 1353 autem
3145 1313 3241 1368 per
3260 1298 3449 1354 decem
3469 1295 3732 1351 concubi-

2143 1404 2243 1445 nas
2273 1389 2465 1458 David,
2489 1389 2592 1446 nisi
2628 1407 2754 1462 pars
2789 1391 2877 1445 illa
2906 1389 3151 1445 Juduicaa
3181 1390 3357 1460 plebis
3402 1393 3734 1462 exprimitur

2143 1495 2267 1551 qua
2299 1481 2577 1538 Christum
2618 1497 2831 1550 verum,
2865 1482 3058 1553 utique
3088 1483 3259 1538 David
3306 1483 3629 1554 fugientem,
3665 1483 3722 1538 in

2147 1560 2466 1630 gentilitatis
2500 1564 2714 1617 deserta
2743 1577 2848 1618 non
2875 1563 3146 1633 sequitur,
3179 1564 3304 1633 quia
3353 1563 3486 1635 legis
3533 1578 3592 1618 se
3633 1563 3735 1616 ha.-

2145 1646 2274 1704 bere
2317 1650 2641 1722 Decalogum
2683 1651 2980 1723 gloriatur?
3037 1653 3142 1710 Per
3203 1668 3486 1708 numerum
3541 1666 3738 1723 nempe

2146 1739 2610 1807 concubinarum,
2657 1758 2916 1798 numerus
2953 1743 3279 1815 exprimitur
3322 1744 3734 1808 mandatorum;

2145 1831 2462 1887 concubinae
2490 1846 2642 1904 ergo,
2670 1849 2790 1905 quae
2820 1850 2926 1891 non
2958 1845 3248 1906 sequentes
3281 1836 3446 1890 David
3471 1875 3486 1901 ,
3514 1836 3736 1890 domum

454 1930 604 2000 quia,
630 1930 757 1984 dum
783 1931 1060 1985 enerviter
1101 1930 1235 1999 legis
1258 1938 1524 2001 praecepta
1558 1931 1890 1993 custodiunt,
1931 1941 2038 1982 non
2070 1948 2118 2009 Β
2147 1930 2388 1988 servant,
2415 1920 2468 1976 hi
2497 1931 2623 1977 sunt
2648 1923 2742 1994 qui
2771 1924 2825 1980 in
2847 1925 3052 1980 veteris
3092 1925 3226 1996 legis
3263 1925 3509 1980 custodia
3557 1938 3740 1995 perse-
3803 1949 3808 1952 ·

453 2026 663 2074 castum
706 2020 1037 2075 matrimonii
1067 2028 1346 2075 merentur
1389 2021 1684 2076 ascendere
1717 2017 2037 2085 thalamum,

453 2109 548 2164 sed
595 2108 800 2179 absque
839 2108 965 2164 ﬁdei
995 2110 1334 2166 cohaerentes
1359 2107 1562 2165 annulo
1590 2108 1897 2166 sortiuntur
1941 2122 2041 2179 pro

454 2198 706 2270 coniugio
761 2199 1095 2270 pellicatum.
1119 2200 1268 2267 Quas
1321 2200 1560 2256 Absalon
1607 2200 1898 2256 lasciviens
1923 2199 2039 2271 pol-

453 2289 574 2354 luit,
601 2290 728 2360 quia
755 2291 1022 2362 malignus
1048 2293 1268 2363 Spiritus
1306 2293 1567 2364 reprobas
1599 2293 1885 2362 impiorum
1918 2292 2039 2346 ani-

455 2397 572 2437 mas
601 2382 752 2451 quasi
789 2383 1161 2452 prostituendo
1206 2384 1525 2454 corrumpit,
1579 2384 1705 2455 quia
1736 2399 1834 2455 per
1851 2398 2042 2440 exces-

453 2488 550 2529 sus
575 2474 914 2530 diversorum
945 2475 1211 2530 scelerum
1239 2491 1361 2532 cum
1389 2477 1585 2534 talibus
1615 2476 1946 2544 fornicatur,
1984 2486 2042 2534 et

453 2576 712 2636 tanquam
740 2567 1014 2624 substrata
1041 2569 1144 2624 sibi
1181 2568 1484 2639 prostibula
1529 2568 1770 2624 incestus
1813 2568 2042 2624 violator

452 2656 817 2726 amplectitur,
851 2657 978 2713 dum
1005 2657 1323 2715 adulterinis
1365 2672 1554 2715 eorum
1596 2657 1853 2730 operibus
1899 2658 2042 2716 dele-

452 2755 538 2802 cta
545 2757 600 2802 ιιι
607 2764 653 2803 Γ.

1079 2839 1309 2897 CAPUT
1339 2839 1405 2896 X.

453 2947 524 3003 In
549 2949 790 3021 epistola
839 2950 910 3003 ad
949 2950 1277 3005 Desiderium
1303 2951 1542 3005 abbatem
1576 2950 1717 3021 quod
1747 2951 1941 3021 majori
1972 2952 2040 3005 sit

522 3019 712 3088 dignus
732 3018 933 3100 [tonare
960 3022 1050 3091 qui
1086 3021 1394 3092 dignitatem
1439 3018 1650 3092 projieit
1684 3018 1842 3093 quant
1865 3022 1957 3092 qui
1984 3021 2038 3076 in

522 3105 586 3143 ea
605 3100 854 3158 persistit.

517 3200 752 3256 Absalon
775 3201 1040 3272 siquidem
1067 3202 1460 3272 interpretatur
1479 3203 1646 3273 patris
1668 3219 1774 3274 pax
1809 3201 1863 3276 (Ι
1868 3201 1896 3256 Ι
1911 3201 2036 3272 Reg.

2144 2023 2360 2068 verant.
2396 2012 2634 2071 Absalon
2657 2029 2787 2086 ergo
2816 2015 2886 2072 ad
2926 2016 3028 2072 bas
3074 2015 3246 2096 David
3285 2015 3617 2072 concubinas
3656 2013 3738 2070 in-

2142 2103 2393 2177 greditur
2419 2105 2548 2176 quia
2605 2105 2883 2172 diabolus,
2935 2106 3027 2177 qui
3078 2106 3132 2161 in
3183 2104 3420 2161 Absalon
3469 2115 3608 2171 erat,
3641 2118 3739 2175 per

2142 2207 2401 2250 excessus
2430 2195 2771 2251 diversorum
2818 2195 3086 2252 scelerum
3114 2208 3238 2251 cum
3274 2195 3468 2251 talibus
3498 2192 3737 2250 fornica-

2143 2289 2253 2336 tur.
2279 2283 2347 2337 Et
2374 2283 2510 2339 bene
2539 2285 2775 2339 dicitur:
2815 2283 2949 2351 Quia
2998 2284 3169 2339 David
3213 2299 3308 2339 eas
3354 2285 3635 2340 dimiserat
3669 2284 3737 2340 ad

2143 2373 2548 2429 custodiendam
2581 2373 2830 2440 domum;
2864 2374 3086 2444 provida
3115 2374 3315 2444 quippe
3349 2373 3734 2444 Redemptoris

2142 2463 2317 2519 nostri
2349 2463 2752 2534 dispensatione
2805 2465 3067 2519 divinitus
3121 2466 3302 2537 agitur
3348 2475 3407 2519 ut
3458 2466 3618 2536 quasi
3667 2467 3734 2520 ad

2141 2550 2467 2608 servandam
2502 2553 2722 2608 domum
2753 2553 2889 2623 legis
2913 2552 3224 2611 Judaeorum
3276 2554 3518 2624 reliquiae
3560 2571 3737 2612 reser-

2140 2653 2362 2713 ventur;
2395 2655 2454 2700 ut
2484 2646 2586 2716 ipsi
2635 2646 2728 2717 qui
2781 2647 2942 2702 modo
2992 2647 3167 2702 nostri
3192 2660 3318 2702 sunt
3365 2647 3634 2713 scriniari,
3682 2657 3738 2702 et

2141 2737 2310 2793 libros
2335 2738 2577 2794 caelestis
2599 2737 2797 2808 eloquii
2827 2739 2880 2793 in
2907 2739 3098 2795 eadem
3129 2739 3184 2793 in
3211 2753 3318 2810 qua
3363 2739 3564 2796 conditi
3609 2747 3740 2794 sunt

2141 2828 2325 2901 lingua
2349 2829 2551 2901 ubique
2604 2839 2872 2886 terrarum
2923 2829 3124 2897 ferant,
3176 2840 3445 2900 quatenus
3499 2830 3601 2902 ipsi
3640 2830 3736 2901 qui

2143 2918 2302 2973 nobis
2332 2918 2537 2974 inimici
2568 2928 2724 2986 sunt,
2773 2923 2816 2974 si
2860 2920 3078 2990 quando
3117 2921 3403 2990 scrupulus
3444 2919 3738 2976 dubietatis

2139 3009 2447 3074 cmerserit,
2474 3025 2637 3065 omne
2660 3011 2816 3066 nobis
2843 3012 3158 3082 ambiguum
3185 3011 3395 3068 tollant.
3442 3011 3597 3068 Unde
3636 3027 3736 3082 per

2139 3098 2479 3155 Psalmistam
2531 3102 2772 3156 dicitur:
2823 3120 2842 3154 ‹
2893 3102 3036 3158 Deus
3089 3118 3274 3167 meus,
3321 3103 3548 3158 ostende
3599 3102 3734 3156 mihi

2140 3191 2282 3246 bona
2308 3192 2450 3246 inter
2472 3192 2722 3248 inimicos
2752 3207 2922 3259 meos,
2950 3209 3019 3248 ne
3039 3195 3258 3249 occidas
3281 3210 3396 3261 eos,
3426 3208 3493 3252 ne
3517 3193 3736 3264 quando

487 3291 592 3361 ιιι),
618 3307 714 3360 ρει-
750 3309 908 3362 quem
954 3295 1273 3366 designatur
1315 3296 1545 3365 ρορηιηε
1581 3296 1915 3362 mammam,
1943 3295 2034 3366 qui
2064 3301 2109 3364 ρ
2139 3283 2528 3337 obliviscantur
2549 3279 2688 3352 legis
2728 3293 2832 3338 tua:
2886 3286 2905 3356 (
2938 3282 3085 3338 Psal.
3140 3301 3267 3340 Lvut
3295 3284 3338 3357 ).
3391 3305 3411 3338 ι
3470 3286 3734 3341 Hebraica

450 3396 620 3450 usque
639 3382 706 3435 ad
721 3392 946 3439 mortem
969 3393 1287 3454 persecutus
1302 3385 1697 3442 esthristum.
1723 3385 1799 3440 De
1819 3400 1928 3456 quo
1939 3400 2037 3454 po-

448 3470 577 3541 pulo
596 3470 894 3540 perlsaiam
913 3473 1142 3528 dicitur:
1164 3493 1182 3526 ι
1201 3473 1368 3529 Filios
1384 3475 1545 3546 genui
1569 3486 1622 3532 et
1640 3475 1898 3538 exaltavi,
1922 3475 2024 3546 ipsi

448 3574 630 3618 autem
661 3572 980 3632 spreverunt
1014 3579 1100 3619 me
1127 3563 1262 3634 (Isa.
1295 3565 1370 3634 ι);
1408 3585 1426 3618 ι
1459 3568 1552 3636 qui
1600 3567 1772 3635 patris
1793 3582 1891 3635 pax
1913 3566 2036 3637 jure

449 3653 671 3718 dicitur,
697 3655 953 3723 quoniam
979 3655 1032 3710 in
1063 3655 1152 3712 illo
1182 3657 1492 3727 specialiter
1517 3657 1715 3728 populo
1743 3661 1846 3727 per’
1862 3657 2034 3728 legem

450 3744 654 3812 datam,
680 3761 778 3817 per
797 3747 1142 3802 victimarum
1181 3749 1474 3816 sacriﬁcia,
1498 3763 1595 3819 per
1625 3749 2033 3805 tabernaculum

450 3836 706 3906 denique,
773 3838 888 3894 sive
933 3839 1186 3909 templum
1234 3839 1379 3897 Deus
1455 3841 1726 3911 quievisse
1795 3842 2024 3897 videtur.

451 3926 602 3982 Sicut
635 3929 796 4001 196
827 3929 995 3985 David
1026 3949 1039 3984 :
1078 3950 1096 3983 ι
1124 3931 1313 3997 Notus,
1340 3932 1534 4003 inquit,
1562 3933 1616 3988 in
1645 3929 1828 3988 Iudaea
1871 3933 2030 3999 Deus,

451 4017 504 4074 in
543 4018 704 4073 Israel
731 4035 982 4090 magnum
1015 4035 1209 4077 nomen
1240 4023 1358 4093 ejus
1378 4022 1548 4094 (Psal.
1579 4025 1766 4095 Lxxv).
1802 4043 1820 4076 ι
1855 4024 2034 4094 Atque

449 4119 504 4166 ut
541 4111 641 4166 iste
669 4111 894 4182 populus
916 4113 1086 4181 patris
1123 4128 1228 4182 pax
1253 4127 1375 4170 esse
1399 4115 1672 4182 videatur,
1703 4115 1827 4170 audi
1876 4114 2022 4186 quod

449 4201 733 4271 sequitur:
766 4220 783 4253 ι
819 4201 883 4255 Et
913 4201 1086 4257 tactus
1106 4203 1264 4258 estin
1294 4217 1428 4273 pace
1457 4204 1609 4260 locus
1634 4204 1756 4273 ejus
1774 4204 1984 4276 (Ibid.).
2009 4224 2027 4257 ι

451 4292 576 4347 Sive
606 4308 703 4362 per
728 4292 960 4348 Absalon
987 4292 1153 4350 Judas
1204 4297 1438 4350 traditor
1468 4297 1807 4366 designatur,
1855 4296 1950 4368 qui
1977 4306 2034 4352 et

450 4382 564 4451 ipse
587 4384 758 4452 patris
787 4401 888 4453 pax
921 4399 1029 4440 non
1068 4386 1344 4442 immerito
1372 4387 1588 4452 dicitur,
1626 4387 1767 4442 sicut
1807 4388 1923 4458 ipse
1964 4389 2031 4442 de

451 4471 542 4528 illo
563 4474 812 4530 Christus
864 4476 917 4530 in
948 4477 1158 4546 psalmo
1192 4478 1563 4546 conqueritur,
1588 4479 1814 4534 dicens:
1853 4497 1871 4530 ι
1903 4478 2029 4534 Ete-

449 4564 560 4618 nim
595 4565 753 4620 bomo
787 4565 936 4635 pacis
966 4582 1121 4632 mere,
1145 4568 1198 4622 in
1226 4584 1335 4639 quo
1368 4570 1676 4638 sperabam,
1709 4570 1802 4639 qui
1832 4569 2024 4625 edebat

2141 3375 2339 3446 quippe
2365 3374 2566 3446 lingua,
2602 3390 2724 3446 quae
2773 3385 2886 3432 toto
2923 3379 3057 3434 orbe
3103 3378 3455 3449 dispergitur,
3505 3379 3732 3434 multum

2139 3466 2464 3522 Christiana:
2490 3467 2611 3521 ﬁdei
2650 3469 2949 3524 auctoritas
2994 3468 3300 3538 adjuvatur.
3355 3469 3510 3525 Unde
3539 3479 3595 3524 et
3625 3470 3734 3525 illic

2139 3570 2327 3630 aperte
2357 3560 2700 3631 aulijungitur
2728 3578 2743 3617 :
2775 3581 2794 3615 ‹
2833 3561 3093 3634 Diaperge
3124 3563 3244 3618 illos
3275 3564 3326 3618 in
3366 3564 3569 3620 virtute
3611 3573 3728 3630 tua,

2139 3661 2196 3709 et
2219 3653 2457 3725 depones
2484 3668 2600 3721 eos,
2624 3663 2899 3726 protector
2923 3667 3129 3721 noster,
3155 3655 3381 3713 Domine
3411 3655 3624 3730 (Ibid.).
3669 3676 3690 3710 ι

2693 3783 2697 3786 -
2746 3745 2976 3802 CAPUT
3018 3747 3108 3803 XI.

2659 3835 2727 3890 In
2755 3837 2937 3891 eadem
2965 3837 3206 3908 epistola.

2214 3943 2232 3976 σ
2286 3924 2529 3995 Cumque
2591 3925 2830 3982 venisset
2883 3928 3052 3983 David
3114 3930 3167 3984 in
3225 3938 3404 3986 castra
3466 3930 3678 3986 Madian
3709 3972 3729 3998 ,

2137 4014 2266 4071 Sobi
2304 4016 2446 4072 ﬁlius
2491 4016 2654 4082 Naas,
2709 4028 2766 4074 et
2821 4019 3030 4075 Machir
3081 4021 3222 4076 ﬁlius
3253 4021 3523 4088 Amichel,
3567 4023 3726 4095 197

2135 4117 2190 4162 et
2239 4107 2496 4163 Berzellai
2545 4108 2855 4165 Galaadites
2904 4112 3214 4167 obtulerunt
3257 4114 3306 4168 ei
3349 4115 3638 4179 stratoria,
3672 4125 3728 4169 et

2134 4199 2362 4268 tapetia,
2411 4215 2474 4254 ac
2515 4214 2642 4255 vasa
2687 4200 2895 4268 ﬁctilia,
2925 4211 3031 4258 etc.
3086 4223 3104 4257 ι
3143 4204 3226 4275 (II
3258 4204 3383 4276 Reg.
3415 4210 3570 4277 xvii).
3607 4207 3730 4262 illa-

2131 4288 2350 4345 diauitaz
2402 4303 2554 4355 vero,
2605 4290 2696 4361 qui
2750 4292 3028 4362 praebuere
3061 4295 3170 4363 regi
3211 4295 3377 4350 David
3468 4299 3722 4354 stratoria

2134 4389 2191 4435 et
2253 4381 2498 4450 tapetia,
2549 4383 2678 4452 quid
2733 4383 2876 4438 aliud
2931 4385 3236 4456 signiﬁcant
3283 4403 3444 4458 quam
3496 4390 3724 4462 gentiles

2133 4485 2424 4528 conversos
2469 4473 2536 4526 ad
2565 4473 2759 4528 ﬁdem?
2810 4475 2900 4544 qui
2951 4475 3078 4532 dum
3123 4477 3228 4548 piis
3279 4480 3490 4534 actibus
3543 4481 3722 4537 inces-

2134 4575 2318 4620 santer
2370 4564 2647 4631 insistunt,
2705 4567 2861 4636 quasi
2921 4570 3138 4624 textrini
3191 4572 3376 4641 operis
3410 4572 3721 4629 linteamina

449 4670 619 4725 panes
649 4670 819 4718 meos,
867 4657 1236 4726 magniﬁcavit
1271 4660 1557 4712 adversum
1587 4675 1674 4714 me
1713 4659 2036 4730 supplanta-
2063 4651 2114 4711 D
2139 4665 2462 4724 prteparant,
2511 4657 2564 4710 in
2604 4657 2800 4726 quibus
2832 4657 3017 4726 utique
3062 4659 3320 4715 Dominus
3354 4663 3593 4717 suaviter
3635 4679 3722 4720 re-

452 4746 652 4799 tioncm
684 4743 856 4814 (Psal.
885 4747 996 4814 XL).
1034 4765 1054 4798 ι
1090 4746 1223 4800 Nam
1255 4757 1311 4802 et
1333 4748 1581 4804 Christus
1603 4763 1708 4802 non
1735 4749 2032 4818 incongrue

450 4844 607 4905 pater
636 4837 920 4902 asseritur,
970 4838 1113 4892 sicut
1141 4837 1409 4908 Propheta
1441 4848 1672 4894 testatur
1706 4856 1719 4893 :
1755 4858 1774 4892 ι
1807 4839 2035 4896 Vocabi-

456 4935 560 4990 tur,
586 4927 780 4996 inquit,
817 4927 960 4983 Deus
1013 4927 1194 4995 l'ort’s,
1239 4939 1396 4998 pater
1435 4930 1599 4985 futuri
1647 4930 1852 4997 saeculi,
1890 4932 2035 5002 prin-

454 5031 582 5087 ceps
638 5018 788 5088 pacis
835 5017 970 5089 (Isa.
1025 5021 1125 5080 rx).
1161 5037 1182 5072 ι
1215 5017 1321 5074 Iste
1353 5036 1484 5091 ergo
1535 5021 1732 5076 dicitur
1785 5022 2038 5098 princeps

451 5109 601 5178 pacis
626 5118 682 5164 et
710 5109 799 5163 ille
831 5125 934 5179 pax
971 5111 1160 5180 patris.
1198 5110 1295 5166 Cui
1337 5112 1524 5177 etiam,
1561 5111 1711 5168 Judaz
1743 5115 2031 5180 videlicet,

453 5198 508 5253 in
566 5201 682 5270 ipso
731 5202 1120 5271 persecutionis
1167 5202 1398 5259 articulo
1439 5204 1588 5274 pacis
1639 5205 1881 5260 osculum
1928 5221 2034 5262 non

451 5292 670 5359 negavit
697 5291 912 5364 (Matth.
943 5292 1117 5364 xxvi).
1147 5293 1257 5350 Nec
1284 5295 1479 5349 mirum
1512 5297 1556 5351 si
1588 5293 1738 5352 Judae
1762 5297 2038 5354 traditoris

453 5383 689 5451 speciem
715 5384 950 5440 Absalon
981 5371 1180 5452 tenuit,
1208 5401 1368 5455 quem
1399 5401 1504 5441 non
1535 5387 1706 5442 solum
1755 5388 1808 5443 in
1857 5403 2039 5459 perse-

453 5475 669 5530 cutione
700 5477 885 5542 David,
927 5479 1021 5533 sed
1051 5479 1168 5549 ipso
1209 5495 1422 5550 quoque
1459 5495 1656 5550 genere
1698 5497 1809 5538 suae
1845 5483 2037 5538 mortis

453 5565 720 5634 expressit
749 5566 833 5634 (ΙΙ
863 5567 988 5637 Reg.
1022 5573 1199 5638 xvm).
1230 5571 1321 5626 llle
1343 5571 1610 5641 siquidem
1639 5573 1887 5643 quercui,
1907 5575 2032 5630 dum

453 5656 687 5711 transire
713 5657 902 5723 vellet,
941 5660 1192 5728 inhaesit;
1228 5662 1328 5718 iste
1373 5678 1430 5718 se
1477 5663 1703 5734 laqueo,
1755 5664 2035 5736 Scriptura

456 5753 708 5812 testante,
736 5750 1034 5818 suspendit.
1066 5751 1134 5808 Ut
1164 5755 1416 5823 quoniam
1457 5765 1686 5826 uterque
1729 5759 2037 5815 redundans

456 5836 684 5906 viperea:
715 5837 835 5895 felle
863 5843 1114 5911 nequitiae
1143 5856 1196 5901 ct
1221 5855 1363 5904 terra
1383 5849 1632 5920 indignus
1658 5859 1775 5907 crat
1799 5859 1853 5908 ct
1872 5854 2032 5920 cmlo,

2135 4743 2398 4812 quiescat.
2424 4743 2550 4799 Haec
2573 4746 2716 4799 enim
2746 4756 2874 4801 sunt
2898 4749 3207 4818 evangelica
3236 4750 3325 4804 illa
3359 4753 3683 4807 vestimenta
3701 4793 3724 4818 ,

2136 4848 2255 4904 quae
2289 4833 2516 4902 apostoli
2541 4850 2706 4906 super
2742 4837 2949 4891 asinam
3001 4849 3207 4908 ponunt
3231 4849 3285 4894 et
3312 4838 3496 4896 Jesum
3529 4845 3723 4898 sedere

2135 4922 2366 4992 desuper
2395 4921 2600 4977 faciunt
2628 4923 2843 4995 (Matth.
2890 4925 3026 4996 xxx).
3057 4926 3210 4993 Quod
3254 4938 3434 4984 autem
3478 4931 3724 5000 sequitur

2143 5031 2161 5066 ι
2191 5015 2316 5084 quia
2346 5013 2612 5070 dederunt
2653 5015 2818 5070 David
2847 5017 3009 5073 etiam
3060 5035 3189 5075 vasa
3236 5021 3440 5084 ﬁctilia,
3483 5020 3726 5076 frumcn-

2139 5113 2252 5159 tum
2279 5116 2334 5160 et
2354 5107 2637 5174 hordeum,
2685 5107 2938 5177 farinam,
2973 5122 3026 5167 et
3069 5112 3264 5180 fabam,
3316 5123 3370 5168 et
3415 5113 3639 5181 lentem,
3668 5123 3725 5168 et

2139 5197 2337 5252 frixum
2365 5199 2536 5267 cicer,
2579 5211 2635 5256 et
2685 5203 2807 5268 mel,
2855 5212 2909 5258 et
2961 5205 3237 5276 butyrum,
3284 5219 3414 5261 oves
3467 5205 3631 5260 etiam
3670 5214 3726 5260 et

2138 5288 2366 5359 pingues
2411 5290 2604 5346 vitulos
2650 5291 2734 5363 (11
2763 5291 2888 5364 Reg.
2935 5296 3098 5366 xvu);
3135 5315 3153 5348 ι
3202 5295 3446 5367 plurima:
3481 5295 3728 5350 ciborum

2141 5382 2354 5451 species
2410 5383 2607 5438 diversi
2658 5395 2780 5439 sunt
2836 5396 3147 5442 sanctorum
3204 5387 3479 5443 hominum
3526 5401 3728 5451 mores,

2141 5473 2337 5542 quibus
2393 5473 2649 5528 nimirum
2699 5475 2866 5529 David
2919 5492 3040 5531 cum
3092 5479 3205 5533 suis
3264 5478 3732 5534 commilitonibus

2141 5565 2414 5635 pascitur;
2447 5565 2572 5635 quia
2605 5566 2932 5638 Redemptor
2959 5581 3146 5626 noster
3197 5586 3321 5627 cum
3371 5571 3575 5628 sanctis
3616 5570 3732 5627 suis

2144 5656 2307 5712 rectis
2324 5656 2591 5727 justorum
2620 5659 2873 5728 operibus
2899 5659 3047 5718 velut
3073 5663 3319 5721 esuriens
3345 5663 3614 5735 epulatur.
