4058 6178
341 416 480 473 1107

933 532 1163 588 CAPUT
1202 533 1314 588 XII.

457 623 526 680 In
553 622 771 694 epistola
793 623 862 677 ad
890 624 1207 697 Albericum,
1236 627 1289 679 in
1315 642 1418 697 qua
1447 642 1603 696 super
1628 627 1803 681 decem

776 695 1153 764 questionibus
1184 695 1477 765 respdndet.

407 826 427 860 ι
468 807 594 862 Fuit
624 816 803 861 autem
835 808 906 862 ibi
940 809 1183 878 praelium
1213 810 1517 879 dispersum
1536 825 1699 881 super
1724 810 1921 866 faciem

335 910 513 968 terrae,
561 910 618 957 et
656 901 830 955 nmIto
881 902 1063 972 plures
1105 911 1286 969 erant,
1327 919 1465 974 quos
1508 914 1921 975 consumpserat

328 993 501 1048 saltus
532 991 601 1049 de
625 992 845 1063 populo,
877 1008 1037 1062 quam
1097 994 1151 1049 hi
1201 1009 1338 1064 quos
1385 1005 1669 1051 voraverat
1711 995 1919 1066 gladius

327 1085 417 1153 (II
441 1085 570 1156 Reg.
602 1084 776 1157 xvut).
815 1105 833 1138 ›
862 1084 939 1139 De
980 1101 1086 1155 qua
1129 1087 1397 1141 sententia
1436 1087 1490 1142 in
1523 1087 1661 1142 libro
1692 1086 1917 1142 Hebrai-

329 1188 521 1230 earum
562 1176 921 1245 quaestionum
961 1176 1078 1230 hzec
1116 1174 1179 1229 Β.
1213 1174 1526 1248 Hieronymi
1554 1176 1718 1235 verba
1749 1186 1915 1231 suat:

328 1268 539 1321 Salium
572 1268 748 1334 hunc,
780 1268 977 1337 inquit,
1003 1270 1093 1339 qui
1122 1269 1303 1340 plures
1324 1269 1723 1341 consumpsisse
1758 1286 1918 1341 quam

326 1358 538 1429 gladius
561 1374 780 1415 vorasse
806 1359 1020 1430 legitur,
1060 1361 1264 1416 bestias
1307 1361 1692 1425 ferocissimas,
1723 1377 1843 1432 qtae
1865 1362 1919 1416 in

324 1451 465 1506 saltu
496 1461 673 1515 erant,
715 1451 923 1507 Hebraei
968 1462 1272 1521 autumant,
1297 1472 1327 1509 a
1352 1456 1547 1525 quibus
1577 1456 1759 1525 plures
1791 1472 1920 1510 cou-

324 1544 524 1613 sumpti
576 1558 737 1614 quam
779 1560 808 1597 a
836 1544 1013 1614 gladio
1054 1548 1228 1601 vorati
1273 1545 1495 1602 fuerint.
1554 1549 1751 1602 Verum
1790 1548 1875 1602 hic
1903 1588 1918 1611 ,

327 1642 386 1685 ut
416 1634 634 1697 dicitur,
663 1635 1011 1692 Hebratorum
1045 1638 1146 1692 fuit
1186 1639 1512 1696 intellectus.
1543 1638 1710 1695 Nobis
1738 1651 1917 1695 autent

324 1725 538 1780 videtur
569 1728 695 1796 quia
727 1730 913 1784 vesani
968 1731 1194 1802 quique,
1242 1742 1297 1787 et
1340 1732 1612 1800 infruniti,
1665 1734 1754 1805 qui
1793 1752 1918 1790 cum

323 1812 560 1869 Absalon
591 1816 991 1884 perduelliones
1009 1823 1353 1888 exstiterant,
1376 1822 1485 1878 Deo
1509 1826 1795 1880 descrente
1815 1842 1920 1881 crc-

322 1906 450 1969 cati,
479 1907 717 1962 arbustis
745 1912 1163 1966 occurrentibus
1195 1913 1584 1984 impingebant,
1609 1925 1769 1986 atque
1795 1918 1918 1974 ideo

332 1996 551 2052 dicatur
569 1999 694 2066 quia
726 1998 910 2073 plures
934 2002 1231 2057 ceciderint
1258 2003 1397 2057 saltu
1424 2016 1772 2061 consumente
1797 2021 1921 2078 per-

321 2088 486 2157 empti
527 2103 690 2159 quam
732 2091 782 2144 lii
816 2092 909 2162 qui
962 2092 1166 2149 fuerint
1199 2094 1383 2166 gladio
1419 2097 1724 2153 trucidante
1761 2114 1922 2154 verae

322 2179 384 2232 ti.
410 2180 562 2247 Quod
601 2181 677 2236 ita
720 2183 919 2240 debere
958 2186 1183 2257 intelligi
1214 2203 1319 2242 non
1382 2188 1703 2261 ambigitur,
1733 2190 1777 2245 si
1806 2191 1919 2260 ipsa

323 2273 444 2341 ει)Ἰὶ
496 2276 884 2345 consequentia
948 2279 1030 2334 vel
1076 2280 1524 2349 superficietenus
1574 2285 1917 2341 attendatur.

322 2360 457 2415 l\'am
514 2376 797 2433 postquam
847 2358 1127 2435 praemittit
1177 2387 1189 2424 :
1238 2388 1256 2422 ι
1317 2371 1481 2427 Multo
1534 2373 1716 2444 plures
1763 2387 1921 2433 erant

323 2469 458 2523 quos
499 2455 669 2510 saltus
697 2461 1196 2528 consumpseratde
1235 2462 1431 2534 populo
1472 2480 1634 2535 quam
1683 2468 1738 2527 hi
1785 2484 1920 2539 quos

322 2557 611 2602 voraverat
661 2549 870 2619 gladius
919 2551 971 2605 in
1016 2552 1103 2632 die
1148 2553 1271 2623 illa;
1314 2575 1332 2608 ι
1372 2568 1570 2627 ρνωειο
1601 2559 1916 2632 subjungit:

328 2654 351 2690 ι
379 2639 591 2694 Accidit
627 2653 807 2697 autem
844 2653 905 2698 ut
966 2630 1282 2702 occurreret
1326 2648 1564 2706 Absalon
1612 2654 1784 2709 servis
1808 2630 1923 2709 ‘Da-

325 2731 417 2786 vid
448 2733 645 2788 sedens
668 2735 721 2788 in
755 2736 932 2802 mulo;
957 2752 1190 2808 cmnqne
1218 2741 1497 2811 ingressus
1525 2741 1714 2800 fuisset
1742 2746 1920 2802 mulus

323 2822 515 2878 subter
555 2825 883 2881 condensam
937 2841 1200 2898 quercum
1232 2841 1287 2885 ct
1340 2847 1633 2907 magnam,
1692 2836 1921 2892 adhmsit

322 2925 487 2985 caput
513 2916 630 2986 ejus
657 2920 910 2988 qnercui,
946 2932 1023 2986 et,
1056 2922 1145 2977 illo
1174 2938 1443 2994 suspenso
1470 2925 1612 2982 inter
1639 2927 1837 2983 coelum
1866 2936 1921 2984 et

323 3017 551 3073 terram,
584 3009 760 3064 mulus
796 3011 881 3065 cui
912 3011 1185 3068 insederat
1214 3016 1537 3083 pertransiit
1562 3016 1779 3090 (Ibid).
1818 3038 1837 3072 ι

931 3101 1160 3179 CAPUT
1198 3105 1335 3161 xm.

451 3187 520 3245 In
544 3189 764 3260 epistola
796 3192 867 3244 ad
896 3190 965 3246 ι).
990 3180 1249 3262 abbatem,
1272 3213 1389 3267 quae
1414 3198 1574 3268 paulo
1604 3217 1784 3270 supra.

1225 419 1725 477 COLLECTANEA
1754 421 1819 476 ΙΝ
1864 423 2088 481 VETUS
2132 426 2673 485 TESTAMENTUM.

3467 434 3604 492 “08

1947 542 1997 599 Λ
2028 538 2247 593 Dicebat
2276 540 2419 594 enim
2444 540 2709 595 Berzellai
2760 541 2871 609 regi
2919 559 2933 593 ε
2977 540 3091 597 Cur
3127 556 3321 601 servus
3356 553 3489 603 tuus
3534 549 3609 605 sit

2022 630 2175 685 oneri
2214 630 2432 685 domino
2462 645 2581 685 meo
2603 630 2758 701 regi?
2786 630 3061 702 paululum
3095 636 3385 703 procedam
3434 636 3613 692 famu-

2022 720 2107 776 lus
2136 730 2259 776 tuus
2286 721 2353 777 ab
2379 720 2612 777 Iordane
2643 731 2841 789 tecum,
2882 739 2984 779 nec
3004 724 3220 795 indigeo
3267 726 3368 783 hac
3393 728 3607 784 vicissio

2026 813 2232 868 tudine.
3413 832 3417 835 ·

2092 905 2258 978 Cujus
2311 908 2538 977 figuram
2589 917 2775 963 tenent
2824 907 2916 979 qui
2948 907 3216 979 spirituali
3245 908 3496 978 cuiquam
3527 909 3610 965 vi-

2023 1016 2085 1057 ro
2138 1014 2367 1071 seseque
2397 1002 2464 1058 ad
2498 1002 2688 1057 altiora
2726 1002 3082 1072 provocanti,
3116 1002 3277 1071 quasi
3332 1002 3611 1059 humiliter

2021 1091 2316 1149 decantant
2344 1092 2702 1149 :Peecatores
2723 1093 2942 1164 quidem
2971 1108 3158 1148 sumus
3179 1092 3409 1162 tibique,
3429 1103 3609 1163 pater,

2022 1183 2481 1254 obtemperamns,
2539 1185 2632 1240 sed
2676 1183 3025 1239 districtioris
3076 1183 3307 1238 instituti
3363 1183 3605 1255 regulam

2023 1289 2243 1329 servare
2270 1279 2375 1329 non
2399 1289 2718 1345 possumus;
2754 1273 2957 1329 infirmi
3006 1287 3196 1329 sumus
3252 1282 3308 1328 et
3360 1272 3606 1344 fragiles,

2022 1377 2184 1437 atque
2208 1368 2330 1423 ideo
2361 1367 2554 1423 melius
2586 1366 2893 1435 iudicamus
2941 1365 3042 1422 sub
3065 1366 3165 1423 levi
3200 1380 3302 1422 nos
3331 1364 3478 1421 fasce
3519 1366 3607 1420 in-

2021 1461 2224 1530 glorios
2261 1470 2537 1530 utcunque
2584 1461 2769 1516 vivere
2806 1475 2966 1529 quam
3018 1461 3120 1515 sub
3169 1459 3347 1529 gravis
3379 1459 3609 1515 sarcina

2020 1553 2262 1622 pondere
2292 1552 2442 1621 quasi
2491 1551 2657 1607 fortes
2701 1551 2947 1607 interire.
2990 1549 3123 1603 Nam
3168 1558 3222 1603 et
3264 1550 3410 1619 quod
3462 1548 3607 1603 idem

2022 1642 2286 1699 Berzeilai
2318 1643 2567 1711 superius
2584 1643 2817 1708 dixerat,
2854 1643 2922 1697 ab
2949 1643 3174 1697 istorum
3198 1642 3471 1696 interioris
3503 1641 3605 1697 ho-

2023 1734 2183 1789 minis
2204 1734 2357 1789 senio
2384 1749 2494 1787 non
2525 1732 2839 1788 discordat:
2875 1752 2895 1785 ι
2918 1732 3061 1801 Quot
3094 1743 3239 1798 sunt,
3269 1736 3464 1805 inquit,
3486 1736 3609 1791 dies

2022 1838 2288 1878 annorum
2341 1824 2468 1877 vine
2507 1838 2670 1887 meae,
2725 1830 2783 1875 ut
2830 1824 3120 1878 ascendam
3175 1816 3326 1878 cum'
3364 1840 3490 1895 rege
3550 1826 3605 1880 in

1950 1900 1993 1966 Β
2021 1915 2405 1971 Hierusalem?
2437 1934 2456 1969 ι
2486 1925 2541 1970 et
2580 1914 2814 1983 adjecit:
2858 1932 2878 1964 ι
2922 1913 3172 1984 Nunquid
3214 1914 3394 1986 vigent
3414 1929 3607 1971 sensus

2022 2007 2125 2061 mei
2157 2008 2223 2061 ad
2252 2006 2666 2061 discernendum
2707 2020 2872 2060 suave
2903 2014 2957 2059 et
3005 2007 3285 2060 amarum?
3328 2016 3422 2060 aut
3464 2005 3609 2060 dele-

2021 2108 2169 2154 ctare
2194 2105 2375 2168 potest
2397 2112 2613 2152 servum
2645 2104 2791 2150 tuum
2810 2096 2987 2160 cibus,
3012 2104 3067 2150 et
3087 2097 3278 2166 potus?
3304 2095 3388 2153 vel
3412 2095 3600 2151 audire

2018 2205 2238 2262 possunt
2275 2203 2459 2244 vocem
2484 2198 2765 2243 cantorum
2796 2197 2850 2243 et
2889 2189 3244 2243 cantatricum
3265 2188 3329 2242 ?t
3365 2186 3451 2258 (11
3477 2186 3602 2258 Reg.

2020 2284 2159 2354 xu.)
2202 2282 2484 2337 Veraciter
2532 2282 2677 2337 enim
2727 2282 2911 2336 talium
2966 2281 3242 2338 hominum
3291 2295 3481 2336 sensus
3519 2280 3605 2333 itt-

2022 2376 2293 2429 trinsecus
2316 2372 2493 2428 obtusi
2525 2382 2669 2433 sunt,
2701 2372 2825 2443 quia
2875 2372 3175 2441 spiritualia
3225 2372 3422 2428 mentis
3467 2373 3601 2425 edu-

2021 2466 2113 2533 lia,
2138 2465 2219 2520 vel
2261 2466 2467 2521 intimae
2496 2464 2841 2533 jubilationis
2870 2478 3073 2534 organa
3118 2479 3223 2519 non
3259 2463 3603 2528 discernunt;

2021 2574 2127 2613 non
2155 2557 2300 2611 enim
2328 2557 2408 2611 eis
2431 2555 2573 2625 sapit
2606 2555 2757 2611 cibus
2781 2555 2868 2610 ille
2894 2555 3157 2619 caelestis,
3182 2555 3249 2610 ad
3276 2570 3438 2625 quem
3468 2554 3605 2611 Pro-

2019 2648 2177 2718 pheta
2201 2647 2510 2719 spirituales
2530 2647 2788 2702 convivas
2818 2647 3011 2700 invitat
3042 2666 3054 2702 :
3088 2665 3106 2695 σ
3134 2646 3381 2711 Gnstate,
3406 2647 3603 2717 inquit,

2019 2752 2075 2796 et
2103 2742 2280 2796 videte
2302 2741 2555 2810 quoniam
2582 2740 2764 2794 suavis
2781 2748 2862 2793 est
2879 2740 3139 2794 Dominus
3164 2737 3564 2808 (Psal.xxxnt).
3580 2755 3602 2790 ι

2020 2829 2129 2885 Nec
2158 2830 2248 2884 illa
2296 2828 2479 2885 fauces
2514 2844 2701 2885 eorum
2736 2829 2892 2883 mella
2923 2829 3278 2895 discernunt,
3318 2830 3383 2882 de
3411 2828 3606 2897 quibus

2020 2921 2242 2976 aiebat:
2274 2940 2294 2975 ι
2332 2918 2504 2987 Quam
2553 2920 2729 2975 dulcia
2782 2918 3027 2977 faucibus
3055 2919 3192 2977 meis
3235 2919 3446 2990 eloquia
3488 2928 3605 2984 tua,

2019 3011 2267 3076 Domine,
2295 3026 2458 3082 super
2486 3010 2590 3065 mel
2613 3020 2667 3065 et
2693 3009 2872 3064 favum
2888 3010 2971 3067 ori
2987 3009 3138 3065 meo!
3164 3028 3182 3061 ι
3200 3006 3604 3080 (Psal.cxvtu.)

2019 3100 2258 3157 Necdum
2280 3102 2347 3157 ad
2374 3102 2502 3157 illud
2530 3101 2819 3171 Sapientia:
2842 3101 3165 3156 discubuere
3187 3100 3513 3163 convivium,
3536 3099 3601 3153 de

2018 3209 2127 3264 quo
2158 3193 2373 3248 inlibro
2401 3193 2823 3248 Proverbiorum
2864 3193 3107 3248 dicitur:
3147 3211 3165 3245 ι
3202 3192 3339 3259 Quia
3392 3190 3605 3262 sapien-

402 3297 422 3332 ι
455 3278 715 3336 Bcrzellai
741 3281 1052 3341 Galaadites
1090 3301 1255 3342 senex
1281 3289 1456 3358 valde,
1485 3290 1539 3345 id
1565 3301 1668 3357 est,
1700 3301 1915 3365 octoge-

2022 3260 2413 3339 tiaimmoiavit
2436 3284 2684 3340 victimas
2699 3298 2849 3349 suas,
2881 3283 3100 3339 miscuit
3136 3282 3324 3337 vinum
3368 3290 3427 3337 et
3455 3260 3604 3351 Ἶρι-ο-

325 3373 536 3438 uarius,
560 3383 617 3429 ut
645 3390 799 3429 sacra
830 3385 1061 3433 testatur
1091 3380 1691 3447 historia,descendens
1717 3389 1781 3441 de
1808 3386 1915 3443 flo-

326 3466 508 3536 gelim,
535 3471 841 3522 transduxit
876 3484 1056 3539 regem
1091 3471 1258 3527 David
1301 3472 1625 3539 Jordancnt;
1656 3478 1740 3531 cui
1776 3495 1868 3533 rex
1900 3497 1912 3532 :

324 3555 483 3625 Veni,
524 3556 720 3625 inquit,
764 3567 822 3612 ut
868 3562 1179 3630 requiescas
1214 3578 1424 3618 mecum
1464 3565 1515 3619 in
1556 3566 1912 3624 ilierusalem.

323 3647 417 3701 ille
443 3658 623 3702 autem
652 3664 907 3716 renuens,
943 3653 1351 3707 excusationem
1398 3658 1696 3712 senectutis
1722 3659 1914 3713 obten-

325 3740 425 3802 dit,
459 3749 542 3802 et,
574 3740 764 3795 relicto
795 3758 940 3812 rege,
974 3759 1099 3798 mox
1146 3745 1211 3797 ad
1259 3747 1477 3814 propria
1514 3751 1789 3818 repedavit
1819 3749 1915 3819 (11

327 3828 456 3899 Reg.
495 3833 632 3901 xxx).
673 3851 691 3883 ι
729 3830 868 3886 Sunt
894 3840 1130 3904 namque
1160 3836 1402 3891 nonnulli
1456 3840 1546 3907 qui
1583 3854 1761 3910 regem
1808 3843 1916 3896 Da-

327 3924 441 3991 vid,
474 3924 578 3979 hoc
600 3934 682 3980 est
714 3924 1056 3983 Salvatorcm
1091 3939 1335 3984 nostrum
1380 3942 1688 4002 sequentes,
1720 3932 1914 3990 Jorda-

325 4017 412 4070 uis
442 4015 643 4071 fluctna
674 4023 1079 4086 transmittunt;
1112 4022 1217 4076 hoc
1252 4032 1355 4087 est,
1390 4023 1470 4077 vel
1503 4024 1752 4095 baptismi
1793 4043 1915 4082 sus-

324 4105 531 4175 cipiunt
562 4108 722 4179 198
745 4120 1167 4176 sacramentum,
1200 4112 1303 4173 vel,
1331 4114 1474 4184 quod
1516 4117 1810 4171 secundum
1833 4126 1917 4173 est

322 4196 618 4261 lavacrum,
652 4199 920 4268 arripiunt
948 4201 1228 4271 spirituale
1251 4204 1754 4272 propositum.Nam
1788 4207 1915 4276 quia

328 4290 383 4342 in
415 4287 649 4344 Jordane
689 4300 880 4345 auctor
922 4292 1173 4362 baptismi
1202 4292 1450 4349 Christus
1476 4305 1561 4352 est
1606 4298 1916 4365 baptizatus

327 4379 546 4450 (Matth.
594 4382 703 4452 tu),
731 4391 881 4437 recte
928 4399 1025 4453 per
1075 4400 1197 4439 eum
1240 4386 1557 4458 intelligitur
1594 4388 1913 4461 baptismus.

327 4471 434 4527 Sed
459 4472 516 4527 hi
541 4483 689 4527 veste
723 4475 953 4538 variata,
986 4490 1089 4527 non
1124 4484 1329 4540 mente,
1354 4477 1599 4531 habitmn
1631 4481 1912 4546 mutando,

328 4576 440 4617 non
477 4561 747 4626 animum,
778 4564 844 4617 ad
873 4564 1129 4634 pristinos
1162 4564 1387 4620 redeunt
1411 4581 1590 4623 mores
1611 4576 1666 4623 et
1691 4568 1916 4625 saecula-

327 4668 418 4708 res
451 4663 705 4724 repetunt
734 4656 1007 4722 actiones;
1045 4664 1101 4710 et
1138 4656 1265 4726 quia
1294 4670 1568 4728 nequeunt
1605 4675 1635 4715 a
1667 4661 1912 4731 negotio-

325 4760 447 4799 rum
478 4745 818 4805 saecularium
844 4749 1250 4819 perturbatione
1287 4751 1590 4819 quiescere.
1627 4752 1814 4807 nolunt
1856 4754 1913 4809 in

325 4838 688 4905 Hierusalem,
730 4840 831 4893 hoc
875 4850 959 4893 est
1000 4840 1053 4894 in
1077 4842 1283 4896 visione
1314 4843 1463 4913 pacis
1507 4844 1753 4901 habitare
1787 4862 1910 4901 cum

325 4946 481 4999 rege;
512 4945 674 4986 senes
701 4932 845 4986 enim
875 4942 1022 4997 sunt,
1046 4942 1101 4988 et
1123 4933 1433 5001 inveterati,
1462 4944 1624 5007 atque
1668 4937 1787 4992 ideo
1817 4953 1914 4993 ne—

326 5028 535 5089 queunt
562 5022 613 5075 in
640 5036 834 5076 novatn
892 5022 959 5077 de
1001 5031 1211 5077 vetusta
1251 5026 1658 5080 conversatione
1690 5028 1911 5082 mutari.

324 5111 459 5165 Nam
519 5120 574 5165 et
617 5111 903 5167 .iordancm
959 5123 1240 5167 transeunt
1285 5124 1339 5168 et
1385 5116 1715 5186 octogenarii
1765 5126 1910 5185 sunt,

326 5206 454 5275 quia
486 5214 542 5263 et
580 5206 991 5279 haptizatisuut
1040 5216 1095 5260 et
1146 5209 1601 5267 resurrectionem
1645 5192 1907 5274 futuram.

327 5311 447 5364 qua:
470 5311 565 5367 per
597 5297 934 5353 octonarium
963 5297 1275 5368 designatur
1313 5313 1621 5365 numerum,
1661 5300 1909 5354 credunt.

329 5386 436 5443 Sed
474 5386 526 5440 hi
559 5404 868 5459 quanquam
900 5387 1034 5459 Regi
1080 5388 1354 5443 humiliter
1383 5399 1438 5444 et
1466 5390 1658 5449 blande
1691 5390 1913 5460 loquan-

330 5486 438 5539 tur,
471 5476 668 5547 Regem
700 5487 877 5532 tamen
911 5477 1167 5532 deserunt
1195 5488 1251 5531 et
1299 5478 1363 5532 ad
1412 5478 1583 5534 solita:
1617 5494 1907 5533 conversa-

330 5567 491 5621 tionis
518 5570 956 5623 consuctudiuem
987 5578 1350 5624 revertuntur.
1370 5570 1507 5637 Quid
1535 5580 1615 5623 cst
1637 5571 1777 5623 enim
1810 5570 1911 5622 lie-

328 5659 375 5723 gi
418 5656 605 5711 blanda
632 5660 791 5712 verba
819 5657 1080 5726 proferre,
1114 5661 1213 5713 nisi
1244 5661 1384 5715 sicut
1418 5661 1469 5713 in
1512 5658 1802 5728 Evangelia
1833 5660 1910 5712 di-

329 5750 488 5809 citur,
529 5762 587 5800 se
629 5748 818 5801 callide
851 5751 1025 5816 potius
1078 5766 1238 5817 quant
1286 5752 1564 5805 humiliter
1616 5752 1910 5805 excusare?

335 5855 352 5883 ι
394 5836 567 5904 Rogo,
600 5836 790 5903 inquit,
820 5846 891 5898 te,
924 5838 1063 5891 habe
1088 5853 1174 5893 me
1204 5848 1520 5894 excusatum
1551 5838 1701 5910 (Luc.
1734 5834 1916 5909 xiv).:'

1941 4615 1993 4679 D

2019 3378 2205 3449 posuit
2256 3392 2501 3432 mensam
2548 3392 2725 3432 suam.
2760 3394 2779 3428 ι
2828 3376 2928 3432 Ubi
2975 3383 3031 3430 et
3081 3375 3371 3445 sequitur:
3410 3390 3428 3424 ι
3460 3370 3608 3427 Misit

2018 3471 2241 3526 ancillas
2265 3486 2393 3527 suas
2419 3478 2766 3526 utvocarent
2818 3470 2885 3525 ad
2935 3484 3137 3535 arcem,
3192 3477 3246 3523 et
3287 3468 3353 3520 ad
3402 3464 3604 3521 mmnia

2018 3562 2255 3617 civitatis
2279 3579 2292 3615 :
2315 3560 2527 3626 Venite,
2557 3562 2826 3617 comedite
2873 3576 3066 3631 panem
3120 3575 3324 3625 meum,
3352 3568 3405 3613 et
3433 3558 3602 3613 bibite

2018 3651 2226 3716 vinum,
2269 3653 2416 3721 quod
2460 3650 2650 3707 miscui
2698 3652 2853 3706 vobis
2909 3650 3092 3721 (Prov.
3142 3651 3245 3714 ix).
3279 3668 3298 3702 ι
3334 3649 3400 3704 Hi
3439 3662 3601 3703 voces

2016 3746 2180 3799 etiam
2232 3753 2515 3800 cantorum
2548 3754 2604 3800 et
2649 3745 3011 3800 cantatricum
3054 3758 3158 3798 non
3206 3742 3450 3806 audiunt,
3473 3739 3598 3810 quia

2016 3850 2136 3903 qua:
2162 3846 2473 3889 sanctorum
2502 3845 2824 3904 martyrum,
2851 3848 2970 3902 quae
2998 3840 3304 3888 sanctarum
3331 3829 3600 3900 virginum

2016 3934 2143 3979 ante
2171 3925 2335 3979 Deum
2359 3925 2551 3993 jubilet
2574 3925 2869 3980 modulatio
2900 3924 3210 3978 nullatenus
3244 3921 3602 3990 comprehen—

2017 4019 2169 4071 dunt.
2198 4016 2332 4071 Nam
2377 4018 2501 4087 quia
2547 4017 2839 4072 carnaliter
2879 4024 3262 4070 conversantes
3306 4011 3371 4067 ad
3422 4010 3604 4066 Domi-

2018 4127 2145 4165 num
2176 4100 2644 4180 contemplaiionis
2692 4110 2858 4163 corda
2910 4124 3016 4163 non
3075 4106 3312 4171 elevant,
3364 4102 3604 4160 caelestis

2019 4202 2316 4256 harmonia:
2369 4200 2614 4254 modulos
2648 4208 2701 4254 et
2732 4197 3011 4254 melliiluas
3041 4195 3269 4267 angelici
3306 4201 3605 4249 concentus

2017 4292 2313 4348 suavitates
2343 4291 2612 4362 ignOraut.

2091 4382 2244 4437 Unde
2284 4398 2389 4436 non
2445 4382 2718 4436 immerito
2766 4395 2931 4435 senex
2981 4378 3070 4433 ille
3121 4376 3385 4431 Berzellai
3435 4374 3605 4428 fuisse

2018 4475 2215 4530 dicitur
2242 4476 2309 4530 de
2333 4473 2593 4543 Rogelim,
2624 4474 2767 4544 quod
2819 4471 3163 4540 interpretari
3195 4468 3397 4524 dicitur
3420 4466 3602 4536 pedes.

2017 4563 2307 4620 Pedestres
2337 4564 2483 4618 enim
2518 4563 2653 4619 tales
2687 4563 2986 4625 ambulant,
3029 4569 3083 4614 et
3125 4559 3379 4629 quoniam
3416 4572 3445 4610 a
3487 4564 3603 4610 ter-

2021 4656 2184 4727 199
2209 4671 2352 4711 rente
2375 4655 2806 4711 conversationis
2833 4654 3028 4707 itinere
3059 4668 3116 4706 se
3147 4649 3476 4720 suspendere
3500 4661 3602 4701 ne-
3645 4657 3655 4664 ‘

2015 4749 2213 4811 sciunt,
2252 4748 2318 4802 ad
2344 4745 2846 4816 comprehendenda
2877 4744 3114 4799 cwlestis
3136 4739 3602 4797 melodimcantica

2014 4853 2121 4894 non
2135 4848 2444 4910 assurgunt,
2461 4837 2802 4895 noluntenim
2821 4837 2923 4891 nisi
2935 4836 3141 4905 pedites
3157 4848 3373 4903 semper
3385 4830 3603 4886 incede-

2016 4945 2075 4984 re
2091 4938 2253 4999 atque
2280 4930 2401 4986 ideo
2415 4936 2691 5000 nequeunt
2706 4928 2813 4982 alta
2829 4925 3390 4996 jubilatiouisintimaa
3402 4920 3600 4992 gaudia

2016 5027 2321 5088 penetrare.
2382 5018 2450 5073 Et
2503 5017 2761 5087 quoniam
2822 5016 3024 5071 terreni
3074 5024 3246 5081 actus,
3304 5014 3358 5068 in
3401 5011 3602 5083 quibus

2015 5110 2188 5179 sparsi
2231 5117 2389 5176 sunt,
2422 5110 2589 5165 duros
2626 5123 2721 5166 eos
2755 5117 2919 5178 atque
2960 5107 3304 5163 insensibiles
3331 5105 3601 5171 reddunt,

2015 5201 2316 5269 spiritualis
2364 5201 2563 5256 laatitiae
2619 5200 2977 5271 contemplari
3029 5199 3249 5255 subtilia
3296 5204 3595 5268 nequeunt.

2012 5289 2153 5345 ilinc
2192 5299 2277 5345 est
2311 5291 2476 5345 etiam
2508 5292 2652 5361 quod
2694 5290 2784 5345 ille
2816 5289 3073 5367 Berzejlai
3107 5288 3419 5344 Galaadites
3448 5301 3604 5343 asse-

2017 5381 2178 5447 ritur,
2193 5383 2346 5451 ’quod
2368 5399 2583 5437 acervus
2614 5382 2897 5435 testimonii
2936 5382 3349 5451 interpretatur,
3381 5388 3435 5435 et
3457 5394 3598 5449 quo-

2015 5472 2162 5526 niam
2191 5487 2418 5528 acervus
2444 5473 2535 5528 ille
2571 5474 2900 5540 testimonii,
2939 5473 3031 5541 qui
3060 5472 3265 5527 Galaad
3314 5471 3533 5536 dicitur,
3564 5485 3597 5525 a

2018 5561 2200 5616 Lahan
2226 5573 2282 5617 et
2308 5562 2474 5618 Jacob
2504 5563 2571 5617 de
2596 5563 2860 5633 lapidibus
2900 5564 3075 5617 factus
3106 5565 3415 5633 agnoscitur
3440 5559 3595 5631 (Gen.

2012 5642 2183 5711 κιαι),
2209 5642 2350 5698 bene
2372 5657 2470 5711 per
2499 5642 2643 5697 hunc
2662 5642 2983 5700 Galaaditcn
3015 5646 3138 5700 duri
3167 5662 3229 5702 ac
3255 5648 3450 5717 lapidei
3497 5649 3599 5706 ho-

2010 5737 2186 5791 mines
2208 5737 2587 5807 designantur,
2621 5738 2735 5807 qui,
2764 5741 2885 5792 dum
2917 5739 2982 5794 ad
3013 5755 3256 5796 amorem
3289 5742 3599 5812 spiritualis

2014 5830 2134 5917 vim
2162 5846 2258 5886 cor
2308 5846 2418 5887 non
2447 5831 2757 5897 emolliunt,
2795 5844 3055 5903 tanquam
3118 5836 3324 5905 lapides
3367 5837 3494 5893 facti
3542 5837 3597 5893 in
