4058 6178
401 381 535 441 H09

389 583 468 638 Ad
499 601 659 654 quam
686 582 940 648 duritiam
964 579 1375 650 pcrtinet'quod
1408 580 1547 635 idem
1593 596 1807 650 quoque
1849 580 1979 634 Ber-

393 673 546 728 zelai
589 673 786 742 ferrum
821 688 988 725 meum
1043 670 1388 740 interpretari
1445 671 1662 724 dicitur.
1715 669 1851 735 Quid
1898 678 1980 725 est

394 768 582 821 durius
614 764 793 820 ferro?
827 775 878 820 et
924 765 1051 832 quid
1095 763 1419 818 obstinatius
1469 765 1630 817 Corde
1681 763 1980 832 perverso?

399 877 418 908 ‹
453 859 508 912 ln
538 855 853 910 tnalevolam
887 856 1031 909 enim
1065 855 1301 908 animam
1325 872 1599 925 utinquam
1629 855 1872 908 introibit
1893 870 1978 908 sa-

394 947 597 1018 pientia
634 946 783 1019 (Sap.
815 950 874 1016 ι).
911 967 928 997 ›
975 947 1043 1000 Et
1075 961 1312 1018 congrue
1344 945 1547 1000 ferrum
1588 962 1793 1007 meum,
1825 945 1978 1015 quasi

395 1037 462 1092 de
495 1054 554 1091 se
584 1037 810 1106 quilibet
840 1038 1000 1090 beino
1031 1037 1198 1091 durus
1233 1047 1286 1090 et
1339 1037 1647 1091 obstinatus
1678 1037 1828 1101 dicit,
1854 1035 1978 1104 quia

395 1129 522 1183 dum
554 1131 743 1184 statuit
776 1130 829 1183 in
862 1131 1078 1198 propria
1110 1133 1459 1198 perseverare
1488 1131 1701 1192 duritia,
1753 1131 1804 1183 in
1845 1145 1974 1184 con-

393 1219 516 1275 Silia
543 1236 602 1274 se
625 1237 898 1290 numquam
937 1221 1154 1291 projieit
1195 1221 1393 1284 aliena,
1438 1231 1495 1276 et
1536 1221 1660 1290 quia
1695 1221 1898 1291 rigidus
1925 1229 1982 1275 et

397 1308 702 1364 inﬂexibilis
733 1311 798 1364 τι]
829 1311 1102 1364 caelestem
1129 1310 1462 1365 llierttsaleut
1495 1327 1616 1365 cunt
1660 1311 1827 1364 David
1856 1324 1982 1377 rege

395 1417 500 1456 non
535 1403 798 1469 graditur,
823 1403 995 1456 devia
1024 1418 1186 1472 quam
1231 1413 1468 1473 corperat
1523 1420 1644 1458 cum
1697 1403 1978 1466 Berzcllai.

393 1492 463 1545 ad
496 1501 695 1544 terram
729 1492 962 1558 Madian,
992 1492 1094 1546 hoc
1121 1502 1224 1556 est,
1260 1494 1326 1548 ad
1359 1494 1480 1547 vita:
1518 1494 1714 1549 veteris
1750 1496 1982 1566 primor-

391 1583 483 1641 dia
514 1595 817 1639 revocatur.

987 1675 1216 1732 CAPUT
1257 1674 1394 1730 XIV.

914 1763 982 1819 In
1011 1768 1189 1820 eadem
1221 1767 1461 1837 epistola.

1677 380 1742 434 ιΝ
1785 380 1912 434 LIB.
1957 381 1994 434 il
2038 378 2300 436 REGUM.

388 491 650 563 νει-,ἱειαυὶ
677 489 1014 544 saecularium
1065 488 1402 559 negotiorum
1439 489 1624 560 vigore
1657 487 1972 542 durescunt.
2008 500 2051 556 Α

3528 373 3659 428 itit!

2669 480 2892 536 CAPUT
2931 479 3068 534 XVI.

2599 572 2665 624 lu
2690 571 2871 625 eadem
2905 569 3140 638 epistola.

2160 688 2177 719 ι
2215 665 2461 720 Tettium
2487 679 2700 733 quoque
2731 661 2832 716 fuit
2855 661 3051 720 bellum
3079 661 3131 714 in
3162 662 3279 716 Cob
3310 671 3496 715 contra
3537 660 3665 716 Ριιὶο

2081 755 2305 823 listzeos,
2333 759 2517 826 inquo
2556 754 3160 826 percussitAdeodatus
3198 753 3338 807 tilius
3369 754 3541 808 saltus
3573 769 3668 824 po-

2083 851 2370 906 limitarius
2414 847 2801 902 Bctltlcemites
2856 844 3072 900 Goliatb
3122 845 3389 899 Getheum
3419 843 3500 913 (11
3537 844 3664 915 Reg.

2081 945 2217 1013 χχι).
2256 963 2273 994 ι
2296 943 2447 1009 Quod
2481 940 2734 994 nimirum
2767 938 2924 993 facile
2947 937 3088 992 valet
3108 937 3356 1007 intelligi.
3385 936 3520 989 Nam
3554 936 3672 993 Gob

2081 1037 2474 1106 interpretatur
2523 1032 2693 1086 lacus.
2748 1031 2814 1084 Et
2844 1032 2985 1086 sicut
3014 1029 3353 1100 periclitatur
3384 1028 3476 1098 qui
3515 1031 3568 1082 in
3598 1028 3674 1082 la-

2084 1142 2206 1180 rum
2236 1127 2449 1180 leonum
2488 1124 2753 1190 mitti-tur,
2793 1123 2872 1177 sic
2898 1123 3062 1176 David
3087 1125 3239 1191 quasi
3265 1122 3438 1176 leo-nis
3462 1135 3520 1177 se
3542 1120 3672 1176 den-

2085 1219 2228 1273 tibus
2250 1216 2492 1280 tradidit,
2517 1231 2638 1270 cum
2667 1215 2718 1268 in
2750 1215 2955 1269 rabiem
2999 1213 3214 1268 Goliatb
3243 1229 3301 1268 se
3331 1213 3675 1283 przeliaturus

2082 1312 2372 1368 immersit.
2396 1311 2541 1366 idem
2571 1309 2736 1364 David
2765 1310 3078 1364 Adeodatus
3112 1306 3234 1377 jure
3267 1308 3493 1372 dicitur;
3537 1321 3673 1375 quo-

2081 1403 2234 1457 niam
2265 1417 2295 1454 a
2325 1402 2436 1456 Deo
2461 1410 2544 1455 est
2579 1400 2784 1455 electus
2822 1400 2873 1453 in
2909 1415 3154 1469 regnum.
3185 1398 3287 1465 Qui
3325 1398 3490 1452 etiam
3531 1397 3675 1452 ﬁlius

2081 1496 2258 1551 saltus
2280 1502 2528 1558 vocatur,
2564 1493 2694 1563 quia
2733 1493 2799 1546 de
2835 1491 3053 1562 pascuis
3099 1491 3332 1546 saltuum
3361 1531 3376 1556 ,
3409 1489 3498 1544 ubi
3546 1506 3677 1544 oves

2081 1587 2289 1652 alebat,
2327 1585 2557 1642 eductus
2615 1585 2946 1654 agnoscitur.
2996 1581 3110 1638 Nec
3157 1583 3273 1638 sine
3320 1597 3488 1637 causa
3532 1581 3674 1637 ident

2077 1682 2258 1739 David
2293 1680 2663 1752 poiimitarios
2693 1679 2926 1744 dicitur;
2959 1678 3083 1747 quia
3127 1686 3304 1731 mater
3322 1676 3440 1746 ejus
3477 1674 3544 1731 de
3583 1691 3676 1745 ge-

2081 1789 2218 1830 nere
2245 1773 2524 1828 Beselehel
2559 1771 2792 1833 exstitit,
2817 1770 2907 1839 qui
2935 1768 3344 1824 tabernaculum
3376 1765 3598 1820 fwderis
3623 1765 3675 1818 in

471 1875 490 1908 ‹
523 1857 767 1926 Cumque
797 1856 1033 1911 venisset
1053 1871 1148 1911 rex
1179 1856 1348 1913 David
1377 1857 1429 1912 in
1465 1857 1828 1920 Hierusalem,
1864 1856 1986 1910 tulit
2017 1853 2059 1916 Β
2089 1867 2307 1921 deserto
2332 1863 2664 1926 construxit,
2697 1863 2750 1917 in
2780 1878 2888 1932 quo
2920 1862 3084 1916 etiam
3107 1859 3384 1936 nonnulta'
3406 1858 3677 1928 polimita-

394 1951 583 2006 decem
624 1949 956 2004 concubinas
981 1964 1130 2014 suas,
1155 1965 1296 2019 quas
1339 1951 1636 2020 reliquerat
1683 1951 1750 2006 ad
1800 1958 1984 2006 custos

392 2043 653 2099 diendam
679 2042 896 2096 domum
920 2049 976 2096 et
1013 2041 1232 2096 tradidit
1263 2057 1360 2097 eas
1413 2043 1465 2096 in
1516 2044 1850 2109 custodiam;
1885 2057 1984 2097 nec

392 2145 478 2191 est
527 2137 804 2205 ingressus
850 2134 916 2186 ad
966 2149 1082 2196 eas.
1147 2135 1239 2188 sed
1271 2143 1430 2189 erant
1476 2133 1674 2188 clausae
1703 2147 1874 2202 usque
1917 2133 1984 2188 ad

393 2229 538 2283 diem
565 2228 757 2282 mortis
784 2243 896 2281 sua:
922 2228 973 2280 in
996 2227 1256 2282 viduitate
1279 2228 1521 2283 viventes
1549 2226 1600 2296 (1
1611 2226 1630 2278 l
1667 2225 1792 2295 Reg.
1831 2225 1980 2294 xx)»

393 2318 722 2375 Concubinte
751 2331 872 2387 quae
913 2333 1018 2372 non
1057 2325 1346 2387 sequentes
1396 2317 1566 2371 David
1604 2317 1826 2372 domum
1862 2331 1985 2372 ser-

397 2417 551 2476 vant,
583 2410 638 2465 bi
668 2418 797 2464 sunt
824 2409 915 2480 qui
948 2409 1000 2464 in
1026 2410 1224 2472 veteris
1264 2407 1424 2479 Legis
1459 2408 1702 2464 custodia
1739 2420 1984 2477 perseve-

397 2512 542 2558 rant.
571 2502 646 2557 De
677 2501 873 2571 quibus
901 2500 1146 2571 profecto
1188 2499 1510 2556 concubinis
1531 2499 1766 2555 dicitur:
1797 2517 1817 2551 ‹
1849 2497 1987 2565 Quia

395 2593 467 2650 de
495 2602 698 2649 caetero
721 2605 930 2648 nonest
955 2593 1122 2648 David
1145 2593 1424 2664 ingressus
1446 2593 1513 2648 ad
1537 2607 1631 2648 eas
1661 2611 1673 2647 :
1708 2591 1805 2648 sed
1833 2599 1990 2647 erant

395 2686 598 2743 clausae
629 2699 800 2755 usque
831 2685 886 2740 in
925 2685 1066 2740 diem
1089 2685 1280 2739 mortis
1308 2699 1419 2740 suae
1445 2684 1497 2738 in
1520 2683 1783 2740 viduitate
1806 2681 1990 2738 viven-

400 2789 503 2833 tes.
533 2797 552 2828 ι
585 2775 754 2833 Judaei
783 2777 939 2846 plane
973 2790 1118 2830 nunc
1141 2775 1311 2830 clausi
1350 2784 1481 2831 sunt
1519 2783 1576 2837 et
1617 2774 1673 2830 in
1723 2773 1990 2830 viduitate

398 2868 588 2922 vivunt
611 2866 868 2936 quoniam
884 2866 952 2920 ad
981 2866 1155 2920 virum
1187 2877 1388 2921 sancta:
1416 2866 1668 2922 Ecclesia:
1689 2883 1799 2921 non
1832 2879 1988 2922 acce-

402 2958 560 3023 dunt,
591 2972 694 3013 nec
728 2959 794 3011 ad
823 2970 916 3014 eos
944 2957 1182 3013 caelestis
1235 2957 1324 3012 ille
1371 2956 1615 3027 Sponsus
1664 2957 1986 3028 ingreditur,

401 3052 526 3122 quia
558 3061 816 3120 tauquam
849 3050 1182 3107 mulierculis
1212 3066 1240 3104 a
1271 3050 1482 3106 diabolo
1505 3050 1810 3120 prostitutis
1830 3065 1987 3104 suum

399 3143 642 3210 praebete
669 3141 1082 3198 tentubernium
1119 3142 1439 3213 dedignatur
1464 3141 1673 3211 eisque,
1705 3141 1828 3211 quia
1874 3140 1990 3210 pol-

403 3208 500 3284 inti
532 3241 660 3287 sunt
689 3247 784 3301 per
818 3231 1162 3293 adulterium,
1217 3208 1425 3301 repudii
1471 3208 1580 3286 dat-
1615 3208 1887 3285 libeiium.
1923 3229 1990 3283 Et
2016 3208 2061 3269 (ἶ

404 3325 486 3378 ba:
533 3339 654 3393 qua:
691 3340 798 3378 non
847 3334 1149 3393 sequuntur
1184 3323 1360 3377 virum
1401 3323 1593 3377 merito
1638 3321 1986 3384 concubinae,

402 3427 505 3469 nee
532 3421 799 3469 vocantur
836 3429 1054 3476 uxores,
1080 3413 1228 3483 quia,
1252 3412 1416 3467 dotali
1449 3411 1652 3467 ﬁndere
1677 3427 1741 3466 ac
1763 3411 1989 3480 nuptiali

405 3504 599 3572 copula
632 3519 855 3573 prorsus
886 3504 1138 3572 indigum,
1181 3519 1286 3558 non
1323 3503 1465 3556 illam
1504 3503 1719 3572 pariunt
1747 3502 1986 3557 sobolem

402 3613 522 3664 qua:
555 3605 795 3665 paterna:
843 3595 1240 3651 benedictionis
1282 3595 1552 3664 possideat
1597 3594 1988 3648 luereditatem.

405 3685 570 3740 Nobis
593 3698 771 3740 autem
832 3686 1138 3740 eeontrario
1193 3685 1487 3740 dicituru
1534 3685 1588 3737 ln
1647 3684 1750 3739 hoc
1813 3683 1989 3738 vocati

401 3780 557 3845 estis,
606 3788 663 3833 ut
709 3779 1142 3833 benedictionem
1196 3777 1508 3832 iuereditate
1561 3777 1884 3847 possideatis
1937 3775 1988 3846 (1

407 3869 552 3927 Patr.
593 3872 698 3942 tu).
729 3891 747 3922 ι
783 3871 917 3925 Nam
967 3882 1024 3926 et
1056 3871 1196 3925 idem
1235 3869 1366 3925 dicit
1413 3869 1703 3939 Apostolus
1732 3885 1746 3922 :
1779 3887 1794 3919 ι
1825 3867 1994 3938 Igitur

403 3963 494 4030 qui
521 3979 589 4016 ex
619 3964 720 4018 tidc
748 3974 895 4028 sunt,
927 3963 1312 4018 benedicentur
1341 3976 1464 4016 cum
1511 3962 1653 4015 lidcli
1692 3961 1988 4014 Abraham.

405 4052 723 4121 Quicunque
751 4062 930 4108 autem
959 4069 1022 4108 ex
1050 4053 1308 4122 operibus
1335 4052 1471 4122 legis
1509 4061 1656 4118 sunt,
1695 4052 1794 4106 sub
1826 4051 1992 4106 male-

405 4144 548 4199 dicto
574 4153 700 4199 sunt
725 4143 866 4218 (Cal.
904 4147 1008 4215 ιιι).
1052 4164 1071 4197 ι

900 4259 1063 4329 290
1095 4259 1325 4315 (πληθυῖ
1366 4259 1484 4315 xv.

475 4354 544 4410 1η
577 4354 795 4425 epistola
818 4357 885 4408 ml
912 4355 1231 4427 Alben’cmn,
1266 4357 1319 4408 in
1351 4373 1452 4427 qua
1482 4356 1528 4408 ei
1563 4370 1719 4424 super
1747 4354 1922 4407 dcqcm

848 4426 1222 4495 qua’slt’onibus
1252 4426 1542 4496 respondet.

477 4533 502 4568 ι
527 4514 696 4571 David
721 4518 1060 4586 postmodum
1093 4533 1199 4573 non
1229 4527 1314 4572 est
1349 4517 1626 4589 ingressus
1652 4517 1719 4572 ad
1755 4532 1872 4580 eas,
1896 4515 1990 4571 sed

2089 1958 2168 2013 ria
2195 1955 2512 2025 operatione
2549 1955 2846 2010 contexuit.
2888 1949 3274 2009 Betbiecmites
3307 1963 3526 2022 quoque
3567 1965 3674 2004 neu

2089 2048 2386 2116 incongrue
2421 2047 2642 2110 dicitur,
2671 2046 2796 2115 quia
2823 2060 2852 2098 a
2887 2043 3078 2100 Noemi
3109 2043 3262 2098 duxit
3304 2043 3595 2113 originem,
3621 2051 3679 2096 et

2087 2141 2157 2197 de
2179 2139 2457 2195 Bethleem
2489 2138 2706 2191 fuerant
2733 2147 2982 2207 tempore
3030 2134 3193 2191 famis
3239 2149 3472 2206 egressae
3515 2141 3680 2202 atque

2091 2231 2158 2286 ad
2198 2230 2447 2286 eamdem
2490 2227 2770 2282 Bethleem
2815 2237 2964 2293 sunt,
2994 2226 3381 2282 reﬂorescente
3428 2234 3677 2296 postmo-

2090 2323 2218 2378 dum
2251 2323 2520 2385 ubertate,
2549 2320 2805 2374 reductze.
2837 2318 2990 2384 Quod
3015 2327 3199 2373 autem
3219 2317 3529 2373 Adeodatus
3557 2333 3679 2371 etnn

2091 2411 2343 2466 omnibus
2369 2409 2481 2466 suis
2504 2409 2589 2463 bis
2610 2408 2912 2476 adjectivis,
2941 2409 3056 2478 ipse
3078 2408 3454 2478 proculdubio
3478 2407 3549 2464 sit
3574 2408 3680 2460 Da-

2093 2502 2203 2566 vid,
2233 2501 2512 2570 sequentia
2559 2499 2855 2561 declarant,
2899 2499 2993 2554 ubi
3043 2498 3247 2553 dicitur
3277 2515 3290 2550 :
3329 2516 3346 2549 ι
3379 2498 3416 2551 Ii
3446 2505 3678 2567 quatuor

2093 2592 2204 2648 nati
2230 2601 2358 2646 sunt
2383 2592 2450 2645 de
2474 2591 2692 2660 Arapba
2723 2590 2776 2644 in
2817 2589 2982 2654 Geth,
3027 2598 3083 2644 et
3129 2589 3446 2644 ceciderunt
3481 2589 3534 2643 in
3569 2604 3686 2642 ma-

2092 2697 2223 2742 num
2263 2683 2435 2739 David
2489 2693 2546 2738 et
2591 2698 2872 2739 servorum
2917 2681 3035 2752 ejus
3083 2681 3295 2752 (lbid.).
3331 2701 3350 2734 ι
3380 2679 3526 2737 Sane
3549 2680 3682 2750 quid

2089 2774 2257 2831 etiam
2282 2789 2382 2846 per
2411 2773 2526 2829 haec
2559 2773 2791 2845 mystice
2819 2772 3156 2843 signiﬁcetur
3189 2785 3544 2842 exponerem,
3573 2769 3680 2824 nisi

2089 2867 2237 2935 quod
2268 2868 2616 2936 perspicuum
2643 2873 2730 2920 est
2758 2863 3071 2934 epistolaris
3116 2863 3248 2918 mihi
3289 2862 3530 2918 brevitas
3555 2875 3686 2933 pro—

2091 2957 2324 3014 biberet.
2363 2955 2524 3012 Juxta
2556 2955 2843 3027 mysticum
2895 2955 3107 3010 scilicet
3155 2953 3523 3016 intellectum,
3570 2953 3686 3007 luce

2091 3051 2270 3104 omnia
2295 3049 2609 3104 releruntnr
2632 3047 2699 3101 ad
2730 3046 3030 3102 Christum.
3085 3046 3202 3115 Ipse
3239 3045 3384 3101 enim
3409 3042 3684 3099 .Adeoda-

2093 3148 2179 3195 tus
2207 3149 2312 3203 est,
2345 3139 2413 3194 de
2450 3154 2560 3208 quo
2605 3153 2700 3207 per
2741 3137 2938 3192 Isaiam
2988 3136 3187 3191 dicitur
3216 3150 3231 3190 :
3265 3151 3284 3188 ι
3330 3134 3475 3208 Puer
3525 3143 3686 3188 natus

2092 3241 2176 3287 est
2203 3232 2380 3296 nobis,
2412 3241 2469 3286 et
2511 3230 2652 3286 ﬁlius
2701 3231 2860 3286 datus
2895 3240 2979 3286 est
3020 3230 3178 3285 nobis
3221 3229 3358 3300 (lea.
3390 3228 3492 3298 ts).
3527 3246 3545 3278 ι
3581 3225 3686 3292 Qui

2092 3325 2236 3380 ﬁlius
2263 3324 2435 3380 saltus
2463 3339 2571 3378 non
2603 3324 2902 3392 incongrue
2939 3323 3163 3384 dicitur,
3194 3322 3451 3391 quoniam
3489 3335 3556 3374 ex
3593 3318 3687 3374 Ju-

2091 3417 2224 3472 da'is
2247 3415 2544 3471 secundum
2584 3429 2806 3470 carnem
2831 3414 2978 3470 nasci
3003 3413 3260 3484 dignatus
3287 3420 3396 3476 est,
3426 3410 3522 3481 qui
3551 3410 3683 3466 dum

2093 3506 2298 3561 nullum
2331 3505 2568 3560 fructum
2597 3503 2896 3574 spiritualis
2930 3502 3193 3574 germinis
3219 3501 3546 3566 attulerunt,
3569 3499 3686 3554 vel-

2094 3605 2152 3650 ut
2194 3607 2439 3666 agrestes
2480 3596 2705 3650 arbores
2744 3611 2849 3649 non
2887 3594 2939 3648 in
2972 3594 3129 3648 horto
3156 3592 3432 3663 plantataa,
3483 3592 3581 3649 sed
3632 3592 3688 3646 in

2093 3690 2232 3744 saltu
2259 3699 2400 3743 nata:
2435 3688 2652 3744 steriles
2675 3689 3022 3744 exstiterunt.
3058 3687 3210 3743 Unde
3240 3686 3438 3757 legitur
3464 3702 3480 3741 :
3509 3702 3530 3737 ς
3566 3685 3682 3740 Vox

2093 3783 2379 3837 clamantis
2429 3784 2482 3836 in
2517 3782 2739 3836 deserto
2793 3781 2927 3851 (Iw.
2976 3782 3088 3852 se);
3151 3801 3168 3832 ι
3207 3781 3308 3835 hoc
3351 3787 3470 3845 est,
3517 3778 3690 3833 inl'ru-

2094 3884 2286 3929 ctuoso
2312 3873 2618 3930 Iudaeorum
2649 3874 2864 3942 populo.
2902 3872 3268 3928 l‘olimitarius
3314 3886 3532 3941 quoque
3587 3869 3686 3923 lie.

2095 3967 2346 4034 demptor
2401 3973 2586 4020 noster
2617 3966 2811 4020 merito
2860 3964 3246 4035 dieitur,quia
3298 3963 3446 4018 velut
3490 3962 3687 4017 textri-

2097 4058 2150 4111 ni
2183 4057 2363 4124 operis
2394 4055 2575 4110 studio
2601 4065 2759 4110 vacat
2786 4096 2800 4120 ,
2829 4057 2955 4110 dum
2986 4066 3034 4109 et
3068 4070 3126 4110 se
3153 4057 3271 4111 suis
3313 4055 3562 4109 ﬁdelibus
3601 4054 3684 4106 in-

2096 4147 2212 4202 duit
2247 4153 2302 4202 et
2335 4160 2398 4200 ex
2425 4145 2530 4198 illis
2549 4145 2774 4215 justitia:
2810 4147 3129 4201 vestimenta
3166 4145 3430 4200 contexit.
3464 4144 3540 4199 De
3569 4145 3686 4199 suis

2097 4240 2255 4310 201
2285 4238 2484 4309 quippe
2523 4237 2762 4293 vestibus
2801 4253 2896 4307 per
2935 4236 3248 4306 Apostoium
3275 4236 3508 4291 dicitur:
3558 4253 3578 4287 ι
3617 4235 3687 4290 Ut

2096 4331 2380 4386 exhiberet
2430 4331 2532 4385 sibi
2571 4330 2860 4401 gloriosam
2896 4328 3216 4392 Ecclesium,
3248 4344 3354 4380 non
3393 4327 3689 4381 habentem

2097 4422 2368 4480 maeulam
2413 4437 2588 4493 neque
2623 4438 2811 4493 rugam
2843 4422 3057 4491 (Ephcs.
3085 4421 3160 4491 ν).
3183 4440 3202 4474 ι
3233 4421 3298 4475 Ει
3323 4435 3420 4490 per
3449 4421 3686 4490 prophe-

2099 4527 2208 4572 tam
2252 4535 2264 4570 :
2310 4536 2328 4568 ε
2369 4514 2632 4572 Omnibus
2702 4515 2785 4570 his
2842 4516 2988 4568 velut
3037 4522 3361 4568 ornamento
3436 4511 3684 4567 vestieris

404 4611 556 4657 eum!
591 4601 784 4656 clausae
811 4604 1053 4670 usquein
1085 4604 1228 4657 diem
1263 4588 1453 4657 mortis
1493 4617 1604 4657 sum
1646 4603 1700 4656 in
1729 4602 1991 4656 viduitate
2017 4588 2068 4646 Ῑ)
2094 4607 2242 4676 (Iaa.
2287 4609 2456 4678 sua).
2482 4626 2500 4658 ι
2535 4607 2609 4661 De
2655 4605 2859 4660 Christi
2911 4621 3042 4660 vero
3091 4605 3340 4660 ﬁdelibus
3389 4603 3678 4658 Psalmista

404 4693 650 4746 viventes
677 4691 760 4761 (II
797 4691 926 4761 Reg.
977 4694 1088 4762 xx).
1128 4710 1145 4742 δ
1188 4692 1549 4746 Perdiderunt
1602 4693 1750 4744 enim
1783 4693 1990 4753 virum,

403 4790 470 4837 de
493 4799 601 4852 quo
657 4797 753 4850 per
807 4781 1000 4835 Isaiam
1060 4782 1311 4836 dicitur:
1368 4801 1386 4832 ι
1438 4781 1708 4848 Quoniam
1765 4795 1993 4850 accepe-

405 4885 534 4928 runt
578 4881 782 4944 septem
828 4873 1081 4928 mulieres
1121 4873 1296 4927 virum
1343 4889 1508 4927 unum
1549 4873 1685 4940 (Ira.
1735 4871 1831 4943 tv).
1867 4891 1884 4923 ι
1919 4871 1995 4924 De

377 4968 602 5035 ‘euibus
631 4976 686 5020 et
714 4982 811 5036 per
863 4965 1206 5022 Salomouem
1248 4965 1449 5020 dicitur
1487 4983 1499 5018 :
1541 4983 1560 5016 ι
1595 4964 1730 5031 Quia
1790 4962 1996 5032 septin-

406 5065 581 5129 genta:
621 5067 748 5113 sunt
781 5046 979 5126 reginae
1013 5056 1130 5127 (ΙΙΙ
1162 5056 1287 5127 Reg.
1321 5055 1417 5128 χι).
1461 5076 1481 5108 ι
1521 5057 1862 5126 Acceperunt
1887 5055 1990 5108 ita-

403 5164 510 5219 que
533 5157 757 5218 septem,
791 5164 912 5217 qua:
938 5149 1241 5203 amiserunt
1269 5149 1476 5203 decem.
1511 5148 1798 5203 leestem
1831 5148 1991 5218 quip-

407 5256 472 5310 pe
497 5241 768 5310 Sponsum
792 5253 981 5296 sancta
1007 5241 1108 5297 sibi
1137 5239 1527 5297 coufmderavit
1547 5241 1786 5297 Ecclesia
1817 5241 1988 5311 septi-

403 5331 564 5389 formi
597 5335 728 5390 scitis.
749 5346 802 5389 et
836 5336 1070 5403 Sp'rEtus
1097 5334 1237 5389 dono
1268 5335 1489 5405 repleta.
1515 5336 1686 5401 Quem
1717 5334 1987 5403 Sponsum

406 5421 711 5494 Synagoga,
741 5441 860 5494 qua:
885 5425 1130 5494 Decalogi
1160 5428 1410 5479 mandata
1441 5435 1781 5494 perceperat,
1814 5426 1990 5496 perdi-

409 5515 487 5570 dit
507 5516 775 5584 viduaque
803 5519 1122 5584 permansit,
1164 5518 1289 5587 quia
1323 5518 1446 5570 dntu
1479 5517 1532 5570 in
1561 5517 1720 5570 domo
1746 5517 1990 5571 consueti

414 5603 550 5660 ritus
578 5613 632 5659 et
662 5605 910 5676 legaliqu
946 5611 1390 5665 cmremoniarum
1418 5610 1770 5664 immobiliter
1799 5610 1992 5678 persti-

415 5694 496 5761 tit,
530 5712 649 5749 (:ttnt
679 5713 804 5768 rege
838 5698 1000 5755 Dat-id
1038 5701 1090 5755 in
1122 5702 1336 5759 deserta
1370 5701 1651 5773 gentilium
1689 5701 1842 5757 exire
1869 5718 1995 5758 con-

412 5787 648 5855 tctnpsit.

2095 4699 2247 4753 canit
2272 4716 2289 4751 ε
2338 4716 2356 4748 ι
2393 4698 2712 4750 Sacerdotes
2753 4695 2829 4748 tui
2884 4697 3177 4748 induantur
3207 4694 3475 4761 justitiam
3505 4693 3680 4764 (Paul.

2097 4787 2306 4857 cxxxt).
2338 4805 2358 4838 ι
2403 4787 2470 4839 Et
2509 4801 2607 4855 per
2650 4784 2991 4838 Ezechielem
3043 4782 3303 4838 Dominus
3353 4783 3690 4852 improperat

2096 4878 2310 4941 animae,
2343 4891 2508 4946 quam
2542 4874 2916 4945 spiritualibus
2960 4874 3291 4929 indumentis
3315 4875 3569 4929 decenter
3595 4888 3685 4926 ομ

2098 4967 2271 5032 navit,
2301 4968 2395 5022 sed
2419 4981 2544 5021 eum
2586 4967 2702 5037 ipsa
2738 4965 2985 5022 ιιιωριιὶω
3021 4966 3274 5022 sordibus
3295 4965 3494 5036 polluta
3525 4965 3682 5020 desc-

2099 5059 2235 5114 ruit:
2275 5077 2292 5110 ι
2326 5057 2531 5113 Vestivi
2559 5068 2630 5121 te,
2661 5057 2862 5128 inquit,
2898 5057 3256 5114 discoloribus
3285 5066 3342 5111 et
3369 5056 3604 5110 calceavi
3634 5066 3686 5111 te

2095 5152 2403 5224 hyacintho,
2433 5161 2490 5207 et
2511 5151 2655 5206 cinxi
2691 5161 2741 5206 te
2769 5152 2952 5222 bysso,
2980 5160 3035 5204 et
3057 5149 3203 5204 indui
3232 5159 3285 5202 te
3310 5148 3602 5204 subtilibus
3627 5158 3684 5202 et

2091 5243 2280 5298 ornavi
2314 5250 2365 5298 te
2408 5254 2792 5298 ornamento.»
2828 5242 2896 5296 Et
2930 5241 3091 5312 paulo
3141 5249 3289 5310 post:
3332 5259 3350 5292 ι
3386 5240 3450 5293 Et
3481 5240 3678 5294 vestita

2091 5351 2150 5390 es
2180 5335 2362 5410 bysso,
2413 5343 2470 5390 et
2514 5335 2760 5406 poiimito
2799 5342 2854 5388 et
2907 5333 3092 5388 multis
3129 5333 3404 5388 coloribus
3449 5332 3678 5404 (Eaech.

2097 5430 2235 5499 am).
2273 5449 2290 5481 ι
2322 5429 2461 5497 Quid
2492 5445 2622 5501 ergo
2652 5430 2870 5496 mirum,
2903 5431 2948 5484 si
2979 5428 3311 5497 Redemptor
3343 5437 3527 5484 uoster
3551 5427 3684 5498 poli-

2097 5523 2346 5579 ntitarius
2374 5523 2592 5586 dicitur,
2625 5523 2715 5592 qui
2749 5523 2968 5577 virtutis
3004 5521 3201 5577 decore
3227 5521 3473 5590 polimito
3507 5522 3684 5576 induit

2096 5614 2328 5668 animam
2361 5629 2522 5683 quant
2564 5613 2799 5691 spon‘sali
2822 5613 2944 5684 jure
2971 5614 3237 5669 sortitur?
3261 5613 3380 5683 Ipse
3405 5617 3490 5669 est
3534 5613 3683 5669 enim

2100 5704 2192 5758 Dei
2246 5703 2546 5774 sapientia,
2603 5705 2669 5759 de
2725 5718 2832 5774 qua
2887 5718 2984 5774 per
3043 5703 3387 5761 Salomonem
3446 5706 3678 5761 dicitur:

2107 5811 2124 5845 ς
2159 5793 2293 5860 Quia
2339 5794 2588 5863 quaesivit
2649 5793 2824 5848 lanam
2873 5804 2928 5851 et
2971 5795 3161 5863 linunt,
3206 5807 3262 5852 et
3317 5805 3542 5868 operata
3597 5803 3681 5850 est
