4058 6178
476 398 603 453 IIII

1371 390 1861 452 COLLECTANEA
1905 392 1968 446 IN
2010 390 2238 449 VETUS
2275 387 2807 448 TESTAMESTUM.

3584 390 3756 448 ΗΒ

474 510 701 569 consilio
752 523 1007 563 manuum
1062 522 1280 562 suarum
1336 508 1528 577 (Prov.
1584 507 1767 577 χχχι).
1803 525 1820 558 ι
1883 504 2047 573 Cujus

2162 526 2292 579 sime
2377 526 2689 581 convenire.
2740 524 2938 579 Beatus
2976 524 3121 578 enim
3178 539 3241 579 ac
3300 524 3587 596 singularis
3646 527 3756 584 Ille

477 601 630 673 digiti
658 600 1127 673 apprehenderunt
1154 599 1352 667 fusum,
1377 601 1530 671 cujus
1551 615 1739 655 omnes
1768 600 2047 655 domestici

476 693 653 747 vestiti
677 701 800 745 sunt
820 690 1142 759 duplicibus,
1172 690 1323 759 cujus
1345 691 1504 746 etiam
1529 707 1654 746 caro
1694 690 1929 761 stragula
1960 706 2053 745 ve-

481 783 583 837 stis
628 782 767 834 facta
824 790 905 835 est
966 781 1016 834 in
1047 782 1313 850 passione.
1377 781 1482 835 Sed
1525 781 1710 835 eadem
1762 780 1953 851 hyssus
1995 790 2050 833 et

478 872 671 941 regalis
717 887 956 941 purpura
1018 872 1387 926 imlumeutum
1434 872 1573 925 illius
1604 870 1764 925 estin
1808 886 2050 925 resurre-

474 959 680 1023 ctione;
715 960 806 1028 qui
847 960 1009 1013 etiam
1054 959 1433 1014 Bethleemites
1458 960 1579 1029 jure
1629 970 1857 1015 vocatur
1880 1001 1893 1025 ,
1925 959 2049 1029 quia

475 1050 529 1103 in
586 1048 859 1104 Bethleem
916 1050 983 1104 de
1038 1048 1252 1119 Virgine
1299 1061 1460 1105 natus
1508 1053 1840 1120 agnoscitur.
1896 1052 2050 1118 Quod

475 1149 654 1197 autem
680 1142 877 1196 dicitur
904 1160 916 1195 :
958 1160 976 1194 σ
1009 1141 1142 1208 Quia
1176 1143 1394 1197 tertium
1419 1144 1615 1198 bellum
1658 1144 1756 1198 fuit
1786 1145 1837 1199 in
1865 1144 2002 1208 Gob,
2026 1164 2046 1197 ›

478 1234 579 1287 hoc
618 1234 940 1304 intelligitur
974 1235 1097 1302 quia
1135 1250 1296 1288 verus
1348 1234 1516 1289 David
1568 1235 1817 1291 Salvator
1859 1237 2050 1303 Israel,

474 1336 599 1378 ante
628 1324 799 1395 legem
828 1335 882 1379 et
912 1326 1013 1379 sub
1041 1325 1176 1395 lege,
1200 1341 1264 1381 ac
1289 1326 1632 1394 postmodum
1654 1327 1707 1380 in
1738 1328 2050 1397 evangelica

475 1417 646 1485 gratia
694 1416 877 1470 fideles
921 1430 1135 1486 semper
1185 1415 1473 1472 bellatores
1526 1417 1737 1482 habuit,
1780 1434 1875 1488 per
1918 1434 2054 1488 quos

476 1518 662 1561 contra
695 1507 1017 1571 Philistzeos,
1042 1510 1093 1564 id
1126 1518 1228 1575 est,
1257 1511 1515 1565 adversus
1546 1512 1810 1582 malignos
1832 1512 2055 1582 spiritus

478 1600 774 1655 dimicavit.
806 1600 887 1655 Ad
913 1601 1015 1655 hoc
1045 1602 1228 1671 itaque
1247 1604 1465 1657 tertium
1491 1604 1688 1659 bellum
1718 1604 1884 1659 David
1907 1607 2054 1660 venit

478 1691 531 1743 in
583 1690 724 1757 Goh,
774 1691 865 1760 qui
908 1692 1300 1761 interpretatur
1349 1692 1516 1759 lacus,
1564 1695 1690 1765 quia
1728 1695 2056 1765 Redemptor

479 1792 667 1836 noster
722 1783 848 1837 dum
889 1783 1035 1838 velut
1095 1783 1219 1838 forti
1249 1794 1457 1839 armato
1502 1785 1695 1843 fortior
1746 1789 2055 1859 supervenit

479 1873 628 1944 (Luc.
665 1874 763 1942 ιι),
789 1875 905 1943 ipse
925 1889 1023 1943 per
1044 1890 1102 1929 se
1124 1875 1284 1930 etiam
1301 1891 1471 1945 usque
1500 1878 1565 1931 ad
1596 1877 1801 1932 inferna
1833 1880 2055 1934 descen-

480 1962 575 2016 dit.
603 1960 757 2018 Unde
802 1978 900 2032 per
924 1962 1266 2018 Psalmistam
1298 1965 1464 2019 dicit:
1513 1984 1531 2017 ‹
1559 1965 1865 2022 Posuerunt
1894 1981 1980 2021 me
2005 1970 2056 2023 in

482 2054 598 2109 lacu
641 2052 907 2120 inferiori,
941 2054 994 2108 in
1042 2055 1281 2109 tenebris
1324 2063 1381 2110 et
1428 2061 1619 2112 umhra
1658 2057 2055 2128 mortis(Paal.

482 2145 790 2214 Luxvu).'t
847 2144 959 2199 Illic
994 2145 1263 2213 percussit
1308 2145 1525 2202 Goliath
1585 2148 1885 2213 Getheum,
1933 2150 2058 2218 quia

482 2237 607 2291 dum
630 2239 926 2294 electorum
953 2240 1165 2295 animas
1192 2240 1259 2295 de
1288 2241 1549 2310 gehenua:
1575 2240 2058 2311 claustriseripnit,

484 2330 763 2398 antiquunm
787 2330 1019 2394 hostem,
1050 2332 1138 2399 qui
1173 2345 1336 2400 super
1366 2346 1460 2385 eos
1483 2331 1821 2402 tyrannidem
1847 2347 2061 2388 exerce-

483 2417 594 2482 bat,
618 2418 801 2473 Icthali
833 2419 1053 2476 vulnere
1075 2420 1358 2476 sauciavit.

1051 2508 1280 2565 CAPUT
1320 2509 1479 2565 XVII.

863 2595 931 2649 In
984 2614 1219 2653 sermone
1258 2600 1322 2653 de
1369 2601 1674 2670 virginibus.

561 2700 580 2735 ε
615 2684 781 2741 David
814 2688 1009 2744 sedens
1054 2690 1106 2743 in
1142 2692 1420 2757 cathedra,
1454 2693 1882 2763 sapientissimus
1914 2696 2065 2766 prin-

484 2790 612 2845 reps
635 2776 776 2832 inter
807 2790 934 2834 tres.
966 2780 1083 2849 Ipse
1116 2783 1267 2851 quasi
1300 2786 1619 2839 tenerrimus
1644 2785 1772 2854 ligni
1800 2789 2060 2842 vermicu-

487 2868 590 2932 Ius,
620 2872 710 2938 qni
739 2872 1082 2941 octingentos
1111 2874 1386 2929 interfecit
1428 2876 1626 2945 impetu
1657 2893 1764 2932 uno
1806 2878 1900 2949 (ΙΙ
1930 2879 2059 2950 Reg.

487 2961 707 3030 mu)»
740 2962 971 3027 Quidest
991 2964 1131 3031 quod
1153 2963 1318 3017 David
1348 2973 1456 3018 tam
1488 2981 1656 3030 novae,
1676 2976 1779 3021 tam
1812 2969 2062 3024 inaudita:

492 3052 761 3117 praeconio
783 3053 956 3107 laudis
979 3054 1278 3109 attollitur?
1302 3056 1433 3123 Quis
1470 3066 1552 3111 est
1584 3058 1683 3112 iste
1708 3068 1816 3112 tam
1844 3060 2062 3117 humilis

2152 613 2333 679 homo,
2391 614 2481 683 qui
2538 615 2761 685 mystice
2809 615 2985 668 dictus
3028 622 3111 668 est
3152 614 3375 680 vermis,
3429 631 3553 669 mox
3606 627 3677 669 ut
3710 633 3749 672 a

2152 702 2330 756 Verbo
2360 703 2413 757 in
2444 702 2651 757 unitate
2674 718 2916 771 persona:
2946 703 3262 770 suscipitur,
3301 704 3353 756 in
3382 711 3574 758 sancta
3607 706 3752 763 Tri-
3808 722 3811 725 λ

2153 793 2319 846 nitate
2340 808 2446 846 non
2480 794 2813 861 inaaqualiter
2835 793 3187 862 principatur.
3205 794 3463 863 Princeps
3487 806 3571 853 est
3599 814 3752 868 ergo

2154 882 2294 935 inter
2338 890 2465 945 tres,
2500 882 2626 950 quia
2657 883 2840 936 unitus
2866 893 2949 935 est
2982 881 3176 947 Verbo,
3201 897 3321 951 qua:
3350 892 3434 936 est
3458 882 3511 935 in
3534 897 3743 945 sancta

2153 972 2414 1027 Trinitate
2443 987 2692 1041 persona.
2722 972 2820 1027 llic
2846 973 3180 1042 octingentos
3210 972 3483 1028 interfecit
3520 975 3748 1046 impetu

2153 1078 2278 1117 uno.
2308 1061 2627 1118 Octonarius
2654 1078 2910 1118 numerus
2938 1064 3005 1117 ad
3044 1063 3517 1130 resurrectionem,
3548 1070 3757 1118 cente-

2154 1158 2341 1210 narius
2390 1157 2625 1226 pertinet
2670 1156 2737 1209 ad
2787 1155 3192 1225 perfectionem.
3232 1155 3400 1210 David
3444 1170 3577 1226 ergo
3624 1172 3752 1211 uno

2155 1246 2355 1315 impetu
2408 1246 2744 1315 octingentos
2773 1244 3059 1309 interfecit,
3108 1245 3233 1314 quia
3267 1244 3517 1300 Salvator
3547 1255 3756 1299 noster

2154 1351 2362 1399 omnes,
2391 1337 2482 1405 qui
2506 1334 2591 1389 vel
2640 1334 3025 1404 perfectionem
3054 1334 3174 1389 fidei
3215 1344 3492 1403 appetunt,
3525 1334 3606 1389 vel
3660 1350 3755 1389 re-

2155 1425 2506 1480 surrectionis
2546 1424 2768 1495 gloriam
2811 1424 3219 1494 concupiscunt,
3273 1424 3449 1495 gladio
3485 1425 3568 1479 sui
3623 1425 3754 1493 Spi-

2156 1515 2292 1570 ritus
2319 1514 2611 1579 interfecit,
2642 1515 2766 1570 dum
2797 1531 2891 1570 eos
2919 1530 3019 1585 per
3049 1516 3435 1569 incarnationis
3466 1530 3530 1569 ac
3554 1516 3753 1571 crucis

2156 1620 2265 1659 sua:
2300 1605 2620 1675 mysterium
2639 1605 2706 1659 ab
2734 1619 2921 1659 amore
2950 1604 3132 1658 mundi
3166 1603 3321 1673 hujus
3350 1614 3595 1660 mortuos
3614 1604 3749 1660 red-

2156 1695 2309 1761 didit,
2352 1697 2537 1751 ethoc
2570 1709 2678 1750 uno
2729 1703 2984 1763 operatus
3008 1703 3090 1749 est
3117 1694 3340 1764 impetu,
3388 1694 3440 1748 id
3484 1703 3590 1759 est,
3629 1709 3750 1750 uno
3788 1763 3798 1771 .

2155 1802 2254 1843 suo
2280 1788 2668 1843 incarnationis
2693 1786 2944 1841 adventu.
2995 1804 3012 1837 ι
3047 1784 3225 1841 Semel
3251 1786 3395 1839 enim
3424 1802 3521 1855 pro
3546 1800 3748 1855 pecca-
3785 1787 3813 1853 Ἰ

2160 1878 2229 1933 tis
2280 1878 2483 1934 nostris
2535 1888 2779 1933 mortuus
2835 1886 2938 1942 est,
2988 1875 3098 1945 jam
3151 1876 3291 1930 ultra
3346 1891 3452 1931 non
3504 1877 3746 1931 moritur
3797 1946 3806 1953 ν

2158 1966 2335 2038 (Rom.
2365 1967 2463 2039 vi).
2510 1985 2528 2019 ι
2562 1967 2756 2023 Annon
2790 1965 2905 2035 ejus
2931 1965 3337 2034 adventusjure
3377 1977 3603 2021 vocatur
3639 1967 3745 2020 im-

2158 2066 2329 2126 petus,
2361 2058 2426 2113 de
2451 2074 2558 2128 quo
2586 2057 2841 2113 Salomon
2871 2058 2945 2112 ait
2970 2076 2983 2111 :
3022 2077 3040 2111 ο
3068 2059 3207 2114 Ecce
3236 2059 3338 2113 iste
3364 2059 3511 2113 venit
3537 2058 3745 2114 saliens

2161 2147 2214 2201 in
2260 2147 2558 2210 montibus,
2624 2147 2932 2202 transiliens
2986 2136 3195 2202 colles?
3229 2147 3475 2219 ι’(σαηι.
3531 2149 3627 2219 tt.)
3671 2148 3745 2202 Et

2163 2236 2327 2290 David
2358 2253 2371 2289 :
2406 2253 2424 2286 ι
2464 2235 2781 2300 Exsultavit,
2816 2237 3008 2305 inquit,
3037 2246 3089 2289 ut
3125 2236 3273 2305 gigas
3310 2237 3374 2290 ad
3411 2236 3739 2289 currendam

2159 2326 2306 2378 viam
2342 2325 2406 2379 ἵ»
2435 2324 2607 2395 (Psal.
2638 2326 2816 2397 xvln.)
2847 2325 2946 2392 Qui
2977 2326 3121 2380 enim
3150 2324 3343 2388 currit,
3366 2323 3739 2394 proculdubio

2162 2418 2419 2487 impetum
2447 2417 2593 2471 facit.
2623 2416 2755 2471 Nam
2782 2428 2833 2472 et
2877 2418 3111 2473 Verbum
3146 2416 3238 2472 Dei
3287 2425 3544 2487 tanquam
3582 2417 3735 2471 rivus

2162 2524 2423 2579 aquarum
2457 2511 2749 2565 viventium
2795 2526 2916 2565 cum
2949 2511 3148 2579 impetu
3178 2510 3345 2575 venit,
3368 2520 3422 2564 et
3454 2511 3595 2563 sicut
3629 2520 3734 2565 tor-

2163 2615 2289 2655 rens
2331 2612 2525 2656 cuncta
2557 2602 2923 2656 doctrinarum
2977 2600 3279 2655 ardentium
3330 2600 3739 2669 inquinamenta

2164 2692 2445 2747 subvertit.
2481 2690 2633 2748 Unde
2662 2704 2715 2747 et
2747 2692 2798 2745 in
2838 2692 3075 2746 Canticis
3114 2690 3448 2747 canticorum
3487 2691 3733 2746 dicitur:

2171 2801 2189 2834 ι
2226 2782 2368 2838 Fons
2413 2783 2717 2848 hortorum,
2754 2793 2946 2853 puteus
2975 2798 3233 2852 aquarum
3264 2783 3580 2848 viventium,
3618 2797 3739 2853 qua

2165 2873 2337 2928 fluunt
2390 2874 2588 2943 impetu
2643 2874 2709 2929 de
2740 2874 2944 2928 Libano
2995 2871 3181 2943 (Cant.
3221 2874 3356 2943 μή.»
3410 2872 3548 2927 Huic
3605 2888 3737 2943 ergo

2168 2969 2299 3040 Regi
2357 2977 2464 3023 tam
2535 2968 2723 3023 humili
2785 2976 2999 3036 tamque
3050 2965 3286 3030 sublimi,
3348 2974 3457 3018 tam
3501 2964 3737 3031 infirmo,

2166 3061 2261 3115 sed
2316 3060 2387 3113 ita
2432 3058 2746 3124 fortissimo,
2801 3059 3003 3127 gratias
3063 3057 3360 3111 referamus
3398 3056 3489 3125 qui
3537 3056 3741 3110 idcirco

495 3149 713 3245 tlaniqne
745 3143 989 3199 sublimis
1008 3134 1047 3197 ἲ
1066 3144 1219 3211 Quis,
1262 3147 1507 3216 inquam,
1532 3156 1618 3202 est
1666 3149 1767 3204 iste
1796 3149 1960 3203 David
1989 3152 2059 3205 ita
2091 3183 2137 3245 C
2170 3152 2282 3205 fleri
2313 3151 2562 3221 dignatus
2587 3160 2669 3205 est
2694 3150 2891 3205 vermis
2914 3150 2967 3203 in
2993 3148 3157 3217 ligno,
3186 3158 3245 3202 ut
3271 3162 3365 3203 nos
3386 3148 3742 3202 constitueret

494 3230 595 3283 dch
622 3229 685 3285 lis
713 3240 877 3301 atque
907 3234 1193 3302 despectus
1215 3246 1273 3289 ut
1316 3238 1592 3292 vermiculi
1623 3240 1854 3308 speciem
1882 3243 2066 3310 gerat?

466 3398 469 3399 ν
496 3320 567 3372 ita
600 3320 755 3376 fortis
778 3331 833 3376 et
861 3324 1093 3390 validus,
1138 3336 1197 3379 ut
1241 3342 1346 3381 uno
1373 3328 1575 3397 i_mpetu
1601 3330 1941 3399 octingentos
1973 3332 2068 3385 ho-

492 3413 666 3468 mines
710 3413 1034 3471 interficiat?
1081 3417 1137 3472 In
1179 3418 1334 3487 palea
1384 3435 1578 3491 nempe
1617 3420 1809 3475 littera:
1856 3421 2070 3478 videtur

489 3518 609 3557 esse
652 3504 957 3573 ridiculum,
1012 3507 1057 3562 si
1114 3524 1220 3563 non
1271 3509 1325 3563 in
1373 3510 1604 3565 medulla
1649 3512 1869 3580 spiritus
1906 3512 2067 3567 lateat

495 3609 915 3653 sacramentum.
969 3600 1099 3667 Quis
1137 3617 1267 3672 ergo
1314 3603 1637 3658 vermiculus
1676 3605 1804 3670 iste,
1847 3606 1949 3659 nisi
1981 3606 2068 3661 ille

493 3688 582 3754 qui
611 3703 708 3756 per
732 3689 977 3744 eumdem
1008 3691 1334 3746 Davidcanit
1363 3693 1415 3747 in
1448 3693 1689 3762 psalmo:
1721 3713 1737 3746 ι
1758 3695 1867 3764 Ego
1888 3704 2065 3751 autem

493 3794 611 3832 smn
640 3782 860 3844 vermis,
892 3791 947 3835 et
985 3798 1089 3837 non
1120 3784 1315 3839 homo?
1344 3803 1362 3836 ι
1387 3785 1559 3854 (Psal.
1593 3788 1729 3855 χχι.)
1752 3789 1902 3842 Sicut
1922 3789 2065 3843 enim

491 3872 693 3927 vermis
715 3888 782 3928 ex
816 3873 927 3928 sola
966 3874 1092 3945 ligni
1130 3876 1353 3931 materia
1384 3876 1646 3947 gignitur,
1689 3878 1760 3932 ita
1790 3878 2064 3934 Christum

490 3962 695 4030 absque
738 3963 909 4019 virilis
940 3967 1144 4020 semine
1181 3968 1246 4022 de
1287 3968 1401 4022 solo
1449 3968 1691 4038 virginali
1734 3980 1888 4025 utero
1918 3972 2067 4041 geni-

492 4061 604 4107 tum
661 4055 794 4111 fides
850 4058 1115 4114 catholica
1175 4060 1481 4115 confitetur.
1541 4060 1646 4115 Sed
1698 4062 1945 4130 quamvis
1996 4064 2067 4118 sit

491 4145 691 4198 vermis
736 4154 885 4201 tener
912 4157 967 4201 et
995 4149 1209 4213 debilis,
1243 4150 1373 4221 ligni
1424 4166 1551 4205 vero
1582 4151 1776 4206 duritia
1819 4152 1975 4208 fortis
2000 4168 2066 4210 ac

490 4235 659 4289 solida
680 4276 695 4299 ,
731 4240 928 4291 vermis
957 4251 1135 4294 tamen
1159 4241 1359 4309 lignum
1395 4243 1555 4297 vertit
1578 4242 1629 4295 in
1662 4244 1865 4298 cariem
1896 4223 1949 4299 et
1970 4259 2064 4298 ca-

490 4341 778 4402 vernosum
834 4330 1013 4385 reddit
1045 4342 1101 4385 et
1143 4348 1353 4385 cavum.
1396 4332 1472 4385 Ita
1522 4334 1845 4405 Redemptor
1882 4346 2066 4393 noster

493 4431 655 4472 verus
683 4421 843 4489 202
873 4423 1057 4490 utique
1088 4439 1248 4476 manu
1298 4424 1453 4477 fortis
1479 4435 1642 4495 atque
1667 4427 2061 4495 desiderabilis,

2170 3241 2316 3296 cives
2345 3242 2397 3294 in
2450 3241 2605 3296 cado.
2632 3240 2756 3294 Ideo
2796 3248 3085 3295 vetustum-
3112 3238 3333 3293 humani
3373 3238 3586 3308 generis
3639 3238 3740 3291 ini-

2171 3334 2367 3386 micum
2398 3334 2451 3387 in
2480 3347 2539 3387 se
2580 3331 2825 3401 permisit
2858 3333 3151 3401 insurgere,
3184 3340 3241 3385 ut
3289 3343 3354 3383 ex
3398 3344 3463 3383 eo
3504 3338 3742 3398 postmo-

2167 3425 2293 3478 dum
2359 3440 2463 3477 non
2494 3425 2648 3479 molo
2685 3439 2780 3493 per
2813 3424 2986 3489 viros,
3033 3423 3125 3477 sed
3168 3422 3330 3479 etiam
3379 3436 3474 3491 per
3509 3420 3740 3475 feminas

2170 3513 2544 3583 triumpharet.

2721 3600 2947 3657 CAPUT
2986 3600 3168 3655 XVIII.

2240 3713 2305 3767 In
2348 3712 2565 3783 cpistola
2600 3714 2668 3766 ad
2697 3713 2992 3768 Albcricum
3024 3714 3074 3766 in
3104 3730 3208 3783 qua
3241 3712 3289 3766 ei
3312 3728 3467 3781 super
3494 3711 3668 3764 decem

2608 3785 2982 3854 quwstionibus
3014 3784 3304 3853 respondet.

2240 3875 2447 3942 Qutcris
2469 3891 2567 3929 cur
2580 3876 2631 3929 in
2650 3874 2949 3944 Scripturis
2962 3874 3135 3928 sacris
3148 3876 3219 3927 sit
3236 3874 3335 3925 ista
3352 3871 3659 3929 diversitas,
3682 3879 3745 3924 ut

2167 3966 2220 4019 in
2244 3966 2379 4020 libro
2400 3966 2600 4033 Regum
2618 3964 2704 4032 (II
2724 3963 2847 4033 Reg.
2878 3963 3025 4033 xxxv)
3042 3963 3251 4033 legatur
3266 3962 3431 4018 David
3446 3961 3743 4015 redemisse

2168 4071 2349 4111 aream
2388 4056 2566 4111 Ornan
2595 4055 2845 4119 Jebnszei,
2879 4054 3038 4109 simul
3066 4064 3119 4109 et
3164 4055 3328 4109 boves
3356 4054 3445 4122 qui
3479 4052 3739 4106 efferendi

2166 4157 2321 4203 erant
2373 4149 2424 4202 in
2488 4148 2880 4210 holocaustum,
2910 4146 3059 4200 siclis
3108 4145 3315 4215 argenti
3369 4141 3741 4197 tantummodo

2166 4241 2581 4309 quinquaginta;
2625 4255 2747 4295 cum
2779 4241 2831 4293 in
2859 4238 3303 4308 Paralipomenon
3340 4252 3439 4305 pro
3468 4236 3580 4289 sola
3611 4249 3741 4285 area

2166 4332 2378 4385 dedisse
2406 4339 2654 4383 narretur
2676 4329 2789 4383 auri
2812 4337 3094 4384 sexcentos
3121 4327 3318 4382 siclos?
3338 4325 3387 4395 (1
3419 4323 3603 4378 Pnral.
3624 4323 3743 4389 ut)

2168 4422 2271 4476 Sed
2300 4422 2577 4476 sciendum
2606 4428 2688 4474 est
2713 4418 2897 4488 procul
2923 4419 3083 4473 dubio
3110 4419 3236 4487 quia
3275 4418 3324 4470 in
3363 4416 3497 4469 libro
3529 4415 3736 4482 Regum

492 4513 582 4580 qui
614 4517 960 4582 semetipsum
985 4517 1299 4579 cxinanivit,
1327 4518 1417 4585 qui
1437 4533 1541 4570 non
1572 4520 1772 4574 habens
1798 4521 2052 4589 speciem,
2091 4525 2137 4584 ο
2163 4516 2327 4570 boves
2354 4516 2725 4569 tantummodo
2752 4513 3135 4583 quinquaginta
3167 4510 3313 4565 siclis
3348 4511 3556 4580 argenti
3590 4524 3747 4562 com-

495 4619 671 4672 neque
720 4606 988 4671 decorem,
1052 4608 1314 4665 invalidus
1360 4625 1423 4665 ac
1466 4610 1749 4680 despectus
1793 4614 2062 4683 apparuit,

496 4696 790 4750 lnunanmn
822 4713 1012 4766 genus,
1058 4700 1200 4753 unde
1250 4711 1403 4755 ortus
1450 4709 1553 4765 est,
1599 4700 1852 4770 paulatim
1890 4717 1920 4755 a
1971 4718 2069 4759 suo

495 4789 675 4858 rigore
707 4788 952 4854 mollivit,
998 4805 1356 4861 magnumque
1392 4793 1609 4847 sibimet
1649 4792 1700 4845 in
1737 4793 1925 4849 eleCtis
1960 4795 2071 4851 suis

498 4881 844 4935 habitationis
899 4882 1133 4951 spatium
1171 4884 1501 4950 procuravit.
1540 4884 1636 4939 llic
1678 4884 1859 4952 itaque
1904 4885 2071 4939 David

494 4974 647 5025 sedet
680 4974 730 5025 in
756 4974 1037 5036 cathedra,
1069 4975 1196 5043 quia
1230 4974 1278 5028 in
1302 4986 1541 5044 paterna:
1570 4977 1865 5045 majestatis
1895 4976 2063 5045 gloria

494 5066 818 5118 constitutus
847 5067 1026 5119 omnia
1048 5065 1276 5132 judicat.
1309 5066 1404 5120 Cui
1450 5065 1610 5120 Pater
1632 5066 1707 5120 ait
1738 5080 1752 5119 :
1798 5085 1816 5117 ε
1852 5067 1991 5121 Sede
2033 5083 2063 5120 a

497 5156 703 5210 dextris
733 5158 847 5211 mei
882 5155 1064 5226 (Psal.
1096 5156 1227 5226 σεχ).
1263 5175 1281 5208 ι
1322 5156 1763 5225 Sapientissimus
1794 5170 1897 5221 est,
1939 5158 2063 5227 quia

497 5250 608 5318 ipsa
634 5248 809 5302 Patris
838 5248 1096 5315 sapientia
1120 5256 1220 5301 est.
1257 5247 1365 5302 Sed
1389 5248 1654 5316 quomodo
1680 5249 1843 5301 David
1871 5248 2067 5302 dicitur

497 5339 899 5408 princepsinter
922 5348 1050 5399 tres,
1078 5353 1199 5391 cum
1224 5338 1311 5392 ille
1326 5353 1432 5392 non
1450 5338 1592 5391 inter
1612 5338 1747 5391 alios
1776 5337 2069 5405 quemlibet

497 5430 875 5499 principatum,
894 5430 986 5483 sed
1007 5444 1168 5497 super
1182 5445 1368 5484 omnes
1383 5430 1564 5497 potius
1581 5429 1773 5498 regalis
1786 5427 1980 5494 sceptri
1999 5436 2076 5479 te-

501 5530 655 5573 neret
672 5521 986 5587 imperium?
1006 5517 1141 5573 Laus
1153 5520 1296 5573 enim
1314 5520 1413 5573 ista
1429 5520 1610 5587 deprct
1622 5518 1718 5583 iar,
1731 5532 1834 5570 non
1850 5516 2074 5579 exaltat;

501 5610 779 5677 deprimit,
808 5628 911 5665 non
935 5596 1149 5675 attollit,
1174 5627 1296 5666 cum
1330 5612 1416 5665 ille
1440 5627 1543 5665 non
1573 5620 1679 5664 tam
1704 5609 1876 5663 tribus
1908 5610 2072 5663 inter—

501 5710 664 5765 esset,
679 5718 836 5771 quam
849 5704 1099 5757 omnibus
1120 5713 1444 5773 superesset.
1462 5703 1563 5757 Sed
1582 5717 1701 5756 cum
1718 5700 1785 5755 ab
1806 5700 1896 5753 illo
1914 5699 2074 5753 David

502 5796 748 5848 videatur
775 5797 1037 5848 sententia
1065 5796 1166 5849 ista
1189 5796 1466 5861 dissidere,
1489 5804 1570 5849 est
1596 5795 1682 5849 cui
1702 5792 1874 5847 valeat
1908 5792 2072 5861 aptis-

2160 4620 2379 4675 parasse
2400 4604 2559 4674 203
2586 4604 2747 4658 David
2780 4602 2993 4672 legitur,
3012 4601 3193 4669 quanti
3227 4615 3354 4653 vero
3384 4614 3563 4653 aream
3589 4613 3740 4651 com-

2162 4698 2453 4765 paraverit,
2481 4696 2589 4749 illic
2620 4695 2842 4748 omnino
2878 4693 3088 4747 siletur.
3126 4690 3571 4758 Paralipomenon
3601 4705 3734 4743 vero

2162 4788 2299 4843 liber
2341 4788 2408 4842 de
2455 4788 2626 4842 bobus
2676 4802 2706 4840 c
2770 4786 3045 4842 contrario
3109 4792 3275 4847 tacet,
3335 4783 3428 4837 sed
3493 4790 3732 4851 emptam

2140 4880 2438 4941 sexcentis
2485 4878 2601 4931 auri
2652 4876 2802 4931 siclis
2852 4890 3031 4929 aream
3073 4873 3337 4944 perhibet.
3371 4871 3524 4938 Quod
3581 4870 3741 4925 facile

2172 4970 2498 5037 pervidctur,
2538 4969 2581 5021 si
2612 4968 2662 5021 in
2692 4977 2917 5036 utroque
2946 4966 3086 5019 libro
3116 4965 3226 5033 ipsa
3255 4964 3542 5017 verbormn
3571 4962 3746 5017 series

2172 5059 2458 5127 diligenter
2485 5057 2795 5112 attenditur.
2842 5054 2974 5109 Nam
3006 5056 3057 5109 in
3103 5054 3240 5107 lihro
3286 5053 3490 5123 Regum
3543 5051 3629 5104 hic
3658 5059 3746 5106 est

2174 5148 2305 5203 ordo
2336 5148 2622 5202 verborum
2647 5164 2660 5199 ε
2693 5164 2710 5197 ε
2748 5146 2891 5199 Emit
2913 5161 3041 5213 ergo
3068 5144 3232 5197 David
3261 5159 3465 5207 aream,
3491 5150 3546 5194 et
3578 5142 3746 5196 boves

2175 5236 2383 5305 argenti
2412 5236 2559 5290 siclis
2587 5234 2995 5305 quinquaginta.
3023 5253 3041 5284 ι
3075 5231 3173 5287 Uhi
3198 5233 3275 5285 sic
3300 5230 3741 5300 distinguendum

2173 5334 2275 5390 est,
2309 5335 2367 5379 ut
2390 5324 2538 5394 prius
2561 5324 2836 5394 Scriptura
2867 5326 3042 5377 dicat:
3074 5344 3091 5374 ι
3123 5324 3261 5377 Emit
3291 5322 3456 5375 David
3487 5336 3692 5381 arcam,
3717 5341 3737 5371 ι

2172 5434 2269 5471 nec
2314 5415 2579 5483 exprimat
2612 5414 2830 5483 quanti;
2870 5412 3031 5483 205
3071 5413 3263 5466 deinde
3298 5420 3593 5480 sequatur:
3633 5426 3651 5457 ι
3676 5408 3748 5459 Et.

2172 5508 2335 5560 hnvcs
2364 5505 2567 5574 argenti
2624 5503 2786 5557 siclos
2822 5504 3231 5573 quinquaginta.
3271 5520 3287 5551 ι
3325 5501 3381 5554 In
3426 5501 3563 5552 libro
3612 5514 3745 5550 vero

2172 5599 2613 5668 Paralipomenon
2672 5598 2743 5649 ita
2812 5595 3049 5663 legitur:
3114 5593 3322 5646 «Dedit
3387 5606 3516 5660 ergo
3574 5589 3742 5641 David

2164 5692 2339 5748 Ornan
2371 5705 2468 5758 pro
2512 5689 2628 5743 loco
2658 5686 2818 5741 siclos
2844 5686 2960 5739 auri
2994 5683 3279 5754 justissimi
3321 5680 3576 5751 ponderis
3620 5694 3743 5731 sex-

2172 5792 2375 5845 centos,
2413 5789 2464 5834 et
2489 5777 2772 5833 mdificavit
2800 5777 2874 5832 ibi
2916 5776 3086 5831 altare
3125 5773 3351 5828 Domino
3397 5790 3415 5822 ι
3452 5770 3541 5825 Sic
3579 5769 3743 5839 igitur
