4058 6178
431 409 566 468 1113

1742 395 1810 451 IN
1850 394 1981 451 LIB.
2023 393 2085 450 III
2120 390 2383 450 REGUM.

3553 382 3690 439 IIII

427 529 657 587 utraque
683 514 898 570 sibimet
926 509 1207 581 Scriptura
1244 504 1446 571 divisit,
1475 513 1531 559 ιιι
1564 503 1651 558 illa
1679 505 1864 570 boum,
1900 504 2002 557 ista
2033 509 2081 570 Α
2109 503 2168 557 tii
2223 515 2474 556 mensura
2517 496 2814 570 praefigitur
2869 497 3202 567 discrepant,
3256 497 3350 551 sed
3391 495 3691 568 Scriptum

428 608 594 668 solis
615 621 758 663 areae
785 613 1030 660 numeret
1055 601 1308 673 pretium.
1338 598 1444 654 Res
1471 597 1635 668 igitur
1659 595 1856 666 quibus
1882 609 2005 664 prc-

2115 600 2314 648 sanctae
2335 589 2550 643 sibimet
2575 587 2803 642 invicem
2831 601 2936 640 non
2960 595 3281 656 repugnant.

1399 712 1702 783 Expliciunt
1742 709 2035 764 testimonia
2073 706 2192 760 libri
2230 703 2446 759 secundi
2485 701 2709 772 Regum.

1262 820 1606 878 INCIPIUNT
1645 817 2061 874 TESTIMO‘NIA
2099 815 2277 870 LIBRI
2316 812 2546 869 TERTII
2585 812 2849 869 REGUM.

470 943 521 996 l.
563 941 639 996 De
687 943 898 1010 Abisag)
923 939 1213 1010 Sunamitei
1240 953 1358 1008 qum
1388 937 1494 1007 regi
1521 933 1689 988 Dauid
1733 931 2085 995 ministrabat,
2115 935 2306 983 etcum
2349 946 2408 984 eo
2439 929 2702 982 dormiens
2734 928 2920 983 senilta
2961 929 3076 987 eius
3108 931 3337 984 membra
3382 933 3606 1001 fovebat,
3632 943 3681 988 et

607 1022 779 1065 tamen
811 1024 1010 1080 integra
1045 1009 1258 1080 mansit.

463 1082 520 1135 2.
564 1080 715 1146 Quod
749 1067 941 1146 David:
975 1081 1100 1132 dum
1129 1078 1268 1142 civit,
1298 1085 1346 1130 et
1382 1073 1520 1156 Joab
1551 1083 1599 1154 et
1623 1071 2044 1156 Semei‘pepercit
2064 1088 2084 1137 ;
2110 1069 2337 1150 moriens
2358 1067 2796 1156 veroiperden'dos
2827 1085 2913 1156 eos
2943 1071 3234 1156 mandavit.
3313 1141 3325 1156 .
3393 1141 3404 1152 _

465 1151 517 1205 3.
561 1137 712 1216 Quod
764 1137 957 1204 dicitur
998 1137 1263 1204 Salomon
1302 1145 1655 1217 quadraginta
1707 1137 1892 1194 millia
1940 1143 2197 1212 prwsepia
2242 1137 2812 1210 equorum'currilium
2869 1139 3133 1204 habuisse,
3184 1141 3457 1194 duodecim
3521 1143 3694 1199 millia

606 1222 936 1291 eques‘rium.

462 1289 516 1343 4.
555 1277 708 1354 Quod
763 1292 826 1344 de
874 1289 1053 1343 eodem
1102 1287 1340 1362 dicitur_:
1390 1283 1538 1362 quia“
1571 1281 1804 1362 locutus_
1830 1291 1902 1362 est
1944 1279 2264 1362 trialmillia
2298 1279 2630 1362 iparabolas‘,
2661 1287 2706 1331 et
2750 1277 2967 1362 [uerunt
3011 1281 3250 1362 carmina
3299 1281 3415 1350 ejus
3462 1283 3692 1353 quinque

609 1362 814 1422 millia;
844 1371 892 1414 et
921 1361 1216 1429 disputasse
1244 1348 1484 1434 etiam'de
1499 1351 1679 1434 lignis,
1702 1362 1748 1405 et
1771 1352 1834 1404 de
1847 1351 2130 1434 iumentis,
2158 1360 2202 1404 et
2221 1349 2618 1434 Δυοιιηξιῆιηιδβηρι
2638 1348 2941 1434 irem-ilibus,
2973 1360 3019 1402 et
3050 1350 3300 1417 piscibus.
3322 1348 3333 1350 ’

467 1428 522 1482 5.
568 1429 720 1495 Quod
766 1417 1015 1486 Salomon
1045 1428 1178 1482 duas
1231 1443 1261 1479 a
1307 1425 1490 1478 dextra
1542 1417 1777 1492 lwvaque
1807 1417 2078 1474 columnas
2116 1422 2170 1474 in
2215 1419 2390 1488 templi
2434 1417 2683 1472 vestibulo
2710 1417 2942 1483 statuit,
2987 1435 3212 1488 quarunt
3268 1437 3425 1474 unam
3456 1421 3691 1488 Jachim,

610 1500 829 1553 alterum
856 1498 998 1553 Boos
1026 1500 1244 1554 vocarit.

467 1567 522 1622 6.
565 1568 717 1634 Quod
757 1586 881 1623 vasa
911 1567 1085 1637 templi
1132 1565 1342 1623 Domini
1381 1563 1434 1616 in
1483 1564 1761 1628 campestri
1814 1560 2022 1630 regione
2055 1561 2309 1619 Jordams
2351 1558 2406 1612 in
2442 1555 2695 1627 argillosa
2739 1567 2881 1610 terra
2927 1557 3047 1626 fusa
3085 1570 3204 1613 sunt
3253 1560 3388 1614 inter
3413 1557 3606 1616 Soclwt
3644 1570 3692 1615 et

617 1640 873 1694 Sarthan.

467 1706 524 1763 7.
562 1707 641 1763 De
668 1725 728 1762 eo
751 1708 890 1778 quod
921 1724 1038 1762 cum
1061 1705 1354 1759 sacerdotes
1385 1703 1606 1778 exissent
1653 1706 1716 1754 de
1761 1698 2088 1765 sanctuario,
2119 1696 2307 1753 nebula
2338 1697 2524 1752 domus
2557 1695 2652 1751 Dei
2691 1695 2885 1767 repleta
2912 1706 3012 1762 est,
3043 1698 3119 1752 ita
3162 1708 3218 1753 ut
3247 1700 3548 1754 sacerdotes
3587 1714 3692 1753 non

606 1769 811 1847 possent
845 1794 1001 1846 prape
1024 1785 1196 1847 astare
1219 1783 1430 1843 prapter
1450 1769 1714 1847 nebulam.

470 1845 525 1901 8.
568 1835 719 1910 Quod
751 1835 856 1899 non'
880 1835 989 1900 esse
1011 1835 1504 1912 dicitur'arg'entum
1533 1857 1624 1893 nec
1642 1839 1800 1918 ullius
1826 1838 1979 1907 pretii
2003 1838 2187 1918 putari
2202 1838 2256 1890 in
2278 1835 2853 1918 tentporeﬁalomonis.

464 1915 515 1969 9.
561 1905 712 1980 Quod
735 1916 1009 1970 Salomoni
1046 1915 1239 1978 fuerint
1289 1905 1479 1965 uxores
1507 1911 1658 1990 (μίξει.δί
1685 1905 1877 1976 regina:
1902 1905 2236 1988 septingenta:
2265 1905 2926 1990 etconcubinwltrecenttz:
3036 1986 3045 1990 _
3223 1988 3232 1990 Α
3486 1987 3494 1990 _
3557 1984 3569 1990 Δ

441 1983 528 2039 10.
565 1975 642 2039 De
667 1983 883 2038 muliere
902 1975 1218 2052 Sureprana,
1249 1983 1318 2034 ad
1346 1975 1681 2051 quam'Elias
1709 1975 2086 2042 transmissus,
2112 1976 2305 2030 invenit
2338 1990 2453 2028 eam
2485 1976 2591 2028 duo
2628 1975 2773 2046 ligna
2801 1975 3152 2048 colligentem,
3175 1988 3232 2032 ut
3255 1987 3496 2049 coqueret
3517 1984 3570 2035 et
3595 1977 3698 2034 sibi

608 2071 795 2124 partem
817 2071 879 2106 ac
899 2053 1014 2121 [ilio
1031 2069 1146 2105 suo.

435 2122 518 2178 ll.
558 2097 1290 2194 υὲἓῖᾇὶιὸἇ,”ὸ’νάἷὶἱὲἘιία,
1321 2117 1509 2173 nebula
1545 2133 1707 2188 parva
1742 2097 1898 2186 quasi
1923 2115 2191 2187 uestigium
2213 2113 2439 2169 hominis
2467 2115 2532 2170 de
2557 2116 2695 2170 mari
2724 2117 3072 2174 conscendens
3095 2118 3364 2188 apparuit.

1758 2229 2063 2300 Expliciunt
2097 2228 2354 2299 capitula.

629 2428 1265 2523 INCIPIUNT
1328 2413 2076 2513 TESTIMONIA
2162 2415 2490 2504 LIBRI
2566 2418 2981 2508 TERTII
3051 2424 3502 2568 REGUM.

946 2618 1174 2675 CAPUT
1206 2611 1494 2671 PRIMUM.

565 2714 669 2769 Ad.
719 2712 783 2769 C.
820 2712 1162 2783 praefectum,
1223 2709 1309 2762 ubi
1357 2723 1476 2761 eum
1513 2705 1582 2759 ad
1624 2712 1886 2758 certamen

1091 2787 1357 2850 provocat.

515 2893 536 2928 ι
567 2874 905 2942 ριιαιδίθτιιῐιι
933 2872 1102 2928 David
1133 2871 1242 2940 regi
1272 2869 1412 2924 servi
1445 2867 1525 2922 sui
1555 2863 2012 2921 adolescentulam

435 2969 735 3038 speciosam
793 2968 845 3021 in
894 2951 1103 3022 cunctis
1150 2964 1346 3018 finibus
1376 2961 1564 3026 Israel,
1606 2970 1660 3015 et
1692 2961 2016 3016 invenerunt

432 3056 631 3126 Abisag
661 3055 1022 3124 Sunamitem,
1053 3065 1108 3110 et
1151 3055 1492 3110 adduxerunt
1528 3051 1594 3105 ad
1637 3066 1860 3122 regem;
1891 3064 2013 3118 quae

435 3147 866 3202 dormiebatcum
886 3162 1031 3218 rege,
1057 3156 1112 3200 et
1143 3145 1482 3201 ministrabat
1502 3145 1574 3208 ei,
1597 3151 1653 3197 et
1684 3158 1788 3197 non
1815 3156 2013 3211 cogno-

434 3240 510 3291 vit
551 3255 668 3293 eam
719 3255 811 3294 rex
857 3239 977 3309 (111
1023 3238 1146 3309 Reg.
1182 3239 1244 3310 l).
1275 3259 1293 3292 ι
1351 3238 1485 3306 Quae
1529 3247 1614 3294 est
1659 3245 1838 3292 autem
1897 3237 2013 3290 haec

433 3329 627 3396 puella,
655 3344 774 3397 qua:
798 3331 864 3384 de
890 3329 1100 3384 cunctis
1128 3330 1324 3384 finibus
1357 3329 1522 3384 Israel
1550 3337 1804 3398 tanquam
1831 3327 2013 3398 singu-

434 3414 564 3472 laris
592 3417 832 3486 eligitur,
859 3428 912 3472 et
939 3419 1102 3472 David
1132 3419 1264 3488 regi,
1307 3428 1365 3472 ut
1410 3435 1533 3474 cum
1581 3434 1646 3473 eo
1673 3420 1929 3486 dormiat,
1958 3425 2014 3474 et

432 3503 785 3576 frigescentes
827 3520 978 3562 artus
1029 3508 1316 3562 calefaciat
1367 3510 1689 3578 copulatur?
1733 3509 2010 3581 Interroga

435 3596 777 3654 Salomonem
819 3610 873 3654 et
905 3602 1016 3671 ipse
1048 3601 1140 3656 tibi
1174 3601 1365 3670 puellae
1391 3601 1552 3671 hujus
1575 3604 1794 3672 aperiet—
1829 3617 2011 3657 sacra-

435 3696 672 3741 mentum
699 3707 712 3743 :
761 3708 780 3740 ι
811 3691 1052 3754 Posside,
1083 3693 1279 3762 inquit,
1308 3694 1652 3762 sapientiam,
1678 3694 1892 3762 posside
1925 3694 2006 3747 in-

435 3775 782 3846 telligentiam
813 3783 830 3849 (
859 3779 1010 3833 Prov.
1046 3780 1149 3850 iv).
1189 3803 1206 3833 ι
1242 3781 1334 3837 Vis
1365 3784 1525 3836 etiam
1552 3784 1738 3837 audire
1782 3783 2010 3853 virginis

434 3866 593 3936 hujus
633 3871 952 3939 amplexus?
982 3873 1058 3926 ait
1086 3891 1098 3927 :
1142 3891 1160 3924 ι
1193 3873 1268 3928 Ne
1298 3874 1642 3943 derelinquas
1668 3889 1788 3928 eam
1825 3883 1882 3929 et
1911 3889 2007 3944 ap-

430 3959 726 4025 prehendet
753 3970 831 4024 te;
859 3979 977 4016 ama
994 3963 1160 4029 illam,
1177 3965 1430 4020 exaltabit
1451 3974 1504 4020 te
1522 3983 1536 4032 ;
1553 3965 1827 4021 circumda
1841 3966 2011 4032 illam,

429 4056 484 4099 et
532 4048 852 4116 gloriﬁcabit
891 4062 966 4118 te;
1001 4054 1204 4109 honora
1247 4055 1414 4123 illam,
1443 4067 1498 4111 et
1530 4058 1926 4127 amplexabitur
1961 4069 2013 4113 te

431 4137 642 4209 ΗΜΛ).
679 4161 697 4192 ι
733 4143 1062 4213 Sapientiam
1094 4162 1242 4218 ergo,
1283 4148 1384 4203 hoc
1429 4161 1534 4216 est,
1572 4161 1813 4206 sanctam
1845 4151 2010 4206 vitam

431 4229 851 4301 amplectamini,
877 4252 1101 4293 uxorem
1160 4249 1218 4293 ut
1266 4239 1576 4312 ingenuam,
1607 4251 1662 4298 et
1693 4245 2010 4302 haereditate

425 4322 746 4392 condignam
783 4328 1021 4383 sobolem
1060 4347 1426 4399 procreemus.
1459 4333 1574 4388 Non
1624 4336 1768 4390 enim
1805 4351 1869 4390 ex
1908 4337 2010 4392 hac

429 4428 596 4469 uxore
625 4417 884 4472 moritura
918 4421 1072 4476 nobis
1096 4433 1180 4479 est
1207 4439 1525 4481 successura
1559 4430 1874 4497 posteritas,
1912 4431 2007 4485 sed

427 4525 545 4578 qua:
568 4522 826 4580 perpetuo
854 4515 919 4568 sit
963 4518 1190 4572 victura.
1224 4519 1356 4574 Nam
1385 4521 1529 4590 quod
1565 4523 1630 4578 de
1661 4524 2009 4594 corruptione

427 4603 689 4668 nascitur,
710 4620 932 4660 necesse
959 4619 1043 4662 est
1069 4624 1481 4681 corrumpatur;
1509 4625 1564 4669 at
1603 4618 1745 4685 quod
1781 4618 2008 4687 virgini-

429 4693 694 4763 tasgignit
721 4694 943 4751 interire
967 4715 1070 4752 non
1105 4702 1284 4755 novit:
1318 4719 1418 4758 nec
1442 4713 1524 4758 est
1552 4705 1685 4759 vitio
1705 4708 2008 4776 corruptio-

424 4778 513 4836 nis
539 4780 827 4838 obnoxium
852 4787 994 4854 quod
1023 4801 1089 4840 ex
1118 4788 1522 4860 incorruptione
1550 4791 1714 4847 fuerit
1754 4809 2008 4862 procrea-

428 4879 562 4925 tum.
593 4871 699 4942 Sed
721 4875 998 4932 videamus
1026 4877 1529 4948 interpretationem
1573 4882 1800 4938 istorum
1829 4885 2004 4938 nomi-

429 4980 577 5028 num,
627 4973 686 5018 ut
725 4966 1006 5024 valeamus
1069 4973 1530 5041 comprehendere
1582 4985 2004 5031 sacramentum.

424 5054 626 5127 Abisag
655 5073 888 5128 namque
913 5058 1298 5131 interpretatur
1337 5073 1488 5133 pater
1511 5083 1653 5120 meus
1686 5069 2004 5137 superﬂuus,

427 5147 721 5217 ve|,patris
770 5152 870 5203 mei
911 5155 1134 5221 rugitus.
1169 5153 1267 5211 llic
1311 5159 1636 5228 superﬂuus,
1681 5177 1785 5214 non
1817 5177 2007 5229 supcr-

426 5233 708 5304 lluitatem,
763 5241 917 5309 quasi
981 5257 1084 5296 non
1152 5247 1538 5310 necessariam,
1575 5249 1667 5302 sed
1722 5251 2003 5304 abundan-

2038 2604 2088 2665 Β
2115 2616 2243 2671 gina,
2291 2604 2530 2658 coccinea
2583 2604 2804 2661 dicitur.
2834 2607 3029 2663 Anima
3080 2611 3280 2682 quippe
3323 2623 3508 2669 sancta
3556 2614 3701 2673 sicut

2116 2693 2278 2764 205
2348 2693 2610 2749 Dominici
2684 2697 2964 2766 sanguinis
3028 2701 3287 2770 mysterio
3379 2704 3555 2771 rubet,
3622 2707 3697 2762 ita

2115 2783 2466 2839 nihilominus
2486 2793 2544 2840 et
2573 2785 2697 2857 igne
2724 2789 2898 2843 sancti
2931 2787 3166 2860 Spiritus
3193 2790 3385 2848 fervet.
3437 2795 3588 2851 Unde
3639 2807 3703 2853 et

2112 2873 2169 2928 in
2192 2888 2356 2928 manu
2403 2872 2608 2931 Phares
2637 2879 2916 2934 coccinum
2947 2879 3216 2951 alligatur,
3257 2885 3348 2955 qui
3401 2889 3696 2944 maceriam

2115 2963 2214 3018 sub
2243 2965 2472 3034 mystica
2507 2966 2734 3022 duorum
2763 2969 3082 3039 populorum
3131 2977 3562 3044 sequestratione
3611 2977 3696 3034 di-

2113 3052 2258 3107 visit.
2289 3054 2355 3108 Et
2384 3054 2534 3111 Raab
2550 3059 2828 3123 meretrix,
2856 3061 2910 3115 in
2938 3062 3350 3134 typo-Ecclesia,
3383 3068 3695 3124 coccineum

2111 3140 2436 3210 funiculum,
2457 3154 2517 3199 ut
2541 3146 2865 3216 domussua,
2888 3163 3152 3222 pereunte
3172 3153 3416 3224 .lericho,
3449 3161 3696 3216 salvare-

2116 3241 2222 3299 tur,
2261 3235 2538 3304 appendit.
2567 3236 2703 3291 Hinc
2750 3239 2936 3305 etiam,
2963 3251 3015 3294 et
3041 3243 3167 3298 alibi
3197 3245 3265 3300 de
3316 3251 3519 3304 sanctis
3566 3250 3698 3306 viris

2115 3320 2392 3392 Scriptura
2414 3337 2836 3380 commemorat:
2869 3328 2932 3383 Hi
2983 3341 3130 3398 sunt,
3161 3335 3252 3403 qui
3309 3348 3576 3394 venerunt
3627 3341 3695 3396 de

2111 3416 2294 3472 calore
2339 3419 2532 3476 domus
2577 3422 2756 3480 Raab.
2793 3421 2862 3476 Et
2909 3423 3022 3492 ipsa
3053 3423 3106 3477 in
3137 3425 3428 3497 Evangelio
3453 3428 3693 3487 Veritas:

2117 3529 2136 3562 ι
2170 3511 2374 3582 Ignem,
2409 3513 2600 3584 inquit,
2632 3519 2753 3572 veni
2778 3519 2992 3574 mittere
3023 3520 3077 3575 in
3102 3522 3477 3594 terram(Luc.
3503 3526 3644 3597 xnj):
3668 3547 3688 3581 ι

2111 3603 2202 3672 qui
2230 3603 2482 3660 videlicet
2511 3607 2649 3678 ignis
2679 3610 2730 3664 in
2757 3610 3140 3680 discipulorum
3165 3615 3418 3671 cordibus
3436 3625 3691 3684 (esttrans,

2111 3705 2205 3746 eos
2219 3692 2398 3749 dicere
2411 3697 2797 3764 compellebat:
2828 3718 2847 3750 ι
2888 3699 3076 3756 Nonne
3096 3717 3200 3758 eor
3228 3713 3470 3760 nostrum
3495 3709 3693 3763 ardens

2112 3795 2229 3838 erat
2260 3786 2313 3839 in
2336 3787 2512 3853 nobis,
2541 3789 2666 3844 dum
2695 3791 3007 3862 loqueretur
3029 3795 3081 3850 in
3107 3796 3218 3862 via,
3250 3808 3305 3852 et
3331 3801 3567 3870 aperiret
3596 3819 3695 3857 no-

2111 3873 2197 3930 bis
2228 3875 2591 3947 .Scripturas?
2622 3901 2641 3933 ι
2677 3881 2827 3952 (Luc.
2853 3885 3028 3955 xxiv.)
3052 3885 3165 3941 Hoc
3191 3887 3374 3956 itaque
3403 3891 3692 3960 mysticum

2039 3950 2085 4013 C
2116 3973 2172 4020 et
2220 3966 2464 4036 spiritale
2511 3950 2840 4042 conjugium,
2893 3984 2948 4030 et
2994 3950 3047 4030 in
3100 3950 3380 4034 Sunamite
3425 3950 3693 4036 fervorem

2111 4059 2299 4126 gratia:
2318 4059 2574 4130 concipit,
2620 4070 2678 4116 et
2722 4064 2774 4117 in
2818 4064 3026 4135 Abisag
3055 4076 3260 4121 sanctae
3290 4068 3694 4136 prtedicationis

2109 4149 2348 4205 sobolem
2377 4153 2556 4221 parit;
2590 4161 2648 4208 ut
2672 4169 2832 4222 quem
2861 4156 2915 4210 in
2937 4157 3120 4212 cordis
3147 4159 3375 4228 quisque
3398 4160 3695 4216 visceribus

2107 4250 2308 4310 portat,
2331 4257 2428 4312 per
2446 4243 2558 4298 oris
2585 4243 2816 4298 ofﬁcium
2839 4261 3030 4316 parere
3069 4261 3176 4303 non
3197 4249 3440 4316 omittat;
3463 4259 3520 4306 et
3550 4251 3696 4320 quod

2109 4335 2348 4403 concipit
2377 4335 2429 4390 in
2458 4336 2623 4390 corde
2670 4352 2770 4406 per
2810 4339 3114 4408 coccinum,
3164 4342 3346 4411 pariat
3389 4343 3442 4399 in
3466 4359 3563 4400 ore
3595 4359 3694 4414 per

2107 4426 2508 4495 praedicationis
2529 4430 3002 4495 sancue'rugitum.
3030 4431 3320 4488 Fervorem
3343 4449 3473 4505 ergo
3497 4435 3694 4491 divina:

2107 4518 2390 4574 charitatis
2421 4520 2474 4574 in
2503 4519 2784 4576 Sunamite
2804 4524 3158 4594 concipimus,
3191 4536 3250 4580 ut
3297 4529 3694 4597 praedicationis

2109 4613 2343 4681 rugitum
2372 4611 2574 4683 Abisag
2599 4614 2754 4682 quasi
2801 4614 3045 4670 sobolem
3073 4619 3373 4686 pariamus.

2710 4706 2940 4762 CAPUT
2991 4708 3055 4762 II.

2106 4795 2174 4850 In
2194 4799 2412 4864 epistola
2431 4807 2501 4852 ad
2513 4799 2834 4926 Atbericum;
2858 4801 2947 4922 ubi
2965 4817 3122 4923 stuper
3130 4801 3304 4856 decem
3319 4804 3689 4874 qumstiom'bus

2835 4887 2924 4924 rac
2946 4887 2978 4922 α
3005 4909 3022 4925 .

2835 4887 3022 4925 ructat.

2178 4959 2290 5030 Ego
2319 4960 2538 5029 saepius,
2591 4959 2782 5025 fateor,
2829 4959 3071 5017 dubitavi
3121 4977 3219 5018 cur
3264 4962 3432 5019 David
3460 4965 3598 5022 Joab
3631 4976 3692 5022 et

2108 5049 2309 5117 Semei,
2335 5053 2529 5122 quibus
2556 5053 2727 5108 iratus
2755 5061 2898 5120 erat,
2921 5053 3048 5108 dum
3091 5055 3268 5110 adhuc
3309 5056 3534 5121 viveret,
3579 5057 3689 5112 cle-

2107 5155 2320 5200 menter
2350 5146 2600 5213 indulsit;
2631 5149 2870 5202 moriens
2909 5156 3090 5202 autem
3140 5146 3416 5203 Salomoui
3468 5148 3690 5204 sibimet

2111 5237 2162 5291 in
2185 5247 2392 5308 sceptra
2423 5239 2566 5309 regia
2600 5240 2906 5295 succedenti
2939 5239 3683 5309 perdendosessemandavit.

431 5333 618 5380 norem
701 5329 791 5382 Dei
866 5329 1043 5387 Patris
1118 5334 1390 5404 signiﬁca;
1459 5339 1686 5408 gratiam
1716 5355 1731 5403 ς
1796 5341 2003 5410 mgnus
2032 5309 2083 5368 Β
2115 5345 2133 5380 ι
2164 5327 2267 5396 Τιι,
2291 5329 2486 5398 inquit,
2516 5330 2655 5384 nosti
2684 5346 2804 5400 qua:
2830 5330 3022 5384 fecerit
3051 5330 3182 5384 mihi
3208 5328 3344 5385 Joab
3385 5331 3527 5385 filius
3553 5333 3683 5386 Sar-

427 5425 642 5481 autem,
704 5420 1081 5478 vehementem
1138 5434 1340 5482 sancta:
1401 5429 1803 5498 praedicationis
1859 5432 2000 5486 indi-

427 5517 511 5562 cat
573 5506 868 5578 fremitum,
925 5524 984 5570 ut
1046 5515 1252 5574 leonem
1311 5520 1378 5574 de
1434 5520 1572 5575 tribu
1625 5520 1793 5588 Juda,
1849 5525 2001 5592 quasi

426 5614 522 5669 per
568 5599 900 5660 intonantem
939 5618 1139 5665 sanare
1167 5611 1564 5681 praedicationis
1605 5611 1879 5670 fremitum
1924 5616 2002 5670 in-

425 5700 601 5756 sonet,
626 5695 869 5766 quisquis
893 5698 944 5752 in
972 5699 1193 5769 Abisag.
1221 5702 1271 5757 id
1294 5711 1396 5768 est,
1426 5704 1689 5776 religiosa:
1718 5707 1839 5760 vita:
1858 5722 2002 5761 com-

425 5779 666 5848 plexibus
722 5785 885 5856 jacet.
948 5787 1243 5847 Sunanzitis
1301 5804 1480 5850 autem
1537 5794 1592 5852 in
1660 5808 1844 5854 nostra
1901 5797 2002 5854 lin-

2111 5420 2229 5484 vim,
2255 5433 2372 5488 qua:
2398 5419 2590 5474 fecerit
2609 5420 2820 5474 duobus
2839 5421 3174 5492 principibus
3197 5424 3470 5479 exercitus
3497 5424 3681 5487 Israel,

2109 5511 2292 5566 Abner
2317 5511 2427 5566 tilio
2457 5511 2564 5566 Ner
2591 5523 2648 5566 et
2673 5510 2888 5567 Amasze
2913 5513 3023 5569 tilio
3071 5513 3281 5580 Jethcr,
3309 5531 3446 5586 quos
3487 5516 3684 5571 occidit

2107 5614 2163 5660 et
2205 5604 2392 5661 effudit
2422 5606 2741 5676 sanguinem
2774 5606 2897 5661 belli
2930 5607 2984 5661 in
3042 5620 3194 5677 pace.
3239 5626 3259 5661 ι
3309 5609 3485 5677 Atque
3523 5609 3686 5678 paulo

2111 5707 2232 5768 post
2253 5697 2492 5753 addidit:
2521 5717 2539 5750 ι
2577 5698 2766 5755 Facies
2795 5714 2925 5772 ergo
2975 5700 3130 5770 juxta
3159 5701 3480 5772 sapientiam
3511 5713 3676 5762 tuam,

2109 5801 2162 5846 et
2185 5807 2290 5846 non
2321 5790 2555 5848 deduces
2591 5790 2845 5849 canitiem
2873 5794 2990 5866 ejus
3035 5792 3262 5864 paeiﬁce
3290 5794 3357 5849 ad
3407 5792 3623 5849 inferos.
3657 5810 3676 5842 ι
