4058 6178
349 371 486 426 IIIS

347 508 425 564 De
445 504 627 562 Semei
655 520 869 575 quoque
891 503 970 558 sic
995 502 1100 556 ait:
1139 521 1158 553 ι
1193 500 1370 558 Habes
1398 512 1451 558 et
1477 501 1658 559 Scmei
1684 503 1823 574 apud
1852 512 1924 569 te,
1953 494 1999 550 Δ

350 602 520 654 filium
546 597 704 662 (ἔργει,
744 596 832 649 lili
879 594 1092 649 Gemini
1126 595 1191 648 de
1235 593 1472 657 Baurim,
1529 595 1620 664 qui
1654 594 1933 649 maledixit

351 693 484 746 mihi
513 688 883 743 maledictione
898 687 1149 755 pessima,
1182 686 1396 754 quando
1420 686 1560 740 ibam
1587 688 1651 740 ad
1674 695 1872 740 castra.
1909 703 1928 737 ι

1232 368 1734 427 COLLECTANEA
1801 368 1865 424 ΙΝ
1907 369 2135 424 VETUS
2171 370 2721 428 TESTAMENTUM.

3479 375 3642 434 i116

2631 505 2858 562 CAPUT
2897 507 2983 563 ill.

2341 594 2408 649 In
2440 597 2657 666 epistola
2679 598 2750 651 ad
2773 598 3019 669 Agnclem
3047 601 3300 670 reginam.

2112 701 2130 734 ι
2154 683 2222 738 Et
2248 684 2484 740 habebat
2509 685 2765 741 Salomon
2793 689 3147 759 quadraginta
3175 690 3339 744 millia
3361 692 3641 762 prmsepia

353 778 1938 851 Denique,quibusdaminterpositis,addidit:rDuc-eaque
2031 791 2296 846 equorum
2335 778 2618 832 currilium
2668 789 2723 834 et
2773 782 3060 836 duodecim
3111 786 3444 853 equestrium
3487 782 3643 854 (III

352 890 518 927 (annos
543 872 658 940 ejus
679 886 798 925 cum
817 870 1078 938 sanguine
1108 870 1161 922 in
1181 869 1450 922 infernum
1481 869 1610 940 (111
1637 869 1763 939 Reg.
1789 869 1887 939 ιι).
1911 888 1929 920 ι

353 965 491 1036 Quid
515 974 590 1016 cst
629 964 772 1015 enim
803 961 944 1029 quod
972 975 1064 1013 eos
1095 960 1259 1013 David
1305 960 1542 1014 mmiens
1572 961 1791 1013 damnat
1820 958 1942 1028 qui-

354 1057 454 1108 bus
478 1053 710 1108 vivendo
739 1059 1078 1121 pepercerat,
1106 1065 1226 1103 cum
1257 1050 1498 1119 profecto
1533 1051 1756 1104 rationis
1805 1051 1940 1105 ordo

350 1144 608 1211 deposcat
636 1143 766 1196 utin
802 1141 1224 1210 perduelliones,
1254 1141 1339 1195 vel
1371 1140 1644 1210 quoslibet
1691 1141 1940 1196 inimicos

352 1248 537 1286 v.vens
567 1233 891 1286 sententiam
917 1230 1138 1284 ultiOnis
1167 1241 1436 1297 exureret,
1480 1232 1716 1287 moriens
1759 1242 1941 1286 autem

351 1326 432 1378 eis
464 1325 884 1378 misericorditer
913 1326 964 1377 in
989 1323 1247 1394 lnlgeret?
1271 1323 1376 1378 Sed
1403 1325 1677 1378 sciendum
1700 1334 1784 1378 est
1817 1323 1943 1392 quia

352 1433 453 1486 per
488 1431 709 1488 regnum
737 1416 922 1482 David,
953 1415 1044 1485 qui
1079 1417 1636 1484 lotpersecutionibus
1659 1426 1714 1470 et
1745 1430 1942 1469 (enim-

355 1509 444 1563 nis
479 1509 724 1573 attritus,
761 1517 839 1561 tct
893 1507 1315 1561 adversilatibus
1359 1516 1413 1562 et
1446 1507 1640 1577 inopiis
1684 1522 1805 1560 cum
1834 1505 1946 1560 suis

352 1599 814 1655 commilitonibus
846 1608 927 1652 est
953 1598 1206 1663 amictus,
1248 1599 1349 1652 hoc
1405 1612 1643 1666 praesens
1690 1595 1945 1651 saeculum

353 1689 688 1759 designatur,
717 1689 772 1743 in
796 1703 902 1757 quo
929 1705 1049 1743 cum
1080 1688 1194 1743 suis
1242 1687 1501 1743 membris
1533 1688 1784 1744 Christus
1809 1687 1941 1740 alili-

354 1780 500 1848 gitur
557 1760 848 1848 multisque
881 1779 1316 1834 tribulationibus
1363 1777 1604 1832 Ecclesia
1655 1778 1944 1832 laceratur.

2038 867 2167 938 Reg.
2197 869 2302 941 tv).
2341 889 2356 920 ι
2393 869 2530 934 Quid
2557 886 2651 940 per
2691 875 3102 941 quaternarium
3151 891 3460 941 numerum,
3518 875 3644 931 nisi

2038 959 2298 1029 quadriga
2329 963 2671 1030 praastruitur
2697 965 3198 1034 evangelistarum?
3253 967 3321 1021 Et
3369 969 3496 1037 quid
3528 982 3648 1037 per

2039 1048 2458 1115 duodenarium,
2493 1051 2594 1106 nisi
2627 1063 2847 1110 senatus
2870 1056 3196 1124 exprimitur
3223 1057 3647 1126 apostolorum?

2040 1140 2145 1196 Per
2159 1143 2457 1198 doctrinam
2474 1147 2672 1216 quippe
2686 1146 3058 1217 evangelicum
3082 1157 3137 1202 et
3168 1147 3517 1218 apostolicam
3538 1163 3649 1202 vc-

2043 1243 2222 1290 ctatur
2252 1237 2510 1291 Dominus
2540 1253 2637 1306 per
2663 1252 2877 1293 omnem
2906 1238 3244 1292 latitudinem
3277 1238 3425 1293 orbis
3456 1247 3647 1292 terra-

2045 1340 2186 1377 rum.
2223 1342 2242 1376 (
2300 1325 2512 1381 Currtts
2563 1328 2710 1381 enim
2732 1327 2829 1383 Dei
2859 1327 3046 1382 decem
3062 1327 3298 1382 millibus
3327 1327 3643 1396 multiplex,

2045 1416 2213 1470 millia
2247 1416 2576 1484 hctantium;
2610 1417 2872 1473 Dominus
2892 1419 2944 1473 in
2973 1418 3101 1484 illis,
3128 1419 3181 1472 in
3208 1418 3336 1472 Sina
3361 1419 3413 1472 in
3437 1428 3647 1472 sancto

2047 1506 2234 1576 (Psal.
2264 1523 2408 1563 vau
2429 1509 2468 1580 ).
2508 1529 2526 1560 ι
2561 1509 2695 1564 Nam
2722 1510 2850 1582 quia
2879 1508 3010 1566 Sina
3040 1509 3642 1564 mandatuminterore-

2047 1608 2213 1658 tatur.
2247 1610 2461 1654 constat
2488 1601 2538 1654 in
2566 1603 2644 1657 eis
2677 1603 3051 1656 tantummodo
3072 1600 3276 1656 vectari
3318 1599 3642 1660 Dominum,

2048 1691 2136 1744 ubi
2169 1691 2226 1744 fit
2247 1693 2546 1747 caelestium
2572 1694 2880 1750 observatio
2900 1694 3299 1748 mandatorum.
3331 1689 3648 1744 Notandum

2049 1792 2229 1835 autem
2261 1785 2386 1851 quia
2413 1783 2553 1837 sicut
2582 1784 2749 1840 David
2783 1799 3027 1854 regnum,
3054 1783 3144 1851 qui
3179 1791 3256 1835 tot
3288 1790 3371 1835 est
3421 1793 3649 1850 pressu-

356 1870 603 1938 Regnum
635 1887 761 1924 vero
785 1872 1113 1937 Salomonis,
1147 1871 1238 1940 qui
1268 1870 1475 1924 divitiis
1518 1878 1572 1924 et
1607 1868 1780 1939 gloria
1813 1886 1946 1923 cun-
1977 1844 2022 1902 Β
2054 1873 2128 1926 ris
2153 1844 2396 1938 attritus,
2434 1875 2720 1928 Dominum
2772 1844 3024 1944 designat
3069 1844 3124 1926 in
3178 1844 3435 1926 mortalis
3461 1868 3648 1923 adhuc

355 1971 446 2018 uta
499 1961 759 2031 regalium
811 1960 1131 2031 dignitatum
1174 1961 1303 2031 jura
1353 1959 1710 2025 transcendit,
1761 1960 1943 2014 otnuia

359 2051 678 2122 principalis
712 2052 929 2123 imperii
961 2053 1178 2124 fastigia
1231 2053 1530 2124 superavit,
1585 2053 1782 2107 futura:
1823 2053 1947 2107 vita:

360 2142 644 2197 denuntiat
692 2145 939 2213 gloriam,
989 2143 1175 2212 inqua
1223 2142 1474 2198 Christus
1528 2158 1656 2198 vere
1684 2142 1947 2212 pacificus

359 2243 566 2288 aeterna
592 2250 713 2289 cum
743 2235 856 2291 suis
884 2234 1067 2305 quiete
1108 2234 1408 2304 perfruitur
1431 2251 1496 2290 ac
1535 2235 1789 2292 caelestis
1819 2249 1950 2290 con-

334 2381 338 2384 ,
363 2325 491 2378 vivii
513 2324 745 2395 dapibus
772 2324 1088 2380 solemniter
1122 2325 1391 2395 epulatur.

436 2415 586 2471 Unus
607 2416 772 2486 igitur
814 2415 1065 2486 idemque
1115 2415 1448 2487 Redemptor
1487 2425 1676 2473 noster
1701 2428 1759 2473 et
1808 2433 1952 2476 nunc

361 2509 531 2564 David
559 2517 665 2573 est,
690 2517 746 2562 et
778 2516 904 2563 tunc
929 2507 1180 2564 Salomon
1212 2509 1348 2574 erit;
1381 2509 1506 2580 quia
1538 2519 1595 2564 et
1631 2511 1790 2564 modo
1833 2520 1955 2566 tan-

358 2613 523 2668 quam
547 2612 709 2654 mauu
746 2597 903 2653 fortis
929 2613 1028 2668 per
1055 2599 1300 2653 membra
1322 2615 1420 2654 sua
1445 2609 1634 2654 contra
1676 2599 1954 2676 diabolum.

361 2706 604 2762 pugnare
629 2706 738 2745 non
765 2691 982 2753 desinit,
1024 2700 1079 2746 et
1135 2699 1262 2746 tunc
1310 2690 1487 2760 sopita
1518 2691 1684 2761 206
1727 2701 1956 2760 prorsus

365 2783 514 2838 omni
545 2782 729 2838 carnis
751 2791 806 2836 et
829 2782 1055 2852 Spiritus
1113 2782 1510 2844 controversia,
1565 2797 1691 2836 cum
1727 2797 1956 2851 corpore

365 2888 487 2940 suo,
515 2874 763 2943 quodest
807 2873 1068 2937 Ecclesia,
1117 2883 1175 2927 ut
1214 2888 1402 2926 revera
1443 2873 1703 2943 pacificus
1753 2883 1956 2928 aeterna

372 2963 768 3034 tranquillitate
797 2965 1064 3033 regnabit.
1121 2965 1277 3019 Nunc
1319 2965 1371 3018 in
1417 2966 1608 3020 electis
1657 2966 1769 3020 suis
1800 2967 1957 3034 quasi

367 3057 534 3113 David
563 3056 934 3112 calamitatum
961 3054 1201 3112 fascibus
1222 3057 1504 3125 premitur,
1522 3059 1958 3127 persecutionum

369 3164 434 3203 ac
467 3148 696 3202 diversis
732 3147 1118 3202 adversitatum
1147 3148 1418 3218 prcssuris
1446 3158 1686 3219 urgetur,
1735 3149 1961 3204 tribula-

373 3239 608 3295 tionibus
628 3248 684 3293 et
712 3239 970 3293 utrumuis
998 3239 1272 3305 atteritur,
1302 3240 1644 3309 ρυεῑιιίοάιιηι
1699 3250 1956 3311 tanquam

373 3331 628 3386 Salomon
659 3331 975 3386 exuberanti
1028 3330 1336 3385 divitiarum
1397 3331 1780 3386 immortalium
1803 3333 1959 3403 copia

369 3423 626 3492 potietur.
654 3422 822 3476 David
848 3437 978 3491 ergo
1010 3422 1194 3477 vivens
1218 3422 1434 3486 tolerat,
1458 3423 1664 3492 quosin
1696 3422 1802 3476 fine
1830 3438 1962 3479 con-

375 3514 614 3578 demnat,
644 3513 768 3582 quia
789 3512 955 3582 judex
999 3512 1217 3566 lunuani
1244 3511 1459 3582 generis
1503 3510 1769 3573 Christus.
1800 3527 1960 3582 quem

377 3604 466 3658 ille
495 3605 765 3674 signabat,
801 3603 906 3657 illis
929 3618 1072 3657 nunc
1116 3601 1543 3656 misericorditer
1569 3603 1747 3673 parcit
1768 3604 1964 3672 quibus

379 3697 434 3750 in
462 3696 566 3750 line
591 3696 770 3751 seaculi
801 3697 1125 3750 sentmtiam
1157 3693 1304 3762 juste
1335 3695 1700 3750 damnationis
1751 3695 1964 3765 infligit.

382 3789 552 3843 David
583 3790 764 3858 itaque
809 3789 1236 3843 misericordiam
1275 3799 1552 3859 prorogat,
1578 3788 1832 3842 Salomon
1880 3788 1967 3858 ju-

377 3879 584 3934 stitiam
606 3879 834 3954 judicat,
859 3879 984 3948 quia
1015 3893 1154 3933 unus
1197 3878 1446 3947 idemque
1504 3878 1831 3947 Redemptor
1875 3895 1969 3932 nu-

381 3980 494 4025 ster
522 3979 579 4026 et
618 3986 760 4025 nunc
807 3971 962 4041 quasi
1023 3970 1188 4025 David
1239 3971 1593 4041 reproborum
1652 3970 1970 4040 iniquitates

383 4062 760 4130 aequanimiter
785 4062 1000 4129 tolerat,
1029 4071 1084 4117 et
1125 4063 1466 4131 postmodum
1504 4070 1760 4131 tanquam
1816 4062 1970 4116 Salo-

383 4171 537 4219 mon,
569 4154 626 4209 in
655 4154 824 4226 gloria
849 4169 946 4209 sua
974 4155 1217 4218 veniens,
1239 4168 1334 4209 eos
1358 4155 1512 4224 quasi
1539 4155 1751 4209 vibrato
1783 4153 1972 4221 judirii

381 4246 462 4297 sui
489 4259 748 4300 mucrone
773 4245 1026 4299 trucidat.
1060 4245 1187 4298 Haec
1212 4245 1497 4298 alternitas
1509 4243 1678 4297 divini
1706 4241 1974 4297 examinis

385 4337 698 4402 frequenter
745 4335 796 4388 in
847 4335 1054 4388 eisdem
1089 4334 1437 4388 sermonibus
1483 4334 1782 4396 invenitur,
1829 4332 1972 4386 sicut

389 4426 528 4479 illic:
567 4443 584 4474 ι
613 4424 1068 4487 Misericordiam,
1103 4424 1297 4492 inquit,
1349 4433 1406 4477 et
1444 4423 1708 4490 judicium
1738 4424 1970 4476 cantabo

390 4515 509 4579 tibi,
561 4515 786 4568 Domine
839 4514 1146 4584 (Psal.c):
1182 4532 1201 4564 ι
1244 4515 1341 4566 Et:
1389 4529 1407 4563 ι
1458 4511 1882 4568 Misericordiam
1913 4521 1970 4567 et

388 4611 668 4662 veritatem
689 4607 863 4680 diligit
902 4607 1042 4661 Deus
1068 4604 1247 4685 (μοι.
1271 4606 1542 4677 suam):
1592 4603 1968 4661 Misericordia

388 4711 436 4754 et
461 4699 665 4754 veritas
693 4700 1046 4754 obviavcrunt
1069 4699 1169 4753 sibi
1195 4695 1377 4768 (Paul.
1402 4699 1660 4767 Lxxmv).
1703 4717 1721 4749 ι
1753 4695 1844 4752 Sic
1870 4698 1972 4752 ita-

385 4807 494 4862 que
520 4793 645 4846 dutn
666 4791 1041 4847 misericordia
1071 4791 1307 4853 veritati,
1335 4791 1494 4859 quasi
1543 4789 1709 4844 David
1759 4803 1970 4861 praepo-

389 4885 538 4939 nitur
566 4881 873 4944 Salomoni;
902 4893 958 4935 ut
977 4897 1114 4951 quos
1140 4881 1225 4952 pie
1241 4881 1407 4935 David
1433 4895 1530 4950 per
1543 4881 1971 4935 misericordiam

391 4973 644 5038 sustinet,
698 4972 952 5026 Salomon
1001 4987 1098 5042 per
1129 4971 1394 5040 judicium
1442 4969 1590 5038 juste
1627 4972 1971 5026 condemnet.

395 5066 459 5120 Et
491 5066 783 5120 notandum
817 5064 961 5135 quod
1007 5079 1102 5134 per
1145 5061 1302 5129 Joab,
1333 5063 1426 5133 qui
1466 5065 1580 5119 suis
1627 5062 1980 5119 homicidium

393 5157 644 5212 manibus
679 5156 1037 5227 perpetravit,
1073 5154 1148 5209 illi
1178 5155 1536 5225 designantur
1562 5155 1653 5224 qui
1700 5153 1842 5208 mala
1891 5151 1976 5206 fa-

393 5252 575 5317 ciunt;
611 5264 707 5320 per
741 5248 921 5304 Semei
949 5263 1098 5313 vero,
1128 5248 1219 5318 qui
1248 5248 1360 5319 regi
1413 5229 1788 5304 tantummodo
1813 5245 1980 5301 male-

394 5342 625 5407 dixerat,
653 5341 729 5396 illi
754 5340 968 5411 figurati
1004 5338 1248 5409 sunt'qui
1293 5355 1453 5408 prava
1499 5339 1810 5410 loquuntur.
1842 5335 1976 5391 Nam

388 5445 450 5488 et
472 5435 525 5488 bi
554 5435 645 5504 qui
669 5433 919 5504 nequiter
945 5441 1132 5504 agunt,
1168 5441 1222 5486 et
1254 5431 1328 5486 illi
1382 5432 1474 5502 qui
1504 5432 1845 5487 sermonibus
1899 5444 1982 5484 re-

401 5528 584 5592 probis
613 5542 675 5581 ac
726 5526 876 5580 falsis
907 5525 1186 5590 insistunt,
1216 5524 1272 5578 in
1318 5533 1576 5580 extremae
1625 5522 1981 5580 discussionis

403 5616 651 5669 examine
679 5617 862 5685 procul
888 5617 1048 5671 dubio
1071 5616 1500 5684 damnabuntur;
1527 5617 1668 5673 sicut
1704 5617 1845 5671 idem
1880 5619 1982 5672 Da—

405 5707 494 5760 vid
518 5708 622 5760 ait:
648 5724 667 5756 c
699 5705 872 5762 Odisti
900 5723 1090 5764 omnes
1121 5709 1211 5781 qui
1265 5720 1558 5780 operantur
1603 5711 1976 5782 iniquitatem;

401 5797 595 5866 perdes
624 5811 714 5852 eos
743 5797 835 5866 qui
864 5797 1158 5867 loquuntur
1186 5802 1525 5860 mendacium
1554 5800 1735 5874 (Psal.
1764 5803 1845 5873 v).
1885 5825 1901 5856 ι

2050 1961 2176 2016 vita:
2204 1963 2378 2017 stadio
2406 1963 2762 2028 laborantem,
2789 1964 2870 2018 sic
2897 1962 3205 2018 Salomonis
3227 1961 3385 2015 istius
3431 1959 3647 2014 incom-

2051 2053 2308 2120 parabilis
2332 2053 2500 2123 gloria
2525 2051 3190 2124 prmliguratur,eumdem
3210 2049 3491 2104 Dominum
3519 2054 3648 2117 post

2055 2143 2236 2198 mundi
2267 2141 2427 2198 finem
2455 2144 2508 2198 in
2539 2144 2748 2213 paterni
2798 2141 3048 2196 culminis
3084 2138 3369 2208 majestate
3409 2151 3649 2207 regnan-

2054 2235 2184 2289 tem.
2217 2233 2282 2287 Et
2302 2235 2641 2304 przecedebat
2663 2233 2924 2302 sapientia
2958 2230 3269 2286 Salomonis
3316 2227 3644 2298 sapientiam

2054 2327 2292 2381 onmium
2326 2325 2680 2381 Orientalium
2709 2335 2763 2380 et
2789 2323 3190 2395 Egyptiorum,
3222 2320 3347 2390 quia
3387 2319 3649 2374 nimirum

2056 2417 2390 2489 Redemptor
2422 2428 2604 2476 noster
2633 2427 2852 2488 superat
2881 2417 3214 2473 intellectum
3243 2427 3297 2471 et
3322 2412 3646 2486 angelorum

2057 2517 2113 2564 et
2147 2508 2446 2564 hominum.

2586 2599 2749 2672 θοι]
2786 2598 3012 2656 CAPUT
3051 2597 3139 2654 tv.

2598 2693 2665 2748 In
2691 2694 2873 2748 eadem
2895 2690 3144 2761 epistola.

2132 2786 2208 2841 De
2259 2784 2350 2841 illo
2383 2799 2599 2854 quoque
2630 2783 2862 2838 dicitur:
2908 2801 2925 2833 ι
2977 2782 3113 2849 Quia
3166 2781 3376 2835 locutus
3420 2787 3504 2834 est
3542 2776 3651 2832 tria

2060 2879 2227 2934 millia
2252 2878 2557 2948 parabolas,
2607 2888 2661 2930 et
2686 2876 2904 2930 fuerunt
2954 2879 3195 2930 carmina
3230 2871 3348 2941 ejus
3404 2871 3650 2940 quinque

2061 2970 2264 3034 millia;
2295 2988 2313 3020 ι
2348 2969 2434 3023 ubi
2460 2976 2658 3039 pra-sto
2711 2965 3081 3037 subjungitur:
3117 2982 3136 3015 ε
3174 2962 3309 3030 Quia
3359 2957 3653 3030 disputavit

2062 3063 2230 3126 etiam
2257 3075 2420 3130 super
2454 3059 2614 3130 lignis
2642 3074 2671 3112 a
2695 3058 2857 3113 cedro
2886 3073 3004 3126 quae
3025 3065 3109 3112 est
3131 3056 3184 3109 in
3229 3054 3439 3108 Libano
3477 3065 3654 3120 usque

2064 3155 2129 3208 ad
2160 3153 2452 3223 hyssopum
2503 3167 2622 3222 qua:
2649 3151 2923 3220 egreditur
2953 3151 3017 3205 de
3049 3149 3276 3219 pariete,
3303 3153 3358 3200 et
3398 3142 3656 3198 disseruit

2061 3245 2425 3316 dejumentis,
2449 3253 2503 3299 et
2526 3243 2856 3306 volucribus,
2885 3250 2939 3296 et
2970 3240 3271 3310 reptilibus,
3317 3248 3372 3292 et
3413 3236 3655 3306 piscibus

2065 3336 2194 3408 (III
2232 3335 2356 3405 ch.
2387 3347 2496 3405 IV).
2533 3353 2550 3384 ι
2588 3333 2720 3400 Qum
2771 3332 3027 3386 videlicet
3071 3330 3417 3399 Redemptori
3463 3335 3654 3382 nostro

2067 3445 2169 3482 non
2195 3427 2486 3494 ambigitur
2513 3437 2706 3480 cuncta
2735 3437 3060 3492 congruere,
3086 3421 3171 3475 cui
3203 3429 3362 3490 vacat
3395 3419 3508 3473 lucc
3562 3417 3647 3471 di-

2063 3519 2248 3588 ligenti
2275 3517 2706 3571 consideratione
2751 3525 3004 3569 tractare.
3063 3513 3182 3583 Ipse
3241 3510 3514 3566 mimirum
3547 3509 3653 3562 tria

2066 3611 2233 3664 millia
2266 3608 2551 3678 parabolas
2578 3617 2661 3662 est
2683 3607 2912 3671 locutus,
2939 3607 3028 3676 qui
3053 3615 3107 3660 et
3137 3619 3235 3674 per
3259 3604 3484 3673 mystica
3509 3617 3654 3671 pra:-

2069 3702 2374 3757 ce:lentium
2411 3700 2552 3755 facta
2574 3709 2627 3755 et
2652 3716 2748 3770 per
2767 3699 3053 3771 allegorica
3092 3698 3481 3768 prophetarum
3529 3708 3660 3750 ora-

2069 3795 2208 3856 cula,
2242 3793 2322 3848 vel
2348 3793 2511 3847 etiam
2535 3807 2631 3860 per
2653 3791 2990 3846 coruscantis
3009 3791 3282 3862 Evangelii
3306 3790 3654 3852 documenta,

2069 3885 2194 3940 dtnn
2227 3885 2326 3938 sub
2357 3885 2646 3954 ﬁgurarum
2681 3883 2948 3938 velamine
2978 3897 3116 3950 pene
3151 3889 3345 3936 cuneta
3375 3880 3656 3945 disseruit,

2069 3976 2223 4046 quasi
2251 3975 2355 4028 tria
2380 3973 2545 4029 millia
2575 3974 2627 4028 in
2659 3975 2841 4029 verbis
2863 3973 2977 4027 suis
3013 3972 3297 4041 parabolas
3329 3969 3657 4024 numeravit.

2077 4069 2226 4123 Unde
2251 4067 2384 4122 etin
2437 4065 2730 4136 Evangelia
2783 4065 3069 4119 Matthmus
3103 4065 3208 4118 ait:
3243 4083 3262 4114 ‹
3310 4061 3436 4118 [hec
3477 4061 3660 4116 omnia

2074 4142 2289 4216 locutus
2318 4167 2402 4215 est
2422 4158 2579 4214 Jesus
2609 4159 2660 4212 in
2703 4156 2975 4228 parabolis
3001 4155 3066 4209 ad
3094 4157 3302 4220 turbas,
3333 4162 3390 4208 et
3416 4153 3532 4208 sine
3557 4166 3658 4222 pa-

2076 4253 2276 4308 rabolis
2323 4267 2431 4307 non
2474 4247 2794 4320 loquebatur
2818 4250 2897 4304 eis
2944 4247 3173 4319 (Matth.
3218 4249 3376 4318 xm).
3419 4263 3437 4298 ι
3495 4243 3660 4311 Cujus

2074 4345 2236 4398 etiam
2284 4344 2528 4398 carmina
2577 4341 2816 4411 quinque
2867 4339 3032 4394 millia
3077 4348 3236 4404 sunt,
3286 4333 3411 4406 quia
3459 4334 3660 4392 chorus

2074 4435 2509 4506 virginum,qu
2559 4433 2659 4487 sub
2711 4431 2960 4501 quinario
3011 4443 3238 4484 nuu.cro
3284 4423 3662 4481 describuntur

2000 4554 2046 4612 Ι)
2076 4532 2203 4577 ante
2234 4523 2486 4577 thronum
2519 4521 2655 4589 ejus,
2687 4522 2826 4575 sicut
2851 4520 3088 4574 Joannes
3124 4520 3176 4572 in
3209 4515 3527 4586 Apocalypsi
3566 4508 3657 4566 div

2080 4617 2189 4670 cit:
2222 4633 2240 4666 α
2279 4616 2563 4670 Canticum
2620 4631 2816 4668 novtlm
2865 4614 3067 4684 jugiter
3120 4611 3427 4665 modulatur
3471 4609 3662 4679 (Apoc.

2081 4707 2227 4779 xw).
2266 4725 2286 4761 ι
2340 4705 2437 4762 Vel
2480 4707 2605 4777 quia
2637 4706 2876 4776 quinque
2935 4711 3063 4758 sunt
3125 4702 3352 4757 vulnera
3401 4699 3665 4755 Dominici

2080 4798 2341 4868 corporis,
2374 4798 2568 4867 quibus
2597 4812 2694 4867 per
2726 4797 3037 4851 universum
3075 4795 3262 4850 orbem
3323 4789 3668 4859 triumphalis

2080 4887 2199 4958 ejus
2218 4889 2389 4960 gloria
2411 4889 2762 4958 praedicatur,
2793 4888 2892 4944 sub
2921 4887 3110 4942 eodem
3153 4898 3380 4939 numero
3425 4881 3672 4935 carmina

2082 4992 2467 5053 supputantur,
2492 4983 2591 5037 sub
2621 4997 2728 5052 quo
2762 4989 3015 5036 tenentur
3038 4990 3092 5034 et
3122 4981 3365 5043 vulnera,
3399 4993 3495 5048 per
3549 4991 3674 5046 qua

2069 5073 2306 5128 victoria
2331 5073 2623 5142 singularis
2642 5073 2815 5127 laudis
2827 5081 3043 5128 atteram
3057 5070 3283 5142 gloriam
3304 5076 3657 5140 promeretur-

2084 5161 2238 5218 Unde
2261 5178 2383 5218 cum
2417 5164 2468 5216 in
2489 5161 2731 5218 Cantieis
2755 5163 2986 5217 dicitur:
3018 5179 3036 5211 ι
3073 5161 3267 5231 Surge,
3317 5160 3490 5213 amica
3527 5173 3669 5224 mea,

2078 5267 2274 5320 sponsa
2303 5266 2445 5317 mea,
2472 5261 2527 5306 et
2571 5252 2718 5318 veni,
2756 5252 3003 5307 columba
3039 5267 3182 5314 mea,
3214 5251 3264 5304 in
3316 5247 3678 5304 foraminibus

2079 5353 2247 5413 petra:
2272 5345 2406 5399 etin
2456 5359 2690 5399 caverna
2747 5344 3027 5408 maceria}:
3067 5363 3084 5395 ι
3143 5341 3392 5412 protinus
3421 5340 3674 5395 additur:

2094 5455 2112 5488 ι
2141 5434 2378 5493 Ostende
2403 5437 2532 5492 mihi
2561 5436 2750 5492 faciem
2784 5447 2963 5500 tuam;
2999 5447 3153 5490 sonet
3186 5449 3284 5488 vox
3326 5446 3414 5488 tua
3445 5435 3497 5488 in
3530 5432 3680 5487 auri—

2086 5533 2190 5585 bus
2217 5529 2375 5594 meis,
2401 5531 2526 5600 quia
2549 5545 2650 5586 vox
2681 5540 2768 5586 tua
2799 5529 2970 5583 dulcis
3002 5527 3189 5599 (Cant.
3218 5528 3323 5599 n):
3360 5547 3378 5580 ι

2154 5619 2297 5676 Sane
2324 5621 2450 5691 quia
2475 5636 2582 5676 non
2612 5621 2729 5676 haec
2766 5628 2956 5676 exacte
2981 5627 3299 5682 tractamus,
3341 5617 3436 5674 sed
3459 5613 3676 5672 succin-

2089 5713 2568 5785 cte,;celertterque
2584 5712 3032 5777 transcurrimus,
3054 5708 3283 5766 subiciat
3305 5710 3514 5765 dicere:
3540 5707 3678 5773 Quia

2095 5820 2214 5862 cum
2245 5813 2397 5875 petra
2426 5805 2495 5862 sit
2519 5804 2797 5872 Christus,
2822 5803 3085 5861 foramina
3105 5811 3271 5873 petrcc
3301 5801 3485 5874 procul
3514 5799 3682 5857 dubio
