4058 6178
244 417 403 474 ΜΠ·

1538 423 1608 482 ιιι
1643 425 1772 483 UB.
1811 426 1875 483 lll
1912 425 2180 485 REGUM.

3354 419 3512 500 ms

243 530 660 617 suntoDominici
717 531 964 602 corporis
1020 532 1325 591 cicatrices.
1375 533 1484 593 Sed
1535 553 1657 593 cum
1702 548 1821 608 post
1853 547 1896 602 Α
1929 540 2178 609 praesenti
2205 539 2468 608 Ecclesia,
2506 556 2625 610 qua:
2651 540 2885 598 scelestis
2916 543 3056 598 illius
3076 545 3330 603 Ecclesiae
3350 560 3510 603 vesti-

244 625 404 694 hujus
428 631 597 692 petrae
622 621 911 690 foramina,
942 625 1118 682 dulcis
1146 642 1250 682 vox
1277 643 1490 697 sponsae
1535 632 1590 685 in
1641 634 1825 702 sponsi

245 717 470 771 auribus
503 729 702 770 sonare
722 717 1054 787 praecipitur,
1079 719 1209 788 quid
1233 719 1376 775 aliud
1401 736 1562 790 qitam
1591 723 1830 793 quinque

243 807 558 861 vulneribus
603 807 703 863 sub
753 810 944 864 eodem
997 811 1251 878 quinario
1309 828 1534 868 numero
1587 816 1828 868 carmina

244 897 460 951 laudum
496 899 719 952 reddere
745 899 832 968 pia
857 899 1109 968 quaelibet
1138 902 1337 967 anima,
1373 903 1454 957 vel
1502 912 1690 958 sancta
1715 905 1832 958 nni-

241 989 471 1043 versalis
496 989 756 1054 Ecclesia,
789 1002 1186 1054 commonetur,
1211 1001 1269 1046 ut
1294 992 1539 1061 ejusdem
1572 995 1832 1063 quodam-

242 1077 405 1134 modo
431 1079 642 1135 numeri
671 1081 914 1136 carmina
941 1081 1140 1137 referat
1175 1093 1305 1154 quot
1326 1098 1426 1154 per
1473 1099 1533 1139 se
1579 1096 1831 1156 suscepta

240 1169 464 1224 volnera
500 1185 602 1225 non
633 1171 869 1241 ignorat,
923 1172 1111 1244 illique
1162 1184 1390 1232 cunctos
1439 1177 1524 1235 sui
1583 1179 1832 1248 corporis

241 1275 435 1315 sensus
460 1261 695 1322 dedicet,
722 1277 882 1332 quem
905 1265 1132 1320 totidem
1163 1279 1264 1335 pro
1293 1281 1353 1322 se
1382 1268 1686 1323 sauciatum
1716 1268 1834 1324 vul-

241 1351 464 1406 neribus
490 1351 669 1407 videt?
694 1351 945 1424 Quinque
974 1356 1231 1412 nimirum
1247 1366 1556 1414 nostrorum
1573 1375 1830 1416 sensuum

240 1440 486 1504 vulnera,
521 1441 626 1496 illis
651 1444 892 1512 quinque
918 1445 1185 1501 Dominici
1215 1447 1460 1516 corporis
1480 1448 1834 1505 cicatricibus

240 1537 370 1584 sunt
400 1539 609 1585 sanata.
640 1531 796 1600 Quod
815 1548 997 1590 autem
1053 1534 1309 1593 Salomon
1367 1554 1532 1610 super
1583 1541 1744 1611 lignis
1801 1557 1831 1596 a

241 1621 427 1689 cedro,
465 1636 586 1691 qua:
606 1633 692 1680 est
716 1625 771 1679 in
794 1626 1022 1692 Libano,
1062 1643 1233 1699 usque
1253 1631 1324 1684 ad
1353 1633 1670 1702 hy550pum,
1713 1648 1834 1703 qua:

239 1713 516 1782 egreditur
536 1718 602 1771 de
623 1719 853 1786 pariete,
879 1721 1187 1794 disputasse
1203 1723 1432 1788 dicitur;
1463 1725 1554 1780 hic
1579 1740 1833 1783 necessa-

239 1804 324 1858 rio
361 1805 428 1859 al
461 1806 796 1876 Spiritualem
824 1813 1121 1868 remittitur
1159 1814 1518 1883 intellectum,
1551 1831 1676 1872 cum
1716 1817 1835 1872 nul-

240 1897 456 1953 lati-nus
474 1907 624 1955 stare
648 1901 824 1957 valeat
849 1905 1167 1975 superficies
1195 1906 1521 1964 litterarum.
1555 1909 1833 1982 Hyssopus

166 2039 173 2045 .
241 1990 384 2044 enim
417 2006 756 2062 nequaquam
789 1995 854 2049 de
877 1997 1178 2065 parietibus
1207 1999 1412 2069 egredi,
1445 2001 1538 2056 sed
1566 2003 1634 2056 de
1670 2016 1835 2058 saxo-

240 2081 317 2135 sis
345 2083 587 2138 cernitur
609 2084 883 2140 montibus
912 2087 1230 2160 germinari.
1265 2088 1452 2146 Paries
1507 2090 1690 2162 itaque
1730 2109 1831 2149 no-

240 2180 354 2224 ster
388 2171 504 2240 ipsa
538 2173 890 2230 mortalitatis
921 2185 1124 2231 nostra:
1141 2179 1382 2234 conditio
1407 2189 1511 2247 est,
1543 2198 1664 2252 qua:
1687 2198 1785 2238 nos
1803 2199 1834 2238 a

241 2261 706 2329 contemplatione
729 2263 1044 2322 Conditoris
1065 2267 1214 2323 velut
1234 2269 1431 2326 abdita:
1444 2271 1636 2328 domus
1658 2273 1839 2329 obsta-

243 2353 424 2408 cnlum
453 2354 666 2420 dividit,
696 2367 751 2411 et
771 2357 825 2411 in
851 2358 956 2412 ima
974 2359 1289 2429 proclivius,
1313 2362 1583 2419 declinare
1603 2364 1838 2436 compel-

241 2440 326 2495 lit.
355 2460 374 2492 ι
402 2441 610 2512 Corpus
632 2444 774 2498 enim
803 2446 948 2514 quod
999 2448 1388 2518 corrumpitur,
1445 2461 1704 2522 aggravat
1725 2452 1838 2507 ani-

243 2544 425 2595 mam;
451 2539 506 2586 et
531 2532 785 2601 deprimit
817 2541 1030 2589 terrena
1055 2536 1374 2592 inhabita-tio
1401 2552 1620 2593 sensum
1670 2539 1839 2595 multa

245 2618 574 2690 cogitantem
600 2621 764 2692 (Sap.
798 2624 912 2695 ιι).
948 2643 966 2676 ι
997 2625 1075 2679 Ex
1103 2627 1208 2682 hoc
1233 2642 1363 2699 ergo
1413 2630 1623 2700 pariete
1671 2632 1840 2703 208

244 2710 516 2782 hyssopus
542 2713 838 2782 egreditur,
863 2715 988 2783 quia
1030 2716 1096 2770 de
1126 2715 1417 2788 fragilitate
1444 2729 1646 2776 nostrze
1695 2737 1842 2777 mor-

247 2801 476 2858 talitatis
503 2804 759 2874 erumpit,
794 2806 936 2873 qood
956 2820 1173 2876 semper
1202 2823 1427 2865 necesse
1455 2820 1541 2865 est
1559 2809 1707 2865 ferro
1729 2827 1842 2882 pce-

247 2891 494 2947 nitcntiz'e
535 2897 790 2950 resecari.
851 2897 1097 2968 Hyssopo
1157 2900 1414 2954 nimirum
1475 2903 1836 2973 purificantur

249 2983 441 3038 intima
468 2986 694 3050 viscera,
723 3003 820 3057 per
847 3006 967 3060 qua:
1025 3008 1131 3046 non
1186 2994 1482 3064 incongrue
1524 2996 1844 3069 designatur

250 3075 521 3132 confessio
549 3089 918 3148 peccatorum.
943 3081 1250 3152 Disputavit
1279 3086 1442 3155 igitur
1469 3097 1657 3143 noster
1688 3089 1848 3145 Salo-

249 3182 377 3223 mon
398 3169 761 3240 superlignis,
795 3173 1105 3228 hominibus
1150 3175 1402 3231 videlicet
1453 3179 1595 3232 intra
1643 3180 1842 3248 germi-

1931 634 2112 689 bulum
2135 643 2240 698 est,
2278 635 2564 689 Dominum
2611 637 2738 690 totis
2777 637 2984 691 viri‘hus
3033 637 3262 694 firmiter
3293 651 3346 694 et
3374 657 3511 695 con-
3563 627 3581 642 ’

1929 735 2140 781 stanter
2162 741 2426 780 amamus.
2466 726 2582 795 Ipsa
2605 728 2802 798 quippe
2826 727 3062 792 dilectio,
3101 730 3246 784 sicut
3277 729 3516 790 Joannes

1929 816 2258 885 evangelista
2292 817 2558 886 perhibet,
2598 817 2738 873 Deus
2759 827 2842 873 est
2883 819 2949 890 (ι
2977 818 3139 874 Ιοαη.
3185 820 3294 891 1v).
3336 821 3405 876 Et
3445 822 3518 879 de

1932 908 2042 961 Deo
2065 906 2329 976 Propheta
2354 907 2567 976 psallit:
2602 927 2620 958 ι
2661 908 2804 963 Deus
2834 925 3008 974 meus,
3033 920 3087 962 et
3114 910 3373 974 fortitudo
3393 925 3518 966 mea

1933 993 2120 1066 (Psal.
2154 997 2316 1064 XLII).
2364 1015 2382 1048 ι
2411 995 2728 1050 Colunmam
2761 1013 2911 1062 vero,
2939 1015 3059 1067 qua:
3087 1009 3313 1053 vocatur
3342 999 3394 1053 iu
3428 1013 3517 1055 ro-

1932 1085 2062 1141 bore
2089 1086 2141 1139 in
2177 1086 2393 1140 sinistra
2421 1085 2661 1153 ejusdem
2703 1088 2955 1142 vestibuli
2997 1098 3152 1160 parte
3201 1090 3522 1160 statuimus,

1931 1190 2053 1232 cum
2083 1177 2390 1246 proximum
2426 1187 2670 1233 nostrum
2719 1179 2774 1234 in
2817 1180 2926 1235 Deo
2974 1183 3111 1236 sicut
3163 1183 3522 1253 nosnietipsos

1933 1283 2200 1322 amamus.
2225 1266 2326 1323 Ubi
2352 1271 2645 1323 notandum
2662 1271 2803 1340 quod
2825 1269 3106 1340 Scriptura
3132 1274 3478 1342 prosequitur
3503 1290 3518 1328 :

1939 1385 1958 1419 ι
1985 1364 2097 1420 Nec
2126 1381 2233 1420 non
2274 1374 2328 1420 et
2350 1365 2501 1435 quasi
2533 1365 2812 1421 catennlas
2841 1365 2895 1419 in
2918 1366 3159 1432 oraculo,
3187 1376 3238 1421 et
3267 1381 3528 1439 superpo-

1933 1458 2161 1514 suiteas
2208 1457 2477 1527 capitibus
2527 1455 3023 1528 columnarum“!
3086 1456 3210 1510 Par.
3245 1457 3358 1528 ιιι).
3392 1477 3409 1508 ι
3467 1455 3526 1511 ιιι

1934 1559 2136 1606 nostra:
2161 1549 2360 1620 quippe
2384 1547 2584 1603 mentis
2613 1547 2833 1604 oraculo
2863 1548 3131 1620 capitibus
3151 1547 3525 1604 columnarum

1934 1639 2215 1696 catenulas
2246 1639 2684 1711 superponimus,
2737 1639 2933 1710 quibus
2988 1637 3197 1694 scilicet
3232 1649 3526 1710 utramque

1934 1733 2240 1787 columnam
2270 1731 2490 1786 sibimet
2529 1730 2762 1785 invicem
2809 1738 3219 1795 conuectamus,
3266 1728 3394 1800 quia
3421 1740 3526 1784 nec

1936 1817 2107 1876 Deum
2139 1821 2255 1876 sine
2283 1821 2555 1891 proximo,
2600 1836 2702 1877 nec
2726 1821 3034 1891 proximum
3091 1835 3219 1876 vere
3259 1818 3532 1892 diligimus

1863 1893 1908 1952 Β
1934 1911 2053 1966 sine
2088 1911 2216 1966 Deo.

2537 2001 2767 2058 CAPUT
2807 2001 2894 2059 Vl.

1935 2087 2004 2144 In
2025 2090 2243 2159 epistola
2272 2090 2362 2144 ad.
2391 2093 2454 2145 Α.
2484 2091 2548 2146 Ρ.
2580 2091 2642 2144 f’.
2674 2091 2762 2144 ubi
2789 2091 3128 2161 conqueritur
3155 2090 3220 2146 de
3239 2089 3527 2148 insolentia

2429 2177 2714 2232 pravorum
2738 2161 3033 2215 hominum.

2009 2249 2088 2304 De
2119 2249 2284 2314 vasis,
2307 2265 2429 2320 quae
2459 2250 2622 2304 Hiran
2648 2251 2805 2320 jussu
2859 2249 3169 2306 Salomonis
3215 2251 3361 2322 regis
3405 2249 3539 2306 fecit

1939 2338 1994 2393 in
2022 2338 2183 2392 domo
2212 2338 2423 2391 Domini
2457 2339 2719 2407 scriptum
2747 2347 2834 2392 est
2871 2355 2886 2393 :
2921 2359 2940 2390 ι
2980 2341 3119 2407 Quia
3159 2341 3213 2395 in
3245 2341 3539 2412 campestri

1940 2427 2164 2498 regione
2205 2426 2461 2482 Jordanis
2522 2427 2659 2483 fudit
2727 2443 2790 2483 ea
2843 2445 2935 2484 rex
2991 2432 3047 2484 in
3091 2431 3346 2502 argillosa
3392 2441 3540 2486 terra

1941 2518 2087 2572 inter
2155 2517 2358 2572 Sochot
2413 2526 2469 2570 et
2541 2519 2741 2572 Sartan
2803 2517 2932 2586 (111
2970 2518 3101 2592 Reg.
3158 2520 3288 2592 vn).
3322 2539 3343 2574 ι
3376 2521 3544 2592 209

1942 2610 2146 2667 Sochot
2201 2611 2254 2664 in
2303 2609 2640 2665 tabernacula
2709 2611 2965 2676 vertitur,
3025 2611 3220 2668 Sartan
3271 2628 3401 2670 vero
3460 2616 3544 2668 in-

1940 2713 2269 2775 terpretatur
2313 2704 2583 2774 tribulatio
2621 2721 2821 2770 eorum,
2876 2705 2990 2761 sive
3026 2706 3393 2762 demolitorum
3439 2716 3538 2762 aut

1944 2799 2423 2866 coangustanlium.
2448 2796 2588 2863 Quid
2617 2797 2782 2867 igitur
2805 2813 2900 2867 per
2930 2796 3150 2865 Sochot,
3192 2799 3336 2868 quod
3372 2800 3541 2854 inter-

1945 2887 2145 2956 pretari
2180 2887 2524 2941 tabernacula
2557 2887 2813 2952 diximus,
2847 2888 2948 2943 nisi
2977 2903 3196 2944 sanctos
3224 2890 3371 2946 viros
3405 2892 3544 2946 acci-

1943 2979 2147 3048 pimus,
2196 2979 2288 3048 qui
2337 2979 2590 3034 videlicet
2645 2980 2875 3033 dicunt:
2917 2999 2935 3032 ι
2978 2979 3093 3035 Νοιι
3145 2982 3406 3038 habemus
3455 2984 3546 3038 hic

1946 3078 2254 3125 manentem
2282 3069 2577 3135 civitatem,
2603 3071 2698 3126 sed
2714 3069 2952 3126 futuram
2977 3072 3546 3145 inquirimusimebr.

1947 3166 2092 3238 xm.)
2122 3185 2140 3218 ι
2171 3167 2238 3222 Et
2265 3166 2461 3222 Petrus
2491 3180 2507 3220 :
2542 3185 2564 3218 ι
2603 3165 2797 3223 Certus
2823 3181 2966 3236 sum,
3001 3169 3192 3239 inquit,
3219 3168 3363 3242 quod
3392 3169 3544 3224 velox

249 3261 435 3317 nantis
464 3260 718 3318 Ecclesiae
745 3266 990 3319 membra
1015 3266 1294 3334 radieatis,
1326 3283 1356 3322 a
1393 3269 1557 3323 cedro
1587 3285 1705 3340 quae
1756 3279 1840 3326 est

1950 3265 2032 3312 est
2079 3257 2349 3326 depositio
2399 3258 2733 3312 tabernaculi
2786 3258 2893 3312 mei
2951 3257 3036 3328 (11
3068 3257 3214 3312 Petr.
3251 3259 3314 3330 ι).
3352 3279 3371 3312 ι
3405 3258 3546 3326 Quid

250 3355 307 3410 in
335 3353 566 3424 Libano,
596 3371 768 3426 usque
823 3357 890 3411 ad
943 3357 1258 3430 hyssopum,
1290 3375 1408 3429 qua:
1457 3363 1735 3432 egreditur
1779 3364 1845 3418 de

249 3447 484 3515 pariete,
508 3447 562 3501 id
591 3457 696 3510 est,
721 3448 790 3502 ab
814 3447 945 3517 ipsis
987 3451 1355 3507 eminentibus
1408 3453 1613 3508 sanctis
1666 3452 1846 3509 nitore

247 3535 476 3611 justitize
511 3537 837 3592 candidatis
871 3553 1043 3608 usque
1096 3539 1164 3593 ad
1214 3551 1529 3610 peccatores
1575 3551 1630 3597 et
1669 3543 1848 3612 lapsos

256 3633 422 3695 atque
473 3626 541 3681 ad
587 3629 921 3697 paenitentia:
972 3629 1191 3685 demum
1241 3631 1476 3687 lamenta
1528 3648 1842 3691 conversos.

251 3715 394 3771 l-linc
420 3725 505 3772 est
531 3719 671 3788 quod
701 3718 977 3787 sequitur:
1013 3737 1031 3771 ι
1067 3721 1334 3776 Disseruit
1357 3731 1411 3777 et
1433 3724 1500 3778 de
1517 3722 1795 3792 jumentis,
1824 3745 1841 3778 ι

253 3822 566 3868 sanctorum
619 3813 826 3867 scilicet
889 3813 1259 3882 adjutoribus,
1332 3817 1618 3872 catholicis
1682 3819 1845 3886 viris;

261 3921 280 3955 ι
314 3917 368 3958 et
397 3903 463 3958 de
486 3903 814 3968 volucribus,
847 3923 864 3955 ι
906 3903 1215 3958 hominibus
1240 3905 1630 3976 nimirum,per
1657 3917 1845 3963 sancta

255 3995 522 4050 desideria
551 3997 616 4050 ad
646 4010 878 4064 superna
904 3997 1208 4066 suiSpensis;
1245 4015 1262 4048 ι
1287 4006 1338 4051 et
1363 3998 1427 4052 de
1454 3999 1739 4068 reptilibus
1793 4010 1848 4055 et

255 4086 516 4156 piscibus,
553 4107 571 4139 ›
601 4090 704 4142 hoc
732 4098 833 4153 est,
863 4091 926 4142 de
967 4089 1051 4144 his
1077 4091 1376 4160 quipeetus
1397 4093 1851 4163 concupiscentia:

256 4195 354 4250 per
384 4188 586 4236 terram
620 4183 839 4236 trahunt
868 4190 921 4236 et
944 4181 1035 4253 qui
1071 4197 1169 4253 per
1223 4183 1562 4239 saecularium
1614 4186 1852 4258 negotio-

256 4290 377 4328 rum
412 4272 610 4330 fluenta
643 4284 926 4347 vagantur.

885 4367 1112 4424 CAPUT
1153 4370 1216 4424 ν.

261 4459 327 4515 1η
353 4461 569 4532 epistola
596 4461 663 4516 un’
689 4463 1119 4589 Alberilr:nm,lubi
1142 4467 1339 4520 dicitur
1364 4467 1427 4520 de
1481 4450 1845 4520 mansionibus

890 4553 1006 4589 srae
1031 4547 1247 4589 Harum.

890 4547 1247 4590 εναειιιανιιηι.

339 4641 356 4672 ι
388 4621 590 4676 Statuit
617 4623 873 4680 Salomon
899 4627 1034 4681 duas
1061 4629 1116 4681 in
1141 4629 1408 4684 vestibulo
1428 4629 1611 4699 templi
1637 4629 1852 4683 Domini

261 4711 568 4777 columnas,
597 4729 762 4767 unam
807 4731 836 4767 a
866 4715 1095 4780 dextris,
1125 4724 1179 4771 et
1224 4717 1450 4773 alteram
1483 4733 1513 4771 a
1561 4718 1802 4772 sinistris
1835 4735 1849 4770 :

261 4821 403 4870 eam,
434 4821 607 4877 quzea
634 4808 841 4862 dextris
875 4818 1016 4872 erat,
1065 4812 1281 4865 vocavit
1333 4810 1570 4874 Jachim,
1625 4813 1728 4866 hoc
1774 4821 1858 4865 est

264 4896 527 4952 ﬁrmitas:
554 4906 609 4952 et
641 4912 760 4967 qua:
782 4899 848 4954 ad
878 4899 1078 4966 levam,
1109 4901 1271 4965 Booz,
1299 4903 1402 4957 hoc
1428 4910 1529 4966 est,
1562 4902 1614 4957 in
1664 4901 1860 4957 robore

267 4985 394 5057 (HI
425 4986 549 5058 Reg.
576 5003 684 5052 vn;
719 4988 784 5043 11
807 4987 941 5046 Par.
965 4992 1083 5062 ιιι).
1121 5010 1140 5043 ι
1175 4991 1312 5059 Quid
1341 4993 1485 5048 enim
1533 5008 1629 5063 per
1654 4993 1862 5049 colum-

265 5090 416 5141 nam,
445 5092 565 5146 qua:
587 5094 616 5132 a
641 5079 848 5135 dextris
873 5089 957 5136 est
983 5093 1038 5136 et
1064 5092 1292 5138 vocatur
1345 5083 1598 5150 ﬁrmitas,
1636 5083 1741 5138 nisi
1771 5084 1858 5140 di-

266 5162 432 5219 lectio
464 5167 588 5233 Dei;
624 5177 680 5223 et
708 5184 830 5238 qua:
856 5186 884 5224 a
919 5171 1158 5227 sinistris
1179 5182 1285 5238 est,
1314 5182 1369 5227 et
1399 5183 1622 5227 vocatur
1669 5173 1722 5227 in
1775 5187 1860 5228 ro-

267 5256 425 5320 bore,
464 5259 564 5313 nisi
586 5261 806 5317 dilectio
831 5263 1104 5333 proximi?
1140 5263 1299 5318 Aliud
1323 5273 1408 5319 est
1435 5264 1580 5318 enim
1608 5263 1857 5330 firmitas,

269 5347 374 5404 hoc
397 5358 502 5415 est,
533 5352 708 5421 ipsum
732 5355 919 5421 robur,
945 5355 1090 5410 aliud
1120 5356 1174 5411 in
1194 5355 1413 5423 robore,
1441 5356 1698 5426 quoniam
1714 5355 1859 5410 aliud

269 5449 354 5496 est
378 5441 600 5514 diligere
627 5447 796 5516 ipsum
853 5449 1161 5515 Dominum,
1218 5450 1363 5505 aliud
1405 5450 1632 5522 diligere
1678 5453 1860 5522 proxi-

269 5549 418 5588 mum
452 5536 502 5588 in
529 5537 660 5590 Deo.
696 5538 753 5591 In
787 5540 1076 5596 dilectione
1096 5541 1294 5612 quippe
1323 5541 1556 5610 proximi
1601 5557 1858 5596 mensura

268 5627 524 5696 ponitur;
552 5629 833 5685 Dominum
856 5648 984 5687 vero
1042 5632 1267 5704 diligere
1313 5634 1432 5688 sine
1475 5633 1580 5688 ulla
1633 5648 1860 5703 prorsus

272 5736 525 5775 mensura
549 5721 821 5791 jnbemur.
853 5724 909 5779 In
940 5727 1208 5782 vestibulo
1234 5743 1371 5800 ergo
1418 5725 1602 5796 templi
1655 5724 1860 5780 colum-

271 5826 418 5881 nam,
448 5828 566 5882 qua}
599 5813 828 5871 firmitas
866 5825 1116 5885 vocatur,
1177 5818 1456 5890 erigimus,
1508 5831 1627 5874 cum
1658 5817 1711 5872 in
1753 5815 1856 5872 hac

1887 4595 1936 4654 D

1950 3363 2080 3404 vero
2108 3364 2206 3419 per
2234 3349 2456 3416 Sartan,
2485 3363 2605 3418 qua:
2633 3348 2911 3403 tribulatio
2949 3363 3136 3403 eorum
3179 3348 3399 3412 dicitur,
3441 3349 3546 3404 nisi

1948 3442 2301 3512 reproborum
2331 3440 2704 3497 tribulantium
2735 3456 2834 3496 nos
2859 3442 3170 3513 persecutio
3193 3442 3548 3513 designatur?

1951 3534 2015 3589 lli
2063 3534 2334 3591 nimirum.
2360 3541 2414 3588 et
2449 3531 2794 3588 demolitores
2839 3542 2894 3587 et
2931 3541 3355 3604 coangustantes
3395 3543 3543 3600 sunt,

1949 3626 2075 3695 quia
2107 3624 2234 3679 dum
2269 3623 2513 3679 demoliri
2544 3633 2706 3693 atque
2761 3624 3041 3679 destruere
3080 3624 3199 3679 fidei
3228 3634 3427 3680 nostra:
3466 3625 3552 3680 vel

1950 3716 2075 3770 boui
2108 3715 2288 3785 operis
2333 3713 2620 3769 aedificium
2663 3722 2894 3777 tentant,
2938 3713 3089 3772 duris
3139 3711 3457 3783 iniuriarum
3487 3728 3554 3771 ac

1953 3820 2332 3876 pressurarum
2381 3819 2481 3859 nos
2529 3804 2929 3859 calamitatibus
2979 3813 3354 3875 coangustant.
3406 3805 3553 3862 Vasa

1952 3913 2084 3967 ergo
2114 3897 2320 3966 templi,
2353 3897 2406 3951 id
2437 3905 2518 3951 est
2548 3911 2739 3950 omnes
2777 3895 2934 3950 electi
2971 3897 3267 3951 funduntur
3309 3897 3362 3950 in
3399 3911 3553 3952 cam-

1953 3993 2123 4063 pestri
2175 3994 2397 4063 regione
2452 3991 2726 4055 Iordanis,
2775 3991 2828 4047 id
2886 4000 2972 4047 est
3015 3993 3070 4046 in
3114 3989 3420 4046 humilitate
3455 3989 3555 4045 ba-

1955 4084 2135 4154 ptismi
2153 4100 2168 4147 ;
2187 4084 2329 4137 inter
2346 4083 2549 4139 Sochot
2569 4093 2623 4137 et
2640 4082 2861 4148 Sartan,
2880 4083 2928 4136 id
2951 4091 3034 4137 est
3051 4081 3376 4150 interjnstos
3390 4091 3555 4153 atque

1955 4189 2262 4246 perversos,
2292 4182 2351 4228 ut
2391 4182 2444 4229 et
2473 4175 2737 4227 bonorum
2783 4171 2955 4226 forma
2982 4179 3317 4242 proponatur
3349 4171 3458 4226 illis
3484 4167 3554 4226 ad

1958 4266 2281 4324 imitandum
2321 4275 2480 4320 rectae
2512 4265 2943 4320 conversationis
2978 4263 3306 4333 exemplum,
3337 4273 3392 4319 et
3425 4279 3554 4334 pra-

1958 4375 2148 4416 vorum
2179 4357 2484 4428 persecutio
2511 4357 2578 4412 ad
2611 4356 2886 4412 cumulum
2915 4355 3022 4411 illis
3057 4355 3307 4427 proficiat
3331 4356 3560 4412 merito-

1960 4468 2103 4507 rum.
2137 4470 2156 4502 ‹
2193 4449 2333 4508 Vasa
2366 4447 2585 4520 quidem
2629 4448 2778 4518 figuli
2810 4447 3004 4518 probat
3053 4447 3268 4512 fornax,
3299 4456 3354 4501 et
3384 4445 3563 4506 homi-

1969 4561 2064 4601 nes
2084 4526 2262 4616 justos
2289 4543 2516 4600 tentatio
2555 4541 2920 4597 tribulationis
2949 4538 3140 4613 (Eccli.
3176 4541 3369 4613 χχιιι).
3410 4559 3431 4594 ι

2033 4636 2090 4690 in
2133 4635 2282 4689 arida
2334 4648 2466 4702 ergo
2495 4641 2641 4687 terra
2669 4629 2852 4700 templi
2901 4645 3031 4685 vasa
3080 4631 3401 4700 funduntur,
3427 4631 3560 4702 quia

1967 4739 2120 4780 mens
2149 4723 2387 4779 hominis
2417 4722 2484 4775 ad
2512 4721 2917 4789 suscipiendum
2944 4735 3194 4789 superna:
3219 4721 3408 4792 gratia:
3443 4738 3566 4776 mu-

1967 4830 2069 4867 nus
2106 4829 2210 4867 non
2263 4821 2346 4866 est
2393 4827 2652 4880 congrua,
2700 4811 2800 4864 nisi
2852 4811 3001 4878 prius
3036 4811 3104 4863 ab
3142 4811 3288 4864 omni
3325 4812 3566 4867 carnalis

1968 4903 2236 4960 illecebrae
2262 4900 2425 4956 fuerit
2451 4901 2678 4954 humore
2721 4900 2942 4954 siccata.
2988 4898 3146 4954 Sicca
3172 4899 3370 4970 quippe
3397 4902 3563 4957 corda

1970 4996 2175 5051 clarum
2223 4991 2524 5049 harmonia:
2569 4993 2830 5055 sonitum,
2871 4990 3090 5045 humida
3135 4990 3368 5045 reddunt
3405 4989 3569 5046 obtu-

1961 5102 2104 5144 sum.
2132 5084 2472 5158 Tympanum
2505 5097 2724 5154 quoque
2767 5083 2990 5162 surdum
3035 5089 3216 5148 sonat,
3253 5081 3298 5136 si
3338 5081 3567 5151 quilibet

1963 5196 2088 5236 eum
2118 5178 2300 5250 liquor
2327 5177 2626 5232 humectat.
2651 5174 2743 5232 Sic
2771 5188 2995 5231 necesse
3022 5182 3107 5230 est
3127 5181 3187 5229 ut
3217 5187 3371 5229 mens
3396 5171 3570 5229 homi-

1961 5268 2049 5324 nis
2102 5284 2130 5322 a
2165 5266 2346 5322 carnis
2392 5265 2669 5336 voluptate
2725 5266 2797 5319 sit
2829 5264 2999 5329 arida,
3052 5272 3325 5334 quatenus
3369 5262 3423 5316 in
3468 5261 3568 5320 Dei

1963 5357 2355 5428 omnipotentis
2386 5355 2609 5410 auribus
2658 5354 2776 5424 ejus
2823 5351 3000 5409 oratio
3030 5355 3104 5409 sit
3134 5361 3347 5425 arguta.
3381 5351 3574 5407 Enim-

1963 5465 2096 5506 vero
2125 5450 2267 5505 sicut
2293 5449 2509 5512 oculus,
2542 5449 2668 5502 dum
2697 5447 2824 5503 solis
2853 5463 2912 5502 se
2943 5447 3110 5502 radiis
3141 5445 3347 5516 objicit,
3380 5446 3572 5502 videre

1965 5542 2166 5597 frustra
2211 5541 2510 5604 contendit,
2553 5547 2608 5594 et
2637 5553 2800 5594 cavos
2825 5539 3040 5608 quidem
3079 5537 3238 5594 orbes
3276 5553 3342 5593 ac
3367 5553 3572 5594 vacuas

1965 5633 2184 5703 pupillis
2230 5632 2516 5702 palpebras
2553 5629 2796 5700 pandere
2838 5630 3050 5697 nititur,
3091 5631 3190 5685 sed
3221 5623 3570 5701 splendorem

1966 5737 2073 5793 quo
2096 5722 2440 5793 perfunditur
2487 5721 2795 5775 nullatenus
2847 5721 3107 5788 intuetur,
3140 5722 3219 5776 sic
3257 5722 3324 5778 ad
3358 5737 3566 5778 concu-

1963 5814 2279 5886 piscendam
2310 5811 2790 5884 contemplationis
2825 5811 3000 5870 lucem
3041 5829 3161 5873 sese
3189 5813 3428 5871 inaniter
3452 5808 3563 5866 eri-
