4034 6192
1412 375 1907 435 COLLECTANEA
1944 377 2012 434 IN
2051 377 2277 438 VETUS
2334 368 2895 437 TESTAMENTUM.‘

2786 486 3015 546 CAPUT
3051 468 3214 545 vm.‘

2507 578 2572 633 In
2592 578 2813 650 epistola
2837 580 2906 634 ad
2935 579 3183 650 Agnetem
3213 578 3466 649 reginam.

2272 688 2292 723 ‹
2325 670 2440 726 Νοη
2475 681 2590 726 erat
2620 680 2921 741 argentum,
2954 685 3055 725 nec
3094 670 3254 725 ullius
3294 672 3448 739 pretii
3480 674 3793 741 putabatur

515 377 656 434 Hl9

511 489 610 561 git,
637 488 728 560 qui
774 504 870 557 per
914 488 1188 543 saecularis
1238 487 1361 543 vita:
1408 489 1658 543 meritum
1699 489 1870 544 aciem
1910 489 2091 545 cordis
2119 492 2171 554 Α

459 591 485 612 ο
512 581 713 636 amisit.
759 580 887 633 Nam
915 581 958 634 si
986 579 1211 648 quilibet
1243 580 1454 651 ignotus
1487 580 1791 634 cubiculum
1836 582 1978 651 regis
2028 581 2096 636 ir-

3636 383 3795 440 “20

510 678 724 741 rumpat
752 671 908 739 eique
938 685 1174 738 praesens
1219 679 1471 739 tanquam
1523 669 1805 725 familiaris
1854 671 2092 737 assistat,

510 761 655 830 regis
684 769 860 815 tamen
902 760 1137 828 alloquio
1167 776 1271 814 non
1304 759 1617 830 perfruitur,
1660 760 1784 830 quia
1817 761 2014 815 charus
2042 762 2091 814 ei

508 865 604 918 per
631 850 916 903 anterioris
952 851 1154 904 notitia:
1184 851 1409 921 gratiam
1455 868 1560 904 non
1608 850 1853 914 habetur,
1894 851 1966 905 ita
1993 866 2092 905 nos

508 938 749 994 infelices
797 948 849 995 et
891 941 1098 1006 miseri,
1139 942 1279 1009 quod
1306 942 1518 1010 quidem
1557 942 1622 996 de
1667 941 1802 995 meis
1830 941 2093 996 similibus

506 1028 719 1098 loquor,
747 1045 886 1099 saepe
913 1030 1008 1084 soli
1040 1032 1090 1084 in
1122 1040 1345 1099 angusta
1385 1030 1587 1085 cellula:
1627 1031 1925 1086 remotione
1960 1046 2092 1085 con-

505 1118 769 1185 sistimus,
797 1119 925 1174 solis
951 1120 1142 1173 divinae
1173 1119 1467 1187 majestatis
1497 1122 1773 1176 obtutibus
1800 1130 2093 1176 trementes

506 1216 785 1274 astamus,
839 1211 1073 1278 peccatis
1125 1219 1301 1264 tamen
1346 1208 1722 1275 obstantibus,
1777 1209 1860 1265 vel
1917 1209 2089 1264 intimi

505 1300 807 1370 splendoris
830 1300 1143 1369 igniculum,
1170 1300 1253 1353 vel
1281 1300 1706 1370 compunctionis
1727 1300 1955 1371 gratiam
1985 1316 2090 1354 non

508 1405 804 1445 meremur.
834 1391 926 1446 Sic
951 1392 1130 1460 itaque
1158 1391 1305 1445 velut
1325 1400 1448 1445 ante
1476 1391 1619 1461 regis
1644 1392 1886 1446 videmur
1913 1401 2092 1445 astare

504 1481 866 1552 przesentiam,
895 1483 987 1537 sed
1018 1480 1141 1550 quia
1169 1497 1264 1551 per
1291 1482 1413 1536 vitae
1442 1482 1816 1537 rectitudinem
1849 1480 1950 1536 sibi
1979 1480 2091 1536 noti

508 1586 615 1624 non
659 1586 863 1635 sumus,
914 1571 1285 1627 collocationis
1334 1572 1560 1626 internae
1608 1571 1943 1627 dulcedinem
1982 1586 2087 1625 non

504 1668 800 1729 gustamus.
851 1660 977 1726 Sed,
1022 1676 1055 1715 ο
1099 1660 1322 1715 dulcedo
1364 1661 1635 1726 melliflua,
1665 1678 1788 1717 cum
1833 1660 2090 1717 Dominus

505 1751 559 1804 in
605 1767 783 1818 servo,
836 1760 890 1807 et
940 1768 1127 1808 servus
1178 1752 1478 1808 delectatur
1526 1753 1578 1807 in
1624 1753 1884 1807 Domino!
1936 1751 2089 1807 Unde

2196 761 2248 818 in
2292 762 2481 818 diebus
2523 761 2826 817 Salomonis
2860 761 2980 832 (III
3012 761 3143 831 Reg.
3176 760 3253 831 x).
3287 780 3305 813 ι
3331 762 3482 829 Quod
3512 764 3783 818 nimirum

2193 853 2465 923 quomodo
2487 851 2639 921 juxta
2670 853 2903 908 litteram
2938 851 3119 915 stabit,
3152 862 3211 905 ut
3249 854 3391 906 credi
3421 853 3598 908 valeat
3632 863 3784 910 tem-

2194 959 2326 1013 pore
2346 943 2649 998 Salomonis
2670 950 2952 1013 argentum
2978 942 3059 995 vel
3085 943 3298 1011 penitus
3347 958 3448 996 non
3492 942 3692 1009 fuisse,
3714 957 3785 999 ac

2194 1043 2412 1103 propter
2432 1035 2535 1088 hoc
2557 1034 2778 1088 omnino
2798 1034 2864 1087 de
2890 1042 3030 1086 terra
3047 1032 3302 1099 deletum,
3334 1033 3418 1088 vel
3445 1033 3673 1100 nullius,
3695 1031 3783 1088 vel

2192 1125 2349 1179 exilis
2376 1124 2563 1179 saltem
2592 1123 2748 1193 pretii
2775 1123 3117 1180 constitisse!
3136 1121 3265 1175 Nam
3314 1124 3357 1176 si
3403 1123 3600 1178 nullius
3653 1131 3783 1180 erat

2192 1218 2371 1288 pretii,
2401 1218 2541 1272 sicut
2565 1216 2784 1281 dicitur,
2820 1229 2947 1283 ergo
2995 1214 3140 1269 mille
3186 1214 3381 1269 talenta
3430 1214 3657 1284 argenti,
3708 1230 3780 1270 ne

2194 1308 2355 1361 unius
2396 1306 2622 1377 quidem
2677 1306 2762 1360 ovi
2824 1313 3078 1375 poterant
3128 1304 3392 1373 appendio
3447 1305 3773 1372 supputari;

2193 1398 2334 1467 quod
2382 1412 2513 1452 sane
2565 1396 2734 1460 credi,
2783 1410 2944 1465 quam
2990 1393 3262 1457 frivolum,
3310 1408 3469 1461 quam
3517 1393 3779 1467 videatur

2192 1466 2434 1558 ineptum
2464 1488 2577 1557 ipse
2607 1485 2839 1540 revinxit
2874 1493 3051 1540 textus
3084 1491 3139 1537 et
3166 1484 3298 1537 ordo
3328 1482 3637 1546 verborum,
3676 1466 3773 1551 qu'i

2191 1588 2474 1649 postquam
2529 1578 2855 1647 praemittit:
2893 1596 2912 1630 ι
2944 1576 3061 1631 Non
3118 1583 3239 1629 erat
3290 1582 3608 1643 argentum,
3670 1589 3778 1629 nec

2190 1670 2351 1725 ullius
2385 1669 2543 1738 pretii
2576 1670 2862 1738 putabatur
2890 1666 2944 1721 in
2970 1665 3155 1719 diebus
3186 1663 3508 1726 Salomonis,
3560 1681 3579 1714 ι
3622 1678 3773 1731 prae-

2190 1766 2274 1813 sto
2307 1756 2580 1828 subjungit
2616 1773 2629 1809 :
2671 1775 2689 1807 ι
2722 1754 2857 1822 Quia
2896 1753 3084 1809 classis
3130 1752 3273 1823 regis
3310 1767 3410 1821 per
3451 1766 3600 1806 mare
3642 1765 3772 1806 cum

503 1839 787 1895 Psalmista
816 1860 827 1893 :
863 1860 881 1892 ε
919 1841 1111 1895 Suavis
1153 1843 1252 1906 sit,
1306 1841 1509 1910 inquit,
1561 1840 1612 1895 ei
1659 1840 1894 1895 laudatio
1926 1855 2075 1906 mea;
2105 1858 2156 1918 Β
2187 1849 2359 1905 classe
2384 1848 2568 1903 Hiram
2595 1847 2758 1902 semel
2788 1862 2885 1917 per
2912 1854 3024 1901 tres
3048 1859 3218 1898 annos
3253 1843 3365 1897 ibat
3392 1842 3642 1907 Tharsis,
3674 1844 3774 1898 de-

500 1943 600 1999 ego
625 1946 753 1986 vero
778 1931 1087 1987 delectabor
1111 1932 1164 1985 in
1190 1933 1415 1986 Domino
1443 1930 1614 2001 (Paul.
1640 1932 1777 2003 cm).
1821 1951 1840 1985 ι

1099 2021 1324 2077 CAPUT
1365 2022 1473 2077 γη.

782 2108 846 2164 In
869 2127 1102 2166 sermone
1122 2112 1185 2166 de
1206 2113 1472 2167 nativitate
1495 2111 1552 2167 S.
1587 2111 1801 2167 Maria.

576 2216 596 2249 ι
635 2198 858 2255 Factum
893 2211 996 2266 est,
1044 2217 1165 2256 cum
1214 2203 1451 2258 exissent
1494 2205 1800 2259 sacerdotes
1852 2205 1920 2259 de
1950 2219 2079 2258 san-

500 2292 735 2356 ctuario,
765 2290 956 2345 nebula
985 2291 1237 2361 implebat
1260 2292 1474 2346 domum
1502 2292 1733 2353 Domini.
1762 2302 1816 2346 et
1851 2307 1956 2347 non
1981 2307 2078 2362 po-

496 2390 681 2437 terant
703 2383 1011 2438 sacerdotes
1036 2392 1181 2438 stare
1217 2397 1386 2454 prope
1411 2392 1633 2453 propter
1666 2382 1946 2450 nebulam;
1976 2384 2078 2437 im-

497 2472 739 2542 pleverat
780 2474 922 2528 enim
975 2473 1142 2544 gloria
1194 2473 1404 2528 Domini
1443 2474 1658 2528 domum
1705 2473 1917 2529 Domini
1962 2473 2081 2544 (111

497 2562 623 2633 Reg.
641 2563 778 2633 vm).
799 2583 816 2615 ι
844 2583 862 2615 ι
892 2563 1021 2630 Qum
1048 2565 1251 2630 omnia,
1276 2583 1294 2617 ι
1314 2566 1453 2620 sicut
1472 2566 1720 2636 egregius
1750 2566 2077 2635 praedicator

497 2653 664 2723 210
689 2653 842 2719 dicit,
870 2673 889 2705 ι
917 2655 969 2708 in
996 2654 1161 2725 figura
1184 2656 1568 2726 contingebant
1588 2657 1694 2712 illis
1717 2656 1766 2727 (I
1798 2656 1923 2712 Cor.
1948 2658 2026 2728 χ).
2056 2677 2075 2711 ι

499 2745 680 2801 Gloria
703 2746 900 2816 quippe
929 2746 1137 2801 Domini
1164 2747 1479 2817 intelligitur
1502 2748 1778 2814 Christus,
1808 2747 1959 2816 cujus
1980 2748 2083 2805 fide

498 2838 737 2907 repletus
768 2847 850 2894 est
873 2840 1138 2899 mundus;
1166 2841 1231 2895 de
1255 2855 1362 2910 qua
1391 2839 1561 2910 gloria
1588 2855 1709 2895 cum
1737 2854 1833 2908 pro
1860 2841 2083 2895 adorato

498 2855 737 2907 repletus
768 2855 850 2894 esr
873 2855 1138 2899 mundus:
1166 2855 1231 2895 ue
1294 2856 1362 2893 ua
1391 2855 1561 2910 gloria
1588 2855 1709 2895 cum
1737 2855 1833 2908 pro
1860 2855 2083 2895 adorato

498 2928 670 2982 vitulo
722 2930 1105 2997 deprecaretur
1150 2855 1435 2984 Donatium
1487 2930 1696 3002 Moyses
1747 2940 1805 2983 ut
1838 2938 2085 3000 parceret

500 3022 700 3092 populo
720 3023 1012 3092 peccatori,
1038 3024 1318 3092 respondit
1342 3023 1598 3078 Dominus
1622 3041 1635 3077 :
1658 3043 1676 3074 ‹
1698 3023 1964 3092 Propitius
1987 3039 2083 3077 ero

499 3102 1005 3179 illi;verumtamen
1049 3115 1172 3169 vivo
1209 3129 1341 3185 ego,
1378 3124 1433 3169 et
1467 3115 1600 3169 vivit
1639 3131 1834 3170 nomen
1881 3131 2079 3179 meum,

2178 1936 2361 1992 ferens
2386 1936 2511 1991 inde
2544 1952 2735 1990 aurum
2766 1943 2821 1991 et
2846 1942 3149 2005 argentum.
3194 1951 3213 1984 ι
3245 1930 3357 1987 Cur
3383 1932 3525 1986 enim
3556 1946 3658 2000 per
3690 1938 3774 1988 ωι

2177 2027 2387 2081 marina
2411 2025 2721 2081 discrimina
2749 2024 3023 2081 metallum
3043 2024 3147 2079 hoc
3170 2023 3361 2079 classis
3386 2024 3474 2079 illa
3502 2024 3767 2089 deferret,

2177 2114 2321 2185 quod
2350 2115 2580 2185 pretium
2627 2116 2838 2186 penitus
2882 2130 2988 2171 non
3038 2118 3306 2173 haberet?
3342 2117 3409 2171 Et
3449 2117 3615 2187 paulo
3642 2119 3771 2187 post

2178 2205 2379 2260 dicitur
2406 2219 2421 2258 :
2456 2223 2475 2257 ι
2510 2204 2647 2273 Quia
2673 2203 3037 2260 offerebantur
3055 2206 3105 2260 ei
3135 2220 3261 2260 vasa
3298 2221 3460 2260 aurea
3485 2214 3538 2259 et
3564 2221 3766 2274 argen-
3788 2223 3807 2240 -

2181 2304 2304 2363 tea;
2344 2315 2363 2349 ι
2393 2297 2583 2353 deinde
2602 2296 2974 2352 subinfertur:
3009 2315 3029 2350 (
3064 2298 3449 2367 Egrediebatur
3500 2298 3763 2367 quadriga

2180 2402 2243 2442 ex
2293 2386 2527 2459 Egypto
2569 2390 2836 2444 sexcentis
2880 2388 3026 2445 siclis
3075 2389 3286 2461 argenti
3332 2397 3390 2444 et
3428 2388 3587 2458 equis
3634 2402 3766 2444 cen-

2181 2488 2293 2532 tum
2324 2479 2712 2549 quinquaginta
2746 2479 2956 2550 (lbid.).
2979 2498 2998 2532 ι
3024 2478 3140 2535 Νοη
3162 2494 3293 2550 ergo
3324 2479 3500 2550 pretio
3534 2479 3763 2534 carebat

2181 2578 2482 2639 argentum,
2510 2585 2617 2638 quo
2649 2569 2893 2625 vehicula
2924 2570 3327 2625 redimebantnr
3349 2583 3637 2640 equorum,
3667 2568 3764 2622 sed

2182 2666 2403 2728 argento
2428 2659 2736 2730 designatur
2759 2659 2979 2714 claritas
3014 2659 3394 2715 ecclesiasticae
3421 2658 3765 2727 praedicatio-

2181 2751 2286 2815 nis,
2353 2751 2418 2805 de
2471 2766 2576 2819 qua
2635 2751 2888 2805 dicitur:
2936 2769 2955 2803 ι
2990 2751 3218 2821 Eloquia
3282 2752 3494 2807 Domini
3544 2749 3765 2822 eloquia

2184 2847 2350 2905 casta,
2378 2837 2552 2912 (Psal.
2581 2836 2682 2908 ιι).
2714 2855 2734 2891 ι
2773 2838 3071 2908 Argentum
3112 2840 3327 2905 nullius,
3360 2852 3418 2893 ut
3440 2840 3517 2893 ita
3546 2839 3762 2910 loquar,

2182 2928 2338 2996 pretii
2374 2929 2531 2997 211
2579 2929 2963 2998 reputabimus,
3027 2946 3127 2985 nec
3172 2930 3507 3000 aliquatenus
3556 2931 3764 2987 erimus

2184 3017 2301 3086 ejus
2331 3018 2516 3089 indigi,
2541 3026 2823 3087 postquam
2867 3021 2933 3073 ad
2960 3020 3071 3074 veri
3108 3020 3410 3075 Salomonis
3438 3034 3660 3089 regnum
3691 3035 3763 3075 ex

2184 3109 2287 3164 hac
2334 3110 2594 3165 fuerimus
2641 3110 2949 3166 calamitate
2990 3112 3266 3178 translati;
3307 3127 3411 3166 non
3444 3111 3591 3168 enim
3630 3120 3762 3168 tunc

497 3202 625 3272 quia
642 3202 1130 3274 implebiturgloria
1154 3219 1269 3259 mea
1293 3205 1470 3259 omnis
1495 3212 1634 3260 terra
1652 3202 1842 3274 (Num.
1899 3204 2033 3275 xtv).
2056 3223 2075 3257 ι
2109 3194 2157 3257 C
2188 3201 2585 3270 prtedicationis
2607 3201 2905 3272 indigemus
2926 3203 3158 3272 eloquio,
3184 3203 3274 3257 ubi
3302 3203 3459 3258 datur
3482 3204 3535 3258 in
3557 3204 3759 3260 decore

498 3294 648 3360 Quod
674 3302 856 3348 autem
881 3294 1070 3350 nebula
1095 3294 1336 3365 implevit
1352 3294 1569 3350 domum
1594 3294 1708 3367 Dei,
1733 3303 1788 3350 et
1808 3310 1912 3349 non
1931 3305 2080 3365 pote-

498 3390 623 3437 rant
663 3384 970 3438 sacerdotes
1015 3384 1322 3439 ministrare
1371 3393 1591 3454 propter
1646 3384 1915 3452 nebulam,
1965 3386 2079 3440 haec

498 3473 766 3527 sententia
800 3475 1059 3542 superbos
1092 3473 1395 3529 Judaeorum
1423 3475 1702 3544 pontifices
1732 3491 1796 3529 ac
1830 3476 2079 3532 doctores

499 3562 756 3629 insinuat,
784 3566 873 3632 qui
920 3565 1045 3618 dum
1078 3566 1463 3621 incarnationis
1502 3551 2078 3622 Christfsacramenta

496 3654 822 3725 investigare
843 3655 1161 3725 despiciunt,
1181 3656 1415 3710 debitum
1441 3656 1562 3711 fidei
1584 3672 1692 3712 suae
1719 3658 2076 3714 ministerium

495 3759 593 3814 per
620 3745 821 3799 erroris
848 3746 1095 3800 nebulam
1126 3747 1355 3816 perdunt
1391 3766 1404 3801 :
1430 3747 1501 3803 ita
1539 3748 1680 3803 enim
1717 3764 1901 3804 eorum
1930 3767 2080 3807 men-

499 3846 584 3891 tes
613 3837 943 3892 infidelitatis
986 3838 1158 3909 caligo
1185 3839 1426 3909 replevit,
1455 3849 1514 3895 ut
1555 3842 1785 3911 propriis
1812 3843 2075 3913 exigenti-

500 3928 602 3984 bus
634 3928 840 3984 meritis
889 3944 993 3984 non
1031 3940 1326 4000 agnoscant
1363 3932 1563 3987 cultum
1602 3932 1953 3989 credulitatis.
1996 3934 2075 3989 Ad

496 4019 624 4074 illud
654 4034 783 4089 ergo
814 4020 1066 4091 templum
1092 4021 1350 4076 Dominus
1381 4022 1434 4076 in
1467 4022 1658 4078 nebula
1688 4024 1985 4089 descendit}
2018 4031 2078 4079 ut

494 4124 691 4164 caecam
720 4108 954 4166 Judaica:
985 4111 1316 4166 inﬁdelitatis
1349 4112 1635 4184 caliginem
1661 4113 1984 4185 designaret.
2018 4114 2073 4169 In

496 4198 598 4254 hoc
623 4198 701 4253 sic
726 4200 983 4268 scriptum
1009 4211 1128 4255 est:
1165 4219 1184 4253 ι
1213 4201 1269 4255 ln
1300 4202 1411 4257 sole
1452 4205 1629 4272 posuit
1672 4205 2072 4260 tabernaculum

494 4304 649 4343 suum
687 4287 858 4359 (Psal.
888 4290 1061 4358 xvm),
1088 4300 1147 4344 ut
1173 4292 1446 4347 sedentem
1471 4292 1523 4346 in
1549 4294 1782 4349 tenebris
1806 4302 1862 4350 et
1884 4296 2073 4351 umbra

496 4378 686 4432 mortis
740 4378 1065 4433 illuminarct
1129 4380 1281 4451 (Luc.
1322 4388 1382 4449 ι).
1422 4380 1551 4436 »11Ιί
1595 4383 1823 4452 denique
1876 4384 2073 4454 templo

498 4467 640 4521 Deus
665 4466 1005 4535 omnipotens
1033 4467 1256 4537 gloriam
1296 4468 1378 4523 sui
1413 4471 1673 4526 adventus
1698 4472 1945 4545 contulit,
1973 4474 2067 4529 sed

2178 3306 2275 3345 suo
2299 3305 2478 3361 regem
2502 3290 2684 3359 gloriae
2708 3290 2843 3346 facie
2864 3293 2929 3347 ad
2952 3292 3142 3348 faciem
3167 3307 3416 3356 cernere,
3445 3308 3611 3361 quem
3644 3294 3758 3347 ubi-

2180 3399 2283 3453 que
2331 3383 2707 3439 consuevimus
2754 3399 2822 3438 ex
2865 3399 2959 3440 ore
3008 3384 3376 3454 przedicatoris
3423 3385 3636 3438 audire.
3668 3384 3756 3440 Sic

2178 3490 2276 3544 per
2300 3474 2617 3545 prOphetam
2644 3474 2928 3544 pollicetur
2958 3474 3234 3540 Dominus,
3280 3476 3464 3531 dicens
3489 3492 3502 3527 :
3537 3492 3555 3525 ‹
3588 3475 3755 3528 Nemo

2179 3568 2321 3622 dicet
2353 3585 2367 3622 :
2400 3568 2648 3636 Agnosco
2685 3567 3002 3633 Dominum;
3034 3583 3221 3623 omnes
3250 3566 3394 3622 enim
3430 3573 3787 3637 cognoscent.

2176 3672 2266 3711 me
2299 3672 2330 3710 a
2361 3657 2592 3727 maximo
2638 3672 2807 3726 usque
2850 3657 2914 3711 ad
2960 3656 3265 3720 minimum,
3307 3655 3437 3710 dicit
3494 3655 3754 3710 Dominus

2178 3744 2311 3819 (Jer.
2337 3763 2464 3809 xxx.
2487 3748 2633 3819 54).»
2655 3746 2759 3804 Sed
2775 3748 2914 3803 forte
2933 3748 3053 3817 quis
3066 3749 3577 3818 asseratScripturze
3589 3745 3753 3801 verba

2176 3852 2275 3893 nos
2320 3839 2386 3891 ad
2432 3848 2676 3892 nostrum
2724 3838 3053 3893 intellectum
3082 3838 3343 3893 violenter
3368 3837 3670 3901 inﬂectere,
3700 3844 3753 3889 et

2176 3928 2319 4000 quod
2346 3927 2598 3984 Salomon
2626 3929 2691 3984 de
2722 3945 2779 3984 se
2805 3930 3012 3985 videtur
3041 3944 3285 3985 asserere
3317 3929 3383 3983 ad
3415 3927 3751 3983 Salvatorem

2174 4021 2459 4092 perhibeat
2489 4021 2794 4093 specialiter
2820 4035 2916 4092 per
2943 4022 3124 4076 omnia
3155 4021 3445 4091 pertinere.
3476 4019 3754 4074 Dicatita—

2174 4124 2281 4178 que
2310 4109 2629 4179 ohjectionis
2665 4122 2907 4165 assertor
2928 4125 3032 4181 qua
3065 4106 3527 4165 Salomonsvaleat
3546 4110 3751 4162 ratione

2173 4207 2478 4267 competere
2501 4199 2641 4267 quod
2671 4198 2823 4268 quasi
2851 4199 2915 4253 de
2943 4213 3001 4252 se
3035 4197 3166 4252 dicit
3192 4215 3204 4250 :
3245 4216 3262 4247 ‹
3302 4197 3559 4252 Dominus
3605 4198 3749 4251 enim

2173 4288 2319 4343 dedit
2368 4289 2496 4342 mihi
2548 4288 2738 4343 horum
2778 4304 2897 4358 quae
2942 4296 3066 4343 sunt
3117 4288 3395 4343 scientiam
3441 4302 3649 4355 veram,
3696 4296 3753 4341 ut

2172 4378 2341 4433 sciam
2373 4380 2778 4449 dispositionem
2813 4380 2961 4435 orbis
2997 4392 3262 4435 terrarum
3291 4388 3345 4435 et
3374 4381 3601 4434 virtutes
3637 4381 3749 4436 ele-

2172 4478 2495 4533 mentorum,
2525 4471 2735 4525 initium
2762 4478 2815 4525 et
2847 4470 3363 4526 consummationem
3395 4478 3450 4527 et
3485 4472 3748 4526 medicu-

494 4556 626 4611 nihil
658 4572 720 4610 ex
752 4571 817 4611 eo
844 4558 896 4613 in
926 4572 1019 4612 sua
1045 4566 1235 4612 natura
1262 4560 1516 4630 suscepit.
1544 4561 1600 4616 In
1626 4540 1951 4619 beatissimae
1974 4581 2073 4620 au-
2096 4533 2148 4592 Β
2174 4564 2278 4613 lem
2306 4566 2627 4628 temporum,
2656 4560 3099 4626 vicissitudinem,
3124 4560 3549 4629 permutationes
3573 4562 3751 4615 homi-

492 4657 605 4705 tcm
651 4648 888 4722 Virginis
934 4658 1169 4715 uterum,
1224 4668 1325 4707 non
1373 4654 1543 4708 solum
1588 4662 1673 4709 est
1702 4655 1951 4725 dignatus
1980 4657 2073 4711 de-

490 4744 771 4809 scendere,
802 4742 899 4800 sed
935 4758 1003 4799 ex
1039 4759 1104 4799 eo
1143 4744 1303 4799 etiam
1333 4745 1627 4815 perfectam
1675 4746 1776 4801 sibi
1823 4747 2073 4802 substan-

496 4836 623 4891 tiam
652 4843 847 4890 nostra:
877 4835 1219 4891 mortalitatis
1263 4836 1434 4891 unire.
1466 4836 1679 4904 Quanto
1710 4837 1872 4908 igitur
1900 4840 2070 4894 nostri

490 4926 671 4996 templi
705 4926 881 4996 major
903 4935 986 4982 est
1019 4927 1275 4999 dignitas,
1327 4935 1475 4981 tanto
1510 4926 1792 4999 gloriosior
1834 4925 1951 4997 ejus
1978 4930 2070 4983 de-

487 5018 579 5072 bet
606 5034 725 5073 esse
758 5018 1089 5073 solemnitas.
1136 5019 1266 5074 lllud
1313 5021 1576 5089 siquidem
1619 5036 1815 5092 corpus
1845 5021 2065 5087 Christi,

488 5110 631 5178 quod
663 5108 972 5163 beatissima
1005 5109 1165 5178 Virgo
1199 5109 1403 5179 genuit,
1430 5111 1571 5179 quod
1600 5110 1652 5163 in
1685 5110 1888 5180 gremio
1914 5108 2065 5174 fovit,

486 5198 629 5266 quod
657 5196 839 5253 fasciis
857 5197 1048 5261 cinxit,
1078 5198 1217 5268 quod
1241 5207 1481 5253 materna
1503 5212 1628 5253 cura
1657 5201 1896 5264 nutrivit,
1916 5198 2062 5261 illud,

486 5286 728 5356 inquam,
761 5287 965 5357 absque
1003 5287 1105 5342 ulla
1144 5289 1434 5354 dubietate,
1471 5303 1576 5343 non
1621 5290 1764 5344 aliud
1821 5305 1962 5343 nunc
2001 5288 2066 5343 de

485 5394 642 5435 sacro
692 5381 845 5435 altari
892 5381 1237 5452 percipimus,
1282 5383 1474 5451 etcjus
1519 5386 1832 5455 sanguinem
1880 5385 1932 5438 in
1973 5399 2063 5439 sa-

488 5478 824 5524 cramentum
890 5480 1088 5526 nostra:
1150 5471 1529 5541 redemptionis
1592 5472 1888 5527 haurimus.
1954 5471 2068 5527 Iloc

486 5560 749 5617 catholica
781 5561 913 5619 ﬁdes
948 5563 1127 5633 habet,
1171 5566 1275 5621 hoc
1319 5574 1508 5621 sancta
1552 5565 1792 5621 Ecclesia
1837 5564 2066 5622 fideliter

488 5650 662 5705 docet.
1948 5652 1953 5655 ’

2171 4665 2322 4717 num,
2354 4659 2409 4705 et
2430 4665 2761 4721 qurecunque
2801 4660 2927 4705 sunt
2960 4652 3221 4705 absconsa
3250 4658 3304 4705 et
3341 4650 3637 4720 improvisa
3670 4651 3749 4705 di-

2173 4739 2275 4795 dici
2347 4739 2533 4813 (Sap..
2584 4740 2701 4812 vu).
2743 4759 2762 4792 ι
2795 4741 2949 4806 Nam,
2981 4750 3041 4795 ut
3071 4741 3137 4796 de
3166 4741 3375 4796 caeteris
3412 4741 3627 4796 interim
3676 4743 3750 4796 si-

2171 4831 2397 4898 leamus,
2443 4834 2712 4903 quomodo
2754 4848 2914 4888 nosse
2953 4833 3129 4904 potuit
3168 4832 3420 4888 Salomon
3466 4834 3746 4887 hominum

2170 4926 2548 4995 cogitationes,
2579 4942 2701 4981 cum
2745 4927 2858 4996 ipse
2904 4927 3014 4981 Deo
3052 4925 3179 4980 alibi
3209 4926 3393 4979 dicat:
3438 4944 3456 4977 ι
3492 4924 3568 4978 Tu
3600 4925 3747 4980 solus

2171 5013 2309 5069 nosti
2337 5013 2499 5068 corda
2523 5014 2762 5067 omnium
2788 5013 3015 5067 filiorum
3039 5012 3353 5068 hominum?
3376 5011 3485 5083 »(11
3500 5010 3634 5066 Par.
3649 5013 3746 5083 vt.)

2172 5103 2276 5159 Sed
2305 5113 2359 5159 et
2378 5105 2499 5175 quis
2523 5106 2781 5160 absconsa
2809 5107 2988 5160 omnia
3015 5114 3071 5161 et
3093 5105 3386 5175 improvisa
3410 5104 3615 5169 didicit,
3642 5106 3747 5161 nisi

2167 5192 2496 5263 Redemptor
2534 5205 2746 5259 noster,
2802 5195 2855 5249 in
2906 5194 3058 5264 cujus
3113 5206 3333 5265 pectore
3380 5203 3505 5249 sunt
3553 5210 3747 5251 omnes

2166 5282 2401 5338 thesauri
2451 5284 2726 5354 sapientiae
2767 5294 2821 5340 et
2861 5285 3099 5341 scientiae
3144 5286 3441 5340 absconditi
3474 5283 3612 5356 (Col.
3662 5288 3744 5356 It),

2168 5376 2257 5444 qui
2299 5374 2538 5445 profecto
2568 5391 2663 5444 per
2693 5377 3080 5430 humanitatem
3128 5376 3316 5430 didicit
3366 5375 3505 5445 quod
3539 5390 3637 5445 per
3669 5377 3749 5431 di-

2167 5465 2444 5520 vinitatem
2474 5465 2790 5519 naturaliter
2818 5461 2994 5519 novit?

2777 5552 3004 5610 CAPUT
3043 5552 3133 5607 IX.

2565 5645 2631 5700 In
2659 5661 2893 5700 sermone
2916 5645 2979 5700 de
3010 5645 3071 5700 S.
3102 5642 3370 5698 Anthimo.

2237 5735 2453 5807 Legitur
2503 5734 2626 5806 quia
2672 5754 2690 5788 ι
2734 5735 3009 5791 Salomoni
3067 5734 3283 5790 fuerunt
3335 5748 3528 5789 uxores
3584 5735 3744 5804 quasi
