4058 6178
542 209 681 266 H23

1428 205 1930 265 COLLECTANEA
1988 205 2056 262 IN
2098 205 2326 264 VETUS
2367 206 2913 266 TESTAMENTUM.

3669 217 3810 274 Hii

538 325 684 380 niam
733 320 1074 375 intraverunt
1104 335 1260 390 aqum
1299 334 1470 388 usque
1526 317 1592 372 ad
1654 317 1892 373 animam
1943 334 2120 374 meam
2152 325 2200 383 Α
2228 319 2543 391 mysterium
2566 319 2654 374 illa
2684 320 3121 391 repromissionis
3151 329 3318 388 terra,
3344 336 3466 392 quas
3495 321 3582 380 lac
3622 335 3682 381 et
3709 329 3821 384 mel

541 415 716 489 (Paul,
749 415 959 483 vam).
1003 431 1028 464 »-
1057 413 1134 467 Ex
1161 422 1288 466 tunc
1313 411 1460 465 enim
1489 410 1653 466 homo
1682 411 1876 468 didicit
1894 411 2023 482 quid
2045 411 2132 468 de-

540 509 695 564 beret
730 514 1017 577 appetere,
1047 503 1176 572 quid
1225 503 1420 557 vitare.

1180 593 1410 650 CAPUT
1429 595 1496 651 ll.

926 682 994 738 1η
1025 700 1264 738 sermone
1293 684 1357 737 de
1381 683 1444 739 S.
1468 683 1745 740 Cassiano.

608 779 741 834 Cum
781 775 991 831 Eliseus
1038 775 1364 830 ascenderet
1393 775 1541 830 viam-
1567 791 1688 846 quas
1739 775 1894 831 ducit
1923 775 2136 840 Bethel,

538 869 690 941 pueri
739 865 949 937 parvuli
1003 864 1208 937 egressi
1256 865 1328 919 de
1371 864 1593 922 civitate
1618 863 1915 920 illudebant
1952 865 2022 930 ei,
2052 864 2135 919 di-

537 967 725 1012 centes
758 974 771 1010 :
819 975 837 1007 (
870 955 1142 1020 Ascende,
1170 954 1350 1020 calve,
1373 955 1624 1019 ascende,
1658 955 1829 1010 calve.
1860 955 1962 1023 Qui
2007 969 2133 1011 cum
2172 983 2176 990 ν

539 1050 888 1121 respexisset,
914 1048 1050 1103 vidit
1091 1061 1204 1111 eos,
1232 1059 1292 1102 et
1341 1047 1625 1102 maledixit
1683 1048 1766 1103 eis
1815 1047 1869 1102 in
1913 1047 2133 1102 nomine

535 1141 772 1196 Domini.
823 1159 850 1193 ι
900 1139 1132 1208 Moxque
1191 1137 1473 1208 Scriptura
1537 1138 1820 1207 subiunxit
1862 1155 1878 1192 :
1927 1157 1946 1190 ‹
1994 1138 2132 1205 Quia

536 1230 742 1302 egressi
775 1238 904 1284 sunt
930 1229 1036 1282 duo
1065 1227 1176 1282 ursi
1205 1226 1274 1281 de
1305 1226 1446 1282 saltu
1473 1237 1529 1282 et
1558 1227 1941 1284 laceraverunt
1963 1243 2030 1283 ex
2051 1228 2133 1284 eis

537 1323 899 1393 quadraginta
931 1322 1066 1374 duos
1094 1333 1294 1389 pueros
1343 1317 1445 1388 (IV
1479 1319 1606 1389 Reg.
1641 1325 1727 1390 ιι).
1767 1340 1787 1372 ι
1819 1319 1965 1374 Sane
2001 1320 2133 1390 quid

539 1431 636 1484 per
666 1415 930 1476 Eliseum,
965 1411 1071 1466 nisi
1113 1411 1376 1466 Mediator
1411 1411 1504 1465 Dei
1542 1421 1604 1466 et
1643 1412 1926 1467 hominum
1971 1413 2136 1468 debet

541 1506 812 1577 intelligi?
850 1504 992 1572 Quid
1033 1518 1162 1558 vero
1189 1519 1287 1573 per
1324 1503 1543 1569 Betliel,
1569 1518 1690 1572 qum
1713 1504 1904 1557 domus
1929 1503 2027 1557 Dei
2057 1503 2134 1556 in-

543 1605 902 1670 terpretatur,
955 1597 1060 1651 nisi
1118 1597 1402 1652 beatitudo
1466 1595 1709 1651 cwlestis
1771 1595 2134 1666 exprimitur?

2235 410 2405 467 ﬂuere
2427 411 2644 467 dicitur.
2670 412 2785 468 Lac
2813 413 2958 468 enim
2981 412 3149 484 215-
3164 413 3230 468 de
3264 429 3430 471 carne
3456 414 3596 482 ﬂuit,
3624 419 3730 473 mel
3751 421 3824 476 de

2235 501 2609 572 Superioribus
2637 503 2805 557 venit.
2829 501 2966 572 Quia
2998 504 3164 574 igitur
3191 504 3241 558 in
3270 520 3378 559 uno
3401 505 3695 565 Mediatore
3721 509 3820 568 Dei

2233 604 2292 648 et
2344 593 2621 648 hominum
2663 602 2717 650 et
2763 594 3120 651 humanitatis
3162 595 3248 652 lae
3285 606 3342 652 et
3375 598 3480 653 mel
3524 600 3821 661 divinitatis

2237 688 2415 742 inesse
2469 689 2855 760 cognoscitur,
2909 698 3058 745 recte
3109 705 3204 762 per
3253 699 3455 747 terram
3495 692 3582 748 lac
3628 707 3684 750 et
3712 699 3819 753 mel

2235 789 2578 835 cmanantem
2613 781 3004 837 incarnationis
3029 782 3145 853 ejus
3174 785 3492 855 mysterium
3535 787 3817 857 ﬁguratur.

2236 872 2390 938 Quod
2420 881 2601 927 autem
2645 889 2712 928 ex
2763 873 2866 928 bac
2895 881 3042 928 terra
3071 888 3208 928 onus
3249 873 3479 930 duorum
3515 878 3819 934 burdonum

2235 963 2403 1032 petit,
2435 964 2563 1032 quid
2594 964 2740 1019 aliud
2781 978 2945 1033 quam
2979 963 3212 1019 duorum
3253 965 3659 1035 Apostolorum,
3675 969 3820 1025 Petri

2234 1051 2444 1107 scilicet
2471 1062 2526 1107 et
2555 1051 2726 1116 Pauli,
2757 1052 3083 1108 documenta
3113 1053 3392 1123 deposcit?
3423 1054 3577 1112 Unde
3605 1067 3662 1111 et
3683 1073 3823 1114 unus

2233 1157 2424 1198 eorum
2455 1142 2628 1197 dicit:
2662 1161 2681 1195 ι
2716 1142 2818 1210 Qui
2849 1150 3105 1213 operatus
3145 1151 3232 1198 est
3271 1145 3430 1200 Petro
3465 1146 3516 1200 in
3556 1147 3826 1216 apostola-

2237 1242 2350 1288 tum
2405 1233 2884 1299 cimumcisionis,
2923 1242 3184 1303 operatus
3245 1244 3329 1289 est
3389 1243 3444 1290 et
3500 1236 3634 1289 mihi
3683 1236 3825 1291 inter

2235 1335 2426 1398 gentes
2447 1325 2590 1396 (Gal.
2623 1325 2705 1397 tt).
2747 1344 2768 1377 ι
2801 1325 2872 1380 Ει
2894 1326 3020 1394 quia
3061 1339 3170 1380 non
3200 1325 3362 1381 modo
3401 1327 3696 1396 apostolos,
3729 1329 3826 1383 scd

2233 1431 2427 1475 omnes
2437 1419 2821 1490 praedicatores
2858 1418 3144 1474 scientiam
3157 1420 3601 1489 etoperationcm
3623 1421 3827 1477 habere

2235 1523 2461 1568 necesse
2482 1521 2587 1577 est,
2615 1512 2757 1568 duos
2774 1512 2831 1567 in
2855 1511 3164 1576 castellum,
3181 1513 3337 1587 quod
3364 1521 3555 1567 contra
3595 1527 3654 1568 se
3679 1522 3824 1578 erat,

2237 1603 2504 1658 Dominus
2528 1602 2823 1674 discipulos
2853 1602 3034 1669 misit;
3065 1609 3255 1672 atque,
3280 1604 3423 1658 sicut
3447 1601 3624 1658 Lucas
3649 1611 3825 1657 testa-

537 1690 641 1744 Per
666 1690 807 1743 viam
841 1702 970 1758 ergo
996 1701 1118 1756 qua:
1147 1687 1299 1740 ducit
1328 1685 1536 1749 Bcthel,
1578 1684 1907 1754 Redemptor
1940 1693 2131 1739 noster
2161 1699 2206 1760 Β
2236 1701 2350 1756 tur,
2371 1693 2424 1746 in
2447 1705 2664 1747 omnem
2687 1692 2967 1747 civitatem
2996 1701 3055 1748 et.
3078 1692 3258 1749 locum
3283 1707 3395 1762 quo
3420 1703 3540 1746 erat
3565 1693 3680 1762 ipse
3695 1706 3827 1746 ven-

539 1778 894 1841 ascendebat,
927 1777 1144 1845 quando
1179 1774 1423 1844 passioni
1455 1775 1954 1844 appropinquabat;
1991 1774 2134 1829 sicut

533 1871 648 1941 jam
676 1872 730 1925 in
756 1871 869 1942 ipsa
897 1879 1248 1925 sacrosancta
1277 1877 1332 1924 et
1362 1869 1591 1939 mystica
1621 1882 1778 1923 ccena
1807 1868 1941 1923 dicit
1971 1867 2136 1922 disci-

538 1964 724 2032 pulis:
763 1983 780 2015 ι
820 1962 972 2018 Vade
1002 1963 1070 2016 ad
1117 1975 1242 2015 cum
1274 1961 1366 2030 qui
1414 1960 1562 2015 misit
1607 1973 1696 2015 me
1726 1959 2069 2029 (Icarum).
2109 1976 2129 2011 ι

539 2055 648 2110 Sed
672 2055 798 2110 dum
842 2054 1090 2109 ascendit
1119 2053 1325 2120 Dcthel,
1354 2052 1406 2107 id
1431 2051 1534 2118 est,
1567 2053 1695 2107 dum
1727 2064 1828 2122 per
1855 2051 2136 2107 sanctissio

538 2161 640 2200 mm
684 2145 953 2215 passionis
1000 2158 1116 2199 sua:
1158 2143 1483 2213 mysterium
1531 2141 1710 2197 redire
1757 2141 2040 2196 contendit
2066 2141 2133 2198 ad

535 2238 781 2306 Patrem,
813 2238 966 2309 pueri
999 2238 1149 2309 parvi
1179 2237 1386 2308 egressi
1415 2237 1482 2292 de
1511 2236 1732 2291 civitate
1781 2234 2016 2289 iiludunt
2057 2233 2131 2299 ei,

537 2333 782 2389 dicentes
819 2349 832 2386 :
879 2348 898 2381 ι
933 2331 1202 2391 Ascende,
1229 2329 1404 2394 calve,
1435 2327 1700 2393 ascende,
1730 2325 1904 2393 calve,
1948 2345 1969 2380 ι
2001 2327 2132 2396 quia

534 2425 706 2482 Judaei
754 2424 902 2480 omni
943 2421 1228 2495 gravitatis
1265 2421 1646 2491 et~sapicntize
1686 2419 1928 2491 pondere
1953 2421 2132 2487 vacui,

536 2519 738 2592 illaque
787 2519 1020 2590 pueritia
1069 2517 1298 2589 parvuli,
1332 2515 1399 2572 de
1442 2529 1548 2584 qua
1580 2514 1818 2569 dicitur:
1848 2531 1869 2565 ι
1917 2513 2137 2586 κειωιτ

537 2622 661 2668 etus
719 2627 855 2684 puer
894 2620 1114 2667 centum
1169 2625 1435 2664 annorum
1489 2605 1630 2679 (Ira.
1677 2605 1826 2678 ιη),
1861 2623 1882 2658 ι
1912 2619 2038 2660 eum
2067 2603 2133 2659 ad

537 2703 744 2772 locum,
776 2702 870 2773 qui
902 2702 1106 2757 dicitur
1131 2699 1423 2764 Calvariaa,
1447 2695 1790 2768 pertrahunt,
1828 2704 1992 2765 atque
2033 2694 2132 2749 ad-

532 2808 727 2849 versus
783 2807 905 2847 eum
955 2791 1216 2862 viperinis
1260 2789 1578 2844 irrisionum
1626 2787 2133 2856 ctopprobriorurn

532 2883 694 2939 furiis
719 2880 1088 2938 inardescunt.
1123 2881 1388 2936 Calvarim
1409 2887 1590 2933 autem
1625 2877 1774 2932 iocus
1802 2877 1890 2930 ille
1916 2876 2134 2932 dicebar

533 2967 682 3029 tur'a
714 2973 948 3028 calvitiis
990 2970 1306 3040 an'iputatis,
1331 2969 1457 3039 quia
1485 2967 1594 3024 illic
1618 2966 1925 3023 damnatitii
1951 2965 2135 3021 decet»

535 3067 638 3121 lari
657 3072 1073 3120 consueverant.
1091 3062 1159 3116 Et
1182 3062 1478 3116 notandum
1505 3061 1633 3131 quia
1657 3060 1812 3129 pueri
1834 3059 2037 3130 egressi
2065 3058 2132 3115 de
2158 3055 2204 3119 C

2238 1792 2415 1848 turus,
2442 1782 2688 1850 geminos
2729 1780 3026 1837 destinavit
3053 1780 3206 1850 (Luc.
3243 1780 3321 1851 x).
3355 1779 3509 1847 Quod
3534 1796 3665 1851 ergo
3689 1779 3826 1834 Naa-

2236 1892 2364 1931 mau
2389 1876 2442 1930 in
2469 1883 2616 1932 terra
2645 1883 2835 1931 saneta
2866 1876 3098 1930 duorum
3121 1874 3430 1929 burdonum
3457 1873 3666 1944 expetit
3705 1889 3827 1928 sar—

2235 1967 2436 2031 cinam,
2463 1977 2644 2035 super
2665 1964 3099 2020 incarnationem
3142 1963 3481 2019 Dominicam
3524 1977 3698 2035 genus
3728 1964 3829 2018 hu-

2237 2069 2460 2111 manum
2511 2053 2866 2125 apostolicam
2900 2053 3117 2108 videtur
3159 2052 3460 2122 eiliagitare
3496 2053 3826 2120 doctrinam,

2237 2159 2299 2203 ut
2317 2148 2371 2203 lii
2402 2147 2664 2218 sagmarii
2692 2145 2896 2202 mundo
2947 2154 3151 2201 terram
3204 2145 3490 2212 invebant,
3518 2161 3586 2200 ex
3618 2162 3729 2216 qua
3761 2146 3826 2199 ad

2234 2237 2516 2293 oliorenda
2547 2237 2820 2294 sacriﬁcia
2848 2236 3023 2292 altare
3068 2237 3125 2290 in
3171 2244 3466 2307 conspectu
3515 2234 3827 2290 Conditoris

2235 2330 2354 2385 ttat.
2381 2327 2538 2386 Unde
2566 2328 2689 2383 ﬁliis
2715 2327 2882 2382 israel
2919 2326 3186 2398 praecipit,
3217 2326 3408 2382 dicens
3438 2343 3456 2380 :
3490 2344 3509 2378 ι
3542 2325 3733 2380 Altare
3759 2326 3825 2379 de

2234 2432 2385 2480 terra
2424 2421 2639 2478 facietis
2677 2421 2810 2476 mibi
2859 2420 3058 2491 (Exod.
3082 2418 3199 2490 xx).
3233 2438 3254 2472 ι
3283 2417 3438 2486 Quod
3475 2426 3658 2474 autem
3685 2415 3826 2470 Naa-

2233 2507 2360 2569 inan
2395 2527 2502 2568 non
2529 2514 2602 2568 ob
2626 2511 2770 2567 aliud
2801 2520 3001 2566 terram
3030 2511 3306 2581 propheta
3331 2509 3691 2581 poposcisset,
3720 2509 3825 2564 nisi

2234 2616 2295 2660 ut
2321 2619 2389 2660 ex
2419 2619 2484 2659 ea
2512 2604 2744 2660 Domino
2766 2603 2938 2660 altare
2965 2611 3328 2666 construeret,
3359 2603 3415 2657 in
3437 2602 3554 2658 suis
3570 2603 3688 2672 ipse
3705 2615 3826 2654 ver-

2233 2694 2318 2750 bis
2336 2692 2596 2757 mteudit,
2625 2707 2749 2748 cum
2776 2691 2886 2748 illic
2911 2701 3115 2762 prasto
3139 2690 3421 2762 subiungit
3447 2709 3462 2744 :
3493 2709 3515 2744 ι
3545 2690 3822 2745 Nonenim

2233 2787 2377 2842 ultra
2415 2785 2583 2843 faciet
2616 2802 2809 2843 servus
2862 2797 2988 2842 tuus
3027 2785 3428 2851 holocaustum,
3457 2794 3516 2841 et
3543 2786 3822 2842 victimam

2233 2881 2338 2937 diis
2366 2879 2586 2948 alienis,
2611 2879 2717 2936 nisi
2740 2879 2972 2935 Domino
2995 2877 3046 2952 (l
3061 2877 3102 2932 γ
3127 2877 3252 2949 Reg.
3281 2878 3360 2948 v).
3397 2897 3420 2932 ι

2785 2972 2790 2979 ’
2846 2971 3075 3028 CAPUT
3112 2971 3205 3026 IV.

2483 3065 2549 3120 In
2577 3081 2818 3121 remoue
2836 3065 2901 3119 de
2921 3063 3216 3118 inuentione
3249 3061 3312 3119 S.
3343 3063 3551 3118 Gracia.

534 3157 760 3215 civitate
806 3158 1084 3223 dicuntur,
1137 3154 1421 3226 quoniam,
1468 3153 1612 3210 sicut
1666 3153 1958 3224 Apostolus
2003 3153 2124 3207 ait:
2305 3174 2325 3208 ι
2354 3156 2486 3210 Cum
2518 3155 2613 3209 filii
2643 3155 3026 3225 prophetarum
3055 3153 3211 3223 juxta
3237 3151 3820 3224 Jordanemlignacz-

541 3270 561 3302 ‹
609 3245 682 3304 Ut
719 3247 1091 3303 sanetiﬁcaret
1127 3261 1225 3317 per
1271 3259 1428 3301 suum
1479 3244 1797 3312 sanguinem
1845 3245 2127 3314 populum,

535 3352 694 3397 extra
744 3349 960 3413 portam
1009 3353 1203 3411 passus
1248 3346 1333 3393 est
1382 3335 1645 3391 Dominus
1702 3334 1891 3406 (Hebr.
1923 3334 2066 3405 xm).
2101 3352 2123 3386 ι

532 3433 705 3490 Porro
733 3434 875 3503 quod
918 3431 1207 3496 sequitur:
1245 3448 1264 3482 ι
1312 3428 1579 3496 Quoniam
1617 3427 1822 3498 egressi
1869 3436 1998 3481 sunt
2023 3427 2130 3480 duo

534 3525 646 3580 ursi
687 3525 754 3579 de
782 3523 923 3579 saltu
956 3530 1013 3578 et
1059 3521 1494 3578 dilaceraverunt
1533 3533 1601 3572 ex
1640 3521 1721 3572 eis
1770 3518 2128 3588 quadraginta

535 3616 670 3670 duos
708 3629 934 3684 pueros,
982 3631 1001 3664 ι
1036 3626 1135 3681 per
1179 3625 1467 3665 numerum
1508 3622 1822 3678 puerorum,
1866 3623 2128 3664 numerus

533 3705 780 3776 signatur
823 3717 1123 3767 annorum;
1174 3699 1595 3770 quadragesimo
1651 3698 1891 3770 secundo
1929 3697 2129 3768 quippe

533 3811 679 3852 anno
711 3805 834 3866 post
863 3794 1077 3850 Domini
1104 3792 1434 3864 passionem,
1455 3791 1598 3847 sicut
1618 3790 1862 3846 historiae
1888 3792 2126 3858 tradunt,

533 3886 692 3943 Titus
726 3898 783 3943 et
821 3886 1210 3958 Vespasianus,
1249 3885 1354 3940 duo
1388 3898 1566 3955 reges,
1610 3883 1675 3938 de
1705 3883 1857 3938 silvis
1885 3883 2125 3953 gentium

534 3990 796 4052 tanquam
826 3981 933 4036 duo
961 3979 1169 4035 feroces
1196 3977 1307 4033 ursi
1343 3976 1411 4033 de
1457 3975 1599 4031 saltu
1635 3974 1897 4040 ferarum,
1927 3975 2129 4031 dilace-

534 4082 798 4129 raverunt
823 4087 1040 4144 pueros,
1071 4071 1196 4141 quia
1232 4068 1520 4124 venientes
1539 4067 1606 4121 ad
1631 4067 1912 4124 excidium:
1935 4067 2130 4123 Hieru-

531 4165 704 4222 salem
733 4163 1143 4220 debellaverunt
1168 4161 1223 4216 in
1259 4161 1444 4215 furore
1476 4155 1714 4215 Iudaeos.

1150 4271 1380 4332 CAPUT
1417 4275 1510 4330 ll].
1529 4311 1531 4314 ι

533 4389 606 4447 In
647 4387 867 4461 epistola
925 4388 992 4440 ad
1051 4383 1478 4461 ΔιΙὶίιίρερ)ιἀτξᾴιιηι
1516 4390 1580 4461 _et
1629 4380 1986 4461 Stephanum)
2034 4383 2124 4437 ubi

602 4451 802 4514 dicitur
835 4456 1094 4526 quomodo
1126 4451 1399 4507 rationalis
1440 4453 1617 4506 anima
1647 4452 1716 4503 ad
1751 4451 2119 4520 perfectionem

604 4530 796 4585 veniat.

611 4638 632 4672 ι
667 4617 931 4680 Obsecro,
977 4613 1154 4684 inquit
1197 4611 1458 4692 Naamaou,
1489 4611 1724 4667 concede
1779 4611 1910 4666 mihi
1960 4627 2119 4669 servo

533 4718 738 4784 tuo,ut
795 4706 977 4762 tollam
1033 4719 1169 4760 onus
1229 4703 1457 4756 duorum
1518 4700 1819 4758 burdonum
1872 4704 1937 4759 de
1975 4714 2118 4760 terra

532 4802 583 4875 (ι
601 4801 640 4855 γ
667 4800 792 4870 Reg.
819 4797 895 4869 v).
936 4818 954 4849 ι
987 4796 1125 4864 Quid
1159 4804 1336 4848 autem
1378 4809 1478 4862 per
1522 4792 1834 4865 allegoriam
1875 4795 2117 4854 Naatnan

533 4892 729 4963 Syrus,
761 4890 862 4944 nisi
904 4904 1073 4957 genus
1121 4885 1369 4955 designat
1411 4885 1742 4938 humanum?
1783 4886 1936 4941 Sicut
1977 4890 2121 4945 enim

531 4985 775 5042 Naaman
809 4993 936 5036 ante
965 4981 1229 5050 leprosus,
1257 4991 1381 5031 mox
1413 4986 1470 5030 ut
1491 4978 1690 5047 septies
1707 4993 1842 5046 aqua
1871 4978 2124 5038 Jordanls

523 5078 792 5143 abluitur,
845 5073 913 5126 ab
969 5071 1116 5125 omni
1175 5069 1338 5139 lepra:
1395 5067 1647 5137 squalore
1695 5079 1988 5140 purgatur;
2048 5073 2122 5128 ita

532 5168 841 5224 mundanus
879 5163 1106 5235 pepulus
1134 5171 1339 5232 septem
1373 5161 1703 5216 charismata
1739 5162 1882 5217 illius
1915 5165 2123 5218 colum-

529 5261 614 5317 ba:
647 5257 970 5329 percipiens,
1001 5269 1119 5325 quae
1149 5267 1310 5322 super
1354 5252 1640 5305 Dominum
1682 5253 1731 5305 in
1764 5246 1998 5309 Jonlune
2021 5256 2114 5309 de-

532 5350 747 5408 scendit
795 5347 1010 5420 (Matth.
1044 5362 1135 5409 ut;
1173 5343 1341 5396 Marc.
1376 5358 1424 5408 1;
1453 5341 1694 5408 Luam;
1729 5345 1887 5398 Jaan.
1933 5351 1992 5414 ι),
2023 5362 2118 5416 per

531 5457 675 5495 sacri
701 5435 1046 5509 baptismatis
1077 5435 1349 5487 lavacrum
1377 5433 1626 5502 contagia
1651 5433 1899 5502 deposuit
1928 5449 2119 5503 pecca-

515 5511 731 5583 Iterum.
760 5527 903 5596 Quid
926 5543 1053 5581 vero
1076 5537 1239 5588 terra,
1271 5539 1436 5596 quam
1466 5523 1702 5578 Naaman
1739 5527 1992 5593 postulat,
2015 5527 2115 5581 nisi

535 5605 968 5676 incarnationem
1005 5618 1275 5691 signiﬁcat
1306 5616 1722 5687 Redemptoris?
1762 5617 1886 5675 Haec
1913 5628 1991 5673 est
2022 5633 2118 5689 per

2230 3249 2439 3311 derent,
2492 3258 2712 3316 repente
2736 3245 2946 3301 securis
2985 3243 3268 3315 cuiusdam
3312 3244 3598 3298 materiam
3630 3241 3820 3297 succi-

2228 3339 2408 3394 dentis
2436 3339 2491 3392 in
2518 3349 2718 3409 aquam
2771 3336 3008 3402 cecidit;
3035 3346 3169 3392 tunc
3209 3334 3474 3406 propheta
3517 3332 3726 3404 lignum
3764 3333 3820 3387 in

2229 3445 2427 3502 aquam
2457 3430 2623 3495 misit,
2657 3438 2718 3486 et
2738 3441 2863 3484 mox
2893 3427 3100 3486 ferrum
3143 3428 3354 3483 natavit
3404 3435 3569 3495 atque
3605 3426 3675 3480 ad
3702 3440 3822 3480 ma-

2229 3524 2488 3579 nubrium
2533 3521 2694 3578 rediit
2735 3519 2842 3590 (IV
2877 3519 3007 3591 Reg.
3038 3520 3141 3592 vt).
3171 3538 3193 3572 ι
3224 3519 3365 3587 Quid
3404 3527 3494 3574 est
3524 3527 3710 3573 autem
3739 3531 3825 3571 se-

2229 3615 2400 3678 curis,
2433 3614 2538 3669 nisi
2584 3612 2864 3683 sapientia.-
2901 3612 3000 3666 Dei.
3028 3620 3253 3680 operata
3285 3625 3384 3680 per
3410 3609 3647 3680 corpus?
3691 3607 3826 3679 quid

2229 3706 2462 3773 ferrum,
2491 3705 2591 3761 nisi
2623 3703 2914 3760 divinitas?
2938 3702 3068 3773 quid
3096 3702 3323 3773 lignum,
3350 3703 3454 3756 nisi
3484 3701 3827 3756 humanitas?

2230 3800 2297 3854 Et
2349 3806 2498 3854 recte
2539 3811 2738 3868 corpus
2794 3794 2996 3850 Christi
3045 3794 3249 3865 lignum
3295 3792 3527 3858 dicitur,
3559 3793 3708 3862 quod
3770 3793 3827 3845 in

2229 3889 2375 3963 ligno
2386 3887 2658 3961 pependit.
2676 3887 2898 3944 Securis
2912 3886 3075 3958 igitur
3103 3884 3259 3954 juxta
3281 3884 3575 3940 Jordanern
3596 3885 3830 3939 arbores

2228 3980 2563 4044 succidebat,
2591 3977 2717 4048 quia
2754 3977 2850 4031 Dei
2880 3975 3145 4047 sapientia
3181 3974 3336 4045 juxta
3362 3972 3586 4030 ﬂuidum
3613 3982 3831 4029 morta—

2227 4070 2398 4126 litatis
2427 4080 2628 4125 nostra:
2653 4070 2964 4131 decursum,
2995 4065 3213 4136 dignata
3259 4077 3342 4121 est
3387 4065 3582 4134 impios
3606 4063 3835 4119 Judaos

2229 4173 2339 4216 suae
2380 4158 2784 4231 prmdicationis
2812 4157 3138 4212 austeritate
3162 4157 3436 4226 corripere
3469 4166 3522 4211 et
3552 4155 3708 4211 velut
3735 4157 3828 4211 in-

2228 4250 2532 4306 ﬁructuosas
2552 4248 2778 4304 arbores
2800 4260 2832 4301 a
2861 4256 3005 4302 statu
3034 4245 3222 4318 rigidae
3248 4247 3513 4316 superbia:
3534 4245 3830 4302 desecare.

2230 4343 2384 4400 Unde
2403 4352 2458 4398 et
2484 4341 2722 4396 Joannes
2745 4338 2913 4395 dicit:
2941 4357 2961 4391 ι
2990 4337 3111 4393 Jam
3135 4338 3344 4394 securis
3373 4338 3440 4393 ad
3471 4338 3715 4392 radicem
3741 4351 3835 4391 ar-

2227 4435 2421 4490 borum
2439 4432 2631 4501 posita
2664 4440 2766 4487 est.
2799 4429 2990 4486 Omnis
3030 4433 3197 4484 arbor
3229 4443 3351 4498 qua:
3381 4443 3486 4482 non
3537 4426 3668 4481 facit
3714 4427 3835 4482 fru-

2229 4534 2376 4579 ctum
2457 4524 2658 4578 bonum
2740 4521 3022 4576 excidetur
3087 4531 3144 4575 et
3212 4519 3265 4574 in
3333 4519 3510 4588 ignem
3569 4518 3837 4574 mittetur

2228 4615 2443 4687 (Matth.
2471 4627 2569 4679 tu;
2590 4613 2720 4669 Luc.
2759 4614 2866 4684 tu).
2898 4633 2916 4666 ι
2951 4612 3140 4682 Itaque
3173 4611 3301 4666 dum
3340 4611 3485 4682 ligna
3512 4611 3836 4678 caeduntur,

2226 4701 2432 4762 ferrum
2460 4707 2514 4760 in
2543 4721 2711 4775 aquas
2742 4706 2809 4761 de
2837 4704 3123 4759 manubrio
3153 4703 3375 4768 cecidit,
3403 4704 3528 4770 quia
3557 4703 3695 4758 dum
3732 4706 3838 4761 sil-

2225 4806 2438 4854 vestres
2463 4796 2773 4853 Judaeorum
2804 4807 3014 4851 mentes
3044 4792 3259 4850 Veritas
3283 4794 3528 4863 corripit,
3559 4793 3839 4852 divinitas

2225 4903 2447 4944 carnem
2487 4897 2667 4941 tamen
2721 4901 2826 4941 non
2880 4886 3139 4940 deserens
3181 4885 3247 4938 ad
3300 4881 3498 4938 interni
3545 4884 3842 4952 profunda

2220 4997 2344 5037 cum
2398 4981 2590 5051 spiritu
2639 4981 2932 5035 comitante
2981 4978 3283 5034 descendit.
3343 4976 3453 5032 Sed
3500 4977 3725 5046 ligmun
3782 4981 3840 5037 in

2219 5087 2422 5142 aquam
2469 5072 2703 5125 mittitur
2731 5079 2786 5125 et
2835 5069 3052 5125 ferrum
3085 5069 3248 5134 redit,
3275 5069 3405 5139 quia
3447 5083 3656 5137 corpus
3723 5071 3837 5128 Do-

2221 5165 2376 5229 mini,
2408 5165 2549 5231 quod
2578 5165 2628 5216 in
2649 5164 2794 5233 ligno
2824 5164 3170 5232 pependerat,
3197 5163 3250 5216 in
3289 5162 3538 5232 sepulcro
3567 5165 3843 5237 ponitur;

2222 5255 2414 5311 deinde
2434 5271 2499 5310 ex
2527 5255 2808 5325 puoiundis
2829 5254 3026 5309 inferni
3051 5254 3243 5324 spiritu
3270 5255 3524 5309 redeunte
3548 5260 3844 5312 surrexit.

2225 5347 2377 5403 Unde
2408 5348 2705 5402 notandum
2735 5355 2907 5402 estet
2927 5346 3338 5417 diligentissime
3372 5345 3846 5415 perpendeluium

2221 5440 2346 5510 quia
2373 5441 2484 5508 ipse
2502 5438 2829 5508 Redemptor
2857 5448 3042 5494 noster
3067 5448 3192 5492 ante
3215 5451 3315 5508 per
3331 5448 3548 5492 erucem
3572 5440 3846 5500 transiit,

2223 5542 2278 5586 et
2302 5533 2382 5586 sic
2402 5532 2808 5586 immanitatem
2834 5545 2987 5585 suam
3039 5531 3092 5584 in
3144 5539 3384 5599 pateram
3429 5529 3686 5581 ιὶθςιιιιιῐξ
3729 5531 3853 5591 clo-

2225 5622 2358 5678 riam
2387 5623 2721 5679 sublimavit.
2761 5621 3086 5690 Exemplum
3125 5621 3324 5691 quippe
3362 5620 3516 5676 nobis
3540 5619 3853 5690 exhibuit,
