4058 6178
411 229 545 287 1125

1677 219 1746 279 IN
1798 219 2060 278 LIBRUM
2118 215 2396 276 ESDRE.

3551 224 3705 304 me

402 351 463 396 ut
499 339 642 396 unde
665 347 827 410 caput
849 337 1196 410 prmcessisse
1220 335 1584 409 cognoscitur,
1614 348 1714 406 per
1737 335 1986 392 eamdem
2017 338 2066 398 Α
2093 331 2300 404 rologio
2324 331 2611 388 linearum.
2640 330 2754 388 Soli
2779 348 3012 405 namque
3035 334 3284 406 iustitiae,
3311 334 3549 403 Christo,
3567 341 3682 408 pri-

403 432 552 490 viam.
571 440 629 487 et
655 431 895 486 membra
915 429 1301 499 subsequentia
1338 428 1680 499 gradiantur.

823 515 828 522 '
937 522 1102 592 216
1128 518 1358 576 CAPUT
1386 519 1453 574 v.

757 610 828 667 In
870 627 1107 666 temone
1149 612 1214 666 de
1247 609 1304 665 S.
1335 609 1636 680 Bonifacia.

393 688 399 700 ’
481 724 500 757 ι
534 704 734 760 Petivit
778 719 872 760 rex
903 705 1170 762 Ezechias
1204 713 1265 758 ut
1291 704 1480 760 umbra
1508 704 1696 758 decem
1728 703 1990 760 linearum

403 798 660 870 gradibus
699 808 1088 862 reverteretur,
1119 797 1315 866 quibus
1350 795 1460 864 jam
1503 797 1556 854 in
1597 797 1873 867 horologia
1901 797 1994 852 de-

402 892 688 948 scenderat
737 889 842 961 (IV
875 890 999 962 Reg.
1039 891 1160 961 xx).
1192 910 1210 943 ι
1247 889 1386 958 Quid
1436 891 1526 947 isti
1586 892 1787 962 gradus
1848 892 1994 948 illius

401 980 688 1049 horologii,
722 981 777 1037 in
807 996 915 1050 quo
948 997 1042 1037 rex
1073 982 1336 1038 Ezechias
1366 983 1614 1038 umbram
1663 985 1857 1039 reverti
1895 987 1992 1042 de-

399 1085 517 1125 cem
544 1069 703 1125 lineis
731 1070 918 1140 petiit,
946 1071 1174 1143 mystice
1194 1072 1449 1136 iunuunt,
1484 1073 1587 1128 nisi
1615 1074 1739 1142 quia
1765 1075 1988 1130 totidem

401 1160 654 1217 Salvator
681 1173 866 1219 noster
885 1164 1150 1234 gradibus
1169 1165 1236 1218 ad
1267 1175 1467 1222 nostra:
1495 1165 1845 1220 mortalitatis
1884 1167 1990 1221 ima

399 1252 704 1318 descendit,
727 1268 850 1307 cum
880 1256 949 1308 ad
977 1253 1352 1310 redimendum
1376 1271 1546 1325 genus
1578 1256 1870 1310 humanum
1895 1272 1989 1311 ve-

398 1328 516 1396 nit?
560 1342 728 1409 Quasi
757 1347 1022 1412 quosdam
1053 1344 1196 1399 enim
1228 1345 1428 1413 gradus
1470 1345 1734 1405 exhibuit,
1766 1362 1888 1401 cum
1924 1347 1992 1402 de

397 1434 539 1490 ccelo
569 1435 722 1491 venit
757 1437 816 1492 in
862 1447 1079 1493 uterum
1122 1435 1383 1507 Virginis,
1431 1438 1500 1492 de
1535 1447 1689 1494 utero
1737 1439 1887 1494 venit
1935 1439 1988 1494 in

396 1541 672 1597 pmsepe,
711 1527 780 1582 de
823 1542 1061 1598 praesepe
1105 1529 1324 1584 transiit
1376 1528 1445 1583 ad
1497 1529 1987 1594 circumcisionem,

395 1615 464 1670 de
497 1617 914 1674 circumcisione
959 1619 1027 1674 ad
1077 1619 1354 1689 templum,
1381 1619 1448 1674 de
1476 1619 1686 1689 templo.
1715 1621 1782 1676 ad
1814 1621 1988 1691 bapti-

2096 439 2217 480 mus
2243 425 2310 479 ad
2335 438 2432 479 nos
2458 423 2829 481 descensionis
2855 425 3051 496 gradus
3073 426 3172 482 fuit
3194 429 3260 483 de
3290 429 3401 483 Deo
3426 431 3478 484 in
3505 431 3684 500 Ange-

2095 513 2226 569 lum.
2261 513 2415 569 Unde
2463 521 2548 570 est
2595 514 2738 584 quod
2781 531 2878 585 per
2930 517 3122 571 Isaiam
3182 519 3420 574 dicitur:
3452 539 3471 571 ι
3507 520 3686 593 Magni

2095 605 2306 660 consilii
2356 603 2597 677 Angelus
2627 604 2764 677 (Isa.
2798 607 2897 677 ix).
2941 626 2960 660 ι
3005 607 3071 661 Ει
3102 609 3193 677 qui
3237 627 3358 665 cum
3397 610 3569 668 Jacob
3607 614 3688 669 lo-

2095 698 2364 767 quebatur
2395 696 2535 752 Deus
2574 697 2797 767 angelus
2839 709 3202 768 nuncupatur.
3250 701 3388 756 Hinc
3425 712 3508 757 est
3540 705 3684 774 quod

2093 805 2191 858 per
2219 791 2468 846 eumdem
2495 789 2664 846 Jacob
2704 791 2939 847 dicitur:
2977 811 2994 844 ι
3034 793 3177 847 Dixit
3212 795 3434 866 angelus
3470 798 3686 854 Domini

2095 881 2161 934 ad
2209 896 2295 936 me
2339 881 2395 934 in
2438 882 2687 936 somnis:
2718 883 2830 953 Ego
2865 899 2982 938 sum
3028 883 3289 941 Dominus
3326 885 3544 953 Betbel,
3590 890 3685 945 ubi

2095 972 2296 1026 unxisti
2333 971 2562 1042 lapidem
2597 982 2650 1027 et
2681 983 2861 1028 votum
2902 975 3096 1030 vovisti
3130 975 3260 1030 mihi
3301 974 3680 1046 (Gen.xnt);t

2094 1063 2352 1118 nimirum
2380 1075 2439 1118 ut
2464 1065 2604 1120 idem
2638 1066 2750 1135 ipse
2782 1066 2874 1135 qui
2916 1066 3155 1135 loquitur
3193 1075 3247 1122 et
3273 1068 3414 1123 Deus
3436 1069 3599 1124 simul
3626 1080 3683 1126 et

2095 1158 2318 1229 angelus
2361 1160 2698 1214 ostendatur.
2753 1158 3039 1214 Secundus
3079 1159 3450 1215 descensionis
3479 1163 3682 1232 gradus

2095 1247 2197 1302 fuit
2224 1247 2278 1302 in
2307 1250 2658 1318 patriarchis,
2695 1266 2793 1320 per
2834 1265 2974 1320 quos
3015 1250 3229 1307 scilicet
3275 1252 3392 1321 ipse
3425 1253 3688 1310 Dominus

2094 1341 2253 1395 unius
2281 1340 2370 1395 Dei
2397 1341 2598 1396 cultum
2623 1358 2688 1398 ac
2710 1359 2851 1398 verae
2874 1344 2996 1399 ﬁdei
3016 1343 3363 1400 fundamenta
3380 1347 3682 1403 constituit.

2095 1429 2312 1486 Tertius
2341 1431 2394 1485 in
2442 1432 2878 1502 promulgatione
2924 1433 3090 1504 legis,
3116 1450 3279 1504 quam
3306 1445 3363 1491 et
3391 1436 3506 1506 ipse
3531 1439 3690 1508 prius

2094 1520 2348 1575 audiente
2376 1521 2574 1590 populo
2621 1521 2863 1590 protulit,
2893 1533 2944 1576 et
2973 1524 3316 1592 postmodum
3365 1525 3419 1580 in
3459 1526 3692 1598 lapideis

2095 1609 2294 1664 tabulis
2317 1611 2538 1679 proprio
2568 1612 2738 1683 digito
2789 1621 3052 1668 exarante
3093 1613 3403 1683 descripsit.
3437 1614 3678 1683 Quartus

402 1719 604 1770 smnm.
637 1707 702 1761 de
728 1706 1000 1777 baptismo
1037 1708 1104 1762 ad
1155 1723 1397 1774 crucem,
1435 1710 1502 1766 de
1531 1726 1694 1768 cruce
1722 1713 1788 1768 ad
1843 1727 1990 1768 mor-
2018 1711 2064 1772 Β
2093 1703 2146 1759 in
2177 1702 2306 1758 ³⁸811
2335 1703 2506 1768 Nave.
2541 1704 2600 1759 in
2623 1720 2749 1772 (Ιυοι
2776 1706 2920 1760 Sicul-
2947 1706 3186 1772 nomine!
3211 1707 3290 1761 8ίο
3317 1717 3373 1762 θι
3396 1723 3562 1778 Opere
3590 1711 3685 1767 ἀθ-

397 1804 531 1860 tem,
557 1797 626 1852 de
647 1806 821 1853 morte
859 1798 926 1851 ad
955 1799 1294 1867 sepulcrum;
1321 1813 1596 1869 postremo
1622 1803 1901 1859 descendit
1918 1805 1986 1859 ad

395 1885 686 1951 infernum,
718 1896 780 1940 ut
809 1887 936 1943 inde
962 1898 1179 1945 sanctos
1203 1900 1436 1957 erueret,
1461 1907 1595 1960 quos
1619 1893 1685 1947 ad
1708 1894 1986 1950 ctelestem

394 1975 624 2045 gloriam
649 1977 864 2033 calcato
892 1979 1084 2033 mortis
1116 1980 1347 2049 imperio
1391 1993 1695 2038 revocaret.
1726 1983 1892 2042 Plane
1927 1994 1987 2040 ut

397 2080 498 2120 nos
519 2075 648 2134 post,
669 2082 729 2121 se
765 2082 986 2122 currere
1025 2067 1260 2132 faceret.
1288 2070 1422 2125 istos
1451 2087 1550 2140 pro
1588 2074 1745 2128 nobis
1783 2076 1985 2145 gradus

394 2155 744 2214 manifestam
779 2174 876 2230 per
903 2175 1123 2214 carnem
1154 2160 1367 2218 Veritas
1391 2163 1459 2217 ad
1486 2179 1586 2220 nos
1605 2167 1984 2223 descendendo

393 2247 689 2318 disposuit;
720 2259 779 2304 et
814 2250 1216 2319 quodammodo
1241 2253 1524 2321 cujusdam
1566 2257 1778 2327 mystici
1817 2259 1984 2314 hero-

394 2338 523 2408 logil
555 2339 635 2396 sol
659 2339 909 2408 justitite,
940 2341 1198 2396 Christus
1215 2343 1330 2397 haec
1359 2344 1426 2399 ad
1455 2343 1637 2400 nos'se
1668 2347 1984 2404 inclinaudo

393 2443 668 2488 momenta
694 2433 964 2488 distinxit.
1001 2452 1018 2485 ι
1064 2432 1167 2500 Qui
1197 2434 1454 2489 nimirum
1485 2437 1778 2492 exsultavit
1803 2451 1861 2493 ut
1898 2440 1981 2509 gi-

393 2539 490 2592 gas
526 2526 594 2579 ad
637 2524 967 2580 currendam
997 2525 1140 2579 viam
1165 2525 1338 2595 (Psal.
1368 2528 1554 2597 XVIII);
1581 2547 1600 2580 ι
1633 2538 1690 2582 ut
1712 2543 1810 2584 nos
1838 2530 1887 2583 ei
1916 2545 1984 2585 ex

393 2614 558 2671 corde
587 2614 939 2670 diceremus:
980 2634 999 2667 ι
1041 2616 1222 2670 Trahe
1246 2632 1332 2672 me
1361 2626 1481 2686 post
1515 2627 1588 2684 te,
1615 2632 1898 2673 curremus
1930 2620 1982 2673 in

392 2704 615 2760 odorem
655 2714 1058 2774 unguentorum
1093 2714 1309 2760 tuorum
1334 2706 1510 2777 (Cant.
1542 2709 1603 2777 l).
1634 2729 1652 2760 ι
1685 2709 1985 2766 Descende-

391 2805 480 2850 rat
517 2795 702 2865 itaque
738 2797 820 2852 sol
858 2785 1229 2868 emensis'jam
1257 2798 1446 2853 decem
1480 2800 1738 2870 gradibus
1767 2800 1983 2857 horolo-

390 2884 485 2954 gii,
525 2886 620 2940 sed
658 2900 756 2956 per
783 2887 1002 2942 eosdem
1043 2887 1243 2957 gradus
1273 2887 1470 2942 iterum
1502 2889 1689 2955 rediit;
1721 2889 1869 2958 quod
1903 2890 1984 2946 vi-

391 2974 586 3032 delicet
627 2976 839 3048 signum
885 2987 1054 3044 esset,
1078 2993 1177 3048 per
1205 2978 1350 3048 quod
1381 2993 1442 3034 se
1471 2993 1564 3034 rex
1605 2978 1876 3036 Ezechias
1896 2995 1984 3036 sa-

2091 1808 2242 1863 geus,
2269 1795 2322 1848 in
2355 1803 2557 1848 terram
2584 1796 3023 1864 repromissionis
3066 1795 3323 1866 populum
3357 1798 3689 1856 introduxit.

2091 1884 2328 1950 Quintus
2365 1884 2466 1939 fuit
2496 1884 2700 1954 gradus
2730 1886 2784 1940 in
2806 1885 3104 1954 iudicibus,
3138 1902 3235 1956 per
3262 1904 3400 1957 quos
3429 1889 3688 1946 nimirum

2088 1974 2442 2032 lsraeliticam
2462 1975 2672 2044 plebem
2705 1985 2763 2030 et
2787 1976 2903 2045 ipse
2937 1977 3179 2047 regebat.
3211 1978 3411 2034 Sextus
3450 1979 3504 2033 in
3539 1981 3686 2052 regi-

2086 2067 2188 2122 bus
2199 2066 2675 2136 Judzeorum,quia
2694 2067 2752 2122 in
2774 2067 2853 2122 eis
2869 2068 3242 2138 principaliter
3264 2070 3380 2139 ipse
3402 2073 3685 2142 regnabat.

2088 2157 2367 2229 Septimus
2411 2159 2466 2213 in
2511 2159 2812 2228 prophetis,
2845 2159 2973 2229 quia
3001 2174 3102 2229 per
3128 2174 3224 2215 eos
3255 2161 3372 2230 ipse
3393 2172 3449 2217 et
3477 2173 3694 2218 annuo:

2089 2249 2252 2302 tiatus
2278 2257 2443 2303 estet
2487 2247 2720 2303 locutus.
2751 2248 2991 2305 Octavus
3020 2250 3075 2305 in
3117 2252 3488 2320 pontiﬁcibus,
3517 2254 3680 2325 217

2086 2338 2141 2392 in
2169 2338 2367 2407 quibus
2418 2338 2570 2406 ipse.
2605 2339 2696 2407 qui
2738 2355 2985 2395 summus
3031 2349 3118 2398 est
3162 2341 3432 2407 Pontifex,
3463 2346 3579 2399 veri
3629 2355 3687 2401 et

2085 2427 2272 2482 aeterni
2301 2427 2382 2483 sui
2412 2427 2702 2483 sacerdotii
2735 2429 3052 2499 mysterium
3079 2430 3350 2501 ﬁguravit.
3371 2432 3558 2490 Nonus
3586 2451 3686 2489 au-

2086 2528 2196 2574 tem
2242 2519 2444 2588 gradus
2489 2519 2801 2589 designatus
2851 2531 2935 2576 est
2981 2521 3036 2575 in
3070 2523 3310 2578 homine.
3344 2523 3602 2582 Decimus
3624 2528 3680 2583 in

2085 2609 2361 2679 passione.
2412 2609 2518 2665 Per
2563 2611 2662 2666 bos
2708 2611 2891 2680 itaque
2929 2611 3118 2668 decem
3157 2617 3378 2684 gradus,
3403 2619 3556 2687 quasi
3585 2633 3685 2688 per

2084 2702 2334 2756 umbram
2367 2702 2568 2758 veteris
2617 2704 2962 2768 testamenti,
3004 2703 3100 2760 Sol
3133 2706 3379 2776 iustitiae,
3407 2708 3681 2776 Christus,

2085 2792 2140 2847 in
2172 2803 2372 2848 nostra!
2401 2793 2753 2850 mortalitatis
2797 2795 3082 2852 descendit
3133 2811 3421 2864 occasum;
3473 2808 3530 2856 et
3580 2816 3681 2870 per

2083 2897 2177 2940 eos
2209 2884 2313 2939 iter
2335 2892 2461 2955 post
2487 2884 2944 2941 resurrectionem
2989 2901 3144 2943 suam
3182 2887 3237 2944 in
3275 2887 3682 2948 ctelumvictor

2085 2976 2332 3030 ascendit
2358 2989 2685 3045 mnoemque
2712 2974 2862 3030 illam
2887 2984 3113 3032 vetustte
3143 2976 3280 3048 legis
3307 2980 3553 3034 umbram
3579 2996 3676 3036 ve-

391 3065 487 3122 luti
515 3070 760 3136 pristince
788 3069 1180 3132 restituendum
1206 3085 1324 3128 esse
1348 3069 1670 3126 conﬁderet.
1691 3070 1984 3128 Enimvero
2011 3077 2056 3140 ρ
2088 3069 2268 3125 ritatis
2294 3085 2406 3125 sum
2429 3085 2497 3124 ac
2514 3083 2669 3124 nova
2687 3069 2879 3140 gratia:
2904 3069 3074 3126 radiis.
3109 3070 3424 3137 illustravit,
3446 3073 3679 3129 obscura

389 3177 492 3218 nec
516 3178 684 3235 genus
704 3164 999 3220 humanum
1024 3166 1090 3220 ad
1123 3165 1569 3230 incolumitatem,
1593 3181 1758 3236 quam
1783 3167 1990 3222 amise-
2089 3162 2357 3228 revelans,
2382 3161 2569 3217 clausa
2599 3176 2847 3218 reserans
2871 3171 2926 3216 et
2968 3163 3154 3218 omnia
3182 3164 3286 3220 sub
3303 3164 3572 3222 velt-mine
3587 3163 3680 3222 lit-

391 3261 497 3318 rat,
523 3254 590 3309 de
619 3255 701 3309 sui
740 3255 1018 3326 languoris
1047 3257 1363 3326 erogatione
1395 3257 1692 3324 convaluit,
1722 3272 1844 3313 cum
1873 3258 1980 3314 diei

389 3342 483 3399 lux
509 3359 639 3400 vera
683 3345 933 3403 Christus
975 3349 1162 3402 decem
1194 3363 1311 3416 eos,
1340 3364 1478 3418 quos
1514 3349 1977 3417 ennmeravimus,

387 3433 606 3504 mystici
635 3433 899 3505 horologii
947 3437 1146 3506 gradus
1189 3438 1257 3492 ad
1307 3454 1562 3494 occasum
1611 3450 1858 3496 nostrum
1917 3453 1980 3497 se

309 3554 314 3559 -
387 3522 724 3580 bumiliando
749 3526 1056 3596 percurrit,
1088 3541 1399 3597 quanquam
1455 3545 1552 3599 per
1589 3531 1836 3585 umbram
1882 3530 1977 3586 de.

389 3629 507 3670 cem
541 3616 806 3685 graduum
842 3626 899 3672 et
939 3617 1099 3672 aliter
1124 3633 1372 3689 superna:
1397 3620 1818 3691 dispensationis
1851 3635 2002 3704 pos-to

387 3721 574 3762 sumus
606 3706 906 3779 inteliigere
943 3719 1363 3764 sacramentum.
1397 3710 1747 3767 Diversitates
1781 3713 1975 3783 quippe

389 3801 690 3867 temporum
724 3798 881 3869 quasi
913 3798 1159 3868 quaedam
1209 3799 1586 3857 diStinctiones
1626 3811 1754 3858 sunt
1781 3803 1837 3858 in
1869 3804 1972 3859 ho-

2090 3263 2222 3308 tera:
2249 3259 2394 3308 tecta
2421 3252 2722 3307 denudans.
2749 3252 2816 3307 Et
2843 3253 2985 3308 sicut
3010 3261 3140 3309 tunc
3169 3253 3251 3309 sol
3279 3253 3524 3313 lineatim
3549 3257 3678 3326 qui-

2087 3343 2210 3400 dem
2240 3358 2303 3398 ac
2337 3357 2554 3398 morose
2575 3351 2942 3412 processerat,
2971 3351 3193 3413 repente
3217 3353 3400 3400 autem
3427 3347 3494 3400 ad
3521 3356 3678 3403 ortus

2085 3435 2172 3490 sui
2194 3443 2280 3489 est
2309 3446 2558 3488 reversus
2571 3432 2871 3502 originem;
2904 3432 2983 3486 sic
3005 3433 3285 3499 nimirum,
3314 3434 3394 3489 sic
3429 3435 3679 3505 signave-

2086 3532 2173 3578 rat
2215 3521 2544 3592 Redemptor
2589 3533 2776 3576 noster
2803 3537 2867 3577 ea
2894 3536 3016 3592 qua:
3043 3523 3108 3577 de
3136 3517 3546 3578 incarnationis“
3563 3540 3678 3580 sua:

2077 3613 2614 3685 mysterioperlonga
2629 3621 2936 3684 temporum
2963 3613 3245 3669 intervalla
3267 3615 3322 3670 in
3355 3615 3470 3672 sola
3492 3629 3674 3672 resur-

2076 3705 2336 3762 rectionis
2382 3714 2558 3776 atque.
2602 3706 2940 3763 ascensionis
2991 3719 3106 3763 sua
3135 3705 3308 3777 gloria
3363 3707 3550 3765 subito
3575 3721 3674 3780 pa-

2077 3798 2282 3856 refecit.

1407 3934 1708 4006 Expliciwu
1743 3937 2044 3992 testimonia
2072 3934 2136 3991 de
2165 3934 2298 3990 libro
2325 3933 2354 3990 1
2370 3925 2410 3988 ιτ
2441 3932 2663 4006 Regum.

1498 4080 2096 4176 DE'LIBRO'
2143 4081 2604 4172 ESDRZE.

385 4243 452 4298 In
492 4245 710 4314 epistola
747 4249 818 4300 ad
846 4246 1205 4321 Cuniberlum,
1237 4269 1531 4326 episcopum
1568 4255 1964 4311 Taurinensem.
1996 4259 2045 4317 D
2071 4251 2328 4308 eerdotali
2357 4259 2418 4308 se
2453 4253 2674 4322 prodire
2718 4267 2968 4324 prosapia
3004 4253 3253 4326 religiose
3304 4255 3538 4314 vivendo
3578 4263 3665 4316 te-

461 4350 482 4386 ι
520 4333 672 4404 Quod
693 4338 911 4408 quidam
941 4343 1253 4400 sacerdotes
1279 4346 1612 4416 quaesierunt
1638 4348 1968 4417 scripturam

383 4429 707 4501 genealogia:
737 4448 866 4488 suae.
923 4432 1100 4502 Unde,
1131 4452 1252 4492 cum
1284 4455 1392 4493 non
1442 4439 1768 4505 invenirent,
1810 4439 1966 4508 ejecti

385 4529 513 4574 sunt
559 4522 622 4576 de
659 4524 984 4581 sacerdotio.
1020 4547 1038 4580 ι

453 4608 607 4662 Pium
654 4613 796 4664 enim
836 4623 919 4667 est
967 4617 1185 4673 credere
1220 4618 1346 4688 quia
1376 4620 1642 4688 quisquis,
1671 4637 1812 4675 nunc
1843 4637 1965 4690 pec-

382 4709 500 4755 cata
532 4701 746 4770 propria
780 4718 1170 4774 recognoscens
1195 4724 1256 4762 ac
1287 4710 1556 4774 deserens,
1587 4726 1617 4764 a
1646 4727 1744 4767 suo
1777 4728 1835 4766 se
1864 4713 1964 4766 mi-

383 4787 607 4842 nisterio
638 4788 914 4844 humiliter
941 4794 1210 4863 reprimit,
1246 4796 1298 4850 in
1344 4797 1430 4852 die
1469 4796 1657 4866 judicii
1689 4800 1963 4868 eumdem,

381 4894 489 4950 quo
516 4894 574 4934 se
600 4888 788 4950 sponte
827 4882 1154 4952 privaverat,
1201 4887 1444 4942 ordinem
1484 4887 1769 4945 obtinebit.
1810 4890 1963 4958 Quod

381 4975 434 5030 in
485 4975 622 5031 libro
664 4976 850 5032 Esdra:
893 4978 1185 5048 signiﬁcari
1215 4982 1446 5048 videtur,
1497 4982 1585 5038 ubi
1616 4986 1961 5042 sacerdotum

380 5067 689 5139 genealogis
730 5065 1079 5124 describitur.
1129 5070 1205 5127 lbi
1238 5073 1434 5143 quippe
1461 5088 1614 5153 sacra
1648 5085 1831 5129 narrat
1881 5075 1962 5130 bi-

381 5159 546 5214 storia
572 5160 697 5229 quia
735 5178 753 5210 ι
791 5161 1007 5230 quidam
1056 5165 1396 5217 sacerdotqu
1449 5163 1777 5234 quaesierunt
1820 5166 1959 5220 scri—

381 5258 591 5318 pturam
630 5252 955 5322 genealogis:
1003 5267 1134 5317 suze,
1181 5263 1235 5306 et
1275 5255 1527 5322 quoniam
1586 5257 1822 5325 reperire
1854 5273 1956 5312 non

379 5340 870 5410 potuerunt,ejecti
903 5353 1028 5397 sunt
1050 5345 1114 5397 de
1138 5344 1438 5399 sacerdotio
1461 5344 1511 5416 (I
1564 5344 1719 5400 Esdr.
1740 5347 1819 5417 ιι).
1846 5367 1862 5398 ι
1881 5347 1958 5402 ΙΙΙι

379 5433 536 5502 plane
591 5435 859 5490 veraciter
901 5436 1213 5492 sacerdotes
1252 5444 1380 5490 sunt
1415 5437 1506 5506 qui
1555 5437 1959 5494 sacerdot‘alitcr

377 5525 585 5578 vivunt.
639 5524 710 5578 lli
742 5526 1091 5581 sacerdotalis
1131 5527 1344 5596 generis
1379 5524 1574 5580 lineam
1609 5539 1824 5583 servant
1863 5529 1955 5599 qui

378 5614 552 5668 vitam
571 5630 724 5670 suam
775 5615 1001 5674 Domino
1037 5618 1361 5674 sacriﬁcium
1403 5615 1635 5674 oil‘erunt
1675 5633 1735 5675 ac
1765 5619 1828 5675 de
1871 5636 1959 5675 sa-

2075 4351 2331 4408 stautur,
2413 4342 2539 4399 dum
2603 4355 2914 4401 sanctorum
2979 4346 3320 4403 sacerdotum
3387 4348 3682 4406 imitantur-

2071 4436 2348 4506 exempla,
2396 4450 2518 4504 quae
2551 4435 2757 4505 legunt,
2816 4446 2948 4492 tunc
2976 4436 3028 4491 in
3082 4437 3257 4492 sacris
3295 4437 3528 4507 eloquiis
3572 4454 3683 4502 εει-κ

2071 4528 2350 4583 cerdotum
2389 4542 2449 4584 se
2479 4526 2615 4584 ﬁlios
2646 4539 3060 4600 recognoscunt.
3098 4528 3171 4583 At
3217 4531 3271 4585 hi
3300 4531 3395 4601 qui
3423 4533 3664 4588 carnali-
3747 4576 3753 4584 .

2070 4627 2154 4674 ter
2180 4621 2390 4686 vivunt,
2425 4629 2480 4675 et
2507 4635 2799 4689 pravorum
2835 4620 3113 4690 sequendo
3157 4622 3390 4691 vestigia
3409 4623 3662 4692 quasidt:

2068 4709 2406 4762 smcularium
2454 4710 2804 4778 generatione
2837 4710 3201 4776 descendunt,
3238 4714 3428 4768 merito
3455 4715 3523 4768 de
3572 4729 3660 4770 sa-

2067 4797 2345 4852 cerdotum
2378 4798 2736 4866 projieiuutur
2761 4800 2972 4865 ordine,
3002 4815 3231 4868 quorum
3262 4817 3324 4856 se
3360 4818 3468 4872 per
3484 4805 3652 4859 vitam

2069 4886 2351 4953 reprobam
2400 4897 2676 4956 nequeunt
2732 4888 2871 4943 ﬂlios
2922 4889 3187 4944 invenire.
3240 4891 3308 4945 Et
3353 4893 3655 4951 notandum

2066 4979 2210 5046 quod
2249 4978 2360 5033 illic
2400 4980 2685 5049 sequitur:
2716 4999 2733 5030 ι
2778 4980 2924 5034 Dixit
2969 4981 3293 5038 Athersatba
3339 4984 3418 5040 eis
3445 4994 3504 5040 ut
3545 5001 3654 5043 non

2064 5073 2412 5126 comederent
2452 5074 2518 5128 de
2569 5073 2774 5127 sanctis
2817 5083 3152 5140 sanctorum,
3189 5077 3358 5131 donec
3403 5087 3653 5148 surgeret

2063 5164 2317 5218 sacerdos
2337 5163 2434 5219 Dei
2461 5165 2653 5220 doctus
2679 5175 2842 5235 atque
2871 5165 3141 5235 perfectus
3169 5167 3375 5240 (Ibid).
3410 5188 3429 5222 ι
3457 5169 3516 5224 In
3542 5185 3649 5242 qua

2064 5257 2320 5312 nimirum
2353 5260 2716 5329 prohibitione
2751 5263 2879 5330 quid
2908 5263 3051 5318 aliud
3097 5281 3190 5334 per
3220 5266 3489 5336 allegoriae
3537 5285 3649 5341 my-

2062 5350 2284 5405 sterium
2319 5351 2477 5406 debet
2505 5351 2755 5421 intelligi,
2797 5353 2896 5406 nisi
2933 5366 2990 5408 ut
3028 5356 3071 5409 is
3097 5357 3186 5426 qui
3215 5358 3410 5427 dignus
3433 5367 3646 5418 esl'sa-

2061 5442 2322 5506 cerdotio,
2356 5443 2719 5512 percipiendis
2741 5461 2799 5500 se
2824 5451 3182 5503 sacramentis
3213 5459 3265 5503 et
3289 5455 3643 5511 sacerdotalis

2061 5531 2266 5587 ordinis
2307 5535 2778 5591 administratione
2809 5550 3138 5607 compescat,
3187 5541 3358 5598 donec
3393 5547 3642 5604 Christus

2065 5626 2120 5681 in
2145 5624 2367 5694 judicio,
2397 5628 2489 5697 qui
2518 5643 2643 5685 vere
2676 5629 2944 5687 Sacerdos
2973 5642 3056 5689 est
3093 5635 3287 5693 doctus
3315 5648 3474 5711 atque
3511 5657 3637 5712 per-
