4058 6178
390 242 516 299 1127

1263 233 1759 320 ευιιίΕεἹ-ΑΝΕΑ
1802 232 1868 288 ΙΝ
1911 230 2139 289 VETUS
2174 230 2725 290 TESTAMENTUM.

3496 238 3643 291 “28

383 359 553 408 lectus
604 350 897 420 exsurgal?
956 348 1113 404 Sicut
1165 363 1259 419 per
1318 345 1661 402 Psalmistam
1715 344 1950 399 dicitur:
1983 348 2030 408 Α
2060 341 2772 415 gustaveruntnihilominus
2800 341 2996 397 bonum
3024 342 3119 397 Dci
3143 342 3360 398 verbum
3387 345 3646 400 νει-ιυιυεο

388 461 406 493 ι
451 440 616 495 Terra
661 440 883 493 tremuit
912 448 966 492 et
994 439 1215 507 quievit,
1261 438 1385 491 dum
1428 443 1741 506 exsurgeret
1771 435 1823 487 in
1865 431 1955 502 ju-

385 531 528 584 dicio
552 530 695 583 Deus
721 528 891 598 (Psal.
919 530 1132 600 Lxxv),i
1162 538 1219 583 ut
1244 529 1311 593 is,
1336 527 1488 595 cujus
1519 526 1741 581 terroris
1765 526 1959 580 instin-

384 632 475 677 ctu
502 621 727 690 quilibet
768 621 948 688 lapsus
994 620 1082 674 hic
1124 635 1219 673 sua
1249 633 1307 674 se
1336 618 1598 688 dignitate
1632 625 1822 686 sponte
1856 615 1961 685 pri-

385 723 627 776 vaverat,
665 726 785 764 eum
822 712 872 764 in
918 712 1082 781 218
1120 710 1321 779 judicio
1348 718 1498 779 grata
1526 708 1644 763 vice
1674 706 1960 761 restituens

389 803 455 857 ad
493 803 674 856 amissi
701 802 907 855 ordinis
934 801 1143 856 culmen
1183 801 1413 866 attollat,
1438 800 1621 854 dicens
1648 816 1661 851 :
1693 817 1711 849 ι
1743 798 1957 863 Amice,

388 895 614 949 ascende
640 894 905 962 superius,
938 903 993 947 et
1023 903 1149 948 tunc
1174 894 1244 949 sit
1275 893 1367 947 tibi
1397 892 1564 960 gloria
1587 906 1769 946 coram
1798 889 1960 946 simul

388 984 842 1039 discumbentibus
860 983 1007 1051 (Luc.
1035 984 1166 1051 xw).
1201 1002 1219 1035 ι
1258 982 1362 1037 Sed
1385 990 1509 1036 sunt
1531 980 1793 1045 nonnulli,
1818 980 1961 1048 quod

386 1074 813 1144 prmtereun-lum
844 1088 948 1126 non
988 1081 1091 1137 est,
1129 1073 1240 1141 qui,
1265 1072 1418 1139 juxta
1448 1070 1784 1140 Apostolum,
1817 1087 1834 1120 ι
1863 1070 1960 1123 de-

396 1172 677 1229 sperantes
706 1162 1023 1230 semetipsos
1078 1160 1435 1215 immunditia:
1474 1160 1814 1214 tradiderunt
1861 1155 1961 1226 (E-

387 1251 529 1318 phes.
551 1250 644 1319 iv);
672 1270 689 1301 ι
723 1265 844 1303 nam
877 1250 1261 1304 continentiam
1293 1249 1532 1303 funditus
1561 1251 1909 1317 desperantes
1930 1264 1959 1302 a

389 1340 621 1408 suscepti
662 1340 868 1393 ordinis
899 1340 1367 1394 administratione
1396 1354 1455 1393 se
1496 1339 1825 1408 reprimunt;
1853 1338 1958 1392 sic-

390 1444 494 1499 que
522 1444 580 1484 se
606 1430 918 1499 delinquere
947 1429 1092 1484 velut
1127 1430 1344 1498 impune
1378 1428 1673 1493 conﬁdunt,
1699 1443 1762 1482 ac
1784 1429 1826 1482 si
1849 1443 1963 1482 ser-

389 1534 490 1574 vus
524 1519 741 1574 domino
771 1534 868 1574 suo
900 1519 1079 1575 dicat:
1124 1519 1260 1587 Quia
1292 1520 1432 1589 quod
1465 1520 1712 1590 prmcipis
1740 1518 1963 1589 implere

390 1624 498 1665 non
528 1609 705 1674 valeo,
732 1612 800 1664 ad
833 1610 1066 1663 hostium
1110 1619 1323 1667 tuorum
1365 1620 1542 1665 castra
1574 1609 1873 1680 transfugio
1901 1608 1963 1663 il-

2058 452 2162 507 que
2196 435 2377 492 saeculi
2406 436 2613 489 venturi
2651 445 2705 490 et
2733 434 2969 505 prolapsi
2999 442 3144 500 sunt,
3172 451 3360 491 rursus
3382 439 3641 492 renovari

2059 529 2125 584 ad
2165 529 2560 599 pmnitentiam,
2600 544 2812 581 rursum
2864 527 3243 598 cruciﬁgentes
3294 529 3347 583 in
3445 530 3635 585 simet-

2058 622 2187 692 ipsis
2212 621 2406 675 Filium
2457 620 2551 674 Dei
2581 629 2636 674 et
2672 620 2905 674 ostentui
2957 619 3217 675 habentes
3238 618 3427 691 (Hebr.
3475 620 3571 691 vi).
3614 639 3636 671 ι

2058 715 2132 769 lta
2157 714 2314 782 plane
2344 712 2591 766 videnlur
2614 725 2773 781 agere
2802 726 2865 765 ac
2893 711 2938 766 si
2958 710 3317 766 lsraelitarum
3344 710 3642 780 quispiam,

2057 804 2244 859 volens
2297 802 2551 857 fornicari
2605 815 2730 856 cum
2780 800 2965 866 idolis,
3018 800 3163 854 dicat
3204 800 3373 868 :quia
3430 814 3644 868 nequeo

2058 897 2349 953 observare
2404 895 2591 949 duram
2622 907 2686 947 ac
2717 892 2943 961 rigidam
2987 891 3081 947 Dei
3121 891 3311 960 legem,
3362 890 3430 944 ad
3474 892 3643 944 ritum

2061 984 2306 1040 transibo
2335 983 2871 1053 gentilem;tanquam
2904 983 3163 1038 recedens
3186 997 3215 1035 a
3247 980 3382 1051 lege,
3425 996 3528 1035 non
3565 982 3648 1036 sit

2060 1081 2270 1135 debitor
2294 1078 2396 1149 legi
2429 1084 2484 1132 et
2522 1077 2626 1131 hoc
2674 1074 2835 1130 modo
2861 1089 3166 1144 quanquam
3194 1073 3259 1128 de
3287 1085 3496 1128 servata
3520 1072 3648 1142 lege

2061 1186 2165 1225 non
2189 1170 2259 1225 sit
2289 1168 2510 1239 praemio
2556 1167 2770 1237 dignus,
2817 1163 3005 1220 ultioni
3035 1173 3213 1218 tamen
3243 1163 3308 1219 de
3333 1173 3646 1232 contempta

2068 1279 2173 1318 non
2201 1270 2447 1316 teneatur
2483 1260 2766 1313 obnoxius.
2817 1257 2921 1313 Sed
2954 1257 3237 1311 audiamus
3280 1254 3409 1325 quid
3440 1253 3646 1307 talibus

2063 1353 2241 1406 divina
2273 1351 2535 1406 severitas
2564 1350 2617 1404 in
2667 1347 3080 1403 Deutcronomio
3121 1346 3265 1400 dicat
3294 1360 3310 1399 :
3340 1364 3359 1396 ‹
3392 1345 3645 1414 Cumque

2062 1442 2292 1497 audierit
2314 1442 2600 1511 quisquam
2632 1439 2796 1495 verba
2838 1437 3130 1507 juramenti
3157 1435 3335 1505 hujus,
3358 1436 3650 1492 benedicat

2062 1534 2168 1589 sibi
2210 1533 2265 1587 in
2296 1532 2458 1587 corde
2495 1545 2595 1585 suo
2642 1531 2823 1586 dicens
2857 1546 2870 1583 :
2913 1528 3022 1583 Pax
3055 1528 3159 1584 erit
3205 1527 3335 1581 mihi
3365 1535 3420 1581 et
3454 1528 3652 1580 ambu-

2054 1625 2177 1678 labo
2202 1622 2256 1676 in
2287 1621 2555 1693 pravitate
2580 1620 2761 1675 cordis
2795 1617 2926 1683 mei,
2958 1627 3011 1673 et
3043 1629 3290 1675 assumat
3341 1621 3529 1677 ebrius
3560 1623 3645 1678 si-

390 1700 563 1769 lisque
593 1714 679 1755 ine
704 1700 769 1753 ad
794 1700 1136 1770 pugnandum
1165 1709 1351 1754 contra
1378 1709 1429 1753 te
1450 1699 1749 1754 dedititium
1778 1699 1961 1765 trado;
1993 1700 2279 1773 Βιίθηιεη,
2316 1725 2373 1771 ει
2408 1713 2673 1769 Dominus
2724 1712 2969 1783 ignoscat
2999 1713 3081 1778 ei;
3148 1714 3243 1767 sed
3285 1723 3418 1769 ωηο
3474 1731 3640 1785 quam

348 1852 351 1853 ν
396 1805 655 1865 tanquam
692 1796 858 1864 possit
884 1795 1159 1850 dominum
1184 1811 1338 1850 suum
1370 1795 1604 1865 placare,
1638 1795 1780 1864 quod
1805 1793 1959 1864 fugit,

391 1892 449 1939 et
481 1899 585 1938 non
615 1885 786 1953 possit
817 1885 1052 1950 irritare,
1092 1886 1234 1953 quod
1263 1886 1521 1939 adversus
1549 1900 1673 1938 eum
1713 1884 1765 1938 in
1808 1900 1961 1938 arma

393 1974 693 2040 consurgit.
726 1971 930 2037 Quibus
958 1987 1057 2040 ego
1090 1981 1403 2027 constanter
1442 1982 1495 2025 et
1534 1973 1650 2027 sine
1687 1973 1790 2025 ulla
1814 1988 1969 2042 pror-

402 2078 494 2116 sus
525 2063 871 2132 ambiguitate
908 2063 1169 2117 denuntio
1214 2064 1468 2133 quoniam
1517 2078 1670 2116 cassa
1696 2076 1756 2115 se
1779 2078 1843 2116 ac
1872 2062 1970 2116 fri-

398 2151 517 2205 vola
578 2152 961 2220 pollicitatione
1019 2152 1323 2221 decipiunt,
1374 2153 1418 2207 si
1474 2168 1579 2207 non
1616 2162 1970 2222 exsequentes

396 2243 629 2299 oﬂicium
660 2244 833 2298 officio
859 2260 915 2298 se
938 2253 1126 2298 exutos
1152 2261 1270 2299 esse
1301 2244 1599 2298 confidunt;
1636 2243 1786 2297 Licet
1823 2244 1964 2297 enim

405 2351 435 2386 a
468 2334 919 2403 frequentatione,
958 2335 1040 2388 vel
1066 2335 1408 2388 exsecutione
1437 2343 1610 2388 cesset
1633 2335 1766 2388 ordo
1792 2334 1967 2401 cujus-

395 2422 547 2489 libet,
574 2423 655 2476 vel
680 2422 911 2476 ollicium
938 2423 989 2477 in
1015 2424 1262 2479 ordinato
1286 2433 1461 2477 tamen
1490 2423 1837 2479 nihilominus
1852 2439 1972 2493 per—

398 2522 583 2568 manet
604 2515 808 2568 ordinis
844 2524 1266 2569 sacramentum.
1318 2514 1386 2569 Et
1421 2515 1561 2568 sicut
1589 2514 1676 2568 vir
1700 2515 1966 2583 quispiam

397 2602 501 2658 etsi
529 2612 707 2658 cesset
734 2602 802 2657 ab
850 2619 1014 2673 opere
1063 2603 1350 2674 conjugali,
1403 2603 1551 2659 nullo
1582 2604 1739 2659 modo
1791 2611 1969 2657 tamen

397 2692 697 2747 absolvitur
720 2694 1056 2763 copulatione
1083 2694 1348 2764 eonjugii;
1377 2693 1452 2748 ita
1482 2692 1730 2757 clericus,
1758 2692 1859 2746 etsi
1884 2692 1967 2746 sui

396 2781 602 2837 ordinis
623 2798 728 2837 non
759 2782 1014 2852 fungatur
1043 2783 1243 2849 ofﬁcio,
1292 2784 1529 2854 ejusdem
1561 2790 1741 2837 tamen
1766 2783 1972 2838 ordinis

398 2888 505 2928 non
534 2874 753 2928 exuitur
774 2884 1140 2929 sacramento.
1171 2873 1478 2929 Cavendum
1510 2883 1744 2945 estergo
1769 2874 1876 2928 illis
1904 2889 1973 2929 ne

398 2978 560 3032 super
588 2978 683 3017 eos
715 2965 896 3018 veniat
924 2963 1267 3019 formidolosa
1293 2962 1380 3017 illa
1404 2963 1691 3029 sententia,
1746 2978 1850 3034 qua
1876 2978 1974 3032 per

399 3053 716 3122 Apostolum
770 3055 970 3108 dicitur
996 3071 1009 3108 :
1038 3072 1057 3106 ς
1114 3053 1450 3125 impossibile
1483 3062 1589 3119 est,
1626 3055 1818 3123 inquit,
1853 3068 1970 3117 eos,
1999 3040 2043 3103 C

401 3145 492 3213 qui
521 3144 687 3200 semel
715 3154 841 3200 sunt
878 3144 1186 3211 illuminati,
1209 3152 1559 3216 gustaverunt
1583 3145 1748 3200 etiam
1772 3146 1971 3199 donum

401 3232 625 3289 cteleste
659 3274 675 3301 ,
725 3242 782 3289 et
817 3235 1106 3306 participes
1149 3242 1276 3291 sunt
1328 3232 1456 3290 facti
1500 3234 1731 3306 Spiritus
1776 3234 1972 3301 sancti,

2061 1812 2296 1866 maxime
2327 1811 2510 1864 fumus
2534 1808 2652 1878 ejus
2682 1804 2853 1861 fumet
2881 1814 2935 1860 et
2964 1805 3112 1860 zelus
3136 1816 3325 1861 contra
3362 1809 3643 1863 hominem

2063 1905 2236 1969 illiilli,
2275 1913 2329 1957 et
2358 1902 2552 1957 sedent
2593 1914 2757 1968 supra
2797 1914 2921 1952 eum
2954 1901 3139 1953 omnia
3175 1900 3489 1967 maledivta,
3517 1918 3643 1970 quas

2061 1997 2261 2065 scripta
2298 2004 2423 2050 sunt
2458 1992 2512 2046 in
2551 1992 2653 2046 hoc
2682 1991 2979 2054 volumine,
3000 2000 3052 2045 et
3084 1990 3261 2044 deleat
3284 2006 3483 2045 nomen
3514 1995 3643 2058 ejus

2069 2081 2169 2136 sub
2194 2077 2352 2142 caelo,
2383 2086 2437 2131 et
2464 2084 2743 2131 consumat
2768 2089 2888 2128 eum
2916 2074 2967 2126 in
2992 2072 3344 2142 perditionem
3374 2085 3439 2125 ex
3464 2070 3648 2124 omni-

2068 2170 2168 2223 bus
2197 2168 2439 2222 tribubus
2462 2165 2623 2220 lsrael
2648 2165 2801 2235 juxta
2831 2162 3251 2224 maledictiones,
3278 2175 3397 2230 quae
3424 2161 3475 2213 in
3504 2158 3648 2213 libro

2069 2261 2201 2331 legis
2242 2258 2397 2327 hujus
2429 2273 2493 2312 ac
2532 2256 2751 2311 fmderis
2793 2255 3136 2310 continentur
3180 2252 3359 2323 (Deut.
3408 2250 3579 2319 xxix).
3620 2269 3642 2302 ι

2071 2350 2174 2404 Sed
2202 2358 2257 2403 ct
2302 2347 2582 2403 Psalmista
2611 2347 2763 2411 dicit,
2796 2364 2813 2396 ι
2845 2344 3140 2408 Maledicti,
3188 2343 3279 2412 qui
3306 2342 3575 2395 declinant
3611 2355 3645 2393 a

2072 2440 2338 2495 mandatis
2365 2439 2469 2491 luis
2492 2436 2664 2509 (Psal.
2689 2436 2898 2501 cxvut).
2930 2455 2948 2487 ι
2974 2436 3036 2489 Et
3064 2449 3158 2504 per
3181 2433 3518 2489 Ezechielem
3542 2433 3650 2486 Do-

2071 2532 2247 2585 minus
2273 2531 2349 2584 ait
2377 2547 2389 2583 :
2422 2549 2439 2580 ι
2477 2529 2659 2598 Neque
2686 2527 2940 2597 cogitatio
2991 2526 3185 2580 mentis
3209 2533 3405 2579 vestra:
3432 2523 3525 2577 ﬁet
3550 2523 3639 2577 di-

2070 2620 2303 2676 centium
2333 2637 2346 2673 :
2372 2617 2587 2672 Erimus
2629 2618 2770 2672 sicut
2796 2625 2981 2687 gentes
3027 2623 3082 2669 et
3115 2615 3257 2668 sicut
3296 2612 3649 2683 cognationes

2073 2720 2258 2779 terrze,
2296 2719 2357 2765 ut
2381 2708 2622 2765 colamus
2654 2707 2796 2778 ligna
2836 2716 2889 2762 et
2923 2706 3151 2775 lapides.
3184 2705 3320 2758 Vivo
3362 2718 3481 2774 ego,
3516 2703 3648 2757 dicit

2073 2802 2331 2858 Dominus
2390 2800 2552 2865 Dens,
2586 2799 2842 2867 quoniam
2870 2796 2924 2851 in
2945 2786 3138 2849 'manu
3167 2793 3289 2848 forti
3320 2801 3377 2847 et
3424 2791 3650 2847 brachio

2071 2901 2292 2951 extento
2314 2899 2369 2948 et
2394 2891 2446 2945 in
2476 2889 2659 2944 furore
2678 2886 2845 2943 effuso
2875 2885 3111 2958 regnabo
3138 2900 3299 2953 super
3324 2898 3419 2938 vos
3438 2890 3493 2938 et
3519 2882 3651 2937 edu-

2074 2999 2195 3040 cam
2220 2998 2319 3039 vos
2351 2983 2418 3037 de
2441 2980 2671 3053 populis,
2704 2988 2759 3035 et
2795 2977 3133 3050 congregabo
3158 2990 3256 3030 vos
3283 2975 3352 3029 de
3382 2974 3544 3029 terris
3592 2972 3649 3027 iu

2076 3076 2278 3146 quibus
2330 3072 2559 3142 dispersi
2609 3070 2765 3138 estis,
2806 3075 2864 3125 et
2915 3066 3196 3139 subjiciam
3232 3079 3328 3121 vos
3355 3063 3410 3119 in
3434 3070 3647 3132 sceptro

2074 3181 2196 3223 meo
2224 3163 2439 3238 (Each.
2464 3162 2580 3233 xx).
2616 3176 2635 3214 ι

1368 3396 1542 3485 219
1597 3430 1744 3518 DE
1804 3426 2167 3519 LIBRO
2224 3423 2667 3518 TOBIE.

471 3595 606 3653 Illud
635 3597 704 3651 ad
732 3596 1049 3652 memoriam
1099 3611 1313 3660 revoca,
1358 3596 1502 3666 quod
1543 3597 1609 3651 de
1652 3595 1821 3651 Tobia
1851 3595 1972 3651 viro

401 3686 545 3756 justo
574 3684 853 3756 Scriptura
898 3694 1126 3740 testatur
1158 3703 1171 3738 :
1210 3703 1229 3737 ι
1262 3684 1518 3756 Contigit,
1550 3686 1817 3755 inquiens,
1849 3699 1972 3740 cum

406 3789 515 3831 una
540 3774 629 3829 die
674 3773 930 3844 fatigatus
966 3789 996 3828 a
1024 3772 1322 3844 sepultura,
1358 3774 1577 3829 veniens
1604 3774 1844 3839 domum,
1889 3774 1976 3844 ja-

405 3874 611 3921 ctasset
639 3879 699 3919 se
743 3862 896 3932 juxta
927 3863 1187 3933 parietem
1216 3871 1272 3918 et
1310 3864 1689 3930 obdormisset,
1720 3872 1880 3933 atque
1907 3881 1977 3920 ex

406 3955 533 4011 nido
564 3952 917 4010 hirundinum
962 3953 1248 4008 dormienti
1284 3952 1360 4008 illi
1394 3953 1570 4008 calida
1627 3964 1867 4009 stercora
1897 3954 1978 4008 in-

409 4046 654 4102 ciderent
688 4060 853 4116 super
908 4045 1095 4101 oculos
1146 4045 1265 4117 ejus
1316 4044 1582 4114 ﬁeretque
1624 4060 1797 4101 caicus
1823 4043 1977 4116 (Tob.

408 4138 495 4208 ιι).
526 4156 546 4190 ι
589 4137 871 4208 Fatigatus
902 4152 931 4190 a
968 4136 1267 4206 sepultura,
1312 4135 1439 4192 dum
1469 4150 1527 4191 se
1567 4135 1713 4191 velut
1742 4134 1979 4192 effractis

406 4227 614 4283 viribus
643 4228 880 4299 projicit,
910 4227 1091 4282 lumen
1121 4228 1339 4283 amittit.
1382 4227 1607 4283 lllaesum
1640 4228 1836 4298 quippe
1858 4242 1980 4283 cor-

2074 3599 2377 3663 perungunt
2392 3605 2422 3645 a
2436 3589 2631 3659 quibus
2656 3586 2863 3643 scilicet
2884 3586 3000 3642 haec
3021 3599 3161 3656 sepe
3182 3583 3434 3639 dicuntur
3457 3599 3472 3636 :
3496 3583 3652 3649 Vive,

2076 3682 2202 3736 dum
2232 3679 2392 3743 vivis,
2420 3690 2603 3732 recrea
2632 3691 2830 3745 corpus
2856 3675 3071 3739 eduliis,
3102 3689 3170 3728 ne
3198 3673 3242 3728 si
3274 3688 3332 3727 se
3353 3672 3654 3726 districtius

2076 3780 2295 3834 atterat,
2340 3778 2420 3823 tot
2475 3781 2732 3838 Oppressa
2779 3765 3054 3819 laboribus
3094 3778 3223 3818 caro
3273 3761 3478 3832 fragilis
3527 3777 3652 3815 mox

2079 3859 2394 3917 succumbat
2421 3874 2436 3925 ;
2464 3870 2698 3929 persona
2754 3863 2846 3909 tua
2876 3850 3347 3910 excellentioribus
3377 3850 3655 3905 excolatur

2082 3948 2335 4016 induviis,
2364 3957 2425 4003 ut
2464 3947 2599 4019 ejus,
2647 3960 2808 4015 quam
2840 3954 3010 4009 tenes,
3060 3951 3304 3997 servetur
3335 3941 3546 4009 genium
3575 3941 3656 3994 di-

2083 4042 2335 4114 gnitatis;
2360 4038 2755 4111 agglomeretur
2777 4036 3036 4090 lateribus
3061 4034 3165 4088 tuis
3192 4031 3653 4095 turbaclientium,

2083 4141 2143 4186 ut
2173 4132 2298 4185 dum
2329 4139 2384 4185 te
2410 4131 2831 4185 commeantium
2861 4124 3149 4180 multitudo
3176 4123 3521 4184 condecorat,
3551 4123 3653 4176 ho-

2085 4222 2233 4277 noris
2259 4219 2439 4275 ofﬁcio
2460 4228 2587 4274 tunc
2607 4217 2849 4272 vilescat.
2878 4214 2984 4270 Sed
3000 4216 3044 4270 si
3068 4213 3221 4269 nobis
3241 4215 3357 4268 haec
3379 4212 3656 4267 diabolica:

409 4324 495 4380 dis
535 4295 752 4378 oculum
787 4331 993 4385 servat,
1037 4322 1279 4391 quisquis
1308 4322 1360 4375 in
1411 4321 1568 4376 bonis
1596 4295 1851 4389 operibus
1897 4320 2057 4383 in-D
2084 4295 2433 4379 malignitatis
2482 4305 2785 4362 amaritudo
2853 4305 3148 4375 detegitur,
3207 4302 3521 4357 tentationis
3572 4302 3655 4356 in-

410 4411 701 4482 fatigabilis
727 4418 1057 4480 perseverat,
1089 4425 1213 4463 cum
1245 4424 1373 4463 vero
1399 4408 1812 4479 pusillanimiter
1834 4406 1981 4463 fran—

412 4505 577 4573 gitur,
605 4516 712 4555 non
750 4500 1023 4555 immerito
1055 4499 1176 4554 luce
1225 4500 1487 4568 privatur.
1526 4499 1661 4553 Hinc
1683 4500 1824 4553 enim
1851 4498 1984 4553 scri-

411 4601 565 4662 ptum
596 4599 724 4645 est:
756 4609 774 4643 ι
816 4588 908 4644 Vae
945 4590 1030 4645 his
1059 4589 1149 4658 qui
1198 4588 1550 4659 perdiderunt
1607 4588 1982 4644 sustinentiam

415 4683 605 4755 (Eccli.
650 4683 734 4753 ιι).
775 4702 793 4735 ι
826 4683 962 4737 llinc
1010 4681 1208 4737 Paulus
1239 4682 1355 4735 ait:
1386 4698 1405 4732 ι
1442 4679 1684 4751 Vigilate,
1742 4688 1881 4735 state
1928 4680 1981 4733 in

416 4776 541 4842 ﬁde,
577 4775 805 4830 viriliter
839 4775 982 4845 agite
1003 4772 1057 4844 (I
1089 4772 1214 4828 Cor.
1258 4770 1394 4843 xvi).
1429 4789 1446 4822 ι
1475 4771 1614 4839 Quid
1635 4786 1763 4827 vero
1796 4771 1986 4826 leviter

411 4867 656 4922 volantes
693 4865 1031 4929 hirundines,
1059 4863 1163 4919 nisi
1188 4862 1332 4918 leves
1358 4861 1689 4917 adulantium
1714 4872 1769 4917 et
1789 4860 1980 4916 blanda

415 4958 745 5027 loquentium
776 4955 1086 5024 signiﬁcant
1116 4955 1343 5009 mores?
1375 4955 1466 5023 qui
1500 4956 1624 5009 dum
1656 4952 1983 5023 blandiloqui

416 5062 511 5103 sua
538 5046 805 5101 suavitate
834 5045 1157 5110 demulcent,
1181 5045 1307 5100 dum
1338 5044 1654 5100 adulationis
1682 5044 1803 5099 oleo
1828 5051 1989 5113 caput

416 5136 684 5191 audientis
731 5134 1085 5205 impinguant,
1133 5133 1418 5188 interiores
1462 5133 1666 5199 oculos,
1717 5148 1784 5187 ne
1831 5133 1986 5187 solita

419 5226 537 5280 luce
588 5224 856 5288 fruantur,
908 5224 1258 5280 exczecanth
1304 5222 1569 5291 Corripiet
1616 5235 1724 5286 me,
1776 5222 1985 5292 inquit,

411 5316 591 5386 justus
618 5317 670 5371 in
695 5315 1064 5371 misericordia
1098 5323 1154 5369 et
1198 5314 1495 5384 increpabit
1534 5327 1650 5378 me;
1674 5312 1849 5367 oleum
1888 5326 1984 5364 au-

423 5415 528 5460 tem
576 5406 879 5476 peccatoris
919 5419 1027 5459 non
1076 5403 1371 5473 impinguet
1415 5410 1575 5472 caput
1614 5398 1983 5469 meum(PsaI.

422 5498 567 5565 exp).
604 5516 623 5548 ι
652 5496 719 5550 Et
769 5506 1024 5567 tanquam
1074 5503 1286 5549 stercus
1335 5493 1502 5549 oculis
1554 5492 1834 5561 ingeritur,
1860 5490 1986 5543 dum

427 5587 785 5644 lenocinantis
835 5589 1045 5658 eloquia
1098 5586 1389 5658 quemlibet
1433 5584 1631 5640 blanda
1665 5582 1988 5638 verbositate

2082 4409 2246 4469 gestae
2274 4397 2537 4465 caligines
2588 4394 2832 4449 funditus
2877 4401 3226 4447 evanescunt.
3284 4389 3437 4445 Unde
3464 4398 3518 4444 et
3545 4390 3654 4442 illic

2081 4486 2279 4541 dicitur
2307 4503 2320 4539 :
2358 4504 2375 4537 ι
2409 4483 2560 4539 Tunc
2582 4498 2798 4539 sumens
2827 4481 3023 4539 Tobias
3053 4482 3119 4537 de
3146 4481 3269 4536 felle
3291 4481 3456 4551 piscis
3480 4479 3654 4533 linivit

2085 4573 2273 4629 oculos
2318 4575 2460 4642 patri
2496 4589 2615 4639 suo,
2666 4587 2899 4642 moxque
2950 4574 3113 4643 cmpit
3161 4571 3354 4642 albugo
3381 4586 3447 4627 ex
3483 4570 3655 4625 oculis

2082 4664 2197 4733 ejus
2221 4666 2372 4733 quasi
2404 4665 2715 4720 membrana
2761 4663 2848 4719 ovi
2894 4664 3097 4734 egredi,
3143 4661 3432 4731 statimque
3478 4662 3653 4715 visum

2082 4758 2284 4827 recepit
2313 4755 2464 4829 (Tob.
2494 4756 2593 4827 xi).
2621 4774 2640 4808 ι
2676 4754 2769 4811 Fel
2795 4756 2994 4811 etenim
3025 4754 3187 4823 piscis
3214 4762 3297 4809 est
3330 4752 3530 4806 malitia
3557 4751 3655 4805 Be-

2084 4847 2283 4909 hemot,
2317 4845 2410 4915 qui
2457 4855 2621 4914 caput
2648 4853 2731 4901 est
2769 4854 2824 4902 et
2873 4847 3085 4901 initium
3136 4846 3300 4899 totius
3330 4843 3653 4913 iniquitatis.

2084 4935 2269 4991 Caecus
2296 4936 2475 5005 itaque
2508 4934 2631 4990 felle
2664 4935 2827 5003 piscis
2865 4935 3121 4991 oblinitur
3149 4944 3202 4989 et
3235 4935 3481 5005 protinus
3501 4933 3658 4987 caeci-

2084 5029 2169 5078 tas
2189 5021 2614 5093 eﬁ‘ugatur,quia
2637 5038 2758 5077 cum
2782 5023 3081 5078 amaritudo
3106 5024 3383 5077 diabolica:
3406 5023 3655 5077 versutia:

2084 5114 2285 5168 nostris
2315 5115 2487 5169 oculis
2510 5122 2729 5169 ostensa
2778 5116 3122 5184 proponitur,
3154 5115 3495 5172 tenebrarum
3526 5125 3651 5164 mox

2086 5204 2257 5275 caligo
2288 5204 2450 5274 220
2471 5202 2810 5273 propellitur,
2841 5211 2895 5257 et
2946 5204 3033 5257 lux
3080 5203 3326 5269 interior,
3358 5218 3478 5271 qua:
3506 5201 3659 5255 velut

2086 5294 2335 5364 eclipsim
2373 5308 2527 5363 passa
2579 5293 2787 5358 fuerat,
2826 5294 3172 5348 reformatur.
3234 5295 3300 5348 Et
3353 5295 3655 5349 notandum

2086 5386 2227 5456 quod
2259 5386 2459 5440 dicitur
2500 5384 2625 5453 quia
2657 5384 2808 5455 prius
2839 5385 3033 5455 albugo
3080 5387 3145 5441 de
3188 5387 3359 5441 oculis
3386 5395 3469 5440 est
3513 5384 3659 5439 illius

2085 5494 2298 5551 egressa
2323 5487 2377 5531 et
2397 5477 2476 5532 sic
2498 5476 2587 5530 lux
2612 5476 2755 5531 illico
2783 5486 3049 5547 reparata.
3080 5476 3173 5531 Ille
3197 5478 3393 5546 quippe
3415 5477 3468 5531 in
3488 5474 3661 5528 oculis

2086 5574 2224 5646 gerit
2253 5571 2556 5641 albuginem
2588 5570 2680 5639 qni
2709 5571 2773 5624 de
2797 5585 2855 5625 se
2900 5572 3207 5626 sanctitatis
3247 5571 3409 5625 habet
3448 5567 3661 5637 opinio-
