4058 6178
86 27 388 46 ______________

262 202 363 262 1129
1594 195 1675 256 IN
1714 193 2001 255 LIBRUM
2040 195 2313 256 PSALM.
3575 197 3716 261 1130

257 344 376 388 nem.
401 327 674 402 Quisquis
699 341 834 399 ergo
873 341 1211 399 recuperare
1252 325 1382 384 vult
1433 324 1624 384 lucem
1661 329 1982 399 amputetA
2001 321 2189 381 Deum
2217 320 2500 380 videbunt
2527 325 2748 390 (Matth.
2778 327 2862 394 V).
2896 347 2924 372 ιι
2980 321 3082 380 Isti
3111 328 3250 382 sunt
3277 323 3456 397 oculi,
3483 324 3553 382 de
3579 325 3711 398 qui-

253 433 279 474 a
324 431 371 474 se
401 416 560 490 prius
589 415 864 472 affectata
909 413 1310 472 aestimationis
1359 413 1719 485 albuginem,
1759 418 1826 470 ut
1860 428 1922 471 se
2006 414 2116 472 bus
2170 414 2233 471 in
2286 411 2535 471 Canticis
2591 413 2844 470 dicitur:
2897 437 2922 464 α
2957 413 3116 473 Oculi
3162 414 3246 472 tui
3285 414 3712 487 columbarum,

253 520 344 563 non
377 505 616 578 abneget
666 510 1043 578 peccatorem,
1091 502 1192 577 qui
1238 503 1454 577 peccati
1497 501 1626 560 vult
1679 502 1924 561 evadere
2003 501 2222 576 absque
2250 514 2318 558 eo
2341 501 2497 574 quod
2529 499 2877 558 intrinsecus
2905 499 3041 559 latet
3068 503 3250 570 (Cant.
3280 507 3389 573 IV).
3418 526 3446 551 »

252 593 544 652 caecitatem.
607 617 632 644 α
686 592 843 651 Beati
907 592 1127 653 mundo
1202 591 1392 664 corde,
1472 589 1757 664 quoniam
1810 590 1924 666 ipsi

1459 769 1627 852 DE
1709 769 2107 855 LIBBO
2189 769 2470 855 JOB.

641 941 730 994 Ea:
759 952 998 993 sermone
1026 937 1093 992 de
1120 937 1180 993 S.
1230 937 1478 1005 Georgio.

309 1051 325 1076 ι
357 1025 491 1100 Quis
539 1025 822 1084 conclusit
869 1027 1032 1085 ostiis
1065 1039 1242 1096 mare,
1298 1024 1531 1102 quando
1583 1025 1924 1099 erumpebat

243 1117 379 1190 quasi
406 1117 474 1174 de
512 1115 692 1173 vulva
728 1116 1041 1189 procedens
1075 1117 1102 1171 Ἰ
1133 1137 1158 1168 ››
1218 1115 1287 1172 Et
1317 1115 1489 1188 paulo
1520 1119 1644 1188 post
1685 1138 1698 1172 :
1737 1140 1763 1164 α
1797 1113 1924 1172 Cir-

2005 936 2130 995 suis
2185 936 2560 1009 reproborum
2616 934 2876 994 turbines
2922 935 3395 1011 persequentium
3448 941 3504 994 et
3554 936 3714 1013 quasi

2009 1025 2269 1085 furentes
2328 1031 2549 1084 coercet
2602 1025 2852 1099 impetus
2910 1031 3355 1100 tempestatum;
3408 1027 3561 1100 quod
3617 1026 3716 1084 etsi

2009 1115 2199 1175 furere
2261 1131 2449 1190 usque
2503 1114 2574 1172 ad
2651 1113 2950 1188 inﬁgenda
3023 1115 3360 1188 corporibus
3443 1120 3724 1173 tormenta

243 1205 480 1263 cumdedi
535 1204 682 1263 illud
737 1203 1001 1262 terminis
1046 1205 1210 1275 meis,
1255 1212 1309 1263 et
1361 1205 1528 1278 posui
1597 1211 1816 1263 vectem
1871 1209 1926 1262 et
2009 1202 2288 1272 concedit,
2322 1219 2397 1260 ne
2427 1207 2618 1260 tamen
2648 1202 2875 1260 animas
2905 1201 3118 1262 laedant
3163 1205 3382 1262 invicta
3409 1220 3507 1263 eos
3550 1211 3722 1281 atque

244 1294 380 1362 ostia,
418 1300 474 1351 et
520 1293 647 1350 dixi
685 1315 698 1349 :
733 1291 929 1365 Usque
970 1292 1084 1351 huc
1135 1292 1334 1352 venies
1382 1299 1438 1350 et
1493 1308 1609 1350 non
1658 1292 1930 1366 procedes
2010 1287 2278 1362 pervigili
2340 1287 2558 1346 brachii
2608 1288 2700 1346 sui
2748 1291 3100 1363 protectione
3134 1291 3399 1363 custodit,
3449 1291 3723 1367 quodam-

245 1380 488 1453 amplius,
535 1386 590 1438 et
646 1380 743 1438 hic
804 1379 1134 1454 confringes
1192 1386 1480 1439 tumentes
1536 1380 1749 1438 ﬂuctus
1803 1385 1931 1438 tuos
2014 1378 2185 1437 modo
2212 1378 2411 1437 dicens
2442 1377 2633 1436 mari:
2676 1403 2695 1429 ι
2727 1377 3047 1454 Hucusque
3074 1381 3294 1453 venies,
3320 1387 3376 1440 et
3419 1397 3538 1441 non
3588 1397 3724 1454 pro-

245 1471 349 1536 (Job
398 1475 685 1538 XXXVIII).
725 1493 746 1522 ι
812 1469 1128 1529 Enimvero
1203 1478 1354 1530 recte
1432 1487 1536 1544 per
1607 1485 1766 1529 mare
1834 1486 1933 1528 cor
2013 1468 2180 1527 cedes
2216 1467 2488 1542 amplius,
2539 1473 2595 1525 et
2649 1468 2746 1527 hic
2797 1469 3126 1544 confringes
3177 1477 3466 1531 tumentes
3513 1472 3724 1532 ﬂuctus

240 1559 381 1632 pravi
421 1559 677 1618 hominis
715 1559 1069 1633 designatur,
1121 1560 1274 1634 quod
1305 1560 1574 1619 videlicet
1623 1562 1819 1620 furore
1845 1564 1932 1618 est
2016 1566 2163 1619 tuos.
2204 1579 2233 1612 »
2281 1560 2366 1618 Ac
2421 1557 2470 1616 si
2505 1563 2766 1632 patenter
2811 1559 2962 1618 dicat
3001 1579 3015 1618 :
3063 1560 3260 1636 Usque
3301 1561 3373 1620 ad
3421 1563 3722 1622 inferenda

241 1650 538 1722 turbidum,
598 1651 746 1710 rixis
787 1669 1076 1725 amarum,
1125 1651 1372 1710 elatione
1419 1651 1708 1726 superbiae
1756 1652 1991 1721 tumi-B
2017 1650 2352 1726 corporibus
2386 1655 2438 1708 te
2482 1654 2766 1708 tormenta
2796 1650 3033 1720 relaxo;
3067 1667 3139 1710 ne
3166 1658 3362 1712 autem
3412 1671 3599 1730 usque
3653 1657 3722 1712 ad

243 1740 386 1812 dum,
411 1741 661 1817 caligine
693 1743 997 1802 malitiosae
1024 1743 1246 1802 fraudis
1268 1743 1604 1802 obscurum.
1639 1741 1938 1816 Separavit
2017 1741 2278 1799 animam
2331 1737 2584 1798 cumulis
2654 1740 3182 1801 intumescentibus
3247 1745 3519 1816 proﬂuas,
3587 1744 3728 1818 legis

243 1847 362 1903 ergo
405 1839 540 1890 tunc
590 1833 747 1891 Deus
797 1851 955 1892 mare
985 1841 1040 1893 et
1085 1835 1344 1892 minaces
1400 1834 1611 1893 ﬂuctus
1640 1835 1713 1891 ab
1762 1833 1942 1891 inun-
2023 1848 2171 1891 mem
2222 1832 2324 1890 tibi
2381 1831 2543 1890 littus
2590 1847 2838 1906 oppono,
2889 1839 2954 1892 ut
3009 1833 3152 1892 dum
3210 1834 3394 1895 furori
3447 1837 3727 1896 ﬂuctuum

243 1919 454 1978 datione
509 1927 678 1978 terra}
728 1921 1100 1995 compescuit,
1162 1929 1228 1980 ut
1280 1927 1431 1980 terra
1481 1924 1732 1978 virentes
1805 1921 1941 1978 her-
2025 1927 2258 1980 tuorum
2305 1917 2468 1978 littus
2515 1919 2808 1991 objicitur,
2841 1926 2990 1979 terra
3028 1920 3216 1980 cordis
3265 1922 3337 1982 ad
3387 1925 3728 2000 proferenda

245 2006 336 2066 bas
381 2014 434 2066 et
477 2007 632 2082 ligna
675 2010 956 2082 pomifera
1001 2008 1353 2084 germinaret
1401 2025 1467 2067 ac
1521 2009 1729 2068 deinde
1779 2025 1945 2084 sege-
2025 2009 2325 2069 fructuum
2353 2007 2617 2082 germina
2644 2006 2826 2068 libera
2852 2007 3242 2086 relinquatur.

246 2101 358 2156 tum
392 2099 612 2158 fructus
640 2098 888 2158 aﬂ'erret.
936 2098 1172 2174 Separat
1219 2098 1396 2157 etiam
1422 2113 1584 2157 nunc
1630 2096 1704 2155 ab
1750 2097 1946 2158 electis

1120 2240 1506 2300 INCIPIUNT
1546 2240 1924 2302 CAPITULA
1960 2241 2057 2303 DE
2095 2213 2320 2303 LIBno
2358 2241 2846 2304 PSALMORUM.

288 2341 333 2412 1.
367 2345 441 2397 De
467 2343 638 2412 impio
668 2342 910 2396 exaltato
939 2346 990 2396 et
1019 2340 1288 2411 depresso.

280 2410 329 2468 '2.
367 2416 442 2468 De
471 2410 660 2482 impiis
686 2415 886 2483 positis
919 2415 1060 2466 sicut
1082 2410 1201 2483 oves
1229 2413 1289 2465 in
1315 2412 1552 2478 inferno.

281 2483 330 2540 3.
369 2487 508 2538 Deus
538 2499 706 2546 meus,
740 2484 956 2538 ostende
983 2485 1121 2536 mihi
1157 2482 1294 2536 bona
1317 2497 1482 2552 super
1507 2484 1757 2540 inimicos
1785 2499 1928 2540 meos
1944 2502 1963 2554 ;
1992 2499 2059 2542 ne
2086 2483 2302 2540 occidas
2326 2497 2434 2547 eos,
2463 2499 2531 2540 ne
2561 2482 2958 2541 obliviscantur
2989 2484 3124 2554 legis
3150 2488 3274 2542 tua.

279 2555 331 2611 4.
369 2557 444 2610 De
476 2556 804 2609 holocaustis
831 2555 1166 2609 medullatis.

281 2626 330 2682 5.
368 2629 487 2682 Νοη
517 2643 600 2680 me
629 2627 902 2693 demergat
935 2630 1222 2696 tempestas
1249 2641 1424 2696 aquae,
1467 2630 1567 2682 etc.

283 2696 332 2753 6.
369 2700 444 2751 De
476 2697 824 2767 reproborum
857 2699 1207 2752 exultatione.

277 2769 326 2824 7.
365 2770 499 2822 Filii
528 2770 766 2837 Ephrem
795 2769 1129 2822 intendentes
1155 2784 1362 2822 arcum.

281 2838 331 2894 8.
370 2841 575 2893 Montes
606 2840 807 2891 emcelsi
834 2843 1024 2902 cervis,
1056 2844 1216 2909 petra
1239 2839 1522 2906 refugium
1548 2838 1862 2895 herinaciis.

281 2909 334 2966 9.
376 2912 450 2963 De
476 2926 533 2963 eo
565 2910 710 2977 quod
740 2910 945 2963 dicitur
976 2930 991 2964 :
1023 2908 1138 2976 Ego
1167 2910 1293 2963 disci
1320 2913 1380 2964 in
1407 2925 1627 2964 excessu
1655 2912 1850 2963 mentis
1877 2924 2006 2964 mea:
2033 2927 2049 2963 :
2083 2908 2271 2965 Omnis
2303 2910 2457 2968 homo
2483 2909 2742 2969 mendam.

245 2980 327 3038 10.
365 2983 441 3034 De
471 2996 528 3033 eo
558 2980 704 3048 quod
723 2980 964 3034 dicitur:
996 2984 1122 3036 Fiat
1153 2996 1345 3035 manus
1368 2985 1484 3044 tua,
1514 2986 1576 3035 ut
1601 2981 1814 3035 salvum
1837 2996 1920 3036 me
1944 2982 2142 3050 faciat.

247 3051 332 3110 11.
373 3052 527 3106 Sicut
555 3055 887 3118 unguentum
920 3055 977 3106 in
1007 3056 1184 3122 capite
1209 3053 1354 3122 quod
1376 3053 1672 3115 descendit,
1706 3057 1805 3107 etc.

245 3122 333 3181 12.
373 3124 493 3182 Νοη
523 3123 759 3178 declines
787 3138 877 3179 cor
903 3139 1080 3180 meum
1106 3126 1167 3180 in
1192 3124 1413 3180 verbum
1438 3124 1663 3180 malum.

1674 3195 2003 3267 Empliciunt
2042 3197 2308 3268 capitula.

281 3383 604 3443 221-222
668 3375 1367 3464 IN-CIPIUNT
1447 3370 2297 3462 TESTIMONIA
2375 3369 2742 3455 LIBRI
2826 3369 3715 3460 PSALMORUM.

807 3534 1050 3594 CAPUT
1083 3534 1402 3594 PRIMUM.
1976 3530 2346 3596 Cinteritum
2382 3527 2694 3587 crudeliter
2734 3526 3046 3586 eﬂ'eratur:
3083 3528 3240 3588 unde
3285 3530 3541 3592 Joannes
3572 3557 3586 3592 :
3627 3557 3656 3585 α
3682 3535 3752 3594 Et

314 3639 381 3694 In
405 3635 638 3706 epistola
666 3633 740 3688 ad
769 3633 1111 3688 Desiderium
1139 3633 1409 3706 abbatem,
1445 3631 1542 3687 ubi
1580 3646 1746 3702 super
1783 3633 1882 3686 Dei

698 3707 1146 3776 omnipotentiam
1169 3705 1505 3782 diSputatur.

323 3840 354 3867 α
385 3812 523 3873 Vidi
545 3813 795 3887 impium
822 3811 1350 3886 superexaltatum,
1373 3815 1428 3869 et
1459 3810 1751 3870 elevatum
1783 3824 1957 3883 super

243 3908 453 3966 cedros
513 3905 764 3975 Libani;
824 3904 1090 3976 transivi,
1145 3908 1201 3962 et
1261 3918 1391 3961 ecce
1454 3917 1572 3961 non
1624 3905 1747 3960 erat
1792 3902 1956 3972 (Psal.

242 3995 497 4068 XXXVI).
527 4014 554 4047 »
601 3994 810 4052 Adhuc
857 3991 1118 4051 fortassis
1143 3992 1486 4066 epulabatur
1515 3990 1614 4050 ille
1643 3988 1963 4064 splendide,

244 4086 604 4146 fulciebatur
662 4084 863 4144 cuneis
914 4083 1379 4157 obsequentium,
1433 4081 1799 4141 ambiebatur
1864 4095 1964 4151 ag-

2039 3637 2170 3679 ecce
2209 3635 2395 3694 equus
2426 3617 2702 3693 pallidus,
2733 3625 2788 3677 et
2837 3618 2939 3691 qui
2968 3619 3200 3681 sedebat
3231 3638 3408 3698 super
3455 3639 3614 3699 eum,
3641 3642 3750 3686 no-

2043 3725 2178 3768 men
2207 3709 2296 3768 illi
2326 3709 2480 3768 Mors
2509 3710 2701 3783 (Apoc.
2737 3711 2840 3782 VI).
2880 3734 2906 3758 »

2711 3829 2959 3889 CAPUT
2985 3832 3091 3891 III.
3181 3884 3184 3888 .

2046 3933 2111 3988 In
2160 3931 2417 4006 epistola,
2441 3929 2908 4006 ad_7Deside_rium
2951 3910 3222 4006 abbatem,
3276 3933 3375 3987 ubi
3422 3933 3562 3991 dicit
3611 3937 3759 4006 quod

2117 4002 2322 4070 majori
2367 4004 2462 4079 sit
2492 4003 2693 4072 dignus
2747 4003 2943 4079 honore
2997 4007 3096 4074 qui
3148 4004 3478 4073 dignitatem
3527 4002 3757 4079 projicit

2120 4089 2286 4145 quam
2315 4076 2414 4144 qui
2439 4076 2500 4130 in
2526 4090 2589 4129 ea
2613 4078 2816 4132 manet.

242 4177 518 4236 minibus
542 4173 907 4243 bellatorum,
941 4188 1115 4247 quem
1148 4172 1432 4246 Propheta
1472 4169 1967 4246 superexaltatum

241 4273 305 4325 et
386 4265 676 4324 elevatum
736 4265 918 4333 vidit;
978 4279 1236 4335 moxque
1324 4263 1397 4320 ad
1455 4260 1964 4334 contemplandum

238 4370 492 4415 summa
537 4354 948 4428 pertransiens,
1003 4367 1181 4426 quem
1233 4365 1518 4424 magnum
1559 4348 1782 4422 aliquid
1823 4348 1966 4406 forte

235 4445 595 4515 crediderat,
644 4444 792 4501 nihil
841 4459 964 4501 esse
1013 4441 1286 4515 cognovit
1323 4447 1462 4498 tunc
1503 4446 1752 4513 gestum.
1801 4437 1966 4495 Tunc

233 4538 418 4596 enim
476 4543 532 4594 et
575 4551 708 4593 cum
754 4534 974 4592 divitiis
1012 4534 1430 4600 intumescunt,
1495 4546 1628 4590 cum
1677 4545 1738 4588 se
1789 4544 1964 4602 super

229 4626 400 4684 alios
438 4629 772 4695 arroganter
809 4619 1115 4690 extollunt,
1163 4635 1296 4677 cum
1360 4619 1612 4691 denique
1659 4616 1964 4674 inferiores

225 4729 349 4788 per
383 4709 706 4786 tyrannidis
735 4707 1072 4766 violentiam
1106 4707 1464 4780 opprimunt,
1497 4713 1659 4775 tunc,
1694 4705 1960 4778 inquam,

224 4817 307 4859 eo
359 4799 560 4857 verius
595 4795 748 4853 nihil
783 4801 936 4864 sunt,
968 4809 1083 4869 quo
1112 4794 1184 4852 ab
1215 4809 1283 4852 eo
1311 4793 1414 4867 qui
1463 4809 1598 4852 vere
1641 4799 1698 4852 et
1736 4807 1963 4852 summe

223 4897 328 4950 est
361 4887 570 4963 procul
598 4893 756 4944 sunt.

2123 4205 2152 4234 α
2184 4182 2358 4253 Deus,
2418 4181 2572 4240 Deus
2625 4196 2812 4252 meus,
2879 4181 3117 4240 ostende
3165 4182 3314 4242 mihi
3385 4185 3537 4245 bona
3589 4203 3761 4262 super

2046 4270 2318 4329 inimicos
2369 4287 2562 4342 meos;
2622 4287 2699 4329 ne
2746 4271 2971 4329 occidas
3025 4287 3140 4344 eos,
3217 4288 3292 4331 ne
3343 4274 3762 4338 obliviscantur

2049 4360 2193 4435 legis
2235 4367 2351 4421 tuae
2411 4365 2582 4430 (Psal.
2644 4365 2829 4432 LVIII).
2869 4383 2891 4412 ι
2949 4360 3195 4420 Provida
3244 4363 3460 4439 quippe
3513 4365 3759 4426 Redem-

2046 4453 2224 4527 ptoris
2254 4451 2435 4510 nostri
2467 4451 2893 4525 dispensatione
2933 4450 3220 4509 divinitus
3253 4453 3465 4526 agitur,
3503 4463 3566 4514 ut
3593 4458 3756 4531 quasi

2045 4543 2112 4600 ad
2147 4543 2494 4601 servandam
2528 4542 2670 4614 legis
2701 4541 2942 4599 domum
2981 4541 3320 4600 Judaaorum
3359 4545 3626 4620 reliquiae
3665 4566 3756 4606 re-

2046 4637 2386 4701 serventur;
2414 4635 2481 4689 ut
2511 4629 2621 4703 ipsi
2649 4629 3076 4702 quodammodo
3103 4631 3285 4688 nostri
3319 4632 3436 4690 sint
3471 4636 3754 4695 scriniarii

2045 4727 2098 4779 et
2136 4721 2313 4778 libros
2366 4717 2615 4778 caelestis
2658 4718 2874 4791 eloquii
2919 4717 2982 4774 in
3021 4719 3242 4790 eadem,
3284 4721 3346 4778 in
3379 4737 3494 4795 qua
3541 4726 3757 4785 conditi

2045 4815 2180 4866 sunt
2211 4807 2433 4879 lingua,
2465 4804 2689 4878 ubique
2719 4811 3005 4862 terrarum
3037 4805 3244 4876 ferant,
3288 4817 3579 4882 quatenus
3620 4813 3754 4886 ipsi,

1966 4905 2019 4965 D
2043 4900 2145 4974 qui
2182 4899 2352 4969 nobis
2389 4896 2614 4956 inimici
2657 4902 2814 4969 sunt,
2859 4895 2908 4955 si
2947 4897 3179 4971 quando
3224 4901 3534 4974 scrupulus
3559 4903 3757 4964 dubie-

2042 4989 2176 5048 tatis
2201 4987 2521 5058 emerserit,
2551 5003 2726 5046 omne
2754 4987 2924 5047 nobis
2951 4989 3297 5063 ambiguum
3331 4993 3552 5053 tollant.
3587 4995 3751 5055 Unde

2042 5095 2144 5153 per
2174 5078 2539 5138 Psalmistam
2565 5078 2778 5138 dicitur
2807 5103 2820 5136 :
2867 5103 2887 5130 α
2915 5079 3071 5139 Deus
3107 5096 3294 5154 meus,
3333 5085 3568 5145 ostende
3605 5089 3751 5148 mihi

311 5202 346 5235 ‹‹
385 5180 554 5240 Sicut
591 5193 728 5238 oves
756 5176 817 5234 in
860 5175 1090 5233 inferno
1131 5173 1305 5247 positi
1356 5179 1511 5242 sunt,
1560 5177 1616 5232 et
1651 5188 1806 5232 mors
1857 5172 1958 5230 de—
2040 5169 2192 5228 bona
2244 5170 2398 5228 inter
2457 5170 2727 5229 inimicos
2777 5186 2956 5242 meos,
3011 5187 3086 5229 ne
3142 5171 3561 5234 obliviscantur
3611 5177 3754 5253 legis
3806 5180 3814 5188 ‘

213 5276 448 5345 pascet
500 5284 596 5328 eos
657 5268 822 5339 (Psal.
873 5265 1097 5334 XLVIII).
1137 5286 1163 5312 ιο
1224 5261 1374 5319 Oves
1425 5261 1597 5320 habet
1667 5262 1959 5334 Christus,
2045 5265 2184 5318 tuze.
2214 5257 2550 5319 »Hebraica
2579 5261 2797 5334 quippe
2820 5260 3043 5333 lingua,
3067 5276 3200 5336 quae
3226 5268 3340 5322 toto
3369 5264 3505 5323 orbe
3531 5265 3751 5341 disper-

214 5374 403 5434 quas
457 5357 528 5415 ad
581 5370 810 5413 ammna
861 5351 1110 5412 virentia
1162 5349 1347 5409 caulis
1395 5349 1730 5409 coelestibus
1777 5350 1960 5408 intro-
2044 5350 2220 5423 gitur,
2278 5349 2528 5408 multum
2575 5350 2920 5408 Christiana;
2963 5349 3098 5409 ﬁdei
3147 5353 3455 5412 auctoritas
3512 5356 3756 5430 adjuva-

209 5450 435 5509 ducat
463 5471 478 5519 ;
522 5462 659 5505 oves
705 5445 874 5502 habet
903 5451 958 5501 et
1003 5441 1102 5501 ille
1131 5441 1220 5499 leo
1248 5439 1508 5512 rugiens,
1537 5455 1683 5514 quas
1725 5439 1963 5498 insatia-
2044 5445 2161 5498 tur.
2191 5436 2337 5495 Nam
2362 5435 2479 5494 nisi
2507 5435 2657 5495 illud
2681 5437 2974 5496 accederet
2999 5437 3394 5498 testimonium
3419 5441 3570 5513 quod
3600 5447 3749 5518 aput

208 5541 358 5601 bili
408 5544 685 5598 cruentus
719 5550 818 5592 ore
860 5533 1157 5606 deglutiat.
1199 5529 1310 5601 Qui
1348 5530 1498 5590 bene
1539 5545 1696 5588 mors
1732 5529 1963 5598 dicitur,
2047 5542 2155 5586 nos
2184 5523 2480 5596 scribitur,
2533 5525 2958 5600 quodammodo
3001 5524 3192 5598 putari
3237 5533 3426 5598 posset
3472 5543 3596 5588 esse
3645 5532 3756 5606 ἥς-

213 5629 425 5708 quia,
472 5643 608 5688 cum
648 5624 723 5683 sit
761 5627 960 5682 auctor
1004 5621 1227 5696 mortis,
1267 5621 1341 5681 ad
1383 5621 1761 5684 inferendum
1800 5617 1970 5680 nobis
2051 5623 2334 5680 mentum.
2376 5615 2490 5677 Sed
2524 5629 2661 5675 cum
2697 5613 2848 5674 illud
2876 5614 3276 5677 testimonium
3320 5617 3652 5699 adhibetur,
3683 5625 3758 5682 il-

549 5740 809 5801 PATROL.
848 5735 992 5797 CXL
1000 5735 1065 5797 v.
3404 5730 3476 5794 εδ

929 4970 1173 5031 CAPUT
1197 4971 1271 5029 II.

675 5075 740 5130 In
765 5072 1000 5142 epistola
1024 5071 1098 5124 ad
1117 5070 1526 5126 Hermisindim.
