4058 6178
331 387 466 450 1133

1731 381 1815 445 IN
1854 381 1997 444 LIB.
2040 363 2407 443 movens.

3676 376 3820 438 1134

329 515 390 573 in
440 517 728 587 quantum
774 524 1084 571 excessum
1121 510 1332 568 mentis
1375 525 1551 585 super
1602 509 1904 570 hominem
1960 506 2281 570 adAtilicis
2320 509 2514 564 Aaron
2546 509 2918 578 unguentum
2966 504 3030 563 in
3065 519 3164 562 ora
3202 502 3536 564 vestimenti
3563 502 3690 578 ejus
3717 505 3814 562 in-

326 617 558 664 summa
587 601 1030 678 contemplanda
1061 600 1393 661 conscendi.

1013 731 1257 790 CAPUT
1286 731 1358 790 X.

761 829 826 882 In
854 841 1093 882 sermone
1121 826 1187 879 de
1221 827 1280 882 S.
1313 824 1591 881 Columba.

403 945 427 971 α
457 921 582 980 Fiat
610 937 822 980 manus
862 929 979 992 tua,
1012 927 1076 980 ut
1108 920 1289 979 salvet
1317 936 1412 978 me
1449 921 1619 988 (Psal.
1651 921 1883 989 CXVIII),
1913 940 1941 968 ι
1971 933 2038 976 ac

329 1013 378 1070 si
427 1012 641 1071 diceret
684 1037 696 1070 :
751 1011 876 1070 Fiat
917 1010 1034 1081 ille,
1078 1026 1179 1084 per
1230 1025 1404 1084 quem
1454 1009 1600 1066 facta
1635 1013 1773 1067 sunt
1819 1006 2036 1079 omnia,

329 1111 394 1164 ut
426 1105 568 1164 dum
595 1105 696 1165 ille
724 1109 974 1177 creatur,
1008 1109 1268 1163 creatura
1314 1120 1348 1162 a
1398 1108 1591 1163 reatus
1629 1101 1726 1162 sui
1775 1099 2038 1176 contagio

329 1194 624 1255 liberetur.

989 1261 1231 1324 CAPUT
1260 1261 1363 1322 XI.

715 1359 779 1414 In
802 1371 1042 1412 sermone
1061 1355 1128 1410 de
1150 1355 1208 1412 S.
1242 1353 1648 1423 Christophoro.

408 1478 428 1502 ι
464 1453 623 1513 Sicut
667 1460 1038 1527 unguentum
1080 1451 1144 1509 in
1195 1451 1398 1524 capite,
1440 1449 1592 1525 quod
1635 1446 1934 1506 descendit
1975 1445 2040 1503 in

331 1543 590 1615 barbam,
649 1543 890 1602 barbam
942 1545 1170 1614 Aaron;
1216 1540 1370 1615 quod
1420 1538 1714 1598 descendit
1770 1537 1834 1595 in
1880 1551 2041 1595 oram

334 1634 668 1692 vestimenti
701 1634 827 1706 ejus
853 1635 1026 1702 (Psal.
1055 1634 1316 1701 CXXXII).
1348 1649 1377 1682 η
1425 1628 1800 1699 Unguentum
1829 1626 2045 1685 scilicet

336 1721 399 1780 in
453 1723 658 1797 capite,
719 1720 974 1796 Spiritus
1028 1727 1263 1780 sanctus
1320 1725 1405 1776 est
1456 1718 1519 1775 in
1576 1716 1888 1787 Salvatore,
1940 1716 2045 1789 qui

2119 594 2312 665 stillat,
2371 593 2510 669 quia
2561 608 2664 668 per
2705 593 2900 652 beatos
2949 593 3253 666 apostolos,
3299 598 3716 668 consequenter
3763 597 3820 651 et

2119 690 2344 743 sanctos
2376 689 2653 757 martyres
2683 699 2749 742 ac
2787 682 3059 756 deinceps
3092 689 3266 742 totam
3293 683 3471 743 simul
3504 682 3821 742 Ecclesiam

2117 773 2404 835 ﬂuentum
2434 773 2615 832 sancti
2646 771 2896 846 Spiritus
2929 772 3148 847 irrigat.

2757 897 3002 957 CAPUT
3049 898 3179 957 XII.

2757 898 3002 957 CAPUT
3049 898 3179 958 XII.

2117 994 2183 1050 In
2216 993 2448 1065 epistola
2475 992 2549 1048 ad
2578 990 2962 1046 Alexandrum
2988 1008 3217 1066 papam,
3254 991 3320 1047 de
3364 993 3667 1061 auferenda
3689 1010 3824 1066 pro-

2677 1066 2913 1135 prietate
2964 1065 3257 1121 canonicis.

2189 1170 2484 1242 Quantum
2515 1171 2586 1229 ad
2628 1177 2840 1229 nostrae
2878 1169 3279 1244 intelligentiae
3326 1171 3652 1244 modulum,
3685 1173 3821 1232 nul-

2121 1261 2245 1321 lum
2304 1262 2367 1320 in
2420 1263 2678 1320 humano
2727 1275 2939 1335 genere
2987 1261 3210 1320 malum
3257 1263 3687 1337 perniciosioris
3739 1269 3823 1322 est

2122 1351 2386 1410 criminis
2413 1367 2594 1428 quam
2629 1351 2888 1410 defensio
2914 1351 3234 1424 pravitatis.
3273 1351 3438 1410 Unde
3487 1353 3669 1411 David
3701 1353 3781 1411 ait
3809 1377 3822 1411 :

2126 1462 2149 1492 «
2186 1439 2316 1498 Non
2365 1438 2620 1498 declines
2648 1455 2746 1498 cor
2778 1455 2973 1497 meum
3027 1437 3091 1496 in
3149 1439 3392 1498 verbum
3442 1439 3687 1512 malum,
3750 1440 3822 1499 ad

2125 1529 2486 1589 excusandas
2521 1529 2920 1588 excusationes
2968 1529 3031 1587 in
3071 1531 3314 1603 peccatis
3366 1532 3538 1601 (Psal.
3599 1535 3760 1604 CXL).
3800 1557 3824 1585 ιι

2126 1617 2376 1678 Oﬂ‘ensio
2422 1617 2635 1693 quippe
2675 1616 2780 1675 Dei
2826 1622 3083 1676 meretur
3120 1617 3305 1691 iram;
3360 1621 3656 1680 excusatio
3698 1638 3830 1696 pro-

2126 1714 2290 1767 vocat
2333 1709 2403 1767 ad
2435 1708 2774 1767 vindictam.
2805 1706 2929 1766 Hoc
2958 1705 3128 1782 plane
3157 1709 3390 1782 vitium,
3437 1711 3587 1770 sicut
3617 1729 3692 1772 ex
3738 1729 3830 1771 ra-

337 1791 780 1883 nimirum'per
833 1810 1027 1868 Aaron
1079 1807 1319 1883 mystice
1352 1805 1702 1880 designatur,
1741 1805 1843 1880 qui
1894 1801 2254 1883 mons_dice
2306 1799 2550 1860 humani
2598 1800 2830 1875 generis
2875 1801 3109 1876 prodiit,
3163 1791 3422 1878 quotidie
3471 1803 3721 1877 pullulat
3776 1813 3832 1865 et

339 1875 690 1969 fortitudinis
747 1899 984 1959 dicitur.
1014 1875 1163 1957 Cum
1198 1897 1379 1972 igitur
1410 1875 1606 1955 Aaron
1638 1875 1806 1953 mons
1829 1894 1903 1953 sit
1930 1875 2404 1962 for-Btanquam
2436 1894 2801 1964 erumpentes
2840 1875 3063 1947 arboris
3103 1875 3296 1950 ramos
3340 1875 3668 1965 germinare
3715 1909 3831 1952 non

342 1989 626 2059 titudinis,
659 1989 834 2048 barba
863 2004 1096 2063 quoque
1124 1989 1358 2060 signum
1390 1993 1474 2044 est
1512 1985 1826 2044 virilitatis.
1858 1984 2050 2058 Hujus

341 2093 475 2151 ergo
531 2078 725 2136 Aaron
775 2075 954 2134 barba
997 2076 1179 2134 sancti
1227 2073 1469 2148 apostoli
1518 2079 1677 2146 sunt,
1709 2074 1812 2149 qui
1855 2073 2050 2133 virili-

343 2167 475 2224 tatis
498 2181 622 2225 sum
672 2165 895 2236 robore,
927 2163 1083 2240 quod
1130 2165 1201 2222 de
1251 2164 1436 2222 sancti
1480 2162 1733 2238 Spiritus
1780 2165 2052 2224 unctione

345 2261 739 2330 conceperant,
792 2254 990 2312 omnia
1042 2254 1364 2312 furentium
1419 2261 1853 2327 persecutorum
1901 2253 2053 2312 bella

345 2347 611 2406 vicerunt
646 2353 700 2403 et
741 2344 950 2404 mundi
997 2343 1316 2418 principem
1363 2348 1642 2417 tanquam
1684 2342 1911 2402 leonem
1952 2343 2054 2401 ad-

348 2455 553 2498 versus
581 2454 717 2496 oves
747 2436 958 2496 Christi
989 2436 1321 2495 immaniter
1357 2437 1685 2509 rugientem
1714 2451 1848 2493 cum
1872 2433 2058 2507 gloria

352 2532 804 2606 triumpharunt.
865 2530 1030 2588 Unde
1086 2529 1336 2588 Petrus:
1408 2550 1435 2580 α
1481 2527 1586 2586 Cui
1645 2528 1912 2597 resistite,
1959 2526 2058 2584 in—

350 2621 498 2698 quit,
523 2621 698 2678 fortes
726 2619 785 2676 in
815 2618 926 2676 ﬁde
959 2620 1003 2692 (1
1033 2622 1179 2675 Petr.
1226 2619 1305 2689 v).
1339 2637 1367 2671 »
1418 2616 1639 2675 Paulus
1668 2617 1842 2675 etiam
1872 2615 2013 2674 dicit
2041 2638 2054 2673 :

359 2735 382 2764 ι
417 2715 596 2771 Arma
632 2709 859 2768 militiai
905 2715 1122 2768 nostra:
1168 2723 1284 2766 non
1335 2707 1608 2776 carnalia,
1662 2706 1764 2764 sed
1808 2706 2061 2780 potentia

357 2803 474 2862 Deo
532 2806 692 2869 sunt,
736 2800 808 2858 ad
854 2799 1304 2858 destructionem
1347 2797 1769 2866 munitionum,
1821 2795 2062 2854 consilia

357 2891 614 2966 corporis
660 2889 1020 2948 destruentes
1066 2895 1123 2946 et
1171 2903 1405 2946 omnem
1455 2884 1824 2944 altitudinem
1877 2884 2066 2943 extol-

359 2977 576 3037 lentem
631 2993 691 3036 se
748 2977 1059 3036 adversum
1097 2973 1393 3034 scientiam
1455 2972 1580 3044 Dei,
1626 2980 1682 3030 et
1728 2971 1789 3030 in
1823 2973 2067 3046 captivi-

361 3072 537 3126 tatem
579 3067 903 3142 redigentes
930 3081 1173 3125 omnem
1209 3062 1566 3121 intellectum
1612 3061 1674 3120 in
1719 3062 2067 3136 obsequium

361 3154 574 3215 Christi
603 3156 678 3230 (Π
703 3157 822 3216 Cor.
855 3157 938 3232 Χ).
974 3179 996 3208 υ
1029 3153 1121 3215 Ah
1150 3154 1259 3213 hac
1289 3166 1423 3227 ergo
1450 3150 1632 3210 barba
1661 3151 1880 3210 summi
1918 3168 2072 3246 pon-:

2131 1987 2333 2040 cessat.
2387 1980 2701 2039 Consultus
2760 1979 2922 2038 enim
2971 1979 3178 2060 Adam
3211 1995 3316 2039 cur
3368 1996 3443 2039 ex
3523 1979 3828 2040 interdicto

2131 2089 2302 2147 pomo
2356 2071 2669 2130 comederit
2717 2089 2731 2131 :
2797 2094 2826 2122 α
2849 2070 3082 2144 Mulier,
3131 2071 3342 2146 inquit,
3397 2087 3574 2146 quam
3626 2071 3835 2131 dedisti

2131 2163 2281 2222 mihi
2325 2163 2559 2234 sociam,
2599 2162 2755 2221 dedit
2784 2161 2932 2220 mihi
2962 2162 3033 2220 de
3078 2161 3260 2243 ligno,
3311 2167 3368 2220 et
3413 2162 3638 2222 comedi
3677 2163 3830 2232 (Gen.

2134 2257 2247 2322 111);
2289 2274 2315 2302 ν»
2377 2251 2596 2309 mulier
2649 2252 2825 2309 etiam
2885 2267 2991 2310 cur
3049 2251 3160 2309 hoc
3217 2251 3436 2322 fecerit,
3491 2251 3774 2327 inquisita
3821 2269 3833 2308 :

2141 2362 2164 2390 ο
2200 2338 2466 2411 Serpens,
2519 2339 2617 2410 ait,
2649 2339 2870 2413 decepit
2903 2355 3014 2409 me,
3065 2345 3120 2398 et
3171 2339 3394 2398 comedi
3441 2341 3651 2412 (Ibid).
3684 2365 3711 2393 υ
3759 2342 3844 2400 Ac

2139 2427 2189 2485 si
2237 2423 2381 2482 225
2427 2434 2673 2502 uterque
2710 2430 2774 2488 in
2813 2429 3181 2489 Conditorem
3227 2431 3462 2504 oblique
3489 2431 3711 2491 crimen
3750 2433 3842 2491 in-

2141 2521 2403 2587 torqueat
2456 2533 2730 2591 eumque,
2793 2534 2828 2576 a
2881 2534 2998 2593 quo
3052 2520 3502 2595 redarguuntur,
3553 2521 3843 2581 incessunt

2141 2605 2440 2664 dicentes:
2493 2606 2621 2666 Non
2658 2608 2847 2680 nobis,
2898 2609 2998 2667 sed
3041 2610 3143 2668 tibi
3192 2610 3395 2684 procul
3445 2611 3625 2670 dubio
3677 2611 3846 2670 debet

2141 2700 2239 2759 hic
2284 2708 2475 2760 reatus
2526 2704 2758 2774 ascribi,
2807 2705 2908 2779 qui
2949 2711 3007 2764 et
3057 2706 3364 2780 conjugem
3410 2706 3537 2765 viro
3597 2707 3848 2780 junxisti

2143 2795 2201 2848 et
2247 2799 2572 2866 serpentem
2623 2795 2687 2853 in
2724 2796 2989 2868 paradiso
3036 2795 3188 2855 inter
3245 2799 3512 2858 homines
3565 2795 3712 2853 226
3762 2799 3851 2858 vi—

2148 2901 2284 2945 vere
2335 2887 2659 2947 decrevisti.
2719 2888 2978 2959 Quorum
3032 2892 3341 2967 utriusque
3405 2898 3683 2967 tanquam
3745 2891 3855 2965 pri-

2149 2978 2467 3037 mischolus
2495 2979 2597 3038 ille
2625 2980 2946 3056 discipulus
2986 2991 3127 3054 erat,
3177 2984 3283 3059 qui
3310 2985 3382 3043 de
3429 2984 3575 3043 Abel
3608 2983 3854 3042 Domino

2149 3067 2474 3140 FeQUiPemi
2502 3071 2798 3144 respondit
2832 3091 2846 3132 :
2887 3096 2914 3125 α
2948 3072 3228 3148 Nunquid
3260 3079 3452 3136 custos
3494 3072 3688 3133 fratris
3735 3087 3853 3131 me:

2095 3235 2102 3242 θ
2149 3172 2282 3216 sum
2313 3173 2418 3232 ego
2443 3160 2471 3216 ?
2504 3185 2529 3210 ι
2569 3161 2722 3233 (Gen.
2754 3163 2865 3236 IV.)

1529 3279 1858 3352 Empliciunt
1898 3282 2206 3338 testimonia
2231 3281 2298 3337 de
2323 3283 2612 3344 Psalterio.

1230 3436 1616 3499 INCIPIUNT
1642 3437 2020 3500 CAPITULA
2042 3440 2141 3500 DE
2167 3441 2394 3504 LIBRO
2416 3442 3026 3508 PROVERBIORUM.

367 3546 421 3606 1.
460 3548 538 3605 De
563 3545 811 3609 muliere,
840 3557 963 3614 qua
983 3540 1190 3599 dicitur
1210 3542 1415 3598 aliena.

365 3619 420 3677 2.
460 3623 538 3676 De
567 3620 792 3674 muliere
821 3616 978 3670 bona.

369 3690 424 3750 3.
463 3692 752 3762 Sapientia
777 3683 1359 3762 immolauitvietiptas
1381 3697 1532 3762 suas,
1562 3681 1783 3740 miscuit
1810 3682 1999 3738 vinum
2027 3685 2079 3738 et
2099 3686 2390 3757 proposuit
2417 3700 2677 3743 mensam.

367 3763 422 3820 4.
465 3755 559 3818 De“
570 3764 856 3830 utriusque
882 3758 1128 3814 mulieris
1151 3755 1485 3825 diﬂ'erentia.

369 3832 423 3891 5.
463 3825 782 3902 Diligenter”
795 3846 978 3887 exerce
1007 3843 1204 3902 agrum
1233 3832 1405 3891 tuum,
1436 3829 1501 3882 ut
1525 3829 1714 3898 postea
1738 3825 1975 3896 aediﬁces
1997 3825 2218 3884 domum
2247 3831 2418 3885 tuam.

372 3905 426 3962 6.
467 3908 544 3960 De
572 3906 739 3959 malis
762 3901 1244 3974 praedicatoribus.

372 3976 428 4034 7.
470 3978 625 4032 Sicut
649 3978 746 4046 qui
762 3969 946 4031 mittit
976 3971 1299 4046 lapidem_in
1327 3985 1579 4046 acervum
1610 3969 1888 4046 Mercurii,
1920 3972 2004 4046 ita
2038 3971 2138 4042 qui
2165 3971 2362 4028 tribuit
2389 3972 2677 4044 insipienti
2706 3971 2980 4030 honorem.

374 4047 430 4107 8.
471 4041 835 4118 Sanguisugae
865 4047 988 4103 duae
1009 4041 1139 4101 sunt
1166 4043 1317 4114 ﬁliae,
1345 4042 1585 4100 dicentes
1616 4058 1633 4097 :
1659 4041 1836 4112 Afer,
1863 4043 2021 4112 aﬂ’er.

1807 4165 2137 4237 Εωρῖίσίαηε
2169 4167 2438 4239 capitula.
2471 4207 2475 4211 «

712 4357 1414 4454 INCIPIUNT
1493 4355 2342 4448 TESTIMONIA
2417 4352 3530 4456 PR‘OVERBIORUM.

930 4538 1176 4599 CAPUT
1205 4536 1532 4599 PRIMUM.

693 4638 757 4691 In
781 4635 1012 4705 epistola
1047 4634 1122 4687 ad
1155 4633 1399 4689 Cincium
1425 4632 1768 4704 praefectum.

460 4750 486 4778 α
549 4723 868 4784 Prudentia
920 4722 1173 4780 servabit
1224 4727 1298 4793 te,
1361 4727 1426 4780 ut
1477 4721 1699 4780 eruaris
1753 4736 1787 4778 a
1841 4719 2090 4779 muliere

384 4818 594 4889 aliena,
623 4823 678 4873 et
707 4815 780 4872 ab
829 4820 1111 4871 extranea
1161 4829 1293 4887 quae
1320 4812 1503 4871 mollit
1533 4827 1826 4870 sermones
1872 4827 2026 4869 suos.
2066 4833 2086 4861 ο

386 4908 457 4966 Et
489 4914 612 4983 post
659 4919 842 4978 pauca
877 4922 891 4962 :
931 4928 955 4956 ιι
1012 4903 1225 4963 Omnes
1257 4903 1360 4977 qui
1405 4901 1814 4975 ingrediuntur
1841 4901 1912 4960 ad
1966 4916 2094 4959 eam

387 5012 504 5055 non
561 4999 949 5065 revertentur,
1029 5008 1138 5050 nec
1181 4992 1617 5064 apprehendent
1681 4991 1914 5051 semitas
1965 4991 2100 5050 vitae

391 5090 563 5161 (Prov.
603 5087 682 5159 11).
731 5108 757 5136 η
819 5084 962 5154 Quae
1014 5089 1100 5142 est
1151 5090 1343 5141 autem
1394 5084 1689 5155 meretrix,
1745 5083 1839 5142 vel
1887 5083 2101 5142 mulier

390 5176 606 5246 aliena,
660 5175 830 5248 cujus
884 5173 1054 5231 nobis
1097 5173 1441 5245 prohibetur
1487 5188 1771 5245 accessus,
1818 5173 1935 5231 nisi
1984 5174 2102 5230 vita

386 5265 710 5337 saacularis,
737 5264 857 5323 vita
883 5262 1134 5322 carnalis
1161 5269 1333 5338 atque
1355 5269 1599 5334 terrena,
1630 5264 1691 5323 in
1706 5266 1874 5338 cujus
1904 5262 2100 5321 miseri

386 5354 658 5413 homines
719 5369 780 5411 se
841 5353 1262 5411 oblectamenta
1317 5352 1647 5425 projiciunt,
1708 5353 1770 5410 in
1819 5353 1985 5426 cujus
2041 5368 2101 5411 se

386 5440 638 5514 captiosa
677 5441 1044 5516 jucunditate
1072 5441 1371 5500 resolvunt
1397 5457 1462 5498 ac
1487 5441 1833 5501 adulterinis
1860 5443 1924 5501 in
1948 5457 2098 5516 eam,

386 5536 452 5592 ut
480 5532 560 5590 ita
587 5532 786 5603 fatear,
820 5534 1195 5607 amplexibus
1225 5532 1584 5606 immergunt
1615 5531 1645 5592 ?

1068 5621 1314 5682 CAPUT
1353 5621 1428 5681 II.

973 5712 1039 5767 In
1063 5712 1248 5768 eadem
1279 5713 1530 5785 epistola.

475 5805 560 5867 De
585 5805 742 5867 bona
792 5818 928 5867 vero
976 5801 1224 5867 muliere
1267 5805 1405 5868 audi
1441 5802 1587 5881 quid
1627 5802 1784 5865 idem
1837 5802 2110 5866 Salomon

2082 4540 2150 4605 tu
2176 4539 2367 4599 dicat:
2407 4565 2435 4595 α
2471 4540 2558 4601 Sit
2582 4557 2733 4601 vena
2767 4546 2864 4601 tua
2890 4542 3210 4615 benedicta,
3251 4550 3306 4603 et
3335 4545 3533 4606 laetare
3579 4561 3715 4606 cum
3745 4564 3880 4608 mu-

2170 4630 2311 4689 liere
2344 4630 2746 4690 adolescentiae
2778 4638 2895 4691 tum
2930 4636 3108 4704 (Prov.
3146 4637 3233 4702 v).
3261 4653 3292 4688 ››
3323 4634 3535 4694 Mulier
3564 4637 3726 4695 enim
3753 4638 3888 4697 ado-

2171 4721 2466 4780 lescentiae
2506 4731 2736 4797 nostra},
2785 4731 2981 4782 sancta
3024 4724 3224 4798 procul
3257 4726 3437 4786 dubio
3484 4733 3571 4786 est
3599 4728 3740 4800 vita,
3790 4729 3882 4788 cui

2175 4811 2391 4870 scilicet
2435 4827 2510 4869 ex
2566 4817 2705 4871 tunc
2753 4813 2876 4886 jam
2907 4813 3073 4887 quasi
3119 4830 3222 4889 per
3249 4815 3484 4874 arrham
3525 4823 3581 4874 et
3623 4816 3882 4891 sponsio-

2179 4917 2316 4958 nem
2341 4901 2633 4974 conjuncti
2661 4917 2884 4974 sumus,
2918 4917 3052 4962 cum
3078 4904 3588 4964 abrenuntiaturos
3624 4921 3732 4964 nos
3759 4906 3885 4966 dia-

2179 4991 2312 5050 bolo
2364 4997 2421 5050 et
2453 4992 2729 5052 omnibus
2779 4993 3007 5068 pompis
3051 4993 3176 5066 ejus
3228 4993 3290 5052 in
3343 4995 3629 5069 baptismo
3665 4996 3885 5070 promi-

2183 5083 2385 5142 simus.
2450 5082 2561 5142 Ubi
2611 5100 2748 5143 mox
2782 5085 3096 5144 subditur:
3156 5106 3184 5139 ‹‹
3216 5087 3396 5144 Cerva
3449 5085 3788 5144 charissima
3835 5094 3888 5144 et

2183 5173 2546 5247 gratissimus
2592 5174 2902 5245 hinnulus,
2954 5175 3134 5234 ubera
3170 5175 3295 5250 ejus
3323 5175 3611 5234 inebrient
3644 5184 3697 5234 te
3727 5180 3886 5235 omni

2183 5271 2438 5337 tempore
2476 5269 2532 5321 et
2562 5263 2623 5321 in
2655 5281 2850 5323 amore
2890 5264 3050 5324 illius
3075 5264 3354 5323 delectare
3376 5265 3594 5341 jugiter
3619 5267 3828 5339 (Ibid).
3861 5294 3886 5317 »

2184 5354 2334 5425 Quid
2374 5372 2476 5430 per
2530 5371 2780 5426 cervam,
2829 5372 2962 5430 quae
2994 5357 3285 5416 mOntium
3342 5357 3492 5416 celsa
3536 5359 3888 5429 conscendit,

2183 5445 2299 5502 nisi
2327 5451 2524 5502 sancta
2569 5444 2905 5520 designatur
2948 5446 3225 5516 Ecclesia,
3257 5461 3390 5519 quae
3437 5463 3560 5505 sese
3605 5446 3668 5505 in
3697 5463 3893 5507 amore

2182 5535 2432 5594 cmlestis
2479 5536 2683 5610 patriae
2736 5534 2999 5595 attollit?
3035 5536 3185 5608 Quid
3239 5551 3424 5596 cerva;
3473 5537 3642 5596 istius
3691 5539 3893 5609 ubera,

2184 5624 2300 5682 nisi
2346 5625 2464 5684 duo
2499 5624 2830 5699 signiﬁcant
2879 5622 3298 5684 Testamenta?
3345 5625 3452 5684 His
3506 5625 3785 5686 uberibus
3815 5627 3897 5685 in-

2187 5712 2503 5781 ebriamur,
2538 5729 2672 5774 cum
2702 5715 2771 5773 de
2805 5730 2982 5776 sacrm
3011 5713 3322 5790 Scripturaa
3367 5715 3602 5777 ﬂuentis
3633 5715 3896 5775 infundi-

2193 5817 2330 5865 mur
2373 5808 2430 5864 et
2458 5803 2782 5878 spiritualis
2809 5805 3109 5882 sapientiae
3137 5811 3341 5881 potum
3377 5805 3639 5868 sitientes
3689 5803 3896 5864 hauri-
