4058 6178
245 315 384 378 1135
1207 306 1748 370 COLLECTANEA
1787 303 1867 364 IN
1902 298 2152 363 VETUS
2191 299 2783 364 TESTAMENTUM.
3609 305 3749 365 1136

243 455 393 499 mus.
425 439 494 497 In
525 437 633 497 hac
663 435 842 510 igitur
891 433 1138 493 muliere
1164 433 1438 491 delectari
1493 430 1844 505 prwcipitur,
1900 424 2025 486 utA
2045 432 2236 484 noster
2275 427 2540 500 pecunia}
2594 441 2791 484 secum
2828 423 3122 482 sacculum
3157 424 3308 495 tulit,
3365 441 3496 485 cum
3549 443 3750 487 ascen-

241 527 608 602 eloquiorum
636 525 956 585 caelestium
981 521 1339 596 pinguedine
1363 520 1719 593 saginemur.
1747 517 1954 590 Sequi-
2038 515 2184 574 dens
2229 517 2290 575 in
2318 517 2532 576 ccelum
2585 517 2721 574 ﬁdei
2751 522 2965 574 nostrae
3021 530 3219 573 secum
3272 515 3433 574 lucra
3482 517 3745 588 portavit.

245 628 376 680 tur:
407 645 433 672 «ι
465 619 654 690 Quare
685 617 994 685 seduceris,
1032 615 1115 673 fili
1142 618 1244 685 mi,
1272 617 1344 673 ab
1361 615 1549 673 aliena
1571 622 1625 672 et
1661 613 1870 672 foveris
1893 611 1954 668 in

244 712 380 768 sinu
398 709 634 766 alterius
650 709 677 761 ‘I
704 733 726 753 η
758 706 1027 777 (Proverb.
1051 706 1127 777 v.)
1155 704 1244 761 Ab
1263 704 1454 761 aliena
1477 703 1688 777 quippe
1713 701 1955 759 muliere

243 797 555 866 seducitur,
616 794 720 868 qui
770 794 1020 852 carnalis
1084 795 1222 852 vitae
1277 793 1566 851 illecebris
1617 789 1950 848 delectatur.

243 886 361 943 Nec
391 883 680 941 immerito
720 881 932 939 dicitur
977 881 1184 952 aliena,
1220 880 1356 955 quia
1386 880 1554 938 nobis
1601 895 1676 937 ex
1735 879 1954 935 divinze

243 977 388 1049 legis
428 981 512 1033 est
541 973 837 1032 sanctione
873 972 1182 1046 prohibita.
1216 972 1443 1030 Rursus
1490 986 1668 1042 super
1709 977 1954 1042 utraque

245 1067 491 1126 muliere
541 1065 818 1138 loquitur,
873 1064 1070 1121 dicens
1111 1087 1122 1120 :
1178 1089 1204 1112 ‹‹
1256 1063 1358 1119 Dic
1392 1060 1735 1133 sapientia):
1784 1059 1956 1117 Soror

244 1173 369 1215 mea
401 1171 480 1226 es,
513 1161 568 1211 et
597 1152 971 1227 prudentiam
996 1167 1133 1211 voca
1157 1152 1402 1210 amicam
1439 1156 1616 1218 tuam,
1646 1156 1701 1206 et
1732 1147 1959 1225 custodi

243 1254 295 1306 te
331 1264 365 1304 a
402 1245 646 1303 muliere
677 1251 955 1302 extranea
986 1250 1041 1300 et
1086 1242 1158 1300 ab
1189 1242 1402 1310 aliena,
1433 1256 1566 1312 quae
1623 1238 1797 1296 verba
1853 1254 1961 1296 sua

241 1336 432 1395 dulcia
499 1334 650 1391 fecit.
686 1357 712 1380 »
777 1331 1032 1404 Moxque
1087 1330 1431 1403 subjungit:
1499 1351 1520 1380 ι
1577 1327 1659 1386 De
1711 1328 1960 1385 fenestra

241 1428 450 1485 domus
478 1439 622 1481 mea:
654 1437 753 1495 per
781 1421 1066 1479 cancellos
1102 1420 1389 1493 prospexi,
1450 1424 1505 1476 et
1535 1417 1700 1476 video
1744 1433 1958 1489 parvu-

243 1515 366 1584 los;
421 1510 720 1577 considero
777 1509 1079 1568 vecordem
1118 1510 1417 1582 juvenem,
1473 1506 1576 1581 qui
1613 1505 1816 1563 transit
1861 1521 1960 1577 per

245 1607 459 1680 plateas
483 1603 653 1677 juxta
679 1601 982 1673 angulum,
1018 1606 1074 1658 et
1110 1615 1284 1672 prope
1335 1598 1487 1660 viam
1546 1597 1756 1655 domus
1797 1595 1959 1653 illius

241 1693 501 1768 graditur
533 1695 713 1759 (Prov.
749 1695 876 1758 VII).
915 1715 934 1738 »ι
973 1688 1085 1745 Ubi
1124 1688 1446 1746 notandum
1496 1688 1633 1759 quia
1664 1686 1785 1743 vita
1832 1700 1955 1741 car-

2037 603 2147 674 Qui
2186 622 2531 665 reversurus
2567 612 2650 663 est
2682 606 2742 663 in
2769 605 2861 662 die
2893 605 3081 678 plena;
3113 605 3290 675 lunae,
3323 605 3383 662 id
3413 612 3498 663 est
3519 606 3577 663 in
3612 623 3748 665 con-

2038 697 2423 754 summatione
2454 695 2805 754 universalis
2848 694 3158 764 Ecclesiae;
3207 693 3402 763 veniet
3440 695 3596 751 enim
3635 695 3748 752 Do-

2038 787 2237 843 minus
2274 787 2345 843 ad
2399 786 2710 860 judicium,
2747 802 2880 844 cum
2929 785 3196 859 expletus
3247 785 3423 842 fuerit
3469 800 3747 843 numerus

2036 878 2376 936 electorum.
2428 877 2537 936 Sed
2571 894 2702 936 cum
2751 879 2932 935 multa
2983 878 3135 934 dicat
3163 877 3233 935 de
3283 878 3746 950 pestilentissima

2037 966 2216 1039 hujus
2245 967 2508 1025 mulieris
2536 967 2770 1036 astutia,
2795 967 3010 1040 quibus
3042 974 3289 1024 venatur
3316 965 3542 1023 animas
3564 966 3747 1024 homi-

2039 1073 2184 1116 num
2217 1059 2597 1131 perditorum,
2625 1076 2761 1132 quze
2788 1076 2892 1118 nos
2917 1060 2990 1118 ob
3020 1059 3413 1134 prolixitatem
3439 1058 3746 1116 inserenda

2043 1162 2155 1204 non
2202 1147 2490 1216 ducimus,
2524 1149 2631 1207 hoc
2659 1148 2718 1205 in
2746 1148 2860 1206 ﬁne
2886 1149 3134 1223 subjecit
3165 1173 3177 1205 ε
3217 1174 3242 1196 ‹‹
3268 1147 3500 1218 Multos,
3533 1147 3744 1221 inquit,

2044 1237 2377 1297 vulneratos
2415 1239 2620 1313 dejecit
2645 1245 2700 1297 et
2730 1238 3028 1297 fortissimi
3053 1238 3273 1312 quique
3300 1236 3587 1294 interfecti
3614 1243 3749 1294 sunt

2041 1324 2114 1381 ab
2143 1341 2238 1395 ea;
2270 1327 2384 1384 viae
2417 1327 2593 1385 inferi
2632 1327 2841 1386 domus
2887 1327 3034 1401 ejus,
3067 1331 3434 1399 penetrantes
3477 1324 3750 1383 interiora

2045 1415 2245 1472 mortis
2278 1416 2493 1484 (Ibid)
2529 1439 2551 1466 ι
2705 1485 2948 1545 CAPUT
2976 1485 3061 1544 ΠΙ

2418 1587 2483 1640 In
2509 1600 2750 1641 sermone
2777 1585 2843 1640 de
2872 1585 2930 1642 S.
2955 1584 3368 1660 Bartholomaeo.

2110 1695 2438 1754 Audiamus
2492 1696 2688 1771 itaque
2739 1713 2840 1770 per
2884 1713 2948 1755 os
3001 1693 3327 1754 Salomonis
3389 1691 3753 1767 Sapientiam

244 1781 412 1848 ῐιᾶῙίδι
453 1794 585 1852 (illa3
612 1777 890 1834 meretrix
935 1776 1169 1846 dieitur,
1219 1791 1335 1832 n00
1369 1774 1514 1831 alios
1545 1774 1660 1830 DiSi
1687 1772 2147 1846 PaFVUIOSBnos
2195 1785 2264 1843 ad
2295 1802 2556 1844 mensam
2607 1785 2928 1860 spiritualis
2957 1784 3252 1843 alimoniae
3283 1782 3457 1841 claris
3510 1783 3752 1840 vocibus

246 1876 301 1928 θῑ
325 1867 598 1926 vecordes
628 1866 889 1938 (180198Γο
920 1879 1085 1938 P0359
1131 1863 1489 1936 Perhibetur-
1521 1861 1688 1919 Unde
1737 1867 1792 1918 et
1819 1861 1958 1919 alibi
2040 1873 2384 1934 invitantem
2420 1901 2432 1934 :
2470 1900 2490 1926 ι
2538 1875 2850 1950 Sapientia,
2879 1874 3095 1948 inquit,
3128 1872 3456 1931 immolavit
3484 1872 3753 1930 victimas

244 1959 399 2018 idem
443 1957 718 2017 Salomon
767 1956 848 2014 ait
881 1974 894 2013 :
945 1980 969 2006 α
1003 1954 1216 2013 Multer
1243 1954 1415 2011 stulta
1447 1958 1503 2010 et
1534 1953 1800 2017 clamosa,
1842 1953 1959 2025 ple-
2041 1978 2195 2036 suas,
2251 1965 2486 2024 miscuit
2542 1966 2747 2024 vinum
2805 1973 2860 2024 et
2896 1964 3194 2038 proposuit
3233 1979 3494 2020 mensam
3533 1976 3748 2032 suam;

245 2063 433 2122 naque
464 2045 751 2105 illecebris
781 2053 838 2102 et
861 2044 1012 2102 nihil
1042 2043 1284 2102 omnino
1310 2040 1522 2114 sciens,
1551 2041 1694 2100 sedit
1724 2043 1783 2099 in
1817 2041 1957 2100 fori-
2038 2054 2199 2112 misit
2246 2038 2496 2113 ancillas
2548 2073 2705 2128 suas,
2758 2064 2825 2115 ut
2876 2062 3144 2115 vocarent
3198 2055 3269 2113 ad
3315 2070 3508 2113 arcem
3557 2061 3613 2111 et
3676 2053 3752 2111 ad

246 2138 353 2196 bus
399 2137 607 2195 domus
637 2150 759 2193 $1133
787 2150 958 2207 super
991 2132 1287 2190 59113111111
1324 2131 1553 2190 excelso
1596 2130 1760 2189 urbis
1803 2131 1947 2201 1000,
2037 2144 2253 2202 muenia
2303 2145 2593 2204 civitatisi
2665 2145 2726 2205 Si
2769 2147 2902 2220 quis
2952 2152 3036 2203 est
3072 2143 3375 2218 parvulus,
3427 2142 3623 2200 veniat
3676 2140 3750 2199 ad

241 2233 297 2286 θῐ
353 2233 515 2285 V003t
571 2230 935 2283 transeuntes
987 2223 1144 2282 Viam
1193 2230 1247 2280 εί
1278 2228 1578 2310 pergentes
1631 2221 1694 2278 in
1743 2220 1950 2310 ἱιὶηθςβ
2033 2248 2144 2292 me.
2199 2233 2422 2306 Venite,
2455 2236 2737 2294 comedite
2765 2252 2974 2310 panem
3006 2251 3204 2293 meum
3232 2241 3286 2291 et
3313 2233 3491 2291 bibite
3534 2233 3747 2291 vinum

241 2330 345 2374 suo
377 2335 389 2372 :
427 2314 568 2384 Quis
612 2319 697 2370 est
730 2311 1037 2389 parvulus,
1070 2310 1318 2369 declinet
1352 2309 1422 2367 ad
1468 2326 1578 2380 me,
1619 2315 1675 2366 et
1717 2308 1948 2367 vecordi
2031 2321 2185 2393 quod
2234 2323 2442 2380 miscui
2473 2324 2639 2381 vobis
2691 2308 2862 2394 (Ργέου,
2895 2325 3000 2395 Ιχ),
3033 2348 3058 2371 ,,
3106 2321 3370 2379 Christus
3410 2319 3589 2387 enim,
3636 2319 3746 2393 qui

243 2403 428 2462 locuta
458 2409 541 2458 est
583 2405 762 2469 (Prov.
792 2413 902 2467 IX).
944 2423 964 2449 ι
1023 2398 1170 2457 Nam
1199 2398 1301 2471 qui
1332 2399 1618 2472 perfectus
1653 2403 1736 2456 est
1767 2398 1856 2456 vir
1893 2403 1948 2456 et

241 2491 453 2550 mentis
505 2505 660 2548 sana:
705 2503 1075 2563 nequaquam
1107 2487 1312 2560 poterit
1366 2485 1614 2544 carnalis
1659 2486 1948 2544 illecebrae

243 2581 530 2640 lenocinio
561 2580 768 2654 decipi,
811 2578 904 2637 vel
940 2577 1369 2652 quantumlibet
1416 2577 1712 2651 ingruenti
1759 2586 1948 2636 scatu-

240 2672 519 2732 rientium
566 2673 903 2744 passionum
935 2670 1249 2726 certamine
1295 2670 1571 2740 superari.
1619 2667 1755 2725 Illos
1789 2668 1948 2725 enim

242 2762 526 2819 duntaxat
553 2761 679 2816 haec
709 2758 922 2816 mulier
948 2766 1201 2830 superat,
1233 2757 1302 2814 de
1330 2755 1449 2813 illis
1475 2757 1592 2814 vita
1618 2757 1864 2815 carnalis
1890 2766 1945 2816 et

2034 2407 2329 2482 Sapientia
2380 2410 2564 2469 Patris
2603 2418 2704 2482 est,
2766 2413 3028 2471 victimas
3085 2410 3429 2481 immolavit,
3486 2424 3618 2466 cum
3669 2407 3742 2466 ad

2033 2506 2245 2559 nostra;
2279 2499 2634 2562 imitationis
2665 2492 3001 2576 exemplum
3044 2501 3242 2559 beatos
3284 2506 3567 2572 martyres
3608 2514 3741 2570 per-

2030 2592 2187 2649 misit
2213 2594 2429 2664 occidi;
2452 2596 2688 2653 miscuit
2716 2595 2941 2658 vinum,
2980 2594 3121 2669 quia
3147 2591 3473 2667 propinavit
3496 2590 3740 2648 creden-

2030 2680 2182 2738 tibus
2239 2681 2521 2756 Spiritum
2574 2691 2870 2755 sanctum;
2927 2683 3223 2757 proposuit
3265 2696 3544 2748 mensam,
3601 2679 3742 2752 quia

2028 2769 2318 2828 cuilestem
2350 2772 2572 2845 paravit
2611 2771 2954 2830 hominibus
2981 2772 3256 2844 gloriam;
3306 2769 3464 2826 misit
3496 2768 3742 2825 ancillas

245 2859 468 2910 terrena
499 2851 821 2922 triumphat
853 2864 1000 2922 quos
1027 2864 1222 2920 pravas
1252 2847 1566 2905 voluntatis
1614 2848 1858 2905 intentio
1888 2855 1944 2906 et
2025 2875 2180 2925 suas,
2216 2860 2275 2916 id
2309 2868 2392 2918 est
2429 2870 2656 2920 sanctos
2688 2862 2852 2921 verbi
2890 2862 3206 2929 ministros,
3240 2860 3343 2935 qui
3378 2875 3438 2917 se
3473 2860 3741 2917 inﬁrmos

241 2949 482 3002 terrente
521 2941 1006 3014 concupiscentiae
1040 2949 1181 2998 teter
1218 2942 1416 2997 fumus
1461 2941 1728 2997 obcwcat.
1779 2939 1942 2998 Unde
2024 2957 2079 3006 et
2121 2951 2352 3023 fragiles
2390 2961 2739 3012 asseverant,
2773 2952 2921 3022 Quid
2964 2968 3099 3025 ergo
3129 2953 3248 3024 jam
3278 2957 3469 3020 restat,
3515 2950 3628 3007 nisi
3671 2955 3739 3007 ιιι

237 3033 359 3091 illic
414 3038 544 3104 apte
597 3029 1015 3103 subjungitur:
1056 3053 1076 3078 ι
1122 3028 1190 3085 In
1227 3029 1513 3098 Iobscuro,
1569 3029 1839 3102 advesper

2136 3048 2218 3097 cta
2251 3041 2403 3098 fame
2432 3043 2628 3100 saeculi
2654 3059 3033 3116 properemus
3053 3043 3124 3100 ad
3151 3058 3408 3099 mensam
3437 3039 3585 3098 Dei?
3619 3039 3738 3098 Sed

231 3126 395 3178 cente
432 3120 544 3188 die.
597 3119 659 3176 in
693 3119 876 3176 DOCliS
935 3117 1184 3175 tenebris
1241 3123 1296 3174 0t
1347 3116 1593 3188 caligine
1641 3133 1769 3175 ecce
1806 3125 2093 3194 [ΠΗ-αξη]
2130 3129 2277 3185 hanc
2303 3126 2666 3201 ingrediendi
2695 3130 2919 3186 aditum
2969 3130 3220 3202 reperire
3250 3144 3367 3186 non
3397 3143 3734 3200 possumus,

213 3211 340 3268 .lier
383 3209 632 3268 occurrit
680 3208 765 3266 illi
797 3210 860 3265 in
889 3215 1095 3266 ornatu
1142 3205 1484 3286 meretricio,
1515 3214 1833 3280 praeparata
1868 3209 1938 3266 ad
2023 3215 2136 3274 nisi
2185 3233 2287 3289 per
2315 3225 2540 3276 sanctos
2569 3219 2874 3291 apostolos,
2913 3219 3126 3292 quibus
3167 3216 3355 3275 claves
3397 3216 3738 3275 commissae

193 3301 537 3378 _capiendas
568 3299 794 3358 animas
843 3303 1017 3372 (Prov.
1073 3302 1192 3364 v11).
1227 3323 1252 3347 »
1312 3297 1565 3355 Inebriat
1611 3297 1768 3355 enim
1822 3315 1940 3356 car-

197 3375 379 3452 ~ﬁalis
407 3393 524 3452 vita
553 3409 650 3450 cor
677 3391 936 3450 luxuriae
967 3390 1229 3448 deditum
1259 3395 1314 3447 et
1349 3397 1622 3463 tanquam
1660 3398 1939 3448 nocturna

227 3486 470 3559 caligine
503 3484 687 3541 reddit
709 3484 1045 3549 obscurum,
1072 3480 1210 3539 dum
1246 3481 1545 3538 interiores
1592 3479 1791 3538 oculos
1817 3497 1936 3538 non

225 3576 288 3633 in
318 3575 532 3634 caelum
563 3573 753 3646 erigit,
788 3575 886 3630 sed
926 3573 989 3630 in
1028 3578 1180 3628 terra
1222 3570 1438 3645 deligit.
1481 3571 1702 3628 Deinde
1749 3571 1934 3644 subji-

222 3667 298 3724 cit
334 3690 347 3724 :
407 3688 428 3715 ιι
459 3663 726 3735 Garrula,
764 3679 904 3736 vaga
937 3671 993 3720 et
1019 3661 1231 3735 quietis
1266 3658 1410 3715 227
1452 3660 1781 3733 impatiens,
1832 3677 1934 3720 nec

223 3754 424 3813 valens
451 3751 514 3809 in
549 3753 720 3810 domo
764 3750 1076 3809 consistere
1107 3747 1354 3822 pedibus
1380 3750 1503 3807 suis
1529 3771 1543 3820 ;
1574 3764 1734 3826 nunc
1770 3750 1931 3821 foris,

65 3369 190 3383 υτον-δ

227 3859 385 3902 nunc
437 3841 502 3900 in
561 3840 789 3913 plateis,
857 3854 1015 3897 nunc
1078 3838 1249 3911 juxta
1333 3837 1578 3911 angulos
1648 3837 1935 3896 insidians

222 3933 428 4004 (Ibid).
463 3956 490 3980 η
540 3930 650 3988 Hic
696 3944 866 4004 porro
919 3927 1246 3986 carnalium
1293 3926 1606 3985 hominum
1657 3923 1942 3998 exprimit

222 4020 670 4080 inconstantiam
730 4017 981 4077 levitatis
1046 4015 1188 4075 vitio
1245 4015 1536 4075 subditam
1571 4059 1585 4086 ,
1639 4015 1935 4089 gravitatis

224 4111 466 4184 turpiter
490 4111 776 4169 alienam.
797 4108 962 4178 Quod
991 4113 1184 4165 autem
1207 4107 1606 4180 subjungitur:
1641 4129 1668 4157 α
1697 4105 1936 4166 Intexui

223 4199 482 4270 funibus,
545 4199 760 4256 lectum
818 4213 1014 4254 meum
1063 4196 1241 4254 stravi
1297 4195 1582 4268 tapetibus
1628 4196 1796 4269 pictis
1857 4213 1934 4254 ex

220 4287 466 4362 iEgypto
511 4289 717 4358 (Ibid).
759 4306 787 4339 »
817 4285 968 4353 Quid
1004 4299 1108 4357 per
1141 4287 1251 4341 hoc
1280 4284 1439 4342 aliud
1475 4285 1768 4355 innuitur,
1817 4285 1932 4344 nisi

219 4375 356 4446 quia
388 4372 692 4429 delectatio
718 4371 932 4440 carnis,
985 4369 1046 4426 in
1080 4384 1258 4444 quam
1292 4369 1638 4427 luxuriosus
1685 4371 1932 4444 quisque

2022 3310 2160 3360 sunt
2192 3305 2354 3377 regni
2375 3307 2653 3364 cmlorum
2685 3310 2899 3380 (Matth.
2939 3311 3091 3372 XVI).
3120 3306 3283 3365 Unde
3308 3307 3590 3379 scriptum
3614 3313 3736 3365 est:

2026 3415 2053 3440 κ
2095 3392 2385 3466 Sapientia
2442 3395 2580 3454 foris
2640 3397 2931 3470 praedicat,
2997 3397 3056 3453 in
3111 3396 3313 3469 plateis
3376 3395 3472 3452 dat
3529 3411 3739 3453 vocem

2020 3496 2206 3555 suam,
2243 3483 2305 3542 in
2349 3486 2532 3559 capite
2565 3486 2890 3556 turbamm,
2943 3485 3199 3543 clamitat
3230 3486 3290 3543 in
3331 3484 3555 3543 fOribus
3591 3501 3737 3558 por-

2018 3580 2210 3636 tarum
2253 3576 2514 3648 (Prov..1).
2544 3598 2571 3630 »
2618 3577 2732 3651 Ipsi
2765 3593 2998 3651 quoque
3041 3573 3186 3631 228
3214 3584 3350 3636 sunt
3389 3581 3564 3649 caput
3611 3584 3748 3634 tur-

2016 3665 2225 3724 barum
2254 3666 2521 3740 foresque
2544 3672 2864 3739 portarum,
2895 3665 3033 3740 quia
3066 3666 3177 3739 ipsi
3209 3672 3345 3725 sunt
3373 3663 3754 3738 populorum

2014 3753 2304 3826 principes
2361 3769 2427 3811 ac
2482 3769 2773 3827 supremae
2819 3753 3184 3813 Hierusalem
3217 3769 3319 3828 per
3364 3750 3760 3812 sublimioris

2019 3843 2384 3922 excellentiae
2415 3843 2786 3918 privilegium
2800 3844 3111 3920 ianitores.

2015 4088 2080 4143 In
2123 4087 2354 4158 epistola
2384 4086 2460 4142 ad
2491 4085 2733 4144 Cincium
2770 4089 3112 4156 prafectum,
3159 4101 3324 4158 super
3360 4086 3787 4142 cohortatione

2392 4164 2397 4170 '
2661 4175 2736 4229 ad
2762 4179 3088 4232 castitatem.

2087 4277 2243 4337 Audi
2272 4293 2474 4337 rursus
2503 4279 2613 4337 sub
2642 4279 2959 4338 mulierum
2987 4279 3197 4354 specie,
3221 4279 3366 4355 quid
3392 4279 3550 4336 inter
3564 4280 3802 4353 spiri-

2016 4370 2232 4427 tualem
2264 4371 2442 4428 vitam
2471 4371 2643 4428 distet
2689 4379 2865 4446 atque
2912 4372 3245 4430 carnalem:
3292 4394 3317 4420 σι
3348 4368 3597 4438 Mulier,
3673 4371 3801 4429 in-

219 4462 370 4521 ultro
403 4467 683 4534 tanquam
717 4460 776 4517 in
806 4458 1000 4548 cubile
1029 4458 1430 4548 prosternitur,
1464 4457 1757 4539 perplexis
1799 4474 1992 4548 pec-D
2016 4458 2164 4531 quit,
2216 4459 2465 4532 diligens
2520 4475 2728 4519 corona
2767 4467 2852 4519 est
2899 4461 3026 4520 viro
3079 4477 3204 4532 suo,
3254 4467 3310 4518 et
3364 4458 3647 4532 putredo
3719 4464 3807 4522 in

217 4558 476 4611 catorum
508 4548 762 4608 vinculis
805 4545 1148 4621 obligatur?
1175 4545 1338 4616 Quod
1375 4553 1574 4605 autem
1614 4548 1795 4606 lectus
1832 4549 1934 4607 ille

221 4657 297 4699 ex
337 4641 507 4715 pictis
545 4655 621 4697 ex
668 4637 919 4713 ngypto
975 4635 1258 4710 tapetibus
1309 4637 1606 4707 sternitur,
1660 4638 1800 4712 quid
1851 4647 1935 4696 est

221 4729 402 4799 aliud,
425 4727 539 4785 nisi
577 4727 714 4801 quia
735 4727 852 4784 vita
877 4723 1310 4784 luxuriantium
1330 4741 1700 4798 nequaquam
1723 4727 1932 4785 funda-

225 4825 422 4877 mento
464 4817 665 4876 solidae
704 4815 962 4876 veritatis
1001 4815 1295 4885 innititur,
1329 4816 1428 4872 sed
1458 4815 1746 4874 mendacii
1785 4818 1932 4876 fucis

226 4915 281 4968 et
332 4907 695 4967 adumbratis
733 4904 1089 4979 imaginibus
1144 4904 1429 4962 coloratur
1467 4903 1494 4963 ?
1533 4906 1694 4975 Quod
1739 4916 1935 4966 autem

229 4996 502 5058 meretrix
533 4995 643 5052 ista
669 4993 809 5052 dicit
839 5017 850 5050 :
892 5020 915 5042 α
950 4991 1120 5060 Veni,
1150 4992 1511 5052 inebriemur
1538 4995 1839 5068 uberibus,
1881 5004 1936 5055 et

231 5087 452 5146 mutuis
501 5085 772 5141 fruamur
808 5080 1201 5154 amplexibus,
1235 5081 1418 5141 donec
1460 5083 1750 5142 illucescat
1778 5086 1930 5159 dies;

229 5195 346 5237 non
376 5181 462 5235 est
489 5173 647 5232 enim
682 5171 772 5230 vir
800 5187 963 5229 meus
984 5169 1044 5227 in
1075 5170 1246 5228 domo
1272 5187 1395 5242 sua,
1428 5172 1571 5230 abiit
1600 5173 1694 5230 via
1725 5173 1936 5248 longis-

227 5270 374 5327 sima
406 5268 629 5336 (Ibid);
668 5283 696 5318 »
732 5262 840 5321 tale
881 5269 966 5320 est
998 5280 1010 5320 :
1056 5260 1160 5319 Vir
1187 5263 1402 5321 animae
1431 5266 1714 5338 cujusque
1747 5265 1935 5324 ﬁdelis

231 5356 493 5414 Christus
525 5361 628 5426 est,
676 5351 774 5424 qui
805 5365 919 5407 non
968 5355 1052 5407 est
1092 5349 1152 5406 in
1183 5347 1352 5407 domo
1383 5364 1506 5418 sua,
1541 5349 1637 5406 sed
1669 5349 1811 5407 abiit
1840 5351 1936 5410 via

233 5443 592 5514 longissima,
624 5439 857 5514 quando
885 5439 1162 5512 pollutam
1189 5437 1498 5512 cujuslibet
1519 5438 1932 5498 conscientiam

231 5532 434 5601 cernit,
462 5541 634 5607 atque
663 5531 792 5588 ideo
819 5545 954 5587 mox
978 5530 1052 5586 ab
1081 5544 1147 5586 eo
1173 5528 1374 5600 procul
1407 5528 1694 5599 abscedit;
1722 5528 1933 5590 deinde

233 5622 472 5681 subdit:
525 5649 552 5671 κ
596 5621 901 5680 Saeculum
959 5617 1221 5695 pecuniae
1283 5633 1480 5676 secum
1524 5617 1673 5688 tulit,
1720 5618 1781 5678 in
1839 5620 1932 5679 die

232 5711 423 5786 plena:
451 5710 612 5770 lunae
633 5724 968 5768 reversurus
995 5714 1080 5766 est
1113 5709 1325 5780 (Ibid).
1357 5729 1378 5759 η
1405 5705 1752 5783 Redemptor
1771 5709 1932 5769 enim

2018 4548 2246 4607 ossibus
2275 4550 2401 4622 ejus
2439 4565 2572 4622 quae
2600 4550 2940 4609 confusione
2978 4567 3068 4609 res
3105 4550 3308 4623 dignas
3356 4548 3505 4621 gerit
3553 4554 3812 4618 (Prov-

2015 4643 2147 4710 XII).
2183 4663 2208 4689 υ
2247 4637 2313 4696 In
2340 4639 2517 4712 hujus
2546 4639 2739 4713 itaque
2768 4641 3037 4699 mulieris
3065 4639 3293 4698 ossibus
3332 4645 3418 4696 est
3460 4643 3822 4715 putredo,

2015 4727 2155 4800 quia
2184 4727 2325 4785 dum
2362 4727 2609 4801 quilibet
2634 4728 2851 4786 carnali
2892 4727 3027 4786 vita:
3063 4729 3411 4802 conjunctus
3459 4742 3832 4801 superare

2015 4815 2160 4873 alios
2207 4813 2434 4886 nititur,
2475 4815 2616 4872 dum
2646 4816 2790 4873 forte
2819 4815 2985 4890 quid,
3025 4814 3181 4888 quod
3211 4830 3341 4873 ossa
3369 4813 3540 4887 signi
3555 4816 3832 4895 ﬁcaut,

2016 4919 2184 4977 agere
2213 4902 2513 4974 gloriatur,
2557 4903 2708 4962 fceda
2753 4919 2849 4976 per
2879 4903 3158 4978 populum
3192 4903 3347 4960 fama
3376 4901 3846 4971 dilfunditur

2017 5000 2071 5052 et
2105 4993 2270 5067 quasi
2302 4993 2446 5051 fetor
2475 4993 2644 5051 olidzn
2673 4995 3001 5067 putredinis
3031 4994 3355 5051 exhalatur.
3387 4991 3476 5050 De
3544 5002 3850 5073 quibus

2016 5080 2222 5154 utique
2248 5081 2594 5139 mulieribus
2622 5089 2675 5139 et
2702 5081 2850 5140 alius
2891 5081 3135 5155 Sapiens
3161 5081 3300 5139 dicit
3331 5103 3343 5135 :
3387 5102 3408 5127 -
3449 5079 3761 5150 Mulier
3795 5095 3854 5152 si

2018 5175 2102 5226 est
2129 5168 2232 5226 tibi
2264 5170 2584 5228 secundum
2621 5171 2878 5230 animam
2908 5179 3088 5242 tuam,
3121 5187 3192 5228 ne
3221 5168 3519 5245 projicias
3601 5178 3856 5259 illam,

2017 5265 2072 5316 et
2116 5260 2318 5318 odibili
2372 5277 2488 5318 non
2533 5262 2729 5320 credas
2776 5270 2828 5320 te
2869 5263 2930 5320 in
2973 5269 3087 5321 toto
3117 5262 3284 5320 corde
3315 5261 3549 5332 (Eccli.
3615 5285 3788 5338 vn;
3827 5303 3856 5328 .

2015 5349 2228 5409 Mulier
2256 5352 2467 5424 quippe
2495 5353 2814 5411 secundum
2843 5353 3102 5410 animam
3141 5360 3226 5409 est
3263 5350 3380 5407 vita
3418 5345 3860 5442 virtutum,

2013 5441 2371 5499 conversatio
2425 5451 2656 5514 sancta;
2714 5440 2926 5500 mulier
2996 5458 3134 5500 vero
3186 5437 3423 5499 odibilis
3515 5437 3868 5521 carum-1g

2013 5535 2096 5587 est
2138 5529 2276 5601 vita,
2332 5545 2464 5603 quae
2509 5537 2658 5588 certe
2702 5531 2833 5589 odio
2879 5536 2965 5588 est
3009 5529 3296 5601 habenda,
3333 5528 3442 5586 cui
3519 5550 3872 5615 ριιοῖρρω

2013 5619 2061 5677 si
2101 5620 2164 5678 in
2205 5625 2319 5678 toto
2365 5621 2535 5680 corde
2573 5637 2680 5680 nos
2724 5621 3037 5694 credimus,
3085 5636 3315 5680 necesse
3351 5619 3526 5693 jam
3599 5645 3763 5704 erit
3805 5657 3880 5708 ιιι

2013 5713 2162 5772 sicut
2203 5710 2447 5772 Samson
2491 5729 2595 5788 per
2631 5712 2878 5772 Dalilam
2910 5714 3053 5786 (Iud.
3086 5714 3235 5784 XVI),
3266 5711 3346 5770 ita
3395 5722 3497 5779 et
3565 5742 3730 5798 nos
3766 5754 3887 5820 pe,
