4058 6178
377 429 517 491 1137

1783 429 1865 489 IN
1905 427 2050 488 LIB.
2092 424 2462 487 PROVERB.

3743 423 3880 484 1138

369 553 539 614 istam
563 555 626 612 in
655 568 863 614 manus
890 552 1143 613 hostium
1170 553 1522 614 incidamus.
1550 554 1632 614 De
1661 570 1776 630 qua
1806 552 2439 614 videlicetAnimirum
2480 551 2674 611 verbis
2715 548 2854 626 quid
2895 549 3056 608 aliud
3093 548 3323 606 videtur
3363 563 3726 623 expressum,
3759 549 3874 608 nisi

371 642 575 702 odibili
603 643 851 702 muliere
890 643 952 700 in
990 643 1436 703 Deuteronomio
1474 645 1753 718 scriptum
1781 651 1907 704 est:
1945 667 1966 694 α
2021 641 2082 701 Si

371 733 650 804 acceperit
684 734 856 792 homo
886 749 1150 804 uxorem,
1192 743 1248 792 et
1282 735 1550 794 habuerit
1586 751 1710 793 eam
1747 741 1802 792 et
1831 750 1946 791 non
1984 734 2081 790 in—

372 820 598 878 venerit
643 820 888 893 gratiam
940 828 1075 880 ante
1117 823 1314 881 oculos
1361 823 1486 896 ejus
1541 831 1771 896 propter
1819 821 2078 896 aliquam

371 909 707 979 foeditatem,
760 909 969 967 scribat
1052 910 1315 969 libellum
1393 911 1640 985 repudii,
1697 916 1752 968 et
1807 910 1965 967 dabit
2011 910 2074 966 in

371 1011 551 1054 manu
606 996 731 1070 ejus
781 1002 838 1055 et
889 996 1141 1056 dimittat
1213 1013 1341 1055 eam
1393 998 1464 1056 de
1514 999 1684 1056 domo
1742 1013 1847 1058 sua
1901 1000 2072 1071 (Deut.

374 1088 570 1153 XXIV).
604 1109 629 1136 ι

1036 1201 1282 1260 CAPUT
1338 1201 1410 1261 V.

372 1311 436 1365 In
458 1309 690 1379 epistola
717 1309 792 1364 ad
815 1311 1021 1377 fratres
1067 1311 1383 1380 Gamugnii,
1414 1312 1511 1367 ubi
1556 1312 1623 1367 de
1651 1315 2079 1382 transgressione

824 1397 1044 1436 suorum
1072 1384 1456 1438 mandato-rum
1485 1387 1623 1453 agit.

443 1497 557 1566 Qui
603 1499 889 1558 virtutum
934 1499 1226 1573 lapidibus
1280 1501 1511 1561 festinat
1564 1501 1777 1561 atrium
1827 1502 2082 1561 sublime

371 1592 726 1656 construere,
772 1588 937 1660 prius
998 1605 1136 1648 eum
1191 1605 1426 1649 necesse
1479 1598 1564 1649 est
1624 1591 2080 1650 inhorrescentia

373 1674 699 1732 carnalium
768 1675 1215 1736 delectationum
1293 1678 1528 1736 dumeta
1579 1695 1853 1752 purgare.
1913 1678 2081 1737 Unde

371 1769 522 1819 recte
569 1778 671 1836 per
725 1762 1098 1823 Salomonem
1147 1766 1402 1824 dicitur:
1445 1789 1465 1816 ιι
1499 1766 1821 1838 Diligenter
1874 1781 2079 1824 exerce

369 1867 577 1925 agrum
617 1860 804 1923 tuum,
837 1862 900 1912 ut
935 1863 1129 1929 postea
1158 1856 1411 1915 aediﬁces
1439 1857 1678 1916 domum
1712 1864 1864 1917 tuam
1900 1862 2073 1928 (Prov.

369 1944 558 2012 XXIV).
604 1965 626 1991 η
670 1942 776 2000 Ille
814 1943 1027 2017 quippe
1077 1945 1223 2003 bene
1281 1945 1520 2004 domum
1559 1949 1770 2006 mentis
1808 1949 2074 2020 zedilicat,

369 2029 470 2103 qui
526 2028 688 2102 prius
737 2045 943 2102 agrum
987 2033 1241 2105 corporis
1292 2033 1476 2107 spinis
1514 2034 1791 2094 vitiorum
1825 2043 2073 2110 purgat;

367 2119 628 2191 alioquin
679 2119 728 2177 si
781 2120 1200 2179 desideriorum
1250 2122 1705 2197 passionumque
1744 2125 2076 2183 carnalium

369 2216 557 2267 sentes
585 2209 649 2266 in
685 2210 877 2267 carnis
916 2225 1052 2281 agro
1088 2210 1374 2283 pullulare
1422 2210 1721 2282 sinuntur,
1761 2213 1913 2271 fame
1940 2213 2078 2272 boni

367 2307 654 2358 crescente
703 2306 816 2357 tota
861 2300 1022 2358 intus
1074 2301 1359 2359 virtutum
1408 2308 1695 2359 structura
1731 2303 2072 2362 fcollabitur.

367 2391 521 2449 Hinc
548 2406 750 2448 rursus
778 2390 860 2447 ait
891 2413 903 2447 :
947 2413 968 2442 α
1007 2389 1113 2448 Per
1140 2407 1345 2463 agrum
1376 2390 1631 2448 hominis
1657 2392 1806 2464 pigri
1835 2392 2076 2449 transivi

367 2487 422 2539 et
451 2496 552 2554 per
587 2481 815 2538 vineam
849 2479 962 2538 viri
993 2479 1173 2550 stulti,
1214 2487 1269 2539 et
1316 2496 1445 2539 ecce
1494 2487 1678 2539 totum
1714 2481 2077 2555 repleverant

368 2571 591 2641 urticze,
619 2577 971 2642 operuerunt
1017 2571 1386 2643 superliciem
1438 2571 1564 2644 ejus
1595 2572 1780 2643 spinze
1805 2579 1861 2630 et
1885 2589 2078 2630 mace-

368 2663 453 2720 ria
476 2660 738 2734 lapidum
765 2660 1051 2718 destructa
1083 2667 1202 2718 erat
1229 2662 1429 2733 (Ibid.).
1463 2682 1492 2713 »
1528 2660 1677 2729 Quid
1727 2663 1886 2719 enim
1918 2678 2072 2734 ager,

371 2751 463 2810 vel
499 2752 673 2811 vinea
718 2751 865 2824 pigri
909 2750 1182 2820 hominis,
1226 2751 1340 2809 nisi
1396 2767 1528 2810 caro
1563 2751 1873 2826 cujuslibet
1908 2754 2077 2812 otiosi

371 2841 435 2898 in
467 2838 789 2912 spiritualis
820 2839 1194 2910 agriculturae
1230 2838 1528 2897 laboribus
1558 2839 1839 2898 desudare
1870 2840 2077 2898 nolen-

321 2951 323 2954 ⁴
372 2925 509 2985 tis?
563 2926 711 2996 Quid
759 2933 954 2984 autem
1005 2928 1225 2998 urticze,
1269 2927 1382 2984 nisi
1434 2927 1586 3000 gulze
1640 2928 1973 3006 prurigines
2025 2935 2080 2986 et
2143 2961 2145 2964 ‹

372 3016 631 3073 carnales
675 3016 1011 3074 illecebrm?
1055 3016 1203 3085 Quid
1254 3015 1508 3089 denique
1548 3016 1732 3089 spinze
1780 3024 1938 3084 sunt,
1972 3018 2085 3075 nisi

372 3103 707 3173 passionum
760 3102 1086 3161 carnalium
1142 3104 1543 3177 punctiones?
1594 3103 1744 3174 Quid
1798 3110 2085 3178 postremo

376 3189 622 3247 maceria
651 3189 930 3263 lapidum,
967 3191 1081 3250 nisi
1110 3192 1385 3250 charitate
1418 3192 1606 3250 media
1640 3206 1774 3250 cum
1811 3193 2085 3263 permista

372 3277 790 3335 cohaerentium
817 3284 1105 3341 structura
1143 3277 1474 3338 virtutum?
1497 3283 1653 3352 Ager
1682 3296 1817 3352 ergo
1845 3282 1996 3354 pigri
2024 3291 2080 3340 et

373 3368 532 3424 stulti
583 3367 841 3424 hominis
882 3368 1086 3426 urticis
1131 3370 1430 3444 spinisque
1480 3371 1755 3444 repletur,
1784 3387 1918 3430 cum
1949 3389 2080 3432 caro

372 3457 695 3530 cujuspiam
732 3457 911 3516 otiose
947 3460 1198 3517 viventis
1235 3476 1354 3518 non
1396 3477 1497 3534 per
1529 3461 1896 3533 disciplinam
1934 3461 2079 3518 229

371 3546 634 3604 continui
678 3546 892 3605 laboris
946 3547 1249 3618 excolitur,
1277 3549 1376 3607 sed
1434 3549 1495 3607 in
1550 3551 1860 3624 voluptatis
1907 3560 2078 3627 atque

371 3636 628 3694 lasciviae
675 3636 936 3695 mollitur
987 3638 1272 3697 desiderio
1327 3646 1383 3697 et
1444 3641 1758 3698 enutritur.
1790 3642 2078 3716 Lepidum

373 3737 603 3796 quoque
631 3724 870 3781 materia
900 3724 1234 3783 labefactata
1272 3727 1545 3798 diruitur,
1579 3729 1714 3802 quia
1748 3736 1860 3787 tota
1889 3730 2079 3789 virtu-

375 3820 500 3871 tum
545 3812 778 3882 fabrica,
808 3813 970 3872 velut
1012 3815 1277 3890 impactis
1324 3819 1765 3877 incontinentiae
1798 3821 2078 3879 arietibus

364 3900 700 3974 dissipatur.
761 3926 787 3949 ‹‹
845 3899 1118 3976 Princeps
1192 3905 1352 3962 enim
1419 3921 1733 3979 coquorum
1787 3908 2078 3966 destruxit

363 4005 563 4047 muros
618 3988 986 4047 Hierusalem
1035 3995 1140 4060 (IV
1219 3996 1350 4062 Reg.
1431 3997 1603 4064 XXV).
1659 4019 1686 4043 ι»
1743 3995 2076 4068 Coquorum

363 4088 560 4139 autem
592 4082 858 4154 princeps
882 4081 1017 4152 jure
1045 4081 1326 4141 asseritur
1356 4090 1577 4155 venter,
1603 4085 1701 4143 cui
1733 4085 2014 4144 nimirum
2043 4102 2078 4144 a

363 4170 564 4243 coquis
595 4170 878 4228 laborioso
927 4187 1099 4244 Opere
1133 4174 1403 4232 servitur.
1435 4173 1714 4250 Quisquis
1747 4191 1883 4249 ergo
1921 4176 2074 4234 desi-

364 4260 524 4317 derat
574 4259 969 4332 spiritualium
1025 4267 1285 4336 segetum
1341 4264 1600 4322 ubertate
1642 4264 1938 4335 ditescere,
1967 4265 2071 4323 de-

364 4346 531 4405 sudet
560 4362 718 4405 nunc
744 4364 950 4420 agrum
998 4349 1091 4409 sui
1136 4351 1388 4424 corporis
1439 4352 1764 4426 disciplinze
1793 4369 1861 4411 ac
1885 4355 2072 4412 conti-

363 4435 580 4493 nentia)
605 4452 836 4496 vomere
863 4439 1140 4498 continuo
1171 4439 1364 4499 labore
1391 4442 1634 4511 sulcare,
1679 4449 1752 4514 et,
1792 4448 2071 4517 tanquam

364 4525 662 4583 novalium
686 4543 928 4585 suorum
953 4529 1171 4600 glebas,
1195 4532 1418 4590 sarculo
1434 4533 1692 4604 sapiente
1719 4533 2066 4604 confringat,

361 4613 504 4673 dum
532 4615 818 4690 quidquid
841 4616 1074 4688 durum,
1107 4618 1250 4676 dum
1281 4620 1566 4691 quidquid
1597 4622 1981 4679 infecundum
2003 4620 2130 4684 inD

362 4717 424 4760 se
477 4703 928 4776 reprehenderit,
981 4703 1142 4776 jugis
1211 4705 1571 4778 paenitentiae
1624 4708 2070 4768 contusionibus

363 4796 550 4862 terat;
583 4808 685 4850 nec
723 4792 949 4850 desinat
986 4793 1142 4866 gulae
1171 4795 1485 4865 prurientis
1515 4795 1728 4854 urticas
1760 4803 1934 4869 atque
1971 4797 2074 4855 in-

361 4878 760 4936 horrescentes
793 4879 1118 4938 carnalium
1168 4881 1584 4940 desideriorum
1615 4899 1816 4956 vepres
1853 4883 2066 4942 radici-

363 4974 458 5027 tus
502 4969 840 5042 exstirpare,
891 4985 1006 5042 quo
1051 4969 1258 5028 uberes
1309 4980 1624 5044 proventus
1677 4973 2070 5047 spiritualium

362 5063 619 5131 segetum
667 5058 892 5116 valeant
939 5060 1026 5118 sui
1078 5060 1266 5118 cordis
1309 5078 1444 5119 rura
1495 5063 1766 5134 proferre.
1805 5063 1966 5122 Unde
2017 5068 2074 5122 et

361 5144 516 5203 idem
557 5143 827 5204 Salomon
863 5147 977 5206 ait:
1018 5173 1038 5200 ι
1079 5148 1186 5218 Qui
1226 5156 1494 5221 operatur
1525 5156 1738 5209 terram
1782 5168 1947 5211 suam
1979 5167 2069 5210 sa-

362 5233 650 5293 turabitur
693 5236 976 5308 panibus;
1040 5238 1141 5311 qui
1216 5242 1463 5296 sectatur
1511 5240 1694 5298 otium
1749 5243 2070 5315 replebitur

361 5328 607 5395 egestate
635 5326 812 5391 (Prov.
847 5331 975 5392 XII).
1012 5346 1040 5372 υ

1023 5501 1267 5562 CAPUT
1314 5503 1406 5562 VI.

459 5613 523 5666 In
551 5610 780 5680 epistola
809 5610 882 5664 ad
907 5611 1289 5668 Alexandrum
1314 5629 1522 5686 papam
1568 5615 1634 5669 de
1672 5619 1968 5673 canonicis.

437 5757 464 5782 «
493 5730 750 5790 Claudus
779 5731 1022 5805 pedibus
1045 5738 1101 5790 et
1133 5732 1497 5806 iniquitatem
1529 5735 1735 5794 bibens
1757 5735 1861 5810 qui
1894 5735 2068 5794 mittit

362 5822 537 5883 verba
585 5837 689 5895 per
722 5821 998 5881 nuntium
1047 5821 1290 5881 stultum
1329 5827 1501 5896 (Prov.
1534 5827 1726 5901 XXVI).
1759 5851 1787 5878 ιο
1841 5826 2068 5898 Quibus

2167 647 2231 700 ut
2271 642 2576 700 carnaliter
2603 641 2846 715 sapienti
2883 655 2948 698 ac
2985 655 3089 713 per
3121 639 3230 698 hoc
3267 639 3443 698 stulto
3482 637 3719 697 cuilibet
3757 654 3874 697 non

2163 735 2556 792 committatur
2577 733 3001 807 praedicationis
3026 731 3284 790 officium
3315 731 3342 790 ‘?
3370 725 3452 790 De
3480 732 3693 790 sanctis
3718 733 3875 790 enim

2158 825 2633 897 praedicatoribus
2665 825 2876 882 dicitur
2905 845 2922 878 :
2959 848 2982 873 α
3013 818 3199 892 Quam
3232 822 3470 895 speciosi
3501 823 3673 896 pedes
3706 838 3879 881 evan-

2156 914 2527 988 gelizantium
2573 929 2792 988 pacem,
2828 913 3355 983 evangelizautiuin
3417 911 3608 970 bona!
3648 935 3673 962 υ
3740 915 3877 984 (Isa.

2157 1016 2233 1062 LIl
2257 1023 2269 1073 ;
2301 1008 2453 1061 Rom.
2495 1004 2576 1076 X.)
2606 1003 2807 1076 Itaque
2855 1003 3102 1076 quilibet
3156 1001 3451 1060 ordinatur
3505 1001 3792 1074 Ecclesiae,
3828 1002 3877 1061 si

2100 1097 2102 1100 ’
2159 1098 2364 1171 dignos
2408 1104 2464 1155 et
2498 1098 2736 1154 idoneos
2774 1097 2833 1154 in
2880 1097 3160 1168 dignitate
3204 1094 3516 1160 constituit,
3550 1095 3720 1167 quasi
3775 1110 3877 1168 pe-

2159 1187 2331 1247 dibus
2381 1191 2545 1245 rectis
2599 1187 2833 1246 incedit.
2889 1186 2996 1244 Per
3047 1201 3144 1246 eos
3202 1185 3360 1242 enim
3413 1183 3660 1242 verbum
3715 1200 3875 1257 spar-

2159 1277 2345 1351 gendo
2389 1279 2846 1352 circumquaque
2885 1276 3179 1345 discurrit,
3205 1282 3261 1333 et
3306 1275 3460 1348 quod
3514 1291 3616 1346 per
3667 1281 3878 1333 semet-

2160 1365 2353 1439 ipsum
2407 1382 2523 1424 non
2572 1367 2724 1424 valet
2772 1382 2960 1438 agere,
2995 1382 3096 1437 per
3148 1365 3279 1422 illos
3327 1365 3529 1436 satagit
3577 1365 3880 1422 efﬁcaciter

2159 1455 2494 1529 adimplere.
2529 1455 2632 1514 Sin
2691 1462 2884 1513 autem
2933 1454 3194 1513 carnales
3251 1469 3514 1528 quosque
3571 1467 3637 1509 ac
3683 1469 3879 1526 repro-

2161 1546 2266 1605 bos
2299 1546 2565 1604 ordinare
2607 1552 2937 1619 praesumat,
2969 1546 3066 1602 hic
3112 1545 3357 1602 claudus
3397 1543 3641 1616 pedibus
3684 1543 3881 1601 ambu-

2161 1637 2258 1694 lat.
2291 1635 2403 1706 Qui
2429 1637 2602 1694 etiam
2642 1636 3015 1709 iniquitatem
3045 1633 3243 1692 bibere
3272 1633 3507 1703 dicitur,
3548 1634 3702 1707 quia,
3738 1634 3880 1691 dum

2161 1725 2338 1783 verba
2390 1732 2606 1784 sanctae
2662 1723 3090 1800 prmdicationis
3148 1739 3252 1796 per
3303 1722 3547 1780 stultum
3603 1723 3880 1781 nuntium

2161 1815 2337 1872 mittit
2385 1821 2458 1886 et,
2517 1821 2712 1872 contra
2782 1813 3146 1887 Apostolum,
3200 1811 3312 1868 cito
3374 1827 3582 1869 manus
3639 1811 3884 1884 imponit

2090 1904 2205 1975 ΒΗ
2249 1906 2386 1958 Tim.
2436 1903 2516 1973 v),
2564 1902 2806 1975 peccatis
2854 1900 3247 1958 communicat
3290 1898 3517 1956 alienis.
3576 1898 3723 1955 Nam
3776 1899 3881 1956 etsi

2158 1991 2472 2066 prudenter
2510 1991 2756 2064 quisque
2801 1990 3093 2062 loquatur,
3123 1988 3173 2046 si
3212 1994 3402 2045 tamen
3447 2002 3563 2044 non
3601 1987 3721 2058 agit
3755 1985 3885 2060 ipse

2158 2079 2312 2154 quod
2342 2080 2620 2154 loquitur,
2657 2081 2718 2138 in
2756 2079 3042 2152 spirituali
3081 2077 3324 2136 claudus
3370 2077 3577 2135 itinere
3607 2093 3724 2135 non
3767 2077 3884 2134 im—

2158 2170 2364 2229 merito
2415 2171 2727 2242 judicatur.
2789 2168 2952 2227 Unde
3007 2175 3063 2224 et
3108 2167 3231 2225 illic
3275 2172 3404 2239 apte
3457 2165 3881 2239 subjungitur:

2087 2301 2097 2311 .
2165 2283 2190 2310 a
2219 2260 2515 2327 Quomodo
2545 2260 2817 2332 pulchras
2847 2261 3060 2316 frustra
3092 2257 3264 2314 habet
3301 2256 3546 2313 claudus
3574 2254 3762 2325 tibias,
3797 2257 3880 2314 sic

2155 2346 2432 2404 indecens
2456 2352 2539 2403 est
2564 2346 2625 2403 in
2651 2362 2749 2404 ore
2779 2346 3093 2403 stultorum
3117 2343 3386 2417 parabola
3411 2345 3584 2414 (Prov.
3619 2345 3810 2414 XXVI).
3847 2369 3872 2391 ›ι

2159 2435 2425 2493 Pulchris
2451 2435 2620 2507 plane
2652 2434 2928 2492 innititur
2960 2433 3117 2491 tibiis
3143 2433 3242 2506 qui
3272 2430 3547 2489 luculenti
3586 2433 3726 2490 nitet
3755 2433 3875 2490 cla-

2158 2522 2322 2579 ritate
2377 2521 2681 2580 sermonis.
2719 2519 2850 2590 Sed,
2881 2520 3023 2577 dum
3076 2520 3202 2577 sine
3245 2519 3413 2576 bonis
3461 2519 3736 2591 operibus
3775 2536 3872 2577 ac-

2160 2617 2431 2668 curatum
2474 2609 2756 2684 depromit
2799 2609 3122 2684 eloquium,
3157 2608 3314 2666 velut
3356 2607 3481 2666 sine
3510 2624 3710 2680 gressu
3740 2625 3874 2682 pro-

2162 2705 2357 2757 movet
2395 2706 2545 2758 rccta
2593 2715 2762 2758 crura
2813 2699 3143 2756 verborum.
3177 2694 3353 2766 Quasi
3403 2697 3680 2771 pulchras
3737 2713 3872 2771 ergo

2161 2789 2334 2848 habet
2375 2789 2545 2848 tibias
2607 2790 2678 2847 ad
2734 2789 3076 2857 videndum,
3107 2787 3206 2844 sed
3251 2802 3366 2844 non
3415 2787 3588 2845 utiles
3627 2788 3697 2844 ad
3743 2803 3876 2860 gra-

2163 2879 2462 2948 diendum,
2509 2879 2632 2952 qui,
2665 2876 2986 2952 podagricis
3032 2876 3310 2934 vitiorum
3349 2876 3574 2949 laqueis
3626 2877 3876 2934 innoda-

2169 2961 2443 3040 tu's,'ipse
2491 2967 2728 3040 quidem
2776 2955 3020 3039 turpiter
3074 2965 3376 3034 claudicat,
3420 2965 3562 3022 dum
3609 2965 3755 3022 alios
3813 2971 3878 3024 ut

2165 3058 2394 3131 agiliter
2437 3057 2778 3130 gradiantur
2819 3056 3046 3114 invitat.
3079 3056 3148 3112 In
3200 3054 3447 3114 istorum
3496 3070 3632 3127 ergo
3681 3055 3877 3114 stulto-

2166 3164 2297 3206 rum
2327 3164 2424 3206 ore
2457 3148 2734 3207 indecens
2777 3155 2861 3206 est
2900 3147 3189 3220 parabola,
3233 3146 3390 3220 quia,
3425 3147 3566 3204 dum
3598 3146 3874 3219 spiritua-

2099 3238 2296 3332 aliter
2341 3246 2546 3296 sonant
2591 3245 2646 3295 et
2683 3237 2988 3332 carnaliter
3026 3235 3311 3332 victitant,
3346 3251 3547 3332 eorum
3585 3235 3702 3292 vita
3739 3250 3874 3332 cum

2168 3325 2335 3384 labiis
2389 3341 2507 3384 non
2558 3324 2900 3391 concordat;
2955 3339 3100 3396 quos
3157 3323 3442 3380 nimirum
3495 3323 3736 3380 honesta
3788 3323 3875 3382 lo—

2164 3422 2424 3489 quentes,
2483 3414 2580 3472 sed
2635 3413 2938 3471 inhoneste
3002 3412 3285 3480 viventes,
3343 3411 3674 3484 praedicatio
3723 3416 3874 3469 recta

2165 3519 2282 3561 non
2345 3503 2570 3571 liberat,
2623 3503 2721 3560 sed
2802 3501 3044 3560 mordax
3097 3500 3446 3558 conscientia
3499 3500 3874 3558 vehementer

2162 3599 2408 3650 accusat.
2454 3591 2618 3650 Unde
2664 3593 2786 3650 illic
2837 3609 2956 3651 non
3010 3594 3328 3665 incongrue
3382 3591 3575 3649 subdit
3609 3607 3682 3648 :'«
3714 3589 3868 3660 Quo-

2161 3682 2330 3740 modo
2384 3681 2432 3739 si
2479 3682 2645 3755 spina
2697 3689 2964 3740 nascatur
3017 3683 3078 3740 in
3135 3697 3315 3739 manu
3373 3679 3693 3748 temulenti,
3727 3677 3870 3735 230

2161 3771 2244 3828 sic
2284 3769 2552 3843 parabola
2593 3771 2654 3828 in
2697 3786 2793 3828 ore
2822 3769 3134 3828 stultorum
3171 3768 3384 3837 (Ibid.).
3411 3792 3432 3820 ι»
3468 3769 3642 3841 Spina
3660 3769 3873 3843 quippe

2159 3859 2221 3916 in
2249 3875 2428 3916 manu
2461 3859 2760 3917 temulenti
2791 3859 3071 3928 nascitur,
3103 3874 3238 3916 cum
3263 3858 3352 3916 illi
3395 3859 3495 3932 qui
3529 3859 3704 3931 hujus
3734 3858 3870 3915 vita:

2159 3964 2352 4005 amore
2394 3953 2479 4004 est
2516 3948 2716 4006 ebrius
2760 3948 3224 4021 reprehensionis
3275 3948 3338 4005 in
3389 3953 3580 4005 mente
3631 3948 3871 4005 aculeus

2159 4042 2488 4108 generatur.
2519 4036 2586 4094 In
2639 4053 2734 4095 ore
2782 4037 2980 4110 itaque
3033 4036 3347 4094 stultorum
3393 4035 3663 4108 parabola
3703 4036 3868 4109 quasi

2158 4125 2324 4198 spina
2364 4132 2469 4195 est,
2499 4124 2638 4197 quia
2681 4125 2822 4183 dum
2863 4124 3025 4182 aliud
3073 4124 3418 4197 loquuntur,
3459 4122 3622 4180 aliud
3667 4130 3866 4195 agunt,

2159 4227 2328 4269 mens
2365 4228 2567 4270 eorum
2613 4212 2676 4270 in
2721 4212 3027 4286 semetipsa
3061 4211 3372 4287 aliquando
3414 4211 3780 4285 redarguitur
3813 4218 3872 4271 et

2153 4301 2402 4376 quodam
2453 4302 2619 4376 quasi
2667 4301 2848 4374 spinze
2903 4301 3220 4374 pungentis
3259 4300 3459 4360 aculeo
3497 4302 3867 4375 perforatur;

2155 4391 2311 4448 velut
2357 4391 2522 4462 spina
2576 4399 2725 4450 certe
2781 4391 2931 4448 male
3011 4391 3262 4450 viventis
3320 4398 3376 4450 et
3425 4392 3571 4450 bene
3624 4391 3869 4450 dicentis

2152 4479 2498 4538 conscientia
2549 4482 2775 4556 pungit,
2802 4484 2944 4541 dum
2988 4481 3050 4539 in
3081 4497 3147 4540 eo
3192 4483 3348 4556 quod
3386 4481 3749 4540 extrinsecus
3790 4480 3867 4538 lo-

2153 4573 2354 4645 quitur
2389 4573 2638 4646 quodam
2673 4574 2911 4645 pudoris
2938 4581 3111 4646 atque
3143 4574 3471 4632 formidinis
3505 4571 3742 4632 stimulo
3771 4571 3864 4629 in~

2156 4659 2432 4720 trinsecus
2453 4661 2758 4722 sauciatur.

2799 4840 3046 4902 CAPUT
3078 4840 3208 4902 VII.

2726 4969 2791 5023 In
2816 4967 3002 5023 eadem
3033 4969 3286 5040 epistola.

2227 5131 2254 5161 ι
2284 5108 2448 5168 Sicut
2483 5108 2586 5183 qui
2635 5109 2809 5167 mittit
2860 5109 3112 5184 lapidem
3156 5110 3218 5168 in
3257 5124 3530 5169 acervum
3567 5109 3860 5179 Mercurii,

2150 5203 2231 5261 ita
2279 5202 2380 5276 qui
2430 5201 2633 5260 tribuit
2683 5201 2981 5273 insipienti
3035 5202 3313 5259 honorem
3359 5205 3542 5267 (Prov.
3598 5205 3796 5264 XXVI).
3836 5223 3861 5247 »

2153 5291 2300 5350 Nam
2345 5291 2445 5365 qui
2493 5290 2643 5364 apud
2684 5289 2932 5363 gentiles
2974 5289 3292 5348 Mercurius
3330 5288 3472 5348 deus
3517 5286 3721 5346 Sacelli
3777 5287 3862 5362 [f.,

2152 5379 2416 5450 Lucelli],
2450 5379 2571 5436 sive
2621 5379 2882 5451 pecunias
2929 5376 3244 5444 dicebatur,
3272 5392 3514 5435 acervus
3570 5376 3862 5445 Mercurii,

2150 5469 2423 5532 cumulus
2470 5473 2642 5540 atque
2690 5467 2988 5542 congeries
3035 5475 3121 5526 est
3171 5482 3566 5527 nummorum.
3612 5467 3682 5525 Et
3728 5466 3866 5542 quia

2151 5576 2396 5621 nummo
2422 5559 2620 5630 regula
2649 5559 2951 5618 monetalis
2978 5558 3349 5632 imprimitur,
3383 5557 3520 5632 quid
3555 5573 3655 5630 per
3683 5571 3862 5615 num-

2151 5669 2379 5711 morum
2412 5651 2747 5723 designatur
2772 5666 3066 5717 acervum,
3095 5649 3208 5707 nisi
3235 5648 3592 5723 regularium
3620 5661 3688 5704 ac
3709 5660 3863 5702 vera)

2150 5737 2465 5797 sanctitatis
2524 5735 2836 5809 imaginem
2890 5734 3319 5808 praeferentium
3367 5732 3564 5791 concio
3623 5729 3857 5786 clerico-

2151 5844 2284 5888 rum
2317 5829 2342 5885 ?
2371 5825 2524 5898 Quid
2570 5841 2704 5886 vero
2745 5842 2845 5899 per
2874 5818 3145 5901 lapidem,
3173 5824 3288 5884 nisi
3335 5823 3564 5893 duram,
3594 5817 3863 5878 stolidam
