4058 6178
219 396 360 460 1139

216 530 273 582 et
320 507 722 583 insensibilem
757 519 917 579 illius
953 523 1204 579 mentem
1246 521 1591 594 accepimus,
1624 520 1726 594 qui
1775 521 1987 588 dumA

215 611 405 670 Deum
452 625 579 670 esse
622 609 949 668 indubitata
996 608 1111 666 ﬁde
1165 625 1279 669 non
1324 610 1523 681 credit,
1556 626 1716 685 spem
1753 625 1920 669 suam

214 702 275 760 in
325 707 553 760 terrena
598 698 855 772 qualibet
900 699 1259 773 possessione
1298 701 1593 759 constituit
1637 699 1772 759 ?De
1806 715 1921 773 quo

214 807 315 864 per
357 790 700 863 Prophetam
753 787 964 846 dicitur
997 806 1009 846 :
1045 811 1070 839 α
1104 787 1265 845 Dixit
1312 788 1593 862 insipiens
1644 788 1708 845 in
1754 788 1921 846 corde

216 894 365 938 suo:
397 878 525 937 Non
570 882 654 935 est
700 876 856 936 Deus
885 878 1049 950 (Psal.
1083 877 1227 950 X111).
1274 899 1295 929 ι
1325 876 1478 935 Huic
1530 882 1725 935 autem
1772 877 1919 934 insi-

216 967 400 1041 pienti
450 973 589 1026 tunc
644 967 830 1025 honor
892 966 1185 1035 tribuitur,
1239 982 1374 1024 cum
1425 966 1497 1023 ad
1551 965 1919 1024 ecclesiastici

213 1059 426 1132 gradus
470 1056 692 1129 apicem
730 1054 1027 1128 quispiam
1070 1069 1186 1111 non
1216 1054 1351 1123 Deo,
1380 1053 1477 1111 sed
1517 1054 1779 1126 pecuniae
1819 1053 1916 1111 de-

213 1149 370 1208 ditus
412 1150 803 1221 promovetur.
835 1145 950 1203 Sed
993 1144 1141 1203 sicut
1182 1159 1565 1203 nummorum
1607 1144 1920 1219 dissipatur

211 1236 555 1301 acervus,si
606 1236 855 1308 desuper
907 1234 1054 1308 lapis
1108 1232 1466 1305 immittitur,
1518 1233 1597 1290 ita
1660 1250 1762 1308 per
1822 1234 1917 1291 in-

211 1326 394 1401 digni,
427 1325 552 1384 sive
582 1323 794 1397 lapidei
832 1322 1076 1397 pastoris
1106 1338 1405 1387 accessum
1438 1321 1603 1396 quasi
1633 1323 1918 1397 constipa-

212 1424 305 1475 tus
357 1415 497 1475 ordo
546 1413 863 1473 destruitur
919 1411 1258 1485 regulariter
1311 1412 1699 1485 gradientium
1746 1418 1801 1471 et
1854 1413 1920 1469 in

210 1509 487 1567 charitate
534 1504 930 1565 obedientium
1004 1503 1386 1575 clericorum;
1437 1507 1711 1577 gravatur
1761 1502 1919 1560 enim

211 1598 349 1657 mali
398 1596 641 1672 pastoris
694 1593 1035 1655 umbraculo
1080 1599 1151 1663 et,
1212 1599 1486 1667 tanquam
1540 1605 1918 1651 nummorum

1177 394 1717 455 COLLEGTANEA
1753 396 1835 454 IN
1873 393 2119 455 VETUS
2157 393 2743 457 TESTAMENTUM.

3573 397 3713 458 1140

2650 520 2893 581 CAPUT
2920 521 3081 582 VIII.

2040 613 2104 668 In
2133 614 2364 684 epistola
2392 612 2466 668 ad
2497 612 2882 668 Alexandrum
2906 629 3136 685 papam,
3177 628 3342 686 super
3368 617 3667 673 insolentia

2204 704 2215 711 ν’
2561 686 2829 740 malorum
2854 687 3153 741 hominum.

2079 818 2099 848 ι
2137 792 2524 867 Sanguisugze
2553 792 2685 852 dum
2719 799 2855 853 sunt
2905 792 3064 866 tiliae,
3090 794 3346 852 dicentes
3372 813 3385 854 :
3414 794 3593 864 Aﬂ'er,
3620 794 3710 852 af-

2002 888 2089 945 fer
2115 890 2295 954 (Prov.
2331 889 2508 952 XXX).
2547 906 2568 932 ι
2612 882 2754 940 Nam
2814 899 2931 958 quo
2979 884 3226 958 quisque
3267 884 3714 943 immoderatius

2001 975 2274 1043 vescitur,
2332 987 2399 1029 eo
2456 986 2690 1030 necesse
2732 976 2817 1029 est
2869 978 2933 1031 ut
2983 972 3059 1031 ad
3112 978 3312 1045 potum
3363 973 3714 1031 aestuantius

2000 1063 2359 1126 accendatur.
2391 1060 2460 1117 Et
2490 1059 2635 1117 dum
2676 1066 2943 1132 congesta
2975 1059 3085 1118 sibi
3126 1061 3307 1119 moles
3356 1062 3712 1119 fervescente

2001 1150 2280 1211 stomachi
2352 1148 2537 1206 lebete
2616 1147 2981 1220 decoquitur,
3040 1148 3255 1206 crebris
3333 1164 3566 1208 necesse
3626 1156 3712 1207 est

1999 1239 2307 1300 haustibus
2347 1238 2638 1311 irrigetur.
2669 1234 2780 1294 Sed
2826 1252 2962 1293 cum
3006 1237 3151 1295 cibis
3196 1245 3397 1297 venter
3443 1256 3509 1297 ac
3556 1240 3710 1315 poti-

2000 1333 2111 1390 bus
2159 1331 2521 1398 intumescat,
2553 1342 2914 1402 consequens
2968 1334 3052 1385 est
3107 1335 3191 1400 ut,
3218 1330 3457 1389 alterius
3511 1332 3711 1389 utrin-

2002 1436 2115 1495 que
2160 1416 2463 1485 meatibus,
2517 1419 2573 1472 et
2621 1415 2789 1474 faeces
2836 1430 2936 1489 per
2984 1416 3245 1490 podicem
3290 1418 3354 1474 in
3404 1418 3713 1477 cuniculos

2001 1515 2192 1584 egerat
2237 1514 2291 1566 et
2340 1508 2652 1566 humorem
2711 1506 2781 1565 de
2848 1507 3089 1581 genitali
3153 1509 3555 1583 conceptaculo
3614 1526 3714 1584 per

2000 1597 2267 1672 pudenda
2302 1595 2632 1670 profundat.
2686 1595 2846 1655 Sicut
2892 1598 3052 1655 enim
3092 1597 3156 1656 in
3205 1600 3593 1658 torcularibus
3625 1601 3708 1659 vi-

210 1689 531 1749 ccnlestium
571 1687 866 1757 cumulus,
903 1685 1134 1745 tartarei
1161 1685 1368 1759 lapidis
1426 1683 1579 1742 mole
1632 1682 1912 1740 diruitur.
1998 1686 2232 1745 narium
2281 1702 2316 1743 a
2369 1684 2528 1755 vino,
2558 1683 2653 1755 isic
2700 1685 2764 1743 in
2821 1685 2998 1744 ilibus
3049 1693 3269 1745 stercus
3322 1696 3629 1761 separatur
3680 1704 3714 1747 a

214 1774 401 1834 Stulto
448 1773 627 1846 igitur
682 1780 738 1831 et
789 1772 1087 1846 insipienti
1160 1770 1536 1844 denegandus
1590 1773 1678 1827 est
1728 1767 1915 1827 honor
1996 1776 2147 1835 vim,
2180 1775 2558 1848 Sanguisug-ce
2607 1790 2761 1848 ergo,
2794 1791 2928 1848 quas,
2969 1776 3219 1835 edacitas
3252 1784 3355 1849 est,
3403 1778 3537 1836 dua)
3571 1785 3711 1837 sunt

211 1862 652 1934 θεοιθείδείίουετ
698 1877 779 1955 ,119
829 1868 1159 1920 sanctorum
1235 1860 1582 1918 ΟῙΘΓῙΟΟΙἮΠΙ
1635 1864 2152 1955 ῐᾶξιίιυθῐῐὶΒὲῑιὶω,
2183 1866 2427 1923 ebrietas
2457 1869 2513 1921 et
2545 1864 2742 1935 libido,
2775 1864 2913 1939 quia
2940 1867 3079 1924 dum
3110 1883 3228 1926 una
3257 1869 3433 1941 pestis
3460 1868 3711 1927 delecta-

212 1965 590 2010 nummorum
627 1948 1017 2023 spiritualium
1053 1953 1347 2021 mergatur
1383 1963 1648 2007 acervus.
1680 1947 1761 2005 De
1800 1947 2195 2020 quowbiliter
2242 1952 2380 2009 231
2430 1953 2698 2027 concipit,
2728 1956 3023 2028 geminam
3075 1958 3395 2015 necessario
3453 1957 3713 2015 sobolem

210 2039 476 2097 videlicet
524 2037 698 2097 stulto
738 2038 910 2112 paulo
955 2037 1224 2111 superius
1260 2037 1417 2095 idem
1468 2035 1738 2094 Salomon
1785 2034 1866 2093 ait
1900 2054 1912 2093 :
1997 2044 2188 2117 parit;
2224 2060 2358 2118 qua;
2395 2042 2678 2101 nimirum
2719 2043 2963 2103 dicunt;
3007 2068 3029 2095 ι
3068 2045 3247 2118 Aﬂ‘er,
3287 2046 3449 2117 aﬁ‘er,
3488 2070 3508 2095 ι
3549 2046 3711 2120 quia,

214 2129 523 2203 Hllaudus
569 2130 814 2204 pedibus
854 2137 911 2187 et
949 2128 1321 2204 iniquitatem
1355 2128 1585 2201 bibens,
1613 2128 1715 2203 qui
1740 2127 1917 2185 mittit
1998 2130 2142 2189 232
2173 2149 2308 2192 cum
2357 2134 2472 2191 sint
2527 2133 2902 2205 insatiabiles,
2938 2134 3212 2194 violentas
3277 2150 3508 2210 quoque
3565 2139 3711 2195 sunt

211 2221 387 2279 verba
409 2237 511 2297 per
538 2222 814 2281 nuntium
846 2220 1088 2280 stultum
1114 2223 1291 2292 (Prov.
1325 2222 1523 2289 XXVI).
1561 2240 1581 2268 ι
2000 2218 2337 2303 exactrices.

1252 2326 1579 2396 Empliciunt
1606 2325 1917 2380 testimonia
1942 2324 2009 2381 de
2034 2326 2172 2381 libro
2200 2325 2666 2382 Probverbz'orum.

1202 2462 1589 2523 INCIPIUNT
1618 2462 1996 2522 CAPITULA
2047 2464 2144 2523 DE
2182 2463 2707 2526 ECCLESIASTE.

254 2569 297 2625 l.
327 2566 481 2635 Quod
502 2567 685 2622 omnia
711 2566 941 2634 ﬂumina
978 2565 1191 2618 intrant
1220 2565 1279 2618 in
1304 2578 1452 2617 mare
1482 2566 1533 2617 et
1556 2578 1706 2617 mare
1728 2578 1837 2617 non
1865 2563 2164 2619 redundat.

243 2639 297 2696 2.
328 2642 529 2695 Musca
552 2639 838 2693 morientes
858 2636 1097 2707 perdunt
1123 2637 1451 2689 suavitatem
1477 2636 1762 2703 unguenti.

249 2710 301 2769 3.
328 2714 405 2765 De
433 2712 667 2781 Spiritu,
676 2712 999 2778 potestatem
1034 2707 1280 2762 habente.

243 2783 295 2840 4.
327 2786 404 2838 De
435 2780 491 2837 eo
524 2780 670 2851 quod
708 2780 914 2835 dicitur
942 2798 959 2834 :
988 2782 1072 2834 Da
1091 2782 1309 2850 partem
1335 2782 1559 2851 septem,
1588 2792 1685 2835 nec
1712 2792 1821 2834 non
1853 2780 1907 2832 et
1933 2780 2070 2835 octo.

248 2853 301 2911 5.
330 2856 519 2912 Finem
547 2853 809 2925 loquendi
834 2866 1015 2908 omnes
1031 2853 1249 2923 pariter
1289 2853 1604 2923 audiamus.

1647 2950 1978 3022 Expliciunt
2002 2946 2269 3020 capitula.

489 3121 1190 3213 INCIPIUNT
1270 3123 2132 3212 TESTIMONIA
2208 3123 2378 3211 DE
2458 3121 3440 3213 ECCLESIASTE.

778 3275 1023 3338 CAPUT
1062 3277 1380 3343 PRIMUM.
1946 3274 2007 3342 Εἴ
2672 3275 2917 3335 CAPUT
2974 3275 3051 3336 II.

748 3381 814 3437 In
843 3380 982 3436 libro
1012 3376 1389 3439 GRATISSIMO.
2758 3368 2823 3426 G.
2881 3368 2947 3427 θ.

292 3505 322 3540 α
352 3484 562 3546 Omnia
586 3484 832 3544 ﬂumina
860 3485 1078 3544 intrant
1113 3486 1176 3543 in
1214 3501 1371 3544 mare
1407 3490 1465 3545 et
1491 3501 1651 3545 mare
1683 3500 1803 3546 non
1829 3501 1922 3546 re-

220 3579 439 3637 dundat
464 3596 478 3649 ;
511 3577 583 3635 ad
614 3579 809 3638 locum
834 3578 989 3637 unde
1014 3583 1230 3637 exeunt
1254 3578 1501 3636 ﬂumina
1530 3582 1920 3649 revertuntur,

224 3675 288 3728 ut
328 3670 540 3728 iterum
594 3669 777 3728 ﬂuant
803 3672 998 3731 (Eccle.
1036 3673 1098 3736 1).
1133 3687 1162 3721 ››
1188 3668 1361 3728 Hunc
1399 3684 1712 3729 excursum
1750 3675 1926 3742 atque

224 3776 526 3821 recursum
572 3760 1003 3835 spiritualium
1072 3759 1388 3819 ﬂuminum
1442 3760 1684 3835 mystice
1740 3760 1926 3819 Lucas

223 3852 576 3922 evangelista
624 3852 913 3921 describit,
963 3867 1097 3909 cum
1140 3852 1261 3909 ait:
1311 3874 1333 3901 ιι
1375 3850 1525 3922 Quia
1576 3857 1926 3910 convocatus

222 3942 391 4001 Jesus
417 3943 723 4002 duodecim
752 3941 1043 4017 apostolis,
1077 3942 1232 4000 dedit
1278 3942 1395 4001 illis
1439 3944 1714 4001 virtutem
1743 3947 1800 3999 et
1823 3956 1924 4015 po-

228 4038 482 4089 testatem
540 4048 712 4105 super
759 4033 955 4091 omnia
1031 4032 1341 4104 daemonia,
1394 4037 1449 4089 et
1503 4039 1568 4089 ut
1617 4031 1928 4104 languores

223 4127 525 4191 curarent;
557 4128 612 4180 et
658 4122 815 4180 misit
851 4122 979 4181 illos
1017 4122 1331 4195 praedicam
1378 4136 1622 4193 regnum
1646 4120 1749 4179 Dei
1777 4124 1924 4192 (Luc.

226 4213 327 4284 Ix).
362 4235 388 4262 ιι
429 4211 573 4269 Ecce
600 4227 867 4284 egressus
897 4212 1211 4269 ﬂuminum
1239 4228 1253 4282 ;
1296 4226 1362 4269 ac
1392 4212 1755 4283 postmodum
1788 4212 1927 4269 sub-

228 4300 313 4358 dit
343 4324 356 4357 :
396 4324 418 4351 ι
451 4301 523 4359 Et
552 4303 767 4359 reversi
782 4302 1023 4375 apostoli
1050 4308 1437 4359 narraverunt
1458 4301 1932 4374 illiquzecunque

234 4393 490 4450 fecerunt
542 4392 744 4461 (Ibid).
779 4412 807 4443 ι)
841 4392 983 4448 Ecce
1039 4392 1289 4449 reditum
1330 4390 1665 4449 ﬂuminum.
1712 4392 1800 4448 Ad
1846 4391 1929 4447 lo-

229 4496 363 4539 cum
410 4496 544 4553 ergo
596 4480 754 4537 unde
812 4486 1031 4538 exeunt
1075 4480 1317 4537 ﬂumina
1371 4484 1756 4544 revertuntur,
1792 4481 1931 4553 quia

233 4538 396 4627 electi
436 4538 649 4643 quippe
684 4568 772 4626 illi
808 4584 869 4627 se
897 4568 1180 4627 debitores
1222 4584 1344 4627 esse
1380 4584 1497 4626 non
1544 4538 1867 4642 ambigunt,
1898 4584 1931 4626 a
1988 4538 2205 4643 ἀνυθξὲθ

2077 3481 2103 3514 ι
2136 3461 2352 3520 Muscas
2384 3459 2698 3520 morientes
2752 3460 3005 3534 perdunt
3055 3460 3399 3520 suavitatem
3437 3462 3726 3535 unguenti

2005 3556 2201 3623 (Eccle.
2243 3558 2339 3624 x);
2374 3576 2401 3603 υ
2431 3552 2571 3626 quia
2613 3553 2983 3626 cogitationes
3033 3553 3366 3627 superﬂuze,
3400 3569 3534 3626 quae
3576 3552 3728 3611 assi-

2006 3643 2120 3701 due
2174 3644 2237 3701 in
2290 3640 2485 3700 animo
2533 3642 2788 3699 carnalia
2842 3642 3124 3715 cogitante
3180 3650 3499 3699 nascuntur
3552 3650 3729 3717 atque

2007 3735 2305 3804 deﬁciunt,
2336 3748 2464 3791 eam
2513 3734 2873 3805 suavitatem,
2906 3750 3020 3807 qua
3071 3734 3475 3808 unusquisque
3513 3732 3730 3790 intrin-

2008 3838 2171 3881 secus
2216 3839 2318 3896 per
2340 3820 2621 3895 Spiritum
2663 3829 2873 3881 unctus
2920 3830 3021 3893 est,
3055 3822 3326 3896 perdunt.
3374 3820 3539 3879 Unde
3592 3834 3730 3877 cum

2008 3911 2157 3969 miro
2191 3909 2417 3984 pietatis
2456 3925 2626 3982 opere
2657 3908 2729 3967 ad
2767 3925 2863 3967 cor
2891 3908 3113 3967 Veritas
3155 3908 3336 3979 venit,
3367 3907 3533 3981 prius
3559 3906 3634 3963 ab
3664 3921 3731 3964 eo

2007 3999 2419 4073 cogitationum
2467 3998 2790 4056 carnalium
2836 4005 3010 4057 aestus
3055 3997 3227 4071 ejicit,
3262 3999 3317 4053 et
3360 4000 3488 4068 post
3538 3995 3599 4052 in
3663 4010 3731 4052 eo

2010 4091 2293 4149 virtutum
2336 4089 2489 4147 dona
2523 4087 2794 4161 disponit.
2827 4088 2989 4158 Quod
3030 4087 3177 4145 bene
3216 4085 3385 4144 nobis
3436 4083 3729 4153 innuitur,

2014 4181 2117 4239 ubi
2173 4181 2244 4238 de
2276 4179 2520 4239 Domino
2574 4180 2648 4236 ad
2698 4178 2878 4236 ﬁliam
2926 4174 3205 4252 principis
3270 4174 3731 4234 resuscitandam

2015 4271 2259 4329 deducto
2288 4271 2349 4327 in
2378 4269 2694 4342 Evangelio
2723 4269 2935 4327 dicitur
2978 4292 2991 4326 :
3029 4291 3049 4317 ι
3088 4267 3160 4325 Et
3191 4282 3325 4325 cum
3363 4265 3541 4337 ejecta
3579 4268 3735 4321 esset

2015 4363 2199 4432 turba,
2229 4361 2487 4433 intravit,
2516 4367 2573 4418 et
2618 4361 2807 4419 tenuit
2856 4374 3091 4418 manum
3159 4358 3285 4431 ejus
3355 4365 3409 4413 et
3473 4355 3734 4413 surrexit

2013 4452 2207 4525 puella
2258 4453 2479 4519 (Matth.
2521 4453 2629 4519 Ix).
2664 4473 2684 4498 ι»
2726 4450 2902 4506 Foras
2947 4462 3081 4520 ergo
3138 4445 3304 4503 turba
3362 4442 3612 4515 eiicitur,
3667 4446 3734 4499 ut

2249 4538 2572 4607 suscitetur,
2639 4538 2775 4610 quia
2833 4536 2944 4594 nisi
3008 4534 3172 4607 prius
3223 4549 3257 4591 a
3324 4529 3735 4591 secretioribus

231 4618 1499 4735 tantum‘t‘.{.;e;;ar;sn;"qia
1546 4618 2200 4731 mandasset-dis
2243 4627 2569 4726 εκρειιειιιιτ
2617 4627 2952 4735 imposta
3002 4623 3373 4735 secutam
3418 4619 3736 4735 autem.

232 4750 377 4807 ﬂuit.
411 4748 579 4807 Unde
628 4755 682 4807 et
726 4748 940 4807 Paulus
982 4748 1064 4807 ait
1113 4769 1124 4807 :
1178 4773 1199 4799 ι
1246 4749 1572 4808 Divisiones
1621 4748 1937 4819 gratiarum

234 4842 388 4905 sunt,
421 4836 577 4894 idem
614 4843 807 4896 autem
860 4836 1177 4906 Dominus;
1208 4844 1263 4895 et
1287 4836 1605 4895 divisiones
1645 4834 1939 4892 ministra-

236 4927 459 4984 tionum
511 4933 667 4995 sunt,
700 4926 853 4983 idem
886 4933 1081 4985 autem
1140 4925 1463 4993 Dominus;
1520 4932 1575 4981 et
1627 4922 1942 4981 divisiones

233 5016 633 5091 operationum
667 5024 821 5083 sunt,
844 5015 998 5073 idem
1030 5030 1164 5072 vero
1194 5012 1481 5088 Deus,qui
1513 5018 1781 5086 operatur
1810 5027 1938 5070 om-

236 5107 333 5165 nia
376 5107 439 5164 in
484 5106 758 5164 omnibus
791 5110 834 5177 (Ι
860 5108 977 5163 Cor.
1011 5104 1134 5177 xu).
1175 5130 1201 5152 »
1234 5104 1452 5176 Nempe
1503 5118 1636 5161 cum
1683 5102 1937 5175 primum

233 5203 407 5269 ponat
440 5194 741 5270 Spiritum,
801 5194 1011 5252 deinde
1069 5193 1380 5267 subiungat
1434 5192 1766 5262 Dominum,
1807 5207 1939 5265 pos-

239 5290 420 5342 tremo
474 5284 680 5355 Deum,
733 5281 985 5342 ostendit
1037 5290 1291 5340 sanctam
1344 5281 1705 5353 Trinitatem,
1751 5296 1937 5340 unum

236 5373 453 5431 scilicet
476 5375 662 5434 Deum
709 5373 976 5432 omnium
1022 5372 1340 5447 gratiarum
1381 5388 1504 5431 esse
1550 5372 1947 5431 indubitanter

235 5468 552 5524 auctorem.
583 5465 710 5537 Ipse
759 5465 919 5522 enim
974 5479 1079 5523 sua
1131 5463 1281 5521 dona
1320 5463 1633 5534 distribuit,
1664 5463 1767 5536 qui
1819 5463 1942 5522 sin-

238 5551 508 5624 gulorum
541 5554 742 5613 merita
780 5561 837 5614 et
867 5570 1110 5629 operum
1148 5554 1506 5614 diversitates
1549 5552 1773 5612 occulta
1816 5568 1943 5626 pro-

241 5640 464 5699 visione
494 5642 785 5702 discernit.

2021 4734 2315 4787 curarum,
2347 4717 2564 4787 anima,
2599 4732 2730 4791 quin
2767 4716 3120 4773 intrinsecus
3150 4714 3300 4788 jacet
3330 4720 3576 4779 mortua,
3611 4724 3737 4767 non

2022 4806 2287 4878 resurgit.
2312 4805 2456 4862 Nam
2488 4805 2629 4862 dum
2659 4820 2719 4861 se
2748 4820 2848 4877 per
2875 4804 3213 4861 innumeras
3244 4810 3602 4860 terrenorum
3632 4800 3738 4858 de-

2024 4895 2369 4953 sideriorum
2408 4892 2779 4967 cogitationes
2817 4894 3054 4966 spargit,
3091 4893 3164 4950 ad
3212 4889 3737 4949 considerationem

2025 4987 2115 5043 sui
2157 5000 2281 5043 sese
2328 4982 2663 5042 nullatenus
2706 4983 2943 5053 colligit.
2980 4982 3189 5041 Nullus
3241 4981 3456 5055 quippe
3498 4980 3738 5052 sapien-

2024 5074 2181 5143 tiam,
2233 5088 2365 5146 quaa
2415 5072 2569 5131 Deus
2615 5081 2718 5143 est,
2776 5074 2946 5147 plene
3014 5072 3274 5146 percipit,
3337 5070 3449 5127 nisi
3499 5069 3604 5143 qui
3666 5069 3739 5126 ab

2020 5164 2182 5224 omni
2208 5180 2267 5222 se
2304 5164 2636 5223 abstrahere
2689 5165 2985 5223 actionum
3008 5163 3329 5222 carnalium
3358 5159 3741 5218 ﬂuctuatione

2020 5252 2331 5312 contendit.
2374 5251 2538 5311 Unde
2595 5252 2738 5310 alias
2792 5253 3055 5312 dicitur:
3114 5278 3140 5300 «ι
3187 5249 3478 5324 Sapientia
3535 5248 3742 5306 scribit

2025 5340 2087 5399 in
2121 5348 2375 5415 tempore
2411 5340 2533 5409 otii,
2565 5346 2621 5397 et
2651 5340 2751 5415 qui
2780 5341 3106 5399 minoratur
3134 5346 3287 5410 actu,
3322 5338 3445 5412 ipse
3490 5336 3742 5411 percipit

2024 5446 2151 5490 eam
2183 5432 2368 5504 (Eccli.
2403 5430 2684 5500 XXXVIII).
2720 5450 2740 5479 ι

2684 5540 2931 5600 CAPUT
2956 5540 3062 5601 III.

2479 5633 2574 5689 Ad
2600 5633 2953 5689 Mainardum
2998 5633 3267 5690 abbatem.

2097 5751 2118 5781 ι
2148 5728 2213 5790 Si
2256 5729 2495 5804 spiritus
2548 5736 2883 5804 potestatem
2931 5730 3200 5789 habentis
3257 5728 3518 5789 ascendit
3557 5744 3739 5805 super

2022 5823 2096 5889 te,
2148 5817 2339 5885 locum
2421 5824 2587 5880 tuum
2663 5835 2738 5879 ne
2811 5820 3104 5880 dimiseris
3172 5822 3369 5892 (Eccle.
3419 5825 3507 5891 χ).
3565 5843 3588 5871 ι
3652 5820 3741 5879 Ac
