4058 6178
319 368 450 429 1141

1677 368 1758 430 ΙΝ
1792 365 2118 428 CANTICA
2155 366 2444 431 CANTIC.

3673 368 3814 430 1142

312 498 503 569 aperte
541 494 729 554 dicat:
779 493 842 554 Si
882 497 1179 556 tentatoris
1210 495 1484 572 spiritum
1523 495 1588 553 in
1627 493 1822 570 aliquo
1859 493 2080 568 prae-A
2096 492 2316 552 minem
2344 494 2445 568 qui
2475 493 2785 552 hominum
2813 493 3165 566 recognoscit
3189 495 3529 567 Auctorem;
3560 494 3808 568 alioqui,

311 584 507 643 valere
539 584 886 652 consideras,
916 586 1309 645 humilitatem
1357 585 1717 660 paenitentiae
1760 601 1880 644 non
1925 600 2016 643 re-

312 676 562 752 linquas.
604 677 676 734 Et
710 675 850 734 alibi
879 677 1154 750 scriptum
1195 683 1319 736 est:
1361 701 1387 726 α
1426 676 1558 735 Noli
1584 675 1767 735 altum
1796 691 2014 750 sapere,

310 766 409 824 sed
457 767 595 823 time
643 771 810 834 (Rom.
858 769 963 838 XI),
998 791 1024 816 »ι
1073 773 1129 826 et
1172 766 1453 827 ultimum
1485 767 1566 825 in
1620 766 2018 842 spiritualibus

310 856 532 930 nuptiis
554 856 882 915 accubitum
912 861 1060 931 pete.

982 965 1226 1024 CAPUT
1255 965 1354 1024 IV.

306 1062 371 1116 In
423 1059 652 1130 epistola
698 1058 773 1112 ad
817 1061 1163 1125 Bonifacium
1215 1057 1584 1121 Causidicum,
1635 1060 1699 1113 ut
1757 1059 2018 1113 exteriori

443 1131 754 1201 prudentia
809 1132 1124 1201 spiritualis
1182 1132 1458 1200 sapientia
1516 1132 1868 1199 praeferatur.

384 1240 406 1270 ι
461 1218 545 1276 Da
611 1226 828 1291 partem
884 1226 1122 1292 septem,
1184 1234 1290 1276 nec
1347 1234 1462 1276 non
1523 1225 1579 1275 et
1632 1226 1756 1276 octo
1813 1221 2010 1286 (Eccle.

307 1308 410 1377 XI).
459 1326 488 1360 »
538 1305 634 1364 Sic
675 1314 1018 1378 praesentem
1057 1307 1257 1376 vitam,
1300 1322 1431 1380 quae
1477 1321 1578 1379 per
1620 1307 2015 1379 septenarium

305 1414 620 1458 numerum
662 1398 1016 1473 designatur,
1045 1414 1310 1468 excurre,
1348 1405 1413 1458 ut
1448 1399 1570 1471 jam
1602 1398 1662 1456 in
1693 1413 1886 1456 amore
1919 1398 2014 1456 fu-

305 1497 471 1562 turae,
510 1505 643 1563 qum
684 1505 786 1563 per
836 1490 1195 1548 octonarium
1246 1487 1688 1548 resurrectionis
1734 1489 2014 1561 exprimit

300 1580 564 1654 gloriam,
609 1583 741 1640 totis
784 1581 1014 1640 studeas
1064 1582 1382 1642 visceribus
1425 1582 1702 1640 habitare.
1752 1580 1848 1638 Illi
1893 1578 2015 1654 per-

299 1671 649 1730 functoriam
692 1679 866 1746 atque
913 1672 1218 1731 volaticam
1264 1673 1479 1732 exhibe
1507 1689 1748 1743 curam;
1794 1673 1856 1732 in
1908 1673 2015 1732 hac

300 1769 762 1835 perseverantem
813 1768 986 1836 atque
1033 1766 1392 1836 perpetuam,
1444 1763 1594 1822 sicut
1642 1766 1860 1820 aaterna
1903 1768 2008 1832 est,

298 1850 608 1909 indeﬁcuaa
637 1849 948 1908 illectionis
978 1849 1090 1922 lige
1119 1849 1488 1908 sententiam.

893 1953 1037 2010 233
1069 1956 1314 2014 CAPUT
1355 1955 1423 2014 V.

297 2048 362 2102 In
416 2045 646 2116 epistola
700 2044 777 2100 ad
827 2044 1215 2100 Alexandrum
1269 2061 1500 2116 papam,
1559 2047 1750 2100 contra
1799 2059 2012 2116 papam

964 2133 1031 2171 ne
1055 2117 1344 2185 dijudicet.

373 2223 393 2253 ι
424 2199 629 2259 Finem
659 2200 936 2276 loquendi
961 2201 1176 2275 pariter
1201 2217 1407 2260 omnes
1435 2201 1743 2260 audiamus
1771 2224 1785 2258 :
1825 2201 2012 2259 Deum

271 2291 437 2353 time
483 2297 540 2349 et
575 2291 846 2351 mandata
882 2292 1012 2366 ejus
1052 2292 1314 2362 observa,
1359 2293 1467 2350 hoc
1500 2298 1584 2350 est
1627 2291 1787 2350 enim
1821 2290 2015 2349 omnis

298 2385 474 2441 homo
510 2383 706 2455 (Eccle.
737 2385 864 2457 XII).
912 2406 939 2434 ι»
982 2382 1126 2454 Quis
1167 2390 1253 2442 est
1291 2391 1486 2443 autem
1530 2383 1665 2441 ﬁnis
1712 2382 2008 2456 loquendi,

297 2473 414 2532 nisi
443 2473 560 2542 ille,
593 2473 664 2532 de
690 2491 806 2550 quo
831 2475 969 2534 dicit
1006 2475 1320 2550 Apostolus
1350 2499 1364 2534 :
1413 2500 1441 2525 ‹‹
1491 2475 1654 2534 Finis
1680 2474 1840 2533 enim
1869 2475 2014 2548 legis

295 2564 369 2622 ad
385 2564 695 2638 justitiam,
722 2565 1002 2636 Christus,
1032 2568 1196 2625 omni
1220 2564 1524 2626 credenti?
1553 2589 1578 2617 ο
1612 2569 1780 2639 (Rom.
1813 2569 1897 2639 Χ.)
1925 2567 2016 2625 Fi-

298 2656 393 2713 nis
444 2656 658 2730 quippe
708 2655 852 2730 legis
905 2656 978 2714 ad
1028 2657 1334 2731 justitiam,
1395 2656 1661 2716 Christus
1714 2662 1819 2727 est,
1875 2655 2015 2730 quia

294 2748 581 2822 quidquid
634 2749 756 2807 sive
812 2756 997 2822 vetus,
1049 2751 1174 2808 sive
1235 2766 1384 2809 nova
1438 2751 1535 2808 lex
1601 2747 1882 2823 loquitur,
1939 2747 2014 2805 ad

295 2837 466 2894 illum
517 2835 645 2894 sine
690 2837 1050 2897 dubitatione
1099 2838 1362 2896 refertur.
1410 2838 1498 2895 Ad
1541 2836 1828 2910 justitiam
1875 2850 2012 2895 vero

296 2939 413 2982 non
464 2925 645 2984 otiose
687 2925 900 2987 dicitur
952 2928 1090 3002 quia
1135 2928 1353 2986 divinae
1392 2926 1534 3000 legis
1575 2941 1764 2984 sermo
1796 2926 2012 3000 justiti-

295 3026 385 3076 cat
425 3024 480 3076 et
515 3019 771 3078 animam
819 3037 853 3079 a
890 3022 1159 3081 sordibus
1198 3021 1461 3080 mundat.
1507 3020 1670 3080 Sicut
1707 3020 2012 3096 discipulis

298 3105 520 3166 Veritas
577 3109 693 3167 ait:
742 3133 770 3163 α
809 3110 940 3170 Jam
999 3127 1102 3170 vos
1153 3111 1361 3169 mundi
1418 3111 1555 3168 estis
1608 3117 1838 3186 propter
1887 3127 2008 3169 ser-

2105 605 2131 634 α
2162 583 2264 657 qui
2290 584 2536 658 ignorat,
2567 583 2927 659 ignorabitur
2959 586 3008 656 (Ι
3033 587 3150 644 Cor.
3187 587 3336 660 XIV).
3371 607 3397 636 ι
3433 585 3584 656 Quid
3609 593 3806 645 autem

2099 673 2226 734 sine
2258 673 2350 732 his
2387 675 2461 733 sit
2506 675 2702 758 homo,
2733 676 3031 750 perspicue
3072 675 3275 748 definit
3317 675 3629 750 Scriptura,
3671 693 3806 737 011111

2099 763 2280 822 dicit:
2318 785 2346 818 «
2381 765 2573 824 Stellae
2602 782 2720 824 non
2760 772 2896 825 sunt
2935 766 3173 825 mundae
3199 767 3273 823 in
3313 774 3619 839 conspectu
3657 769 3807 843 ejus,

2099 859 2317 926 quanto
2359 854 2544 928 magis
2588 855 2762 913 homo
2800 850 3046 929 putredo
3079 861 3134 914 et
3176 853 3334 914 ﬁlius
3375 855 3631 914 hominis
3675 873 3807 916 ver-

2099 944 2260 1002 mis?
2295 966 2322 1001 »
2361 948 2495 1018 (Job.
2536 949 2708 1020 xxv.)

2171 1037 2337 1096 Unde
2380 1044 2436 1096 et
2481 1039 2777 1098 Abraham
2823 1055 2957 1098 cum
2997 1039 3071 1097 ad
3118 1053 3365 1097 summae
3415 1038 3811 1099 collocutionis

2098 1128 2333 1186 culmen
2384 1128 2688 1198 attollitur,
2744 1145 2880 1187 cum
2929 1129 3164 1187 divinae
3205 1125 3354 1184 234
3405 1129 3814 1190 familiaritatis

2096 1217 2341 1292 gratiam
2387 1218 2754 1290 peculiariter
2799 1227 3177 1292 promeretur,
3228 1221 3403 1292 hujus
3459 1220 3808 1278 humilitatis

2097 1307 2486 1365 recordatione
2528 1307 2894 1380 deprimitur,
2942 1324 3078 1366 cum
3122 1308 3260 1366 dicit
3308 1333 3321 1366 :
3381 1329 3410 1362 ‹‹
3457 1311 3691 1382 Loquar
3735 1309 3806 1366 ad

2095 1394 2411 1454 Dominum
2466 1411 2665 1454 meum
2721 1412 2857 1454 cum
2912 1397 3023 1454 sim
3075 1397 3270 1470 pulvis
3319 1401 3375 1454 et
3435 1397 3584 1455 011118
3648 1398 3803 1464 (Gen.

2097 1490 2293 1553 XVIII).
2337 1505 2366 1538 »
2419 1484 2564 1542 Nam
2608 1491 2661 1543 et
2702 1486 2855 1559 apud
2906 1486 3136 1546 Graecos
3176 1488 3297 1546 huic
3342 1489 3523 1546 teneri
3562 1504 3810 1546 consue-

2097 1575 2234 1634 tudo
2274 1575 2632 1649 perhibetur,
2667 1584 2730 1636 ut
2766 1593 2900 1636 cum
2935 1577 3247 1651 imperator
3274 1579 3406 1653 quis
3436 1579 3501 1636 in
3528 1578 3808 1651 dignitate

2095 1672 2340 1738 creatur,
2386 1683 2523 1726 mox
2564 1675 2626 1728 ut
2668 1669 3285 1742 imperialibus‘fuerit
3327 1667 3533 1727 infulis
3566 1669 3804 1726 redimi-

2097 1763 2207 1827 tus,
2241 1773 2468 1815 coronae
2510 1757 2689 1817 simul
2731 1775 2798 1816 ac
2841 1759 3047 1834 sceptri
3090 1759 3276 1833 gloria
3318 1760 3639 1829 decoratur,
3671 1775 3805 1817 cum

2029 1845 2347 1919 Bdenique
2373 1862 2677 1919 procerum
2713 1847 2962 1905 vallatur
2992 1847 3305 1920 obsequiis,
3339 1863 3474 1906 cum
3513 1847 3807 1920 excipitur

2093 1935 2531 1994 modulantibus
2557 1936 2932 2009 psallentium
2964 1937 3155 1994 choris
3181 1954 3197 2006 ;
3244 1936 3482 2011 quidam
3515 1935 3626 1994 sibi
3655 1953 3806 2010 prae-

2093 2032 2180 2085 sto
2229 2027 2296 2085 ﬁt
2343 2026 2575 2098 obvius,
2628 2027 2731 2102 qui
2784 2026 3051 2086 videlicet
3104 2042 3223 2086 una
3273 2042 3455 2084 manu
3499 2027 3805 2085 vasculum

2092 2118 2331 2191 plenum
2363 2125 2730 2177 mortuorum
2759 2119 2988 2177 ossibus
3016 2135 3082 2177 ac
3109 2117 3455 2192 pulveribus
3488 2118 3709 2190 oti‘erat,
3741 2120 3804 2175 in

2095 2207 2209 2265 alia
2249 2224 2386 2267 vero
2432 2215 2660 2283 stupam
2702 2209 2811 2267 lini
2845 2208 3136 2268 subtiliter
3165 2224 3377 2288 pexam
3405 2224 3471 2267 ac
3498 2208 3635 2282 pilis
3663 2224 3808 2280 pen-

2096 2298 2303 2356 silibus
2343 2299 2594 2357 molliter
2623 2300 2976 2368 demolitam,
3014 2299 3109 2357 cui
3139 2300 3406 2371 protinus
3443 2297 3599 2371 ignis
3637 2297 3807 2356 adhi-

2095 2389 2264 2448 betur
2289 2392 2344 2445 et
2374 2394 2606 2460 repente
2644 2388 2705 2446 in
2740 2388 2859 2446 ictu
2885 2386 3040 2444 oculi
3070 2387 3304 2445 ﬂamma
3341 2385 3534 2444 subito
3571 2391 3810 2444 vorante

2095 2479 2498 2538 consumitur:
2550 2485 2615 2538 ut
2659 2478 2723 2535 in
2764 2478 2944 2535 altero
2987 2476 3191 2535 debeat
3237 2476 3600 2536 considerare
3648 2475 3808 2549 quod

2097 2573 2202 2636 est,
2233 2566 2296 2623 in
2323 2565 2502 2624 altero
2533 2565 2717 2624 valeat
2753 2565 2951 2624 videre
2989 2566 3144 2640 quod
3178 2565 3366 2624 habet.
3407 2565 3478 2622 111
3513 2564 3809 2624 cineribus

2095 2655 2383 2729 siquidem
2436 2670 2497 2713 se
2560 2654 2816 2712 cinerem
2889 2655 3264 2728 recognoscit,
3319 2654 3382 2711 in
3449 2659 3617 2727 stupa
3683 2655 3805 2728 jam

2094 2745 2313 2819 colligit
2340 2744 2401 2802 in
2433 2744 2526 2803 die
2547 2745 2754 2819 judicii
2794 2761 2972 2820 quam
3013 2744 3206 2803 subito
3251 2743 3514 2802 mundus
3560 2743 3804 2815 ardebit,

2096 2844 2381 2916 quatenus
2417 2837 2559 2897 dum
2590 2854 2650 2896 se
2683 2836 2861 2895 simul
2899 2852 2964 2894 ac
3007 2851 3114 2894 sua
3160 2843 3277 2894 tam
3323 2851 3492 2905 vana,
3527 2840 3640 2893 tam
3671 2835 3808 2892 ﬂoc—

2093 2926 2450 3001 cipendenda
2473 2927 2813 2996 considerat,
2837 2926 2908 2984 de
2927 2925 3248 2999 imperialis
3269 2925 3547 2985 culminis
3568 2939 3806 2982 ascenso

2092 3017 2318 3090 fastigio
2341 3015 2673 3075 nullatenus
2688 3013 3033 3085 insolescat;
3069 3021 3124 3071 et
3148 3014 3292 3072 dum
3316 3027 3611 3088 possessor
3630 3018 3806 3084 atque

2089 3107 2372 3184 possessio
2433 3106 2730 3179 s'ubjacere
2782 3105 3080 3181 communi
3141 3103 3409 3162 omnium
3464 3102 3625 3161 casui
3681 3115 3800 3158 non

293 3210 526 3253 monem
554 3208 732 3269 quem
763 3197 992 3257 locutus
1020 3215 1153 3258 sum
1183 3199 1346 3257 vobis
1378 3203 1562 3269 (Joan.
1596 3208 1726 3266 XV).
1763 3222 1790 3254 »
1825 3200 2068 3276 Deumc
2093 3201 2428 3274 ambigitur,
2470 3200 2594 3274 jam
2641 3197 2807 3274 quasi
2857 3197 2929 3255 de
2967 3196 3253 3269 singulari
3288 3193 3586 3267 dignitatis
3618 3191 3799 3265 apice,

293 3299 432 3342 vero
479 3286 697 3359 timere,
747 3293 832 3345 est
874 3294 1082 3346 cuncta
1130 3305 1264 3363 quas
1315 3287 1472 3346 Deus
1523 3289 1787 3362 prohibet
1835 3305 2005 3347 exse-

293 3374 508 3431 crando
548 3379 603 3432 et
651 3376 1038 3442 abominando
1090 3384 1479 3436 contemnere.
1521 3376 1789 3435 Mandata
1844 3378 2006 3437 illius

294 3461 621 3531 observare,
669 3468 754 3526 est
801 3464 995 3520 omnia
1048 3480 1178 3538 quas
1225 3465 1484 3539 praecipit
1533 3466 1804 3537 operibus
1842 3481 2004 3524 exer-

292 3565 439 3609 cere.
477 3551 584 3608 Ille
620 3566 754 3623 ergo
797 3550 980 3609 Deum
1018 3553 1183 3610 timet
1217 3553 1318 3627 qui
1358 3553 1562 3626 satagit
1600 3569 1804 3611 cavere
1844 3555 2002 3628 quod

289 3641 595 3714 prohibet;
637 3640 736 3698 ille
773 3643 1043 3701 mandata
1080 3644 1208 3718 ejus
1238 3643 1504 3701 observat
1533 3644 1638 3718 qui
1669 3643 1859 3702 studet
1886 3646 2001 3703 im-

287 3730 450 3805 plere
486 3731 638 3805 quod
677 3732 941 3806 imperat.
979 3756 1003 3784 α
1037 3733 1222 3802 Deum
1267 3750 1401 3807 ergo
1451 3735 1588 3794 time
1633 3741 1688 3794 et
1731 3738 2001 3797 mandata

285 3819 450 3880 illius
495 3822 777 3895 observa;
821 3823 927 3880 hoc
970 3828 1056 3881 est
1097 3825 1257 3883 enim
1308 3825 1499 3883 omnis
1548 3826 1742 3884 homo.
1775 3852 1801 3876 ι»
1835 3828 1919 3885 Αο
1951 3829 1999 3887 81

286 3907 586 3982 perspicue
612 3909 762 3968 dicat
792 3929 803 3968 :
843 3909 953 3980 Qui
987 3927 1097 3970 non
1131 3913 1417 3970 studuerit
1447 3929 1648 3971 cavere
1687 3914 1995 3988 prohibita,

284 3998 392 4072 qui
431 3997 752 4070 neglexerit
789 3999 1032 4073 implere
1079 4009 1381 4075 praecepta,
1413 4002 1548 4076 quia
1577 4002 1797 4061 ratione
1826 4012 1996 4077 caret,

283 4089 634 4146 vocabulum
671 4089 906 4164 quidem
946 4092 1202 4150 hominis
1235 4093 1428 4166 habet,
1462 4093 1560 4151 sed
1591 4093 1847 4152 hominis
1875 4110 2000 4153 esse

284 4189 406 4233 non
434 4175 622 4248 habet,
652 4181 788 4250 quia
824 4196 940 4240 non
972 4183 1251 4240 veraciter
1281 4184 1464 4243 utitur
1496 4185 1712 4243 virtute
1741 4185 1999 4244 nominis

282 4280 402 4339 quo
435 4274 716 4328 censetur.
752 4269 862 4330 Ille
898 4272 1182 4333 nimirum
1229 4290 1290 4333 se
1327 4274 1521 4333 credat
1565 4274 1845 4333 veraciter
1889 4275 1996 4333 ho-

2087 3291 2190 3366 qui
2212 3289 2284 3347 ad
2315 3303 2544 3347 summa
2571 3293 2874 3360 provectus
2904 3291 3009 3356 est,
3044 3299 3160 3342 non
3191 3285 3446 3342 inﬂetur.
3481 3280 3801 3340 Pulchrum

2087 3396 2222 3453 ergo
2279 3377 2593 3436 mundanas
2649 3374 2998 3434 conditionis
3057 3371 3321 3432 ordinem
3376 3373 3552 3429 homo
3605 3371 3796 3428 consi-

2085 3472 2264 3541 deret,
2297 3474 2352 3525 et
2381 3468 2522 3525 dum
2551 3467 2674 3524 suis
2703 3465 2910 3524 usibus
2945 3463 3139 3522 omnia
3170 3461 3357 3520 cernit
3383 3459 3645 3530 attribui,
3677 3475 3796 3518 non

2085 3559 2216 3628 sibi,
2250 3558 2348 3616 sed
2378 3573 2483 3628 suo
2512 3556 2721 3614 referat
2749 3555 2961 3629 gratias
2993 3553 3285 3612 Conditori
3313 3570 3328 3624 ;
3368 3551 3795 3610 lenocinantem

2083 3650 2292 3709 mundi
2335 3649 2580 3722 gloriam
2627 3648 2738 3706 sub
2777 3646 2986 3721 judicii
3033 3647 3124 3705 sui
3167 3643 3425 3704 calcibus
3465 3643 3790 3716 deprimat;

2084 3740 2334 3798 virorem
2369 3739 2559 3796 carnis
2604 3738 2833 3796 aridum
2881 3735 3002 3810 jam
3047 3736 3351 3810 pulverem
3386 3733 3597 3802 credat,
3639 3733 3794 3792 diem

2085 3847 2205 3889 sua:
2232 3828 2550 3888 vocationis
2578 3835 2854 3900 tanquam
2883 3824 3186 3899 speculum
3213 3823 3335 3882 suis
3361 3838 3591 3896 semper
3619 3821 3791 3880 obtu-

2083 3921 2238 3979 tibus
2267 3928 2594 3993 anteponat,
2625 3917 2951 3976 districtum
2982 3915 3208 3975 ultimaa
3234 3913 3612 3973 discussionis
3635 3914 3791 3986 judi-

2081 4010 2240 4068 cium
2290 4008 2710 4078 coutremiscat,
2760 4014 3047 4080 quatenus
3104 4005 3246 4064 dum
3298 4018 3457 4061 nunc
3510 4001 3791 4060 Creatoris

2081 4101 2172 4158 sui
2224 4098 2449 4171 legibus
2500 4098 2770 4157 subditur
2816 4098 2920 4172 qui
2968 4098 3120 4155 inter
3160 4101 3470 4165 creaturas,
3501 4110 3633 4168 quae
3674 4100 3787 4152 ter-

2079 4202 2234 4245 rena:
2265 4193 2420 4255 sunt,
2453 4184 2684 4244 videtur
2712 4184 2978 4259 insignis,
3011 4185 3074 4244 in
3101 4183 3319 4244 caelesti
3348 4180 3578 4258 qucque
3604 4181 3786 4256 gloria

2078 4275 2362 4334 veraciter
2388 4274 2462 4332 sit
2491 4274 2780 4335 sublimis.

1451 4384 1780 4455 Empliciunt
1816 4385 2127 4442 testimonia
2165 4385 2231 4441 de
2261 4386 2604 4442 Ecclesiaste.

1106 4520 1494 4584 INCIPIUNT
1539 4523 1921 4586 CAPITULA
1957 4524 2055 4586 DE
2089 4523 2432 4589 CANTICIS
2462 4523 2965 4588 CANTICORUM.

323 4585 375 4644 1.
414 4588 492 4642 De
516 4585 628 4641 oleo
659 4585 849 4644 effuso.

362 4703 376 4716 .
416 4661 493 4712 De
518 4659 803 4725 nigredine
827 4673 1056 4728 sponsa.

415 4731 492 4784 De
518 4729 784 4795 fasciculo
811 4731 1065 4796 myrrhae.

417 4801 494 4855 De
519 4800 638 4853 lilio
660 4801 1010 4856 convallium.

415 4873 494 4925 De
526 4868 785 4923 ordinata
823 4872 1109 4930 charitate.

416 4944 493 4996 De
530 4945 764 5009 utraque
795 4943 935 4998 vita.

365 5054 379 5069 .
419 5015 496 5067 De
519 5011 888 5078 foraminibus
911 5014 1098 5082 petrae.

366 5125 379 5140 .
420 5085 496 5137 De
529 5084 719 5137 lectulo
747 5084 1075 5139 Salomonis.

367 5197 380 5211 .
420 5157 496 5208 De
522 5155 694 5208 oculis
721 5154 1113 5209 columbarum.

367 5265 382 5282 .
420 5228 498 5280 De
526 5224 778 5281 dentibus
808 5227 1081 5281 Ecclesia.

293 5298 381 5358 11.
422 5299 498 5352 De
531 5296 739 5350 duobus
771 5297 1048 5354 uberibus.

423 5370 500 5422 De
522 5368 939 5438 pulchritudine
976 5369 1180 5425 amicae.

296 5441 381 5498 13.
428 5441 504 5493 De
533 5454 728 5493 corona
759 5443 974 5504 animae,
1005 5442 1092 5496 vel
1115 5445 1318 5498 sanctae
1342 5443 1615 5502 Ecclesia}.

297 5513 382 5570 14.
425 5512 501 5564 De
530 5510 788 5578 aquilone
809 5516 860 5564 et
886 5516 1091 5570 austro.

296 5585 382 5660 ib.
423 5583 500 5660 ρε
529 5596 585 5660 eo
613 5581 924 5660 q_u_od_dicit_
949 5585 1192 5660 Ecclesia
1213 5603 1233 5660 :_
1258 5586 1375 5660 Ego
1400 5585 1629 5653 dormio,
1659 5594 1712 5644 et
1741 5605 1832 5645 cer
1857 5605 2036 5649 meum
2063 5593 2282 5660 vigilat.

296 5655 382 5714 16.
425 5651 580 5718 Quod
613 5651 842 5707 dilectus
865 5654 1068 5709 dicitur
1095 5651 1361 5715 candidus
1392 5664 1442 5716 et
1467 5651 1827 5718 rubittundus.

295 5727 385 5787 17.
424 5726 501 5778 De
539 5725 744 5777 sanctis
773 5725 1098 5784 doctoribus.
1303 5727 1307 5730 ’

301 5799 388 5860 18.
426 5797 504 5852 De
536 5797 721 5852 ventre
747 5795 953 5856 Christi
983 5797 1229 5859 eburneo.
