4058 6178
258 396 396 458 1143

257 521 344 581 19.
383 525 461 579 De
492 524 713 590 gutture
751 522 974 580 Christi.

255 592 348 651 20.
387 597 465 649 De
488 597 631 649 malo
652 596 874 664 punico.
1214 616 1217 619 ·

260 670 708 748 235-23621.
746 679 824 730 De
852 678 1141 748 quadrigis
1173 681 1512 738 Aminadab.

257 745 347 804 22.
389 749 465 800 De
493 747 746 801 umbilico
779 748 1000 804 Christi.

257 815 347 873 23.
389 820 467 872 De
494 819 656 871 comis
680 821 881 888 capitis
911 822 1137 878 Christi.

259 888 347 964 2ft.
390 890 466 964 1_)e
487 889 906 964 pulchritudine
935 908 1165 964 sponsa.

260 959 349 1016 25.
390 961 465 1013 De
490 960 680 1026 fructu
707 964 903 1020 crucis.

261 1029 347 1087 26.
388 1033 466 1085 De
492 1030 684 1086 arbore
710 1035 876 1090 malo.

259 1101 347 1159 27.
386 1104 462 1158 De
486 1104 770 1172 signaculo
795 1104 976 1162 cordis
1002 1110 1054 1162 et
1085 1105 1317 1168 brachii.

1217 398 1763 461 COLLECTANEA
1805 401 1884 461 IN
1922 403 2165 469 VETUS
2207 408 2792 471 TESTAMENTUM.

3618 421 3758 479 1144

1338 1211 1666 1283 Empliciunt
1694 1216 1941 1288 capitula
1967 1216 2034 1273 de
2064 1216 2304 1275 Canticis
2329 1217 2681 1275 canticorum.

260 1392 944 1485 INCIPIUNT
1004 1400 1854 1495 TESTIMONIA
1916 1409 2079 1492 DE
2142 1409 2788 1500 CANTICIS
2849 1414 3757 1509 CANTICORUM.

812 1557 954 1617 CAP
965 1558 1058 1619 UT
1090 1560 1405 1622 PRIMUM.

617 1649 706 1703 Ea:
734 1663 974 1706 sermone
1002 1652 1060 1705 in
1090 1654 1272 1708 natali
1302 1656 1600 1724 virginum.

1978 1568 2208 1642 Agrata
2234 1572 2320 1628 est
2356 1585 2531 1643 super
2557 1570 2830 1630 carbones
2877 1573 3052 1632 facies
3094 1590 3317 1650 eorum,
3366 1586 3423 1636 et
3475 1596 3591 1639 non
3632 1592 3771 1642 sunt

2046 1658 2263 1730 cogniti
2284 1659 2347 1716 in
2367 1659 2569 1732 plateis
2593 1680 2606 1732 ;
2634 1660 2879 1719 adhasit
2902 1663 3053 1722 cutis
3078 1679 3279 1725 eorum
3301 1669 3533 1728 ossibus
3560 1691 3572 1730 :
3611 1674 3769 1731 aruit

334 1780 360 1803 ιι
393 1753 599 1814 Oleum
624 1754 875 1814 eﬂ‘usum
904 1771 1118 1816 nomen
1147 1767 1313 1818 tuum
1341 1763 1514 1833 (Cant.
1549 1762 1605 1834 1).
1638 1785 1666 1809 »
1699 1757 1969 1820 Chrisma
2047 1753 2104 1807 εἴ
2152 1751 2297 1807 facta
2341 1757 2426 1808 est
2472 1752 2640 1825 (Πιθεῖ
2682 1751 2910 1824 lignum
2939 1758 3154 1826 (Ibid).
3192 1784 3217 1807 η
3254 1759 3368 1819 Sed
3411 1762 3764 1835 aspiciamus

258 1843 475 1911 Gracc,
535 1842 740 1902 Latine
813 1844 1025 1903 dicitur
1087 1850 1288 1906 unctio.
1343 1852 1395 1907 A
1453 1850 1765 1907 chrismate
1832 1866 1967 1921 ergo
2048 1839 2396 1897 θΧῐθΓίοῐῈω
2434 1840 2818 1914 ηίὲξτθάίοθῐην
2860 1844 3077 1915 aperiat
3115 1845 3257 1918 ipsa,
3294 1849 3450 1907 unde
3492 1850 3564 1908 Sit
3616 1852 3765 1910 inle-

262 1932 543 1999 Christus,
575 1938 629 1989 et
658 1948 691 1988 a
718 1931 945 1991 Christo
974 1934 1188 1993 dicitur
1216 1936 1599 1995 Christianus.
1636 1938 1744 1996 Per
1772 1937 1968 1997 oleum

261 2028 458 2078 autem
514 2017 766 2094 Spiritus
821 2028 1053 2081 sanctus
1113 2023 1283 2083 debet
1337 2024 1609 2099 intelligi,
1669 2027 1817 2085 sicut
1869 2043 1972 2100 per

265 2107 627 2168 Psalmistam
680 2109 963 2170 Salvatori
1019 2120 1215 2171 nostro
1262 2113 1476 2173 dicitur
1524 2134 1536 2172 :
1600 2138 1622 2165 ι
1683 2114 1868 2173 Unxit
1918 2122 1973 2173 te

264 2198 420 2257 Deus
466 2205 603 2258 tuus
648 2200 773 2258 oleo
818 2200 1035 2260 latitia
1082 2218 1200 2276 pra
1246 2204 1606 2262 consortibus
1652 2204 1767 2261 tuis
1803 2207 1969 2275 (Psal.

265 2290 447 2359 XLIV).
485 2310 506 2338 ι
545 2287 749 2346 Oleum
777 2304 912 2361 ergo
940 2289 1191 2347 etfusum
1218 2299 1300 2347 est
1327 2307 1540 2348 nomen
1570 2290 1804 2360 Christi,
1839 2290 1977 2364 quia

266 2375 327 2432 in
356 2381 434 2434 tot
463 2376 711 2450 Spiritus
740 2377 920 2434 sancti
947 2378 1129 2451 gratia
1156 2386 1502 2452 propagatur
1534 2386 1675 2455 quot
1702 2386 1842 2439 sunt
1873 2380 1977 2453 qui

269 2464 480 2524 Christi
512 2465 871 2525 vocabulum
898 2467 1177 2526 veraciter
1200 2469 1547 2528 sortiuntur.

944 2593 1189 2653 CAPUT
1226 2594 1302 2654 II.

345 2728 371 2754 ε
402 2703 579 2776 Nigra
611 2717 764 2772 sum,
801 2701 901 2760 sed
938 2701 1207 2775 formosa,
1238 2704 1379 2763 ﬁlia
1414 2705 1804 2778 Hierusalem,
1833 2707 1983 2767 sicut

272 2792 639 2851 tabernacula
667 2790 867 2861 Cedar,
898 2791 1045 2849 sicut
1073 2792 1240 2865 pellis
1276 2792 1602 2853 Salomonis
1645 2800 1823 2865 (Cant.
1857 2801 1918 2865 Ι).
1955 2817 1977 2847 ι

269 2881 451 2939 Cedar
478 2883 1180 2953 interpretaturtemebra;
1222 2882 1283 2939 hi
1321 2890 1457 2941 sunt
1490 2885 1755 2945 inﬁdeles
1788 2887 1980 2945 lucem

272 2968 400 3025 ﬁdei
440 2983 563 3026 non
606 2969 902 3029 habentes.
942 2970 1119 3042 Nigra
1156 2987 1308 3042 sum,
1339 2973 1554 3047 inquit,
1584 2983 1813 3049 propter
1847 2994 1981 3051 per-

271 3056 584 3115 secutionis
635 3062 863 3129 astum,
922 3067 1151 3132 propter
1217 3062 1456 3119 adversa
1509 3079 1643 3136 qua
1699 3065 1884 3139 patior
1949 3082 1983 3123 a

275 3147 411 3205 liliis
438 3148 841 3219 tenebrarum;
877 3148 973 3207 sed
1007 3149 1356 3211 intrinsecus
1386 3154 1635 3212 formosa
1666 3159 1986 3231 sum..quia

275 3236 607 3309 concupivit
645 3252 749 3295 rex
785 3238 1033 3310 speciem
1076 3254 1284 3311 meam,
1319 3247 1375 3299 et
1402 3241 1594 3301 omnis
1633 3244 1818 3316 gloria
1860 3262 1988 3304 mea

274 3324 346 3381 ab
383 3323 563 3384 intus.
596 3326 868 3385 Formosa
905 3343 1057 3397 sum,
1093 3327 1300 3403 inquit,
1330 3331 1477 3388 sicut
1506 3331 1694 3405 pellis,
1730 3332 1839 3391 hoc
1879 3339 1986 3399 est,

278 3412 717 3471 tabernaculum
751 3412 1094 3475 Salomonis.
1146 3416 1307 3476 Sicut
1345 3419 1504 3477 enim
1546 3419 1989 3478 tabernaculum

275 3517 351 3560 ex
392 3510 755 3563 mortuorum
795 3506 858 3561 ﬁt
897 3505 1146 3579 pellibus
1186 3508 1556 3579 animalium,
1586 3510 1667 3567 ita
1704 3510 1989 3568 duntaxat

280 3592 367 3651 illi
425 3602 564 3653 sunt
610 3596 1008 3655 habitaculum
1064 3598 1167 3655 Dei
1221 3602 1441 3671 (Ephes.
1484 3606 1570 3672 II),
1618 3601 1719 3675 qui
1760 3601 1987 3659 Christo

279 3684 642 3754 commortui,
686 3684 845 3742 vitiis
880 3702 1112 3760 quoque
1147 3690 1455 3762 carnisque
1504 3688 1985 3764 concupiscentiis

281 3780 417 3830 sunt
461 3773 734 3831 exstincti
783 3776 925 3841 (Gal.
974 3778 1052 3839 Vl.
1101 3774 1417 3850 Sequitur:
1468 3798 1497 3833 ς(
1530 3779 1741 3851 Nolite,
1772 3778 1983 3853 inquit,

274 3877 371 3918 me
401 3861 762 3921 considerare
797 3863 949 3937 quod
994 3865 1154 3925 fusca
1182 3868 1314 3936 sim,
1345 3868 1483 3943 quia
1511 3867 1863 3926 decoloravit
1896 3882 1987 3923 me

280 3953 384 4023 sol,
434 3969 469 4011 ο
517 3952 657 4011 ﬁlia
692 3954 1057 4015 Hierusalem
1109 3960 1280 4028 (Cant.
1314 3962 1373 4030 I).
1415 3979 1443 4011 »
1476 3958 1635 4018 Idem
1684 3966 1739 4016 et
1788 3959 1988 4017 ﬁdeles

279 4041 514 4115 anima,
564 4044 626 4102 in
675 4045 776 4104 illa
819 4047 941 4120 jam
985 4048 1196 4107 caelesti
1245 4050 1435 4122 gloria
1481 4064 1583 4123 per
1627 4048 1987 4107 desiderium

280 4134 647 4192 constituta:
696 4135 882 4193 Nolite
916 4152 1009 4194 me
1042 4137 1426 4209 considerare,
1466 4138 1620 4212 quod
1660 4138 1819 4196 fusca
1850 4137 1984 4208 sim,

283 4221 339 4277 id
372 4230 474 4293 est,
506 4225 683 4285 nolite
710 4226 1030 4299 desperare,
1064 4227 1157 4285 vel
1185 4228 1365 4286 nimis
1393 4244 1796 4302 expavescere,
1832 4226 1987 4301 quod

2051 1923 2170 2013 rior
2194 1924 2565 1997 pulchritudo
2593 1946 2605 1985 :
2649 1950 2670 1978 ε
2700 1929 2898 1987 Indica
2925 1931 3093 2002 mihi,
3124 1931 3337 2006 inquit,
3369 1952 3543 2007 quem
3575 1939 3767 2013 diligit

2053 2010 2249 2069 anima
2280 2027 2427 2082 mea,
2462 2014 2559 2072 ubi
2590 2032 2805 2088 pascas,
2838 2020 2941 2077 ubi
2976 2021 3153 2079 cubes
3192 2022 3253 2081 in
3292 2027 3533 2084 meridie
3588 2010 3765 2099 (Cant.

2052 2101 2113 2171 Ι).
2168 2124 2192 2148 υ
2234 2102 2322 2159 Ac
2365 2102 2412 2159 si
2455 2104 2647 2163 dicat:
2693 2106 2736 2165 Ο
2779 2124 2988 2181 sponse
3031 2112 3301 2184 caelestis,
3351 2133 3522 2189 quem
3567 2120 3771 2177 anima

2055 2204 2186 2246 mea
2232 2189 2702 2254 inenarrabiliter
2748 2196 2958 2271 diligit,
3005 2200 3069 2257 in
3114 2218 3227 2272 quo
3273 2219 3370 2275 per
3415 2206 3769 2266 desiderium

2054 2281 2269 2354 jugiter
2324 2284 2652 2357 requiescit,
2709 2303 2883 2360 quem
2946 2290 3105 2347 ulnis
3162 2292 3387 2352 intima
3446 2296 3772 2355 dilectionis

2058 2372 2445 2445 amplectitur,
2490 2374 2553 2432 in
2602 2392 2719 2451 quo
2758 2379 2888 2435 totis
2920 2380 3241 2440 visceribus
3271 2384 3585 2444 delectatur
3616 2405 3631 2456 ;
3681 2388 3770 2445 dic

2060 2460 2208 2520 mihi
2238 2462 2340 2520 ubi
2370 2478 2601 2535 pascas;
2634 2467 2743 2524 hoc
2785 2473 2910 2526 est:
2947 2469 3037 2526 Tu
3084 2471 3185 2542 qui
3229 2480 3418 2544 pastor
3460 2475 3649 2534 bonus
3692 2493 3773 2548 es,

2063 2551 2164 2609 ubi
2195 2566 2330 2609 oves
2362 2560 2488 2609 tuas
2517 2569 2743 2625 pascere
2783 2554 2957 2614 facias
2982 2575 2996 2629 ;
3026 2558 3151 2631 ipse
3195 2560 3369 2618 etiam
3425 2563 3527 2620 ubi
3573 2564 3771 2636 cubes,

2063 2638 2124 2697 id
2152 2646 2236 2697 est
2266 2640 2367 2698 ubi
2400 2642 2725 2715 requiescas
2753 2644 2810 2701 in
2839 2653 2986 2704 astu
3018 2648 3433 2719 persecutionis
3461 2658 3515 2707 et
3547 2651 3768 2711 fervore

2065 2731 2397 2790 tentationis
2454 2739 2688 2803 nostra,
2748 2736 2851 2793 ubi
2907 2737 3142 2807 scilicet,
3200 2739 3317 2797 nisi
3377 2743 3433 2798 in
3495 2742 3609 2810 his,
3672 2742 3773 2816 qui

2065 2818 2282 2878 furenti
2330 2824 2583 2881 vesania
2630 2825 2829 2883 cedere
2869 2827 3151 2896 nesciunt,
3192 2835 3249 2885 et
3300 2832 3613 2902 grassantis
3663 2848 3780 2890 ma-

1996 2908 2207 2988 Blitia
2256 2911 2563 2970 conatibus
2617 2914 2907 2971 enerviter
2958 2931 3075 2974 non
3133 2912 3589 2978 succumbunt?
3649 2921 3774 2980 Non

2064 3016 2200 3073 ergo
2252 2999 2542 3061 immerito
2602 3004 2914 3064 formosam
2980 3022 3040 3064 se
3094 3023 3299 3081 sponsa
3354 3009 3465 3066 ista
3527 3009 3772 3082 dicebat,

2066 3088 2206 3161 quia
2235 3089 2332 3146 ille
2359 3089 2421 3147 in
2451 3091 2575 3162 ipso
2607 3094 3019 3165 persecutionis
3046 3094 3290 3155 articulo
3320 3096 3384 3155 in
3428 3113 3491 3154 ea
3519 3097 3777 3156 delecta-

2066 3178 2262 3238 biliter
2296 3179 2644 3256 quiescebat,
2684 3184 2787 3257 qui
2829 3187 3137 3244 serenitate
3182 3186 3377 3246 vultus
3429 3188 3523 3247 sui
3574 3196 3777 3248 cuncta

2068 3268 2364 3330 clariﬁcat.

2648 3452 2651 3453 ί
2732 3370 2976 3430 CAPUT
3007 3371 3112 3430 III.

2374 3484 2439 3538 In
2467 3496 2707 3539 sermone
2734 3484 2801 3539 de
2831 3486 2932 3542 SS.
2973 3488 3136 3541 Flora
3166 3490 3217 3542 et
3246 3488 3479 3544 Lucilla.

2149 3618 2170 3647 κ
2204 3595 2537 3655 Fasciculus
2590 3600 2844 3673 myrrha
2887 3601 3133 3661 dilectus
3182 3620 3344 3664 meus
3389 3604 3581 3663 mihi:
3631 3604 3779 3663 inter

2068 3685 2249 3743 ubera
2290 3702 2416 3746 mea
2461 3690 2914 3749 commorabitur
2942 3694 3127 3760 (Cant.
3161 3699 3222 3764 Ι).
3276 3717 3296 3745 ι
3344 3694 3581 3769 Myrrha
3609 3692 3781 3768 plane

2070 3775 2285 3849 species
2359 3780 2444 3833 est
2514 3778 2844 3847 aromatica,
2913 3780 3116 3840 nimia
3180 3781 3609 3851 amaritudinis,
3669 3798 3782 3857 qua

2070 3860 2431 3924 mortuorum
2483 3865 2757 3922 cadavera
2804 3867 3176 3937 condiuntur,
3218 3884 3288 3927 ne
3336 3868 3500 3927 facile
3548 3884 3781 3941 compu-

2070 3960 2332 4012 trescant.
2383 3952 2536 4012 Hinc
2580 3959 2663 4012 est
2714 3954 2865 4027 quod
2906 3962 2972 4013 .et
3012 3956 3195 4028 ipsius
3235 3954 3443 4029 Sponsi
3490 3972 3705 4029 corpus
3751 3973 3785 4014 a

2068 4044 2380 4104 Nicodemo
2417 4050 2470 4101 et
2510 4043 2719 4118 Joseph
2758 4044 2828 4103 de
2866 4061 3037 4104 cruce
3081 4046 3403 4120 depositum
3446 4047 3689 4120 myrrha
3731 4052 3787 4104 et

2069 4134 2194 4192 aloe
2243 4132 2530 4203 conditur,
2563 4137 2619 4190 et
2649 4132 2841 4191 linteis
2884 4135 3218 4195 involutum
3270 4136 3584 4209 sepultura
3620 4150 3784 4194 com—

2070 4225 2321 4282 mittitur
2372 4226 2545 4297 (Joan.
2600 4227 2749 4292 XIx).
2783 4223 2931 4294 Quid
2963 4242 3095 4300 ergo
3124 4242 3224 4299 per
3254 4227 3507 4301 myrrha
3536 4226 3785 4285 fascicu-

282 4325 376 4366 me
407 4288 1190 4386 tribulationes'opprimunt,
1224 4315 1383 4387 quod
1408 4288 2220 4389 persecutiones'aﬂi-Clum,
2272 4313 2387 4371 nisi
2442 4312 2749 4386 multiplex
2802 4314 3164 4373 mortiﬁcatio
3211 4315 3601 4387 designatur?
3658 4315 3784 4372 Non

284 4400 468 4471 ciunt,
503 4402 657 4475 quod
692 4402 752 4458 in
793 4404 898 4461 hoc
929 4406 1283 4477 tempestatis
1314 4405 1813 4477 procellarumque
1841 4420 1987 4462 nau.

286 4490 469 4562 fragio
495 4491 940 4552 intumescentes
968 4510 1061 4552 me
1088 4496 1301 4554 fluctus
1327 4495 1569 4554 illidunt
1597 4513 1611 4567 ;
1656 4495 1794 4568 quia
1819 4494 1990 4553 deco-

289 4580 492 4638 loravit
553 4596 645 4638 me
696 4582 802 4654 sol,
863 4585 1139 4657 quoniam
1194 4601 1369 4658 super
1422 4601 1514 4643 me
1576 4586 1992 4659 persecutionis

288 4676 465 4729 astus
488 4670 793 4731 incanduit
821 4674 1200 4748 decoremque
1234 4691 1377 4733 mea
1408 4675 1729 4734 venustatis
1761 4690 1829 4733 ac
1858 4675 1992 4749 pul-

285 4760 634 4819 chritudinis
668 4763 989 4824 offuscavit.
1040 4768 1125 4823 Ac
1166 4765 1216 4824 si
1256 4765 1451 4823 dicat:
1502 4765 1692 4823 Nolite
1738 4770 1855 4821 tam
1902 4779 1988 4833 ea,

287 4851 502 4923 quibus
532 4851 880 4911 intrinsecus
906 4853 1150 4927 afﬂigor,
1182 4854 1494 4925 attendere,
1527 4869 1707 4927 quam
1738 4868 1991 4912 vernan-

290 4948 404 4999 tem
447 4940 738 4999 interioris
785 4944 1105 5001 venustatis
1153 4944 1401 5016 speciem
1441 4943 1706 5016 cogitare.
1738 4943 1876 5001 Tale
1908 4947 1992 5000 est

285 5032 439 5103 quod
474 5032 783 5105 Apostolus
811 5032 951 5090 dicit
980 5052 993 5089 :
1031 5058 1058 5082 κ
1093 5032 1281 5090 Nolite
1304 5033 1548 5091 deﬁcere
1574 5031 1635 5089 in
1664 5031 1990 5091 tribulatio-

290 5119 459 5178 nibus
507 5120 652 5178 meis
704 5137 804 5195 pro
856 5122 1039 5191 vobis,
1086 5138 1220 5195 qua
1265 5126 1350 5180 est
1395 5121 1578 5195 gloria
1616 5127 1826 5179 vestra.
1864 5119 1991 5175 Non

285 5210 440 5269 enim
491 5211 796 5283 condigna
844 5219 980 5271 sunt
1028 5212 1322 5286 passiones
1375 5212 1552 5286 hujus
1598 5210 1871 5285 temporis
1919 5210 1990 5267 ad

290 5302 543 5359 futuram
591 5302 856 5375 gloriam,
914 5318 1047 5375 qua
1099 5303 1450 5362 revelabitur
1485 5303 1545 5359 in
1596 5301 1764 5360 nobis
1812 5304 1988 5369 (Rom.

288 5395 430 5458 VIII).
479 5412 499 5440 ι
550 5391 716 5451 Hanc
744 5398 937 5451 autem
974 5392 1307 5453 interiorem
1348 5392 1841 5466 pulchritudinem
1887 5405 1992 5446 ex-

288 5480 669 5552 terioremque
712 5482 1077 5556 nigredinem
1124 5484 1373 5544 breviter
1413 5482 1691 5543 Jeremias
1739 5494 1995 5552 compre-

2074 4401 2229 4460 enim
2267 4400 2443 4458 dicit:
2483 4399 2764 4459 Surculus
2811 4403 3088 4475 myrrha,
3137 4403 3256 4472 sed,
3295 4402 3629 4471 fasciculus,
3691 4402 3781 4458 in-

2072 4489 2219 4562 quit,
2277 4488 2533 4562 myrrha
2588 4487 2832 4546 dilectus
2891 4505 3055 4548 meus
3112 4489 3278 4547 mihi.
3347 4492 3428 4548 Ac
3484 4491 3535 4549 si
3586 4491 3778 4550 dicat:

2073 4577 2220 4648 Quia
2274 4577 2335 4635 in
2377 4577 2537 4635 omni
2596 4593 2725 4635 mea
2776 4578 3211 4637 conversatione
3256 4594 3350 4637 me
3397 4582 3685 4639 mortitico
3731 4587 3785 4638 et

2072 4669 2251 4729 nullis
2273 4668 2394 4742 jam
2422 4667 2671 4743 propria
2711 4669 3025 4727 voluntatis
3053 4670 3325 4742 operibus
3356 4672 3510 4741 vivo,
3542 4670 3788 4730 dilectus

2074 4774 2238 4817 meus
2273 4773 2391 4815 non
2428 4757 2573 4814 mihi
2613 4757 2862 4830 simplex
2894 4758 3076 4816 factus
3121 4767 3207 4817 est
3242 4776 3458 4825 ramus,
3489 4762 3589 4819 sed
3621 4777 3787 4834 myr-

2071 4851 2195 4907 rha
2224 4846 2550 4905 fasciculus.
2586 4845 2750 4904 Unde
2777 4852 2832 4904 et
2862 4849 3203 4921 pradicator
3233 4850 3494 4908 eximius
3523 4870 3535 4909 :
3583 4876 3609 4899 «ι
3642 4850 3788 4922 Ego,

2072 4940 2281 5012 inquit,
2341 4938 2607 5009 stigmata
2660 4936 2799 4995 Jesu
2850 4938 2908 4995 in
2961 4954 3197 5012 corpore
3244 4957 3372 4999 meo
3424 4948 3584 5015 porto
3639 4942 3784 5013 (Gal.

2073 5032 2171 5103 Vl).
2197 5050 2225 5081 »
2250 5029 2338 5087 Ad
2368 5043 2550 5103 quam
2578 5027 2843 5087 videlicet
2869 5029 3252 5104 multiplicem
3280 5032 3787 5089 mortiﬁcationem

2073 5126 2128 5179 et
2186 5135 2290 5178 nos
2345 5134 2539 5177 secum
2595 5119 2875 5190 hortatur,
2912 5120 3153 5179 dicens:
3214 5147 3240 5171 ιε
3287 5121 3525 5196 Semper
3584 5122 3788 5179 morti-

2075 5211 2399 5269 ﬁcationem
2450 5209 2587 5268 Jesu
2636 5209 2696 5266 in
2751 5226 2982 5284 corpore
3037 5216 3233 5270 nostro
3286 5211 3788 5280 circumferentes,

2075 5308 2141 5360 ut
2189 5301 2304 5357 vita
2340 5299 2477 5358 Jesu
2520 5299 2923 5359 manifestatur
2972 5300 3034 5358 in
3088 5317 3262 5360 carne
3311 5307 3505 5360 nostra
3558 5299 3791 5359 mortali

2076 5394 2151 5461 (II
2180 5392 2279 5447 Cor
2355 5396 2459 5453 IV).
2499 5413 2524 5436 »
2556 5389 2641 5446 Ab
2692 5404 2759 5447 eo
2804 5404 3057 5462 namque
3108 5389 3261 5462 quod
3310 5404 3547 5463 corpore
3596 5398 3793 5447 nostro

2075 5478 2543 5537 circumferimus
2574 5525 2587 5549 ,
2663 5478 2889 5537 nullam
2958 5480 3213 5552 corporis
3268 5485 3489 5552 partem
3544 5492 3795 5537 vacuam

289 5568 507 5629 hendit.
556 5569 793 5629 dicens:
845 5594 873 5626 «
930 5571 1303 5632 Candidiores
1359 5570 1613 5629 Nazarai
1660 5569 1785 5641 ejus
1836 5568 1988 5635 nive,
2078 5584 2460 5628 reservamus.
2493 5569 2597 5627 Ille
2625 5584 2759 5641 ergo
2783 5569 3280 5628 mortiﬁcationem
3304 5569 3443 5627 Jesu
3469 5569 3527 5625 in
3554 5584 3796 5641 corpore

288 5656 589 5714 nitidiores
638 5658 800 5728 lacte,
859 5662 1301 5720 rubicundiores
1344 5662 1514 5719 ebore
1560 5659 1819 5732 antiquo,
1872 5645 2055 5728 sap-D
2079 5676 2183 5718 suo
2259 5659 2588 5718 circumfert
2655 5659 2755 5732 qui
2825 5660 2895 5717 de
2957 5676 3017 5717 se
3080 5659 3191 5717 sibi
3262 5657 3410 5715 nihil
3486 5657 3794 5730 relinquit,

284 5746 453 5819 phiro
506 5746 863 5818 pulchriores
912 5755 1127 5818 (Th-ren.
1171 5755 1273 5823 1v).
1319 5777 1341 5801 η
1390 5752 1529 5808 Ecce
1579 5748 1988 5824 pulchritudo;

282 5834 381 5891 sed
427 5834 567 5892 audi
614 5835 997 5910 nigredinem,
1032 5855 1170 5898 nam
1206 5840 1362 5899 illico
1398 5839 1660 5913 sequitur
1692 5858 1704 5897 :
1750 5863 1772 5888 ι
1819 5838 1995 5896 Deni-

2079 5747 2222 5805 237
2269 5750 2368 5823 qui
2421 5765 2537 5808 non
2586 5751 2719 5820 sibi,
2767 5752 2864 5809 sed
2917 5749 3145 5809 Christo
3194 5748 3256 5805 in
3306 5746 3583 5806 omnibus
3617 5745 3797 5814 vivit,

2077 5838 2175 5896 cui
2202 5845 2350 5896 certe
2379 5854 2439 5896 se
2467 5853 2501 5896 a
2529 5838 2926 5897 voluntatibus
2966 5837 3216 5912 propriis
3259 5835 3522 5909 undique
3551 5835 3804 5893 cruciﬁ-
