4058 6178
244 309 393 368 1145

1615 308 1697 368 ΙΝ
1732 307 2055 368 CANTICA
2093 307 2384 367 CANTIC.

3610 307 3748 370 1146

239 433 352 507 git.
403 430 512 489 Hic
541 430 734 505 itaque
769 429 1016 488 dilectus
1059 429 1317 504 myrrhze
1350 431 1661 491 fasciculus
1700 432 1782 503 fit,
1827 433 2026 508 quiaA
2045 448 2178 507 quae
2207 434 2456 506 profecto
2483 445 2601 490 non
2643 447 2778 490 casu
2807 431 3069 507 quinque
3096 436 3250 505 sunt,
3279 431 3498 492 lancem
3525 432 3748 492 scilicet

239 525 309 582 in
341 522 568 582 cunctis
596 522 718 579 suis
758 519 1083 580 actionibus
1111 537 1171 579 se
1209 520 1370 579 velut
1417 521 1770 581 exstinctum
1813 539 1961 597 prie-

240 613 419 683 bens,
508 611 890 684 multiplicem
983 612 1410 684 quodammodo
1498 615 1960 674 mortificationis

245 702 468 762 Christi
499 701 866 776 manipulum
897 701 1134 776 colligit.
1164 703 1272 760 Ubi
1307 710 1362 761 et
1391 710 1522 777 apte
1542 707 1954 780 subjungitur:

249 813 275 844 ι
314 793 476 850 Inter
501 791 678 850 ubera
700 808 827 849 mea
847 795 1318 852 commorabitur.
1345 818 1370 844 ι»
1406 795 1588 854 Nemo
1619 795 1845 854 dubitat
1867 796 1957 854 in-

242 886 339 938 ter
369 880 550 939 ubera
577 881 821 954 pectoris
853 897 977 939 esse
1025 882 1218 940 locum
1252 883 1464 943 cordis.
1519 885 1773 943 Dilectus
1823 901 1958 958 ergo

239 968 403 1026 inter
452 984 679 1042 sponsae
709 969 888 1045 ubera
927 972 1399 1042 commorabitur,
1432 973 1570 1048 quia
1617 973 1958 1032 indeiiciens

240 1061 376 1134 ejus
405 1076 567 1119 amor
593 1077 659 1118 ac
689 1060 1039 1120 desiderium
1075 1080 1151 1120 ex
1175 1064 1301 1137 ejus
1333 1065 1613 1123 memoria
1647 1081 1762 1123 non
1798 1064 1956 1122 dele-

241 1155 364 1209 tur.
398 1151 554 1209 Inter
591 1151 769 1210 ubera
816 1167 944 1209 mea
968 1153 1440 1226 commorabitur,
1489 1160 1766 1230 tanquam
1799 1155 1957 1213 dice-

239 1245 334 1298 ret
380 1263 393 1298 :
451 1240 564 1310 Qui
614 1241 763 1298 mihi
816 1241 1128 1301 fasciculus
1186 1244 1440 1317 myrrhae
1482 1246 1664 1304 factus
1719 1250 1803 1304 est
1857 1260 1958 1316 per

237 1329 698 1388 amaritudinem
754 1330 1057 1403 passionis,
1112 1332 1263 1390 inter
1324 1334 1500 1392 ubera
1561 1350 1688 1392 mea
1745 1334 1958 1407 jugiter

239 1417 700 1477 commorabitur
726 1435 825 1492 per
852 1420 1218 1478 dulcedinem
1249 1424 1438 1480 cordis
1475 1441 1486 1481 :
1520 1429 1576 1481 et
1603 1422 1703 1496 qui
1730 1423 1957 1481 extrin-

239 1519 412 1562 secus
435 1521 538 1579 per
561 1505 897 1580 exemplum
937 1515 1216 1581 susceptas
1247 1510 1450 1568 mortis
1485 1516 1807 1584 exasperat,
1857 1526 1958 1584 per

239 1593 503 1654 infusam
532 1597 777 1670 gratiam
803 1614 896 1656 me
919 1598 1145 1658 intimae
1167 1599 1468 1659 suavitatis
1494 1600 1816 1660 obdulcat."

924 1709 1168 1771 CAPUT
1197 1711 1298 1772 IV.

596 1799 688 1853 Ea:
713 1812 952 1855 sermone
988 1804 1048 1856 in
1081 1805 1263 1857 natali
1294 1803 1598 1872 virginum.

324 1908 350 1931 α
391 1882 510 1956 Ego
538 1899 666 1942 sum
701 1885 889 1944 lilium
939 1889 1296 1946 convallium
1342 1892 1520 1961 (Cant.
1555 1891 1637 1960 II).
1673 1910 1698 1936 η
1740 1887 1962 1946 Lilium

240 1973 416 2048 plane
447 1991 507 2032 se
539 1974 795 2048 Sponsus
822 1980 1084 2037 nominat
1111 1988 1343 2052 propter
1374 1980 1616 2037 niveum
1652 1979 1960 2036 candorem

241 2064 651 2124 mundissimze
700 2068 991 2126 castitatis.
1053 2069 1270 2127 Lilium
1318 2085 1435 2127 non
1487 2069 1802 2139 montium,
1856 2068 1956 2126 sed

244 2153 625 2224 convallium,
674 2157 811 2228 quia
840 2157 963 2230 pias
1002 2157 1164 2228 eligit
1212 2165 1434 2216 mentes
1462 2156 1806 2226 humilium,
1839 2171 1957 2214 non

246 2243 513 2318 scopulos
542 2246 834 2304 inhabitat
861 2246 1273 2318 superborum.

325 2471 353 2499 α
385 2449 717 2509 Introduxit
749 2466 839 2509 me
874 2468 977 2509 rex
1008 2452 1070 2509 in
1099 2451 1304 2510 cellam
1331 2449 1640 2521 vinariam,
1671 2449 1961 2508 ordinavit

249 2540 313 2598 in
342 2557 435 2599 me
459 2543 794 2600 charitatem
819 2545 995 2615 (Cant.
1040 2552 1122 2612 II).
1163 2566 1190 2593 ››
1226 2543 1350 2601 Non
1397 2544 1519 2600 ait:
1568 2542 1736 2600 Dedit
1783 2556 1960 2614 quam

249 2645 366 2687 non
413 2632 645 2704 reperit,
693 2633 792 2690 sed
848 2656 866 2681 ι
901 2632 1214 2702 ordinavit,
1250 2656 1269 2682 ι
1327 2647 1500 2706 quam
1571 2629 1960 2688 inordinatam

250 2719 497 2776 invenit.
545 2720 824 2779 Nonnulli
863 2736 1117 2795 namque
1165 2721 1227 2778 in
1278 2717 1581 2793 principali
1633 2716 1822 2775 cordis
1868 2717 1959 2774 sui

250 2807 374 2867 loco
413 2810 622 2868 habent
655 2827 888 2882 uxores,
932 2811 1101 2882 ﬁlios,
1148 2810 1365 2885 praedia
1409 2810 1501 2867 vel
1541 2810 1787 2868 honores
1821 2827 1833 2865 :
1895 2807 1959 2864 in

252 2897 516 2963 secundo,
552 2905 746 2956 autem
801 2899 1227 2973 quodammodo
1284 2899 1473 2957 Deum
1523 2902 1768 2971 ponunt,
1818 2895 1960 2953 dum

252 3004 386 3047 eum
422 2988 618 3046 minus
645 2989 916 3062 diligunt.
962 2989 1039 3046 Hi
1075 2989 1357 3046 nimirum
1409 2987 1681 3046 videntur
1722 2985 1960 3060 quidem

250 3079 462 3136 habere
490 3079 847 3153 charitatem,
894 3081 992 3138 sed
1023 3081 1452 3148 inordinatam;
1493 3095 1598 3137 nec
1636 3078 1805 3136 illum
1837 3093 1958 3134 ser-

252 3175 392 3224 vant
429 3168 687 3226 ordinem
711 3169 1008 3227 charitatis
1033 3185 1207 3243 quem
1239 3169 1462 3227 Veritas
1501 3169 1625 3242 ipsa
1654 3166 1958 3240 disposuit,
1978 3157 2022 3216 C

251 3270 384 3313 cum
438 3255 620 3314 dicit:
658 3279 678 3308 α
714 3256 930 3331 Diliges
974 3257 1161 3315 Deum
1201 3273 1274 3315 ex
1327 3263 1438 3315 toto
1493 3257 1679 3325 corde,
1732 3256 1839 3314 hoc
1875 3261 1961 3312 est

254 3346 584 3405 maximum
615 3347 993 3421 primumque
1031 3348 1388 3417 mandatum,
1415 3349 1737 3406 secundum
1763 3354 1958 3405 autem

252 3438 442 3496 simile
466 3443 549 3496 est
579 3438 734 3507 huic,
760 3446 824 3496 ut
852 3439 1060 3512 diligas
1089 3439 1423 3512 proximum
1455 3441 1680 3508 (Matth.
1715 3441 1888 3505 XXII).
1924 3459 1950 3488 υ

251 3533 378 3591 Non
417 3548 552 3605 ergo
582 3548 644 3590 se
671 3532 845 3605 jactet
875 3532 1008 3604 quis
1055 3531 1265 3589 habere
1296 3530 1655 3600 charitatem,
1709 3530 1757 3588 si
1796 3528 1954 3588 ordi-

252 3631 385 3682 nata
406 3639 521 3681 non
548 3628 660 3692 est;
691 3622 839 3680 sicut
869 3638 973 3680 nec
998 3621 1172 3681 etiam
1196 3622 1392 3694 ﬁdem,
1421 3622 1470 3680 si
1502 3621 1628 3679 sine
1659 3620 1952 3694 operibus,

257 3730 322 3774 ac
347 3729 449 3788 per
486 3714 594 3772 hoc
621 3713 805 3773 otiosa
832 3719 937 3773 est.

327 3934 352 3966 α
395 3911 572 3970 Laeva
602 3913 726 3986 ejus
755 3910 864 3970 sub
894 3912 1079 3985 capite
1110 3927 1239 3969 meo
1270 3917 1325 3968 et
1373 3911 1608 3968 dextera
1643 3909 1806 3968 illius
1833 3923 1961 3966 am-

252 4001 583 4076 plexabitur
612 4016 701 4058 me
730 4004 909 4063 (Cant.
940 4002 1020 4073 II).
1059 4023 1079 4052 ι
1123 4002 1294 4060 Lzeva
1323 4001 1537 4076 quippe
1582 4000 1817 4058 subesse
1865 4013 1960 4056 ca-

250 4091 353 4164 piti
390 4090 619 4161 dicitur,
649 4107 780 4149 cum
813 4107 1069 4164 praesens
1102 4092 1220 4151 vita
1264 4108 1297 4148 a
1337 4099 1548 4162 mente,
1579 4107 1713 4164 qua}
1745 4089 1961 4163 cogita-

253 4180 477 4238 tionum
531 4187 701 4253 caput
750 4187 852 4248 est,
903 4181 1167 4253 despecta
1214 4180 1487 4238 calcatur.
1539 4179 1773 4237 Dextrae
1825 4193 1962 4236 vero

254 4267 618 4340 amplexibus
644 4267 966 4342 stringitur,
999 4269 1139 4344 quia
1167 4268 1349 4328 solius
1373 4276 1610 4327 aeternae
1643 4269 1781 4326 vitae
1808 4266 1962 4325 desi-

255 4356 431 4416 deriis
460 4359 720 4434 undique
748 4359 1086 4418 delectatur.

899 4469 1147 4527 CAPUT
1173 4467 1306 4526 VII.

2043 527 2098 580 et
2129 522 2465 594 clavorum;
2519 523 2617 580 sed
2644 523 2780 596 quia
2820 539 2924 580 nos
2962 522 3258 582 fueramus
3305 524 3565 597 quinque
3604 540 3745 581 sen-

2042 629 2214 672 suum
2265 613 2610 671 vulneribus
2663 613 2919 682 sauciati,
2965 629 3064 686 per
3112 614 3216 670 has
3254 616 3515 688 quinque
3550 614 3748 688 plagas

2042 702 2214 760 saluti
2240 717 2444 760 sumus
2471 709 2762 774 perpetua)
2784 701 3052 759 restituti.
3087 701 3220 759 Istae
3250 702 3534 775 siquidem
3565 709 3745 776 porta

2040 799 2221 864 erant,
2268 809 2372 866 per
2411 809 2556 867 quas
2585 793 2679 849 die
2713 793 2943 850 Sabbati
2972 794 3251 867 propheta
3291 809 3363 851 ne
3392 793 3746 852 inferrentur

2039 896 2215 939 onera
2261 881 2462 953 gravia
2502 881 2864 954 prohibebat.
2915 881 2982 938 In
3034 881 3127 938 his
3176 897 3311 954 ergo
3358 881 3748 940 foraminibus

2039 969 2144 1026 Dei
2178 967 2444 1027 columba
2479 969 2759 1041 consistit,
2814 967 2950 1041 quia
2994 974 3188 1026 sancta
3235 968 3508 1041 quaslibet
3549 969 3746 1028 anima

2041 1062 2215 1115 totam
2246 1056 2495 1129 propriae
2524 1056 2729 1114 salutis
2768 1072 2927 1129 spem
2965 1056 3026 1115 in
3061 1057 3152 1115 sui
3179 1057 3580 1131 Redemptoris
3611 1073 3744 1131 pas-

2039 1146 2202 1204 sione
2227 1145 2546 1204 constituit.
2569 1144 2655 1202 Ibi
2684 1145 2843 1204 velut
2871 1146 2945 1203 ab
2969 1147 3258 1219 accipitris
3279 1145 3520 1204 incursu
3546 1145 3742 1204 defen-

2039 1236 2217 1306 ditur,
2249 1236 2390 1310 quia
2426 1251 2459 1292 a
2488 1235 2713 1293 cunctis
2743 1236 3133 1308 malignorum
3169 1237 3482 1309 spirituum
3511 1237 3746 1296 insidiis

2037 1326 2380 1384 custoditur.
2427 1325 2516 1383 Ibi
2549 1325 2719 1399 plane
2750 1326 3025 1396 nidiﬁcat,
3059 1328 3196 1402 quia
3223 1328 3347 1385 illic
3376 1328 3524 1385 fetus
3561 1327 3744 1385 bono-

2042 1431 2174 1474 rum
2202 1431 2442 1488 opcrum
2470 1421 2783 1473 coacervat.
2815 1415 2896 1473 De
2928 1416 3034 1474 hac
3065 1423 3223 1490 petra
3249 1432 3350 1489 per
3381 1415 3746 1474 Psalmistam

2043 1504 2258 1562 dicitur
2318 1522 2384 1560 2-
2420 1501 2646 1561 Montes
2705 1504 2921 1561 excelsi
2978 1505 3184 1576 cervis,
3241 1510 3398 1578 petra
3451 1504 3744 1577 refugium

2044 1592 2358 1653 herinaciis
2399 1595 2566 1665 (Psal.
2611 1597 2748 1666 CIII).
2782 1617 2806 1645 ιο
2851 1595 3015 1665 Quod
3049 1601 3246 1654 autem
3284 1595 3517 1653 additur
3558 1614 3570 1652 :
3619 1616 3639 1644 ι
3678 1593 3747 1651 In

2045 1700 2293 1744 caverna
2319 1683 2608 1755 macerize,
2639 1707 2659 1736 ι
2691 1685 2876 1752 solent
2903 1700 2978 1742 ex
3003 1684 3291 1758 lapidibus
3319 1683 3583 1741 maceriae
3615 1681 3743 1740 fieri

1974 1775 2114 1858 Bad
2156 1774 2480 1832 custodiam
2521 1774 2832 1832 vinearum
2866 1792 2880 1845 ;
2915 1774 3064 1831 sicut
3098 1790 3198 1846 per
3250 1772 3459 1830 Isaiam
3487 1772 3699 1830 dicitur
3728 1797 3740 1830 :

2053 1887 2074 1915 α
2104 1863 2288 1920 Vinea
2332 1863 2478 1919 facta
2518 1869 2602 1919 est
2629 1862 2836 1920 dilecto
2868 1862 2931 1919 in
2964 1879 3145 1920 cornu
3196 1862 3256 1919 in
3309 1862 3431 1919 loco
3463 1861 3650 1931 uberi,
3693 1868 3748 1919 et

2044 1952 2293 2010 maceria
2339 1951 2719 2009 circumdedit
2766 1957 2823 2009 et
2866 1951 3232 2010 circumfodit
3270 1966 3398 2008 eam
3433 1956 3563 2020 (Isa.
3601 1961 3680 2019 V).
3717 1977 3744 2000 ››

2043 2050 2192 2119 Quid
2227 2063 2363 2121 ergo
2396 2062 2494 2120 per
2521 2045 2832 2105 maceriam
2861 2045 3142 2119 lapidum,
3176 2047 3291 2104 nisi
3324 2048 3664 2121 praesidium
3696 2052 3752 2104 et

2041 2135 2317 2195 excubias
2369 2134 2750 2207 intelligimus
2807 2133 3170 2207 angelorum,
3221 2133 3437 2207 quibus
3482 2133 3750 2191 videlicet

2040 2226 2237 2284 anima
2282 2225 2345 2282 in
2377 2225 2690 2282 certamine
2730 2225 2931 2295 posita,
2973 2225 3113 2282 dum
3154 2223 3402 2282 vallatur
3429 2232 3603 2298 atque
3634 2224 3746 2282 cir-

2042 2313 2366 2384 cumdatur,
2418 2328 2452 2369 a
2490 2311 2713 2369 cunctis
2739 2311 3177 2369 adversantium
3208 2311 3520 2382 spirituum
3560 2319 3746 2370 tenta-

2041 2400 2297 2458 tionibus
2327 2399 2650 2458 custoditur
2671 2399 2886 2456 ?Porro
2908 2397 3064 2472 quod
3093 2398 3362 2472 sequitur
3393 2422 3404 2455 :
3446 2422 3466 2449 ι
3501 2399 3748 2458 Ostende

2041 2490 2190 2549 mihi
2236 2491 2442 2549 faciem
2475 2496 2657 2561 tuam,
2691 2513 2714 2539 ι
2759 2496 2895 2548 tunc
2934 2488 3131 2547 anima
3160 2489 3377 2547 etelesti
3410 2506 3618 2563 sponso
3660 2491 3744 2548 fa-

2042 2581 2189 2639 ciem
2247 2597 2413 2639 suam
2471 2581 2774 2639 ostendere
2831 2579 3062 2649 dicitur,
3131 2595 3264 2638 cum
3320 2579 3444 2654 ejus
3500 2581 3748 2655 speciem

2040 2670 2288 2729 internis
2309 2670 2607 2728 obtutibus
2635 2670 2801 2744 quasi
2831 2669 3081 2726 revelata
3105 2669 3248 2726 facie
3278 2670 3702 2744 contemplatur
3729 2693 3742 2728 :

2045 2789 2069 2812 α
2109 2761 2301 2832 Sonet,
2337 2763 2548 2836 inquit,
2581 2777 2697 2820 vox
2725 2768 2823 2820 tua
2860 2761 2922 2818 in
2960 2761 3200 2819 auribus
3232 2761 3376 2819 meis
3405 2780 3417 2818 :
3447 2775 3562 2818 vox
3589 2759 3746 2817 enim

2043 2858 2141 2912 tua
2178 2852 2365 2911 dulcis
2423 2860 2477 2911 et
2525 2852 2700 2910 facies
2757 2860 2855 2910 tua
2913 2852 3192 2910 decora.»
3236 2851 3279 2910 Ο
3338 2866 3514 2924 quam
3572 2864 3751 2907 suave

2041 2943 2453 3001 commercium
2480 2946 2490 2999 l
2517 2942 2635 3001 imo
2655 2957 2831 3017 quam
2854 2940 3267 2999 inenarrabilis
3298 2940 3537 2999 dulcedo
3556 2940 3614 2997 in
3642 2939 3750 2997 hu-

2043 3037 2232 3094 manis
2265 3036 2578 3094 visceribus
2618 3034 2824 3105 oritur,
2856 3048 2988 3092 cum
3022 3031 3253 3089 Creator
3286 3037 3340 3088 et
3372 3037 3633 3088 creatura
3659 3028 3745 3087 al-

2043 3125 2225 3184 ternis
2255 3126 2317 3182 in
2348 3142 2408 3183 se
2436 3126 2688 3184 invicem
2715 3124 3018 3182 affectibus
3045 3121 3423 3192 delectantur,
3459 3121 3610 3179 sicut
3646 3136 3749 3193 per

2045 3216 2387 3288 Prophetam
2413 3215 2628 3272 dicitur
2655 3234 2668 3272 :
2705 3239 2730 3264 «ι
2759 3212 2966 3272 Suavis
2995 3211 3068 3269 sit
3099 3210 3151 3267 ei
3178 3210 3436 3268 laudatio
3464 3225 3614 3281 mea,
3643 3223 3749 3282 ego

2042 3321 2179 3364 vero
2205 3304 2525 3362 delectabor
2553 3303 2615 3360 in
2643 3302 2895 3360 Domino
2925 3301 2937 3358 ε
2979 3324 2999 3350 ι
3042 3300 3212 3372 (Psal.
3255 3300 3398 3370 CIII.)

2674 3422 2917 3482 CAPUT
2946 3421 3102 3480 VIII.

2113 3551 2139 3579 α
2169 3528 2256 3586 En
2305 3525 2583 3585 lectulum
2645 3523 2991 3592 Salomonis,
3045 3520 3346 3594 sexaginta
3399 3521 3571 3579 fortes
3623 3534 3754 3579 am-

2038 3625 2211 3683 biunt
2259 3638 2333 3680 ex
2380 3619 2713 3680 fortissimis
2741 3618 2914 3677 Israel
2949 3620 3122 3691 (Cant.
3157 3618 3253 3687 III).
3290 3639 3316 3667 ι»
3360 3617 3556 3674 Fortes
3592 3615 3752 3673 enim

2039 3715 2322 3775 lectulum
2367 3711 2694 3773 Salomonis
2725 3711 3013 3780 ambiunt,
3043 3710 3182 3766 dum
3213 3708 3475 3766 intimam
3513 3707 3751 3782 pacifice

2043 3805 2441 3879 Redemptoris
2497 3803 2678 3861 nostri
2707 3800 2972 3874 requiem
3001 3799 3184 3858 sancti
3211 3797 3430 3873 quique
3459 3797 3749 3855 indefessa

2045 3895 2318 3954 desiderii
2348 3892 2654 3953 sedulitate
2682 3890 3034 3949 custodiunt.

2701 4016 2946 4076 CAPUT
2986 4015 3084 4076 IX.

2122 4146 2142 4172 ι
2175 4120 2340 4180 Oculi
2371 4120 2452 4178 tui
2483 4117 2909 4187 columbarum,
2939 4117 3160 4192 absque
3188 4131 3256 4174 eo
3281 4115 3436 4191 quod
3466 4114 3746 4173 intrinse-

2045 4231 2149 4274 cus
2189 4214 2324 4271 latet
2365 4213 2548 4276 (Cant.
2593 4211 2694 4280 Iv).
2728 4231 2748 4260 ιι
2801 4208 2901 4266 Isti
2935 4215 3074 4267 sunt
3099 4206 3253 4266 oculi
3283 4207 3353 4265 de
3387 4205 3605 4280 quibus
3635 4205 3750 4262 Do-

2043 4306 2243 4364 minus
2283 4304 2340 4361 in
2373 4299 2688 4372 Evangelio
2720 4317 2731 4356 :
2769 4318 2796 4352 «
2839 4299 3018 4368 Beati,
3051 4298 3263 4371 inquit,
3301 4296 3519 4356 mundo
3552 4294 3742 4362 corde,

2043 4389 2323 4465 quoniam
2363 4387 2473 4462 ipsi
2525 4387 2707 4444 Deum
2740 4385 3024 4444 videbunt
3064 4387 3283 4457 (Matth.
3322 4385 3401 4455 V).
3440 4407 3460 4436 ι
3515 4382 3752 4454 Absque

1970 4516 2021 4574 Ι)
2041 4496 2110 4540 eo
2140 4479 2294 4554 quod
2337 4477 2691 4536 intrinsecus
2734 4476 2889 4534 latet.
2920 4475 3068 4544 Quia
3101 4475 3243 4574 licet.
3271 4473 3454 4573 sancti
3491 4475 3750 4572 doctores

328 4579 349 4606 '
386 4555 586 4628 Surge.
606 4555 792 4614 amica
823 4573 970 4628 mea:
1002 4573 1211 4630 590033
1240 4573 1386 4626 mea,
1423 4563 1477 4615 et
1506 4557 1660 4627 veni,
1691 4555 2019 4616 COIllmbau
2046 4585 2203 4627 nunc
2236 4569 2561 4626 Creatorem
2605 4580 2780 4621 suum
2810 4580 2911 4636 per
2960 4563 3464 4636 contemplationis
3501 4561 3748 4634 gratiam

254 4662 398 4715 mea,
440 4647 501 4704 in
529 4646 914 4704 foraminibus
940 4653 1138 4719 petrae,
1178 4655 1232 4705 et
1270 4647 1331 4704 in
1369 4662 1615 4706 caverna
1654 4647 1956 4715 maceriae;

254 4735 488 4796 ostende
518 4735 662 4792 Inibi
691 4735 896 4793 faciem
927 4742 1103 4799 tuam.
1132 4742 1296 4794 sonet
1329 4752 1445 4793 vox
1486 4742 1584 4793 tua
1627 4735 1689 4792 in
1719 4735 1960 4792 auribus

255 4825 412 4883 meis.
454 4823 575 4882 Vox
600 4824 758 4882 enim
782 4830 879 4882 tua
908 4824 1117 4895 dulcis,
1150 4833 1204 4883 et
1237 4825 1407 4883 facies
1431 4832 1526 4883 tua
1547 4825 1749 4883 decora
1778 4826 1952 4895 (Cant.

252 4919 379 4984 11).»
405 4914 615 4972 Anima
636 4915 849 4990 quippe
867 4921 1061 4972 sancta
1079 4917 1211 4989 jure
1232 4916 1441 4975 Christi
1466 4915 1653 4972 amica
1671 4920 1725 4972 et
1753 4929 1963 4987 sponsa

254 5010 521 5072 vocatur;
555 5005 692 5079 quia
726 5003 814 5062 illi
864 5021 963 5078 per
992 5005 1161 5064 ﬁdem
1203 5006 1687 5079 dilectionemque
1714 5005 1964 5078 conjun-

251 5094 420 5169 gitur.
476 5093 586 5153 Sed
639 5095 764 5153 hac
802 5111 1010 5168 sponsa
1044 5097 1210 5168 quasi
1257 5096 1451 5154 adhuc
1484 5095 1658 5168 jacet,
1710 5095 1851 5153 dum
1899 5095 1962 5152 in

255 5182 567 5240 mundanis
613 5182 938 5242 actionibus
982 5184 1350 5255 implicatur;
1397 5190 1539 5243 tunc
1577 5184 1785 5258 surgit,
1828 5200 1962 5242 cum

2042 4655 2351 4730 aspiciunt,
2405 4653 2541 4710 latet
2587 4644 2779 4709 tamen
2822 4651 3013 4707 adhuc
3061 4665 3342 4722 magnum
3387 4649 3632 4721 aliquid,
3678 4647 3750 4704 ad

2042 4746 2198 4821 quod
2227 4745 2289 4802 in
2321 4744 2426 4800 hac
2453 4739 2817 4814 corruptibili
2855 4755 3029 4797 carne
3059 4741 3330 4797 humanae
3356 4738 3568 4796 mentis
3596 4738 3749 4795 acies

2041 4849 2158 4892 non
2205 4831 2436 4904 aspirat.
2479 4829 2589 4887 Ubi
2622 4844 2758 4885 mox
2807 4826 3118 4900 sequitur:
3155 4853 3181 4877 «
3224 4827 3430 4900 Capilli
3477 4827 3559 4884 tui
3598 4826 3750 4883 sicut

2046 4937 2248 4995 greges
2275 4933 2599 4992 caprarum,
2633 4931 2765 4990 quze
2813 4915 3198 4974 ascenderunt
3222 4917 3291 4974 de
3317 4915 3530 4975 Galaad
3570 4917 3747 4986 (Cant.

2046 5022 2146 5075 IV).
2179 5035 2205 5059 ››
2257 5009 2418 5068 Sicut
2446 5009 2605 5065 enim
2657 5022 2755 5080 per
2784 5005 3003 5077 oculos,
3048 5004 3318 5064 Ecclesiae
3347 5005 3605 5063 doctores
3652 5005 3749 5062 in—

2047 5099 2410 5170 telliguntur,
2443 5095 2543 5170 qui
2573 5096 2644 5153 ad
2674 5093 2926 5152 videnda
2961 5095 3024 5152 in
3062 5093 3442 5153 inferioribus
3475 5092 3749 5152 membris

2049 5203 2298 5257 summa,
2335 5201 2400 5243 ac
2435 5184 2705 5259 specialia
2739 5191 2876 5243 sunt
2917 5184 3164 5257 praelati,
3207 5185 3290 5241 sic
3315 5185 3489 5241 etiam
3521 5199 3623 5256 per
3654 5198 3747 5240 ca-

254 5269 392 5328 238
420 5274 489 5331 ad
516 5274 871 5346 procinctum
899 5275 1118 5333 divinae
1165 5274 1462 5333 servitutis
1489 5275 1753 5346 erigitur.
1787 5277 1870 5332 Ac
1911 5275 1968 5332 si
2044 5281 2212 5354 pillos
2251 5293 2568 5352 gregesque
2596 5291 2904 5349 caprarum
2941 5276 3327 5349 designantur
3357 5272 3648 5346 simplices
3696 5279 3751 5330 et

254 5361 435 5419 dicati
490 5361 632 5431 QUEB
686 5365 747 5420 in
804 5362 1102 5421 SiBClllal'iS
1143 5362 1276 5420 νίῐῖθ
1332 5362 1574 5420 ῐῐιοιὶὶῐὶθ
1605 5363 1781 5436 iaces.
1839 5364 1961 5436 jam
2044 5369 2328 5443 subjecti;
2377 5364 2521 5423 239
2571 5365 2670 5440 qui
2722 5367 3027 5437 nimirum,
3081 5365 3185 5423 etsi
3217 5380 3337 5438 prze
3385 5364 3751 5438 simplicitate

255 5465 440 5522 surge,
472 5457 641 5524 atque
676 5451 747 5507 ad
795 5449 1079 5507 familiare
1123 5448 1575 5507 contubernium
1625 5467 1769 5508 mea:
1817 5467 1960 5508 con-
2043 5457 2284 5532 mystica
2314 5471 2560 5529 qumque
2603 5471 2666 5511 ac
2696 5470 2923 5512 summa
2957 5471 3076 5514 non
3119 5460 3440 5527 penetrant,
3483 5455 3747 5513 multitu-

256 5539 638 5612 templationis
684 5538 858 5608 erige.
894 5561 919 5586 «ι
968 5537 1250 5595 Columba
1285 5553 1434 5605 mea,
1483 5538 1541 5596 in
1577 5540 1961 5598 foraminibus
2042 5545 2178 5602 dine
2213 5552 2402 5602 tamen
2441 5551 2495 5600 et
2545 5543 2970 5615 comparatione
3005 5559 3109 5600 sua
3139 5548 3394 5600 sanctam
3431 5541 3748 5601 Ecclesiam

256 5635 444 5702 petrae.
477 5654 504 5678 ››
543 5627 624 5699 Si,
651 5629 821 5702 juxta
843 5628 1206 5699 Apostolum,
1244 5654 1270 5677 «
1318 5636 1476 5702 petra
1501 5630 1766 5688 Christus
1795 5637 1882 5688 est
1913 5635 1963 5699 (Ι
2043 5631 2204 5690 velut
2259 5631 2451 5704 capilli
2497 5638 2665 5703 caput
2715 5636 3022 5698 exornant,
3072 5630 3208 5704 quia
3255 5630 3601 5704 plerumque
3646 5643 3747 5702 pro

261 5721 372 5778 Cor.
407 5723 495 5790 x),
522 5741 547 5767 η
588 5717 872 5779 foramina
898 5724 1075 5790 petrae
1103 5717 1349 5778 vulnera
1370 5726 1506 5780 sunt
1533 5719 1955 5796 Redemptoris;
2040 5726 2270 5794 peccato
2311 5721 2574 5780 aufertur
2605 5720 2793 5794 figura
2838 5719 3074 5794 peccati.
3122 5719 3357 5792 Galaad,
3405 5733 3630 5776 acervus
3660 5721 3746 5775 est
