4058 6178
367 338 505 400 1147

1325 340 1866 407 COLLECTANEA
1902 345 1983 417 IN
2020 343 2265 409 VETUS
2303 345 2891 412 TESTAMENTUM.

3735 349 3875 413 1148

361 468 677 525 testimonii.
711 465 819 525 Per
848 464 1061 525 Galaad
1086 482 1220 539 ergo
1247 466 1563 542 Christum,
1593 472 1687 529 cui
1735 474 2125 535 sanctorumA
2148 473 2323 533 vitate
2366 474 2667 542 convertit,
2723 480 2779 535 et
2828 492 2930 551 pro
2990 478 3257 539 correctis
3315 492 3519 539 eorum
3582 478 3868 539 moribus

361 556 629 613 omnium
656 554 964 614 multitudo
994 555 1257 628 perhibet
1289 557 1707 617 testimonium.
1741 561 1847 619 Per
1886 562 2060 635 capil-

362 642 447 699 los
480 660 633 714 vero,
670 645 756 701 vel
786 659 1086 717 caprarum
1116 660 1335 717 greges,
1371 646 1807 713 multitudinem
1833 650 2053 709 intelli-

353 731 546 803 gimus
576 735 984 805 subiectorum.
1013 733 1225 807 Creges
1251 752 1384 808 ergo
1414 754 1718 811 caprarum
1739 741 2060 799 ascendunt

352 823 423 880 de
451 832 642 882 monte
671 825 901 895 Galaad,
929 826 1064 897 quia
1095 835 1421 885 sanctorum
1444 831 1711 889 omnium
1744 832 2056 891 multitudo

351 910 421 968 de
459 912 707 981 Christo,
779 928 955 987 quem
1022 914 1255 972 sibimet
1310 917 1530 977 faciunt
1585 921 2051 989 fundamentum,

350 1002 727 1059 conscendere
768 1010 1033 1075 satagunt
1080 1004 1308 1061 excelsa
1338 1007 1638 1066 virtutum.
1694 1010 1858 1069 Unde
1888 1011 2054 1069 colli-

342 1105 473 1161 gere
509 1106 817 1163 possumus
864 1092 1000 1166 quia
1030 1101 1317 1165 quantum
1348 1096 1519 1154 distat
1567 1098 1715 1157 inter
1755 1100 1952 1158 oculos
1999 1106 2053 1158 et

339 1179 593 1252 capillos,
636 1187 864 1238 tantum
894 1183 1011 1239 fere
1044 1183 1108 1240 in
1138 1187 1643 1257 contemplationis
1679 1191 1870 1248 studio
1906 1190 2054 1248 inter

341 1267 605 1339 prmlatos
626 1268 837 1328 distare
863 1270 1069 1328 debeat
1118 1280 1173 1330 et
1198 1273 1501 1347 subjectos,
1533 1284 1821 1350 quatenus
1853 1296 2054 1337 eorum

340 1355 444 1427 qui
499 1356 609 1413 sibi
658 1364 795 1415 sunt
853 1361 1171 1431 commissi,
1220 1363 1620 1436 spiritualibus
1672 1367 1881 1424 studiis
1938 1368 2056 1426 sint

338 1444 566 1517 intenti,
608 1453 664 1505 et
696 1448 927 1508 videant
969 1467 1083 1509 non
1123 1455 1293 1510 modo
1322 1453 1451 1525 sibi,
1483 1456 1581 1514 sed
1618 1462 1671 1514 et
1698 1457 1833 1515 illis.

1018 1559 1265 1619 CAPUT
1302 1561 1376 1619 X.

414 1663 440 1695 α
482 1643 692 1704 Dentes
734 1648 817 1706 tui
848 1647 999 1706 sicut
1033 1666 1177 1721 grex
1212 1658 1530 1723 tonsarum,
1594 1669 1726 1725 quae
1773 1658 2049 1716 ascende-

339 1736 479 1787 runt
508 1732 577 1789 de
608 1732 836 1793 lavacro
894 1736 1068 1807 (Cant.
1110 1739 1209 1808 IV).
1248 1764 1271 1789 υ

337 1823 517 1880 sancti
569 1833 891 1885 noscuntur
930 1844 1055 1886 esse
1094 1830 1320 1888 doctore

638 1938 650 1971 :
688 1941 713 1963 «
746 1915 928 1974 Macta
974 1923 1029 1974 et
1068 1919 1352 1977 manduca
1381 1922 1522 1991 (Act.
1559 1925 1639 1994 X).
1677 1944 1703 1976 »
1758 1925 1840 1983 Ac
1867 1927 1911 1984 si
1949 1928 2042 1985 di-

334 2006 529 2059 ceret:
567 2003 657 2060 Ab
688 2021 755 2063 eo
802 2006 958 2078 quod
1000 2014 1154 2078 sunt,
1212 2009 1401 2081 gladio
1452 2010 1721 2085 Spiritus,
1774 2016 1882 2074 hoc
1936 2025 2038 2089 est,

335 2090 512 2148 verbo
567 2094 997 2166 praedicationis
1051 2098 1244 2156 occide
1298 2107 1353 2156 et
1412 2100 1472 2158 in
1523 2119 1735 2177 corpus
1795 2108 2045 2166 transfer

334 2175 625 2236 Ecclesia}.
660 2181 870 2240 Dentes
898 2184 1075 2257 igitur
1101 2202 1326 2259 sponsae
1360 2198 1495 2248 sunt
1533 2175 1791 2250 doctores
1836 2197 2039 2267 sancti,

328 2267 429 2340 qui
457 2270 734 2340 quoniam
763 2273 1055 2346 simplices
1090 2292 1189 2348 per
1216 2278 1612 2338 innocentiam
1644 2290 1807 2354 sunt,
1836 2292 1891 2343 et
1913 2301 2044 2344 om-

333 2358 429 2413 nia
460 2359 856 2435 relinquentes
888 2365 1228 2423 facultatum
1259 2383 1499 2427 suarum
1542 2370 1857 2431 velleribus
1905 2382 2041 2433 sunt

326 2449 509 2520 exuti,
570 2466 635 2507 ac
691 2454 837 2510 sacri
900 2455 1262 2529 baptismatis
1320 2460 1477 2517 unda
1522 2463 1832 2535 puriticati,
1892 2466 2040 2525 sicut

324 2552 466 2609 grex
498 2546 793 2601 tonsarum
825 2550 979 2611 sunt,
1023 2561 1159 2619 quas
1191 2549 1579 2608 ascenderunt
1610 2552 1679 2610 de
1710 2553 1961 2614 lavacro.

399 2761 424 2783 «
459 2737 583 2797 Duo
614 2740 791 2800 ubera
824 2747 921 2801 tua
948 2745 1095 2803 sicut
1127 2745 1241 2804 duo
1287 2746 1522 2808 hinnuli
1548 2765 1769 2824 capreae
1800 2754 2033 2825 gemelli

321 2827 504 2893 (Cant.
538 2836 641 2895 IV).
680 2855 701 2883 υ
743 2832 905 2892 Sicut
937 2836 1096 2893 enim
1124 2837 1241 2895 duo
1273 2839 1452 2897 ubera
1496 2842 1612 2899 duo
1640 2850 1781 2901 sunt
1825 2845 2029 2903 Testa-

321 2923 550 3006 menta;
586 2920 663 2978 ita
692 2921 804 2981 duo
846 2924 1103 2997 hinnuli,
1154 2928 1271 2986 duo
1303 2930 1503 3003 populi
1552 2938 1707 3006 sunt,
1758 2934 2029 2994 Ecclesiae

322 3004 451 3076 ﬁlii,
482 3006 757 3068 Judaicus
788 3012 1005 3071 scilicet
1034 3020 1089 3072 et
1118 3019 1374 3089 gentilis.

972 3124 1217 3186 CAPUT
1250 3130 1379 3189 XII.

682 3216 773 3269 Ea:
796 3230 1035 3271 sermone
1061 3219 1121 3272 in
1145 3222 1325 3274 natali
1349 3224 1646 3291 virginum.

396 3306 591 3365 «Tota
648 3311 888 3384 pulchra
961 3330 1045 3381 es,
1113 3316 1299 3374 amica
1361 3334 1525 3390 mea;
1602 3327 1716 3382 tota
1783 3328 2026 3399 pulchra

316 3395 490 3467 (Cant.
554 3400 651 3473 IV),
683 3426 705 3450 ο
766 3403 1016 3463 interius
1063 3406 1280 3465 scilicet
1329 3416 1385 3467 et
1430 3413 1707 3473 exterius.
1755 3395 1917 3476 Foris
1961 3421 2025 3479 in

313 3489 658 3559 perfectione
721 3494 859 3551 clari
921 3497 1128 3569 operis,
1204 3498 1554 3562 intrinsecus
1603 3505 1664 3563 in
1735 3511 2022 3571 munditia

315 3577 646 3647 purissimae
675 3582 1059 3655 cogitationis.

938 3688 1184 3749 CAPUT
1233 3693 1390 3752 XIII.

596 3780 661 3833 1n
692 3793 933 3836 sermone
972 3782 1037 3836 de
1067 3784 1165 3839 SS.
1210 3787 1373 3841 Flora
1403 3792 1455 3842 et
1489 3791 1723 3849 Lucina.

393 3892 414 3920 ι
445 3870 821 3930 Coronaberis
858 3875 929 3932 de
971 3876 1183 3935 vertice
1222 3876 1413 3948 Sanir,
1450 3882 1521 3940 de
1561 3885 1745 3957 capite
1793 3889 2021 3951 Amana

316 3960 371 4014 et
426 3957 702 4029 Hermon,
776 3961 846 4019 de
901 3964 1199 4024 cubilibus
1254 3969 1512 4039 leonum,
1577 3973 1647 4031 de
1723 3980 2023 4041 montibus

314 4046 625 4134 pardorum
659 4052 838 4116 (Cant.
890 4060 999 4121 IV).
1033 4078 1059 4102 »
1107 4056 1333 4115 Amana
1380 4060 1668 4134 siquidem
1722 4082 1891 4127 mons
1935 4079 2023 4130 est

313 4132 551 4227 Ciliciae,
585 4138 688 4210 qui
718 4145 773 4196 et
799 4140 1027 4201 Taurus
1054 4160 1086 4201 a
1108 4132 1509 4219 compluribus
1539 4154 1883 4227 appellatur.
1915 4161 2017 4220 Sa-

314 4221 409 4278 nir
436 4239 570 4283 vero
600 4233 655 4284 et
700 4227 979 4301 Hermon,
1025 4231 1285 4292 Judaicze
1316 4243 1481 4297 terrae
1513 4221 1737 4301 montes
1770 4255 1925 4318 sunt,
1960 4251 2021 4309 in

313 4310 526 4383 quibus
576 4315 769 4374 leones
812 4324 869 4374 et
906 4320 1069 4391 pardi
1102 4322 1362 4381 habitare
1391 4326 1726 4389 creduntur.
1777 4333 1883 4391 Per
1909 4310 2020 4396 hos

314 4416 450 4472 ergo
497 4411 739 4490 montes,
786 4422 948 4480 reges
976 4416 1031 4464 et
1078 4412 1368 4486 principes
1411 4415 1773 4490 diversaeque
1808 4425 2017 4483 mundi

2144 568 2361 622 aeterna
2385 564 2628 638 praemia
2658 564 2880 638 recipit.

2770 691 3014 751 CAPUT
3055 693 3207 752 XIV.

2492 782 2584 836 Ea:
2622 796 2861 837 sermone
2889 784 2948 839 in
2976 786 3157 839 natali
3183 785 3480 853 virginum.

2213 898 2238 925 α
2272 875 2474 949 Surge,
2533 877 2767 951 Aquilo,
2823 886 2879 936 et
2923 882 3078 949 veni,
3116 890 3330 948 auster,
3383 882 3561 954 perﬂa
3604 884 3857 943 hortum

2138 979 2354 1034 meum,
2397 973 2453 1023 et
2500 967 2683 1024 ﬂuent
2730 977 2984 1027 aromata
3036 970 3196 1028 illius
3246 973 3424 1038 (Cant.
3474 978 3579 1041 IV).
3614 995 3641 1023 ιι
3708 973 3854 1042 Quid

2134 1071 2236 1128 per
2281 1056 2652 1128 Aquilonem,
2699 1058 2801 1133 qui
2844 1060 3126 1119 nimirum
3179 1068 3387 1119 ventus
3439 1070 3523 1119 est
3569 1062 3852 1134 frigidus,

2136 1144 2249 1201 nisi
2276 1145 2687 1215 persecutionis
2707 1148 3027 1220 asperitas?
3058 1147 3207 1217 Quid
3237 1165 3336 1222 per
3355 1149 3536 1207 austri
3562 1156 3686 1207 tem
3695 1166 3849 1223 pora,

2136 1234 2250 1291 nisi
2281 1234 2430 1291 male
2456 1235 2881 1295 blandientium
2905 1239 3169 1297 remissio
3199 1240 3532 1313 designatur
3557 1242 3585 1295 ?
3613 1241 3739 1301 Sed
3774 1242 3853 1298 in-

2138 1330 2221 1381 ter
2264 1326 2568 1398 utriusque
2617 1330 3035 1402 persecutionis
3088 1346 3321 1403 genera,
3388 1333 3541 1389 inter
3593 1339 3851 1407 utraque

2137 1414 2379 1487 maligni
2422 1417 2661 1489 spiritus
2690 1425 3033 1490 argumenta
3070 1419 3438 1478 ecclesiastici
3464 1421 3620 1478 horti
3663 1421 3849 1478 ﬂuere

2130 1501 2410 1573 jubentur
2439 1511 2713 1575 aromata,
2741 1506 2882 1578 quia
2908 1506 3073 1565 fortis
3102 1508 3338 1566 animus
3372 1508 3522 1567 inter
3560 1510 3695 1567 haec
3721 1525 3844 1567 cer-

2135 1592 2350 1650 tamina
2386 1594 2779 1667 deprehensus
2833 1598 3014 1671 aperit
3044 1599 3331 1673 quidquid
3385 1601 3624 1672 virium,
3662 1601 3841 1675 quid-

2131 1680 2274 1754 quid
2304 1681 2459 1753 tidci,
2493 1684 2776 1759 quidquid
2806 1685 3041 1745 invictae
3088 1688 3451 1747 fortitudinis
3478 1697 3727 1747 eatenus
3753 1703 3839 1748 oc-

1329 1739 1502 1798 Porro
1546 1741 1746 1801 dentes
1775 1740 2048 1805 Ecclesia:

2207 1772 2391 1845 ltavit,
2432 1739 2693 1832 etjvelut
2725 1784 2982 1835 aromata
3025 1778 3177 1837 foras
3222 1781 3535 1852 profluunt,
3577 1779 3725 1838 dum
3766 1781 3834 1837 ad

1323 1848 1349 1887 S
1420 1848 1675 1942 9110:2111
1722 1836 1911 1942 P1211119
2067 1835 2451 1918 Bhumanain
2478 1863 2740 1922 notitiam
2773 1866 3021 1923 virtutes
3051 1835 3337 1939 prodeitnt
3364 1884 3432 1928 ac
3458 1868 3571 1942 pia:
3598 1870 3836 1941 opinio-

2129 1950 2221 2009 nis
2252 1952 2455 2010 odores
2481 1953 2654 2028 longe
2678 1954 2908 2029 lateque
2934 1956 3294 2017 diﬂ‘undunt.

2775 2079 3019 2139 CAPUT
3063 2081 3189 2142 XV.

2200 2198 2226 2226 ‹‹
2261 2176 2380 2249 Ego
2426 2176 2671 2251 dormio,
2719 2185 2775 2237 et
2817 2197 2916 2239 cor
2953 2197 3149 2240 meum
3180 2181 3402 2256 vigilat.
3458 2180 3587 2240 Vox
3635 2178 3832 2240 dilecti

2124 2265 2237 2321 mei
2278 2265 2605 2338 pulsantis:
2642 2269 2837 2342 Aperi,
2896 2284 3057 2327 soror
3094 2286 3240 2341 mea,
3294 2272 3481 2330 amica
3529 2286 3678 2341 mea,
3728 2285 3829 2328 co-

2122 2352 2323 2411 lumba
2349 2370 2496 2425 mea,
2536 2355 2906 2416 immaculata
2940 2375 3086 2428 mea,
3120 2359 3257 2434 quia
3284 2367 3453 2433 caput
3482 2375 3678 2417 meum
3712 2360 3827 2432 ple«

2123 2458 2267 2500 num
2306 2450 2390 2501 est
2434 2461 2562 2502 rore
2601 2453 2657 2503 et
2693 2447 2954 2505 cincinni
2982 2450 3097 2507 mei
3134 2450 3313 2519 guttis
3348 2450 3605 2507 noctium
3644 2452 3822 2519 (Cant.

2122 2534 2205 2599 v).
2239 2553 2266 2580 »
2319 2530 2467 2590 Dicit
2498 2534 2755 2592 Ecclesia
2790 2559 2802 2593 :
2844 2559 2865 2587 οι
2918 2537 3037 2610 Ego
3076 2538 3319 2607 dormio,
3368 2545 3424 2595 et
3472 2554 3570 2596 cor
3626 2555 3820 2597 meum

2121 2620 2341 2691 vigilat,
2374 2643 2401 2673 n
2441 2622 2577 2695 quia
2629 2624 2895 2683 videlicet
2924 2634 3119 2685 sancta
3155 2643 3318 2685 mens
3347 2643 3463 2701 quo
3516 2643 3578 2685 se
3608 2643 3643 2685 a
3674 2636 3822 2686 stre—

2116 2708 2241 2780 pitu
2280 2711 2613 2782 temporalis
2641 2715 3127 2787 concupiscentize
3150 2715 3495 2790 comprimit,
3525 2732 3593 2775 eo
3623 2716 3821 2774 verius

2115 2796 2341 2855 interna
2368 2802 2689 2873 cognoscit;
2726 2809 2781 2861 et
2810 2810 2964 2862 tanto
2991 2806 3061 2863 ad
3092 2805 3304 2862 intima
3334 2804 3554 2878 vigilat,
3599 2813 3823 2877 quanto

2113 2902 2173 2944 se
2202 2888 2273 2946 ab
2302 2892 2575 2949 exteriori
2618 2892 3025 2965 inquietudine
3076 2894 3317 2954 solerter
3370 2895 3637 2953 occultat.
3674 2895 3822 2952 Dor-

2114 2977 2219 3034 mit
2253 2978 2443 3053 itaque
2474 2996 2682 3053 sponsa
2702 3000 2738 3041 a
2764 2985 3008 3057 negotiis
3024 2991 3079 3043 et
3105 2986 3566 3059 concupiscentia
3593 2986 3817 3057 saeculi,

2113 3069 2213 3126 sed
2260 3078 2486 3142 apertos
2536 3080 2709 3145 atque
2757 3076 3063 3148 pervigiles
3117 3081 3269 3134 tenet
3314 3076 3507 3133 oculos
3547 3076 3609 3133 in
3670 3084 3819 3135 aestu

2047 3159 2328 3253 Gamoris
2372 3160 2495 3218 Dei.
2555 3161 2664 3220 Sed
2720 3164 2857 3237 quia
2905 3181 3021 3223 non
3062 3173 3146 3223 est
3204 3166 3313 3224 hoc
3351 3173 3572 3238 tempus
3626 3164 3818 3237 plenae

2111 3249 2343 3321 quietis,
2376 3251 2471 3308 sed
2502 3251 2713 3310 laboris
2742 3254 2931 3326 potius
2964 3261 3139 3328 atque
3179 3256 3530 3325 certaminis,
3580 3264 3816 3329 repente

2108 3335 2353 3395 dilectus
2423 3340 2636 3399 ostium
2702 3343 2911 3415 pulsat,
2986 3360 3231 3419 eamque
3301 3346 3371 3403 ad
3449 3344 3813 3418 procinctum

2107 3428 2447 3485 conserendi
2476 3429 2614 3487 belli
2640 3433 2762 3489 suis
2800 3433 3299 3493 exhortationibus
3332 3436 3584 3492 excitat:
3632 3460 3659 3481 α
3688 3433 3813 3491 Vox

2105 3515 2335 3589 inquit,
2390 3519 2582 3578 dilecti
2643 3523 2758 3580 mei
2827 3524 3131 3595 pulsantis.
3194 3547 3218 3575 ι
3278 3524 3475 3583 Pulsat
3516 3524 3807 3592 dilectus,

2105 3620 2237 3662 cum
2265 3607 2464 3667 ﬁdeles
2514 3626 2651 3668 suos
2700 3620 2969 3685 provocat
3006 3614 3274 3672 Christus
3311 3622 3410 3671 aut
3458 3615 3528 3672 ad
3562 3629 3811 3672 suarum

2105 3696 2463 3757 incrementa
2494 3701 2797 3773 virtutum,
2830 3712 2931 3763 aut
2960 3712 3111 3762 certe
3138 3706 3211 3763 ad
3240 3705 3555 3764 lucrandas
3581 3707 3812 3763 animas

2105 3788 2527 3859 proximorum.
2596 3792 2827 3865 «Aperi
2882 3794 3051 3864 mihi,
3118 3810 3279 3853 soror
3363 3812 3504 3853 mea.
3546 3817 3573 3844 ιι
3635 3793 3810 3853 Soror

2104 3878 2326 3950 utique,
2361 3880 2497 3953 quia
2536 3881 2699 3952 regni
2746 3883 2861 3940 mei
2904 3884 3051 3940 mihi
3102 3886 3355 3942 cohaeres
3388 3885 3608 3951 effecta,
3644 3892 3701 3941 et
3745 3884 3809 3941 in

2104 3966 2531 4027 necessitudine
2612 3972 2759 4029 mihi
2867 3973 3133 4033 fraternas
3206 3974 3529 4047 adoptionis
3607 3975 3806 4033 ascita.

2109 4081 2135 4109 α
2165 4061 2367 4119 Amica
2430 4077 2577 4134 mea,
2610 4087 2631 4113 ι
2720 4064 2858 4137 quia
2909 4066 2980 4123 de
3051 4067 3191 4140 jugo
3268 4066 3563 4123 servitutis
3612 4072 3810 4138 erepta

2103 4150 2422 4222 cognovisti
2466 4168 2611 4210 mete
2650 4153 2908 4211 veritatis
2953 4170 3180 4212 arcana.
3219 4178 3243 4204 α
3282 4153 3562 4213 Columba
3594 4171 3745 4226 mea,
3780 4178 3802 4205 ι

2104 4240 2243 4313 quia
2272 4241 2424 4300 fellis
2449 4244 2838 4304 amaritudine
2879 4261 3085 4317 vacua,
3134 4253 3188 4304 et
3235 4244 3487 4319 Spiritus
3517 4248 3652 4317 mei,
3702 4249 3810 4322 qui

2102 4330 2164 4387 in
2228 4331 2496 4390 columba
2544 4334 2854 4405 descendit,
2916 4337 3066 4395 dono
3120 4337 3317 4396 ditata.
3354 4360 3381 4391 (ι
3425 4337 3809 4397 Immaculata

2101 4432 2249 4486 mea,
2296 4440 2317 4468 ι
2351 4420 2635 4478 effusione
2666 4424 2780 4481 mei
2815 4424 3117 4497 sanguinis
3146 4425 3218 4483 ab
3248 4426 3405 4484 omni
3443 4434 3807 4499 peccatorum

316 4486 491 4558 hujus
520 4487 916 4561 intelligendm
947 4500 1082 4551 sunt
1112 4505 1413 4567 potestates
1439 4523 1452 4569 ;
1490 4519 1623 4577 quae
1650 4486 1812 4565 velut
1849 4526 2079 4609 mon-D
2102 4510 2332 4564 tuorum
2363 4508 2491 4566 labe
2523 4520 2763 4585 purgata
2791 4530 2869 4572 es-
2907 4515 3080 4587 Aperi
3106 4515 3303 4590 itaque
3341 4516 3506 4586 mihi,
3551 4518 3660 4575 hoc
3696 4527 3802 4589 θεῖ»

316 4581 394 4609 me
418 4575 474 4609 in
510 4580 795 4609 onnnnhsm
827 4596 884 4609 ην.
914 4597 1182 4609 mnum“.
1214 4588 1478 4609 “hunc.
1524 4599 1560 4609 _.
1694 4594 1729 4609 ..
1824 4598 1835 4608 .
1969 4602 1979 4609 .
2117 4594 2131 4609 ι
2318 4596 2328 4606 .
2375 4603 2383 4609 .
2534 4605 2542 4609 _
2674 4600 2683 4609 .
2820 4602 2881 4609 -..
3133 4604 3165 4609 --
3197 4605 3206 4609 -
3573 4605 3585 4609 -
3657 4607 3667 4609 μ
3762 4607 3770 4609 ξ

314 4581 396 4633 tes
418 4575 479 4633 in
510 4580 796 4650 superbiae
826 4596 885 4638 se
912 4597 1187 4642 cacumen
1212 4588 1481 4648 attollunt
1509 4575 1566 4650 et
1597 4594 1869 4668 malignis
1895 4575 2079 4675 spi-U
2101 4594 2171 4652 de
2230 4596 2424 4669 quiete
2496 4575 2551 4657 et
2610 4575 2725 4659 otio
2805 4575 3027 4660 dileCIEB
3104 4575 3224 4662 tibi‘
3284 4575 3806 4679 εοηηθιίλριδιὶοῑύὲ

312 4664 524 4761 ritibus
564 4672 841 4761 tanquam
868 4673 1060 4744 pardis
1095 4681 1266 4750 atque
1301 4677 1568 4740 leonibus
1615 4664 2015 4750 habitaculum
2098 4664 2387 4757 egredere,
2444 4692 2498 4744 εἴ
2556 4687 2627 4744 ad
2697 4690 3122 4761 Perhibendum
3204 4693 3429 4753 veritati
3484 4664 3629 4752 m‘e‘B
3689 4664 3805 4752 ιδ’·

308 4754 522 4813 ferunt.
580 4756 847 4818 Perversi
908 4762 1120 4837 quippe
1174 4767 1430 4840 spiritus,
1481 4770 1678 4831 leones
1732 4786 2014 4839 vocantur
2099 4754 2407 4831 ῐὶἶΠΟΠὶΙΠΠ
2462 4754 2885 4835 ἷθΐνθῐηίεδὶωθ
2930 4784 3001 4849 te,
3036 4786 3093 4836 et
3131 4785 3455 4839 Constante?
3504 4781 3801 4855 impende.

307 4852 537 4941 propter
582 4849 1020 4941 crudelitatem;
1072 4851 1215 4910 240
1264 4860 1425 4930 pardi
1469 4870 1684 4933 autem,
1726 4866 1867 4938 quia
1904 4870 2012 4928 hoc
2096 4859 2163 4916 2‘-

2206 4861 2234 4915 1
2269 4886 2295 4914 α
2336 4862 2481 4933 Quia
2535 4870 2709 4936 caput
2750 4880 2947 4926 meum
2988 4867 3228 4941 plenum
3256 4874 3341 4926 est
3388 4884 3537 4940 rore,
3592 4849 3651 4927 et
3678 4873 3806 4929 ein-

307 4935 524 4993 animal
582 4939 728 4997 varii
789 4941 997 5000 coloris
1054 4952 1159 5017 est,
1239 4956 1468 5022 propter
1525 4935 1879 5027 deceptionis
1948 4976 2016 5019 ac
2098 4954 2256 5012 cinni
2305 4954 2420 5013 mei
2456 4935 2636 5027 guttis
2670 4956 2947 5015 noctium.
2988 4935 3228 5033 ;Caput
3256 4957 3467 5017 Christi
3503 4935 3661 5019 Deus
3699 4970 3808 5035 est,

308 5025 529 5083 fraudis
560 5029 971 5089 multimodam
1002 5034 1358 5095 varietatem.
1393 5039 1474 5097 De
1505 5042 1597 5100 his
1630 5025 1765 5118 ergo
1798 5051 2012 5109 monti-
2096 5051 2160 5103 ut
2195 5045 2332 5103 dicit
2380 5025 2689 5118 Apostolus
2719 5048 2763 5120 (Ι
2795 5050 2913 5105 Cor.
2958 5049 3074 5121 x1);
3108 5025 3364 5108 cincinni
3407 5065 3543 5108 vero
3578 5025 3810 5110 intima:

306 5115 414 5173 bus
446 5118 535 5175 vel
582 5135 833 5194 quaeque
878 5122 1068 5182 ﬁdelis
1096 5126 1315 5198 anima,
1364 5129 1455 5187 vel
1485 5140 1680 5192 sancta
1698 5115 2013 5198 coronatur
2095 5115 2845 5209 sanctorum—cogitationes
2881 5144 3052 5206 sunt;
3100 5154 3237 5213 (ιυῶ
3280 5155 3394 5197 D011
3426 5138 3579 5197 laxa?
3612 5142 3811 5199 Πυυυῐ

306 5204 579 5279 Ecclesia,
612 5211 844 5283 quando
871 5213 1069 5273 saeculi
1101 5216 1388 5293 principes
1414 5226 1693 5282 convertit
1716 5227 1787 5284 ad
1809 5229 2004 5300 tidem,
2094 5230 2149 5280 8t
2177 5224 2491 5296 diSSOIUVB.
2535 5204 2635 5283 5in
2663 5224 2887 5284 timoris
2915 5233 2969 5283 θῐ
3000 5228 3216 5285 amoris
3262 5227 3363 5286 Πθί
3392 5234 3529 5286 sunt
3569 5230 3809 5288 νὶηοιιιο

306 5293 397 5392 vel
439 5294 509 5351 ad
559 5304 773 5357 sanctae
814 5306 1272 5366 conversationis
1329 5311 1526 5385 dirigit
1577 5293 2002 5374 rectitudinem.
2090 5314 2389 5388 colligatee.
2438 5293 2751 5374 Enimvero
2792 5316 2932 5390 quid
2979 5332 3083 5390 per
3132 5334 3320 5376 rorem
3361 5324 3417 5375 et
3464 5326 3654 5392 guttas
3704 5336 3807 5377 no-

303 5380 620 5443 Coronatur
666 5394 880 5461 autem,
918 5394 1007 5451 vel
1042 5396 1177 5470 quia
1225 5414 1326 5471 pro
1354 5380 1650 5475 apportato
1682 5418 1880 5460 eorum
1914 5404 2005 5463 lu-
2085 5380 2292 5474 'ctium,
2343 5403 2457 5461 nisi
2504 5380 2830 5461 tenebrosae
2880 5411 2935 5462 et
2984 5404 3222 5479 frigidas
3266 5407 3653 5479 quorumdam
3717 5426 3808 5467 re-

302 5484 397 5524 cro
452 5485 856 5537 remuneratur
908 5496 941 5537 a
987 5480 1230 5557 Christo,
1274 5488 1365 5545 vel
1406 5490 1479 5547 ab
1526 5491 1742 5549 eisdem
1793 5494 2008 5568 quibus
2090 5494 2403 5567 proborum
2455 5501 2673 5553 mentes
2717 5494 3079 5568 accipimus?
3118 5494 3302 5568 Caput
3332 5512 3465 5571 ergo
3508 5500 3707 5569 sponsi
3748 5501 3804 5557 in

300 5562 464 5651 antea
506 5566 892 5638 premebatur,
934 5570 1248 5632 honoratur
1285 5575 1346 5633 in
1386 5578 1618 5637 saeculo.
1663 5562 2000 5654 Coronatur,
2088 5562 2348 5656 reprobis
2395 5583 2633 5656 plenum
2664 5589 2749 5640 est
2800 5599 2945 5653 rore,
2996 5598 3128 5641 cum
3179 5584 3483 5642 saeculares
3502 5586 3735 5660 quique
3774 5603 3807 5646 a

300 5642 560 5751 inquam,
592 5652 662 5708 de
695 5656 987 5718 cubilibus
1015 5662 1249 5722 leonum
1266 5670 1321 5723 et
1344 5668 1638 5727 montibus
1668 5642 1999 5744 pardorum,
2083 5642 2188 5732 Dei
2230 5674 2505 5731 charitate
2540 5682 2869 5747 torpescunt
2901 5682 2953 5733 et
2993 5691 3094 5749 per
3145 5676 3507 5751 voluptatum
3560 5695 3809 5739 suarum

296 5736 526 5809 quando
571 5745 853 5814 SUPerOS
890 5764 1152 5826 quosque
1199 5761 1374 5831 atque
1403 5757 1628 5819 dolosos
1665 5736 1834 5820 asua
1864 5736 1996 5836 pra;
2080 5762 2376 5823 lasciviam
2432 5736 2717 5836 deﬂuunt,
2770 5764 2943 5840 juxta
2986 5736 3047 5823 id
3104 5765 3261 5840 quod
3290 5736 3613 5828 Dominus,
