4058 6178
115 354 141 412 1
155 352 263 412 149
1484 331 1564 391 ΙΝ
1603 329 1803 390 ΟᾹΝΤῘ

2002 322 2254 390 ANTIC.
2555 397 2558 401 ,
3482 305 3620 370 1150

191 496 220 530 α
239 471 577 534 Abundabit
590 469 970 544 iniquitas,ﬁet
988 463 1320 537 refrigescet.
1337 457 1587 518 Charitas
1612 454 1803 514 multo

2433 490 2435 492 .
2521 439 2765 500 CAPUT
2822 437 3005 498 XVII.

110 532 520 632 rum—Iwatth.
554 532 749 630 XXIV).
782 580 810 612 »
841 532 1194 631 Hujusmodi
1221 551 1392 626 plane
1427 564 1560 608 cum
1603 553 1827 605 sanctos
1982 567 2010 602 «
2039 545 2202 608 Oculi
2238 546 2364 620 ejus
2393 543 2541 602 sicut
2580 537 2887 632 columbae-
2910 549 3083 632 super
3114 532 3278 632 rivos
3305 545 3614 632 aquarum,

753 657 809 708 et
863 617 1070 708 odiunt
1117 647 1181 703 in
1222 617 1482 700 -illorum
1557 635 1827 695 cordibus
1907 653 2041 713 quze
2087 635 2230 694 lacte
2263 617 2400 692 sunt
2453 631 2602 701 Ioue,
2636 635 2692 687 et
2739 624 2992 684 resident
3038 623 3207 728 juxta
3244 622 3475 728 llue'ntal
3504 617 3622 718 plo-

108 709 316 820 quasir
339 709 594 803 cincinni
641 741 835 816 sponsi
884 740 1062 813 guttis
1109 735 1368 796 noctium
1432 729 1588 806 pleni
1650 731 1823 796 sunt;
1908 709 2150 785 nissima
2179 726 2358 791 (Cant.
2392 723 2466 794 v).
2509 745 2533 769 ιι
2573 718 2768 778 Sancti
2799 716 3014 788 quippe
3052 713 3309 820 dnoctores
3351 709 3621 767 Ecclesia;

111 800 371 908 Eumque
419 832 560 891 tales
593 800 1079 904 multiplicantur
1124 830 1178 884 et
1226 800 1540 882 Ecclesiam
1569 831 1830 893 persecu-
1905 816 2074 890 juxta
2125 814 2340 871 ﬂuenta
2387 808 2722 883 plenissima
2770 805 3020 862 resident
3073 800 3622 874 Scripturarum,ex

111 886 379 985 tionibus
405 930 741 998 aggravant,
776 886 912 981 :an
947 921 1202 992 Sponsus
1241 928 1513 987 sponsam
1555 909 1827 967 exhorta-
1906 886 2125 980 quibus
2175 901 2460 960 nimirum
2503 897 2918 956 exuberantem
2972 891 3083 965 ipsi
3137 905 3290 947 verae
3327 886 3623 960 sapientia:

112 1019 214 1074 tur
251 1021 318 1072 ut
356 977 555 1087 $11!?th
602 1018 658 1070 et
697 977 890 1069 studio
925 977 1411 1083 prievaricationis
1442 999 1696 1057 valenter
1733 997 1827 1054 in-
1910 977 2199 1070 gurgitem
2228 991 2524 1060 hauriunt,
2561 995 2616 1046 et
2668 982 3032 1044 auditoribus
3061 981 3186 1040 suis
3215 977 3472 1053 mysterii
3503 991 3621 1034 cce-

112 1105 301 1164 sistat.
330 1105 401 1163 Et
430 1078 640 1177 sponsa
683 1102 753 1160 ad
795 1078 973 1159 eum—z
1018 1121 1039 1148 σι
1083 1093 1421 1169 Exspoliavi
1472 1107 1584 1161 me,
1614 1086 1824 1161 inquit,
1912 1085 2069 1145 lestis
2089 1099 2298 1143 arcana
2328 1078 2760 1139 transfundunt.

111 1195 317 1254 tunica
356 1210 501 1262 mea,
537 1191 822 1267 quomodo
848 1190 1089 1249 induam
1120 1187 1320 1244 illam?
1358 1207 1378 1234 ι
1427 1185 1604 1252 (Cant.
1638 1183 1723 1247 V.)
1751 1177 1832 1234 Ac

112 1285 165 1342 si
208 1285 361 1342 dicat
393 1308 405 1342 :
436 1283 590 1342 Exui
618 1298 709 1340 me
742 1282 897 1341 curis
924 1285 980 1338 et
1017 1273 1489 1351 occupationibus
1529 1268 1729 1329 saeculi
1779 1271 1834 1323 et

110 1374 178 1433 in
211 1374 333 1433 solo
381 1389 476 1433 me
511 1379 629 1432 tUEB
667 1370 1170 1444 contemplationis
1215 1381 1410 1425 amore
1457 1358 1783 1422 constrinxi
1815 1377 1828 1416 :

2517 1198 2759 1258 CAPUT
2803 1196 3013 1256 XVIII.

2018 1299 2083 1354 In
2111 1307 2350 1350 sermone
2377 1291 2444 1346 de
2479 1292 2539 1348 S.
2565 1293 2770 1346 Joanne
2800 1289 3043 1359 apostolo
3073 1290 3124 1341 et
3161 1285 3517 1354 evangelista.

1989 1421 2016 1445 α
2049 1394 2262 1452 Venter
2284 1392 2410 1465 ejus
2439 1390 2752 1461 eburneus,
2784 1388 3091 1446 distinctus
3128 1383 3414 1459 sapphiris
3443 1385 3622 1455 (Cant.

114 1465 410 1556 quomOdo
440 1480 598 1556 mm}:
632 1463 1010 1556 discursiopis
1039 1461 1148 1520 iter
1182 1454 1508 1556 mima?”
1542 1451 1832 1556 (ἷξοῐξῖοάῗ
1914 1489 1999 1556 v).
2032 1508 2057 1535 η
2086 1482 2155 1540 111
2202 1451 2481 1540 membris
2521 1451 3018 1551 nempe'bumani
3073 1451 3343 1548 corporis,
3374 1451 3480 1530 vis
3516 1472 3624 1528 ali-

115 1555 394 1628 strepitus
444 1559 500 1612 et
552 1553 845 1611 luctamen
893 1549 1337 1624 obloquentium
1389 1543 1623 1604 feram?
1672 1543 1803 1612 Quot

114 1647 316 1702 autem
403 1643 598 1700 tunica
678 1657 846 1700 curas
931 1636 1471 1702 sollicitudinesque
1529 1629 1803 1702 signiﬁcet

2002 1574 2056 1632 id
2072 1580 2276 1632 ventre
2301 1569 2566 1645 fragilius
2594 1568 2716 1626 sive
2739 1565 2996 1624 tenerius
3015 1564 3346 1632 invenitur;
3380 1561 3626 1634 ideoque

2002 1680 2017 1695 η
2085 1669 2342 1702 vnntrnm
2427 1664 2578 1702 moto.
2644 1656 2923 1702 fmailitas
2987 1654 3045 1702 in
3112 1652 3338 1702 Christo
3396 1663 3624 1702 assum-

1359 1650 1471 1737 mlle
1500 1634 1831 1737 ,εἮΨῘωΫξ
1917 1634 2017 1737 per
2085 1669 2348 1720 ventrem
2390 1634 2578 1717 vrecte
2644 1656 2923 1728 fragilitas
2987 1654 3050 1711 in
3112 1652 3338 1711 Christo
3396 1663 3624 1708 assum-

117 1732 372 1828 qstendi.‘
400 1732 683 1828 Domi?“
725 1746 859 1828 09m
889 1729 1047 1828 .diCit
1077 1747 1090 1786 ⁵
1127 1747 1155 1780 ί(
1184 1724 1384 1828 om?
1409 1729 1552 1828 ίῗίξίο
1579 1727 1894 1828 ῗεξζξξοη-
1917 1724 2030 1827 ptas
2069 1750 2450 1809 humanitatis
2487 1724 2785 1822 accipitur.
2819 1747 2980 1803 Ebur
3017 1748 3211 1802 autem
3261 1759 3325 1800 os
3367 1747 3452 1799 est
3507 1740 3625 1798 ele-

119 1821 432 1916 “scindat
509 1820 710 1916 mlier?
777 1817 1036 1916 tumcf“).
1092 1831 1256 1916 893?]
1295 1815 1522 1916 .(Matfh’
1579 1809 2172 1916 gyptIBi—Ibantis,
2205 1840 2361 1914 quod
2406 1809 2674 1897 videlicet
2720 1834 2939 1894 animal
2988 1837 3171 1892 fertur
3218 1847 3341 1890 esse
3379 1829 3630 1889 castissi-

121 1912 283 1986 quod
310 1916 395 1970 est
438 1917 630 1984 aperte
655 1910 846 1968 dicere
883 1928 894 1965 :
930 1907 1041 1976 Qui
1072 1903 1310 1963 sublimi
1339 1897 1841 1972 contemplationis

122 2017 257 2060 arce
311 2001 627 2062 subnititur
698 2013 1068 2072 nequaquam
1127 1993 1456 2062 descendat,
1517 1999 1580 2049 ut
1627 1991 1841 2048 iterum

123 2091 426 2151 saecularis
468 2089 683 2165 negotii
718 2085 1196 2161 occupationibus
1241 2082 1592 2155 implicetur.
1633 2105 1654 2130 -
1695 2078 1841 2136 Lavi

126 2183 304 2258 pedes
356 2198 534 2252 meos,
565 2181 854 2256 quomodo
900 2177 1220 2253 inquinabo
1267 2173 1400 2232 illos
1426 2172 1454 2230 ?
1479 2196 1505 2221 ››
1537 2174 1715 2237 (Cant.
1752 2174 1838 2238 v.)

127 2274 196 2333 Id
220 2280 325 2346 est,
357 2289 588 2347 gressus
612 2273 729 2330 mei
757 2271 946 2344 operis
979 2268 1053 2326 ab
1084 2263 1412 2338 aspersione
1469 2259 1679 2318 terreni
1706 2258 1841 2333 pul-

129 2365 284 2423 veris
319 2364 514 2438 dignis
544 2359 898 2436 pmnitentize
930 2357 1161 2416 ﬂetibus
1187 2353 1370 2423 ablui,
1403 2365 1518 2425 quo
1544 2356 1705 2425 pacto
1724 2349 1843 2423 jam

132 2462 350 2528 potero,
385 2455 499 2512 nisi
535 2453 754 2528 quibus
792 2456 1018 2509 assueta
1059 2463 1211 2516 sum,
1243 2443 1499 2504 coelestia
1523 2438 1844 2500 meditari?

141 2545 552 2603 Verumtamen
600 2540 890 2614 postponit
936 2533 1434 2608 contemplationis
1480 2531 1743 2607 requiem
1789 2533 1846 2585 et

136 2633 207 2691 ad
256 2633 543 2691 fervorem
594 2629 940 2690 obedientize
997 2627 1351 2685 intrinsecus
1411 2637 1652 2681 accensa
1706 2635 1845 2678 mox

134 2721 417 2798 perhibet,
474 2721 670 2778 dicens
722 2744 734 2778 :
784 2743 813 2771 α
860 2718 1114 2778 Dilectus
1168 2730 1335 2773 meus
1392 2713 1550 2772 misit
1604 2725 1848 2770 manum

133 2828 301 2871 suam
339 2827 440 2884 per
476 2811 741 2869 foramen
781 2815 836 2868 et
868 2816 1071 2867 venter
1110 2822 1276 2866 meus
1308 2804 1614 2863 intremuit
1650 2803 1720 2862 ad
1761 2808 1847 2860 ta-

133 2907 291 2960 ctum
333 2901 459 2974 ejus
503 2903 706 2974 (Ibid.).
762 2924 783 2953 ι
827 2899 1082 2958 Dilectus
1124 2899 1296 2971 plane
1341 2912 1581 2955 manum
1618 2911 1719 2969 per
1765 2894 1850 2951 fo-

135 3006 338 3048 ramen
389 2988 565 3046 mittit
619 2995 673 3046 et
732 2995 987 3047 ventrem
1018 2988 1223 3061 tangit,
1254 3001 1388 3044 cum
1440 2985 1663 3043 occulta
1711 2982 1854 3041 Con-

135 3081 287 3140 ditor
366 3080 746 3154 inspiratione
797 3096 894 3138 cor
940 3079 1136 3136 visitat
1211 3083 1385 3151 atque
1446 3076 1516 3133 ad
1610 3089 1855 3147 agonem

1920 1948 2081 1991 mum
2151 1929 2663 2004 frigidissimaeque
2701 1934 2946 1984 naturae.
2995 1925 3208 1982 Venter
3255 1938 3390 1994 ergo
3439 1919 3634 1995 sponsi

1922 2023 2214 2080 eburneus
2249 2026 2354 2089 est,
2393 2019 2529 2093 quia
2566 2022 2826 2092 suscepta
2860 2013 3260 2088 Redemptoris
3298 2010 3634 2070 humanitas

1922 2114 1994 2172 ab
2039 2113 2200 2171 omni
2237 2117 2598 2186 peccatorum
2641 2108 2904 2182 contagio
2956 2112 3110 2166 casta
3160 2120 3398 2180 prorsus
3448 2109 3503 2162 et
3547 2102 3638 2160 in-
3722 2173 3723 2176 η

1923 2201 2135 2260 violata
2180 2201 2514 2272 permansit.
2569 2198 2872 2272 Siquidem
2921 2219 2946 2246 α
2978 2203 3276 2271 peccatum
3321 2208 3437 2252 non
3481 2190 3636 2263 fecit,

1923 2306 2030 2348 nec
2103 2290 2272 2347 dolus
2346 2288 2622 2345 inventus
2645 2288 2820 2344 estin
2869 2301 2967 2343 ore
3014 2285 3140 2359 ejus
3196 2288 3245 2352 (Ι
3265 2287 3411 2340 Petr.
3464 2285 3549 2350 II).
3611 2300 3633 2328 ιι

1929 2384 2247 2457 Sapphirus
2297 2386 2492 2439 autem
2538 2377 2685 2452 lapis
2729 2381 2814 2435 est
2861 2375 3051 2434 sereni
3090 2374 3220 2432 coeli
3250 2375 3498 2432 colorem
3536 2372 3638 2429 lia-

1928 2476 2093 2532 bens.
2131 2471 2298 2530 Unde
2355 2477 2411 2528 et
2456 2470 2519 2527 in
2565 2468 2786 2527 visione
2832 2467 3066 2526 Domini
3121 2467 3379 2524 dicitur:
3432 2485 3454 2515 ι
3508 2463 3642 2521 Erat

1926 2565 2034 2625 sub
2078 2561 2322 2636 pedibus
2368 2561 2495 2634 ejus
2545 2559 2712 2635 quasi
2758 2575 2904 2632 opus
2951 2557 3156 2632 lapidis
3195 2554 3568 2630 sapphirinis,
3586 2557 3643 2610 et

1927 2655 2096 2732 quasi
2131 2655 2343 2712 ccelum
2383 2669 2518 2711 cum
2562 2668 2834 2711 serenum
2884 2657 2968 2708 est
3005 2652 3208 2720 (Emod.
3241 2652 3440 2716 XXIV).
3477 2670 3503 2698 »
3536 2645 3643 2704 Per

1929 2747 2230 2821 sapphiros
2284 2759 2420 2816 ergo
2472 2760 2647 2817 opera
2696 2742 3020 2802 divinitatis
3043 2740 3475 2814 intelliguntur,
3509 2751 3644 2810 quas

1932 2837 1994 2896 in
2043 2851 2215 2894 carne
2259 2833 2542 2894 Dominus
2592 2832 2947 2891 ostendebat.
3001 2830 3216 2888 Venter
3265 2842 3399 2900 ergo
3451 2823 3648 2898 sponsi

1934 2929 2241 2987 distinctus
2295 2933 2417 2984 erat
2475 2924 2780 2999 sapphiris,
2836 2922 2975 2997 quia
3041 2920 3256 2978 Christi
3308 2914 3646 2976 humanitas

1935 3019 2155 3078 divinis
2196 3017 2516 3077 virtutibus
2569 3014 2910 3087 refulgebat.
2940 3013 3056 3072 Nec
3098 3011 3306 3086 plenus
3345 3023 3470 3066 esse
3514 3020 3644 3077 sap-

1907 3108 2120 3195 1phiris
2164 3108 2394 3171 dicitur,
2432 3106 2530 3164 sed
2575 3105 2924 3174 distinctus;
2973 3101 3056 3160 ita
3104 3099 3466 3195 videlicetﬁut
3492 3095 3646 3155 inter

136 3173 471 3271 cergmlms
517 3174 572 3268 fit
627 3174 807 3271 sine”
859 3167 1464 3271 lai’or‘§_‘““‘1"{m?t°
1507 3164 1854 3271 NamﬂllOd
1877 3164 2237 3271 sapphiros
2274 3195 2486 3253 candor
2525 3193 2714 3252 eboris
2750 3164 3071 3266 appareret,
3105 3188 3242 3260 quia
3265 3187 3348 3243 sic
3363 3184 3651 3242 Dominus

139 3264 347 3319 venter
374 3274 471 3316 cor
499 3259 814 3331 significet,
859 3258 1105 3316 ostendit
1163 3258 1440 3330 propheta
1488 3270 1625 3313 cum
1659 3255 1798 3312 dicit
1838 3273 1850 3312 :

151 3371 175 3402 α
201 3349 473 3407 Ventrem
501 3365 696 3408 meum
719 3348 880 3406 doleo
908 3353 1038 3415 (Jer.
1059 3353 1176 3418 IV);
1207 3369 1228 3398 ι
1260 3347 1413 3420 quod
1440 3347 1690 3419 profecto
1715 3343 1857 3418 quid

144 3443 294 3496 esset
335 3437 536 3509 aperit,
577 3452 712 3494 cum
767 3435 1067 3508 subjungit
1100 3453 1112 3492 :
1150 3456 1173 3485 α
1229 3433 1447 3492 Sensus
1497 3431 1686 3489 cordis
1742 3428 1857 3487 mei

144 3527 406 3600 dissipati
451 3532 607 3585 sunt.
667 3525 928 3594 Surrexi,
978 3531 1044 3583 ut
1097 3524 1379 3598 aperirem
1453 3522 1659 3579 dilecto
1731 3534 1859 3577 meo

145 3620 328 3687 (Cant.
387 3623 471 3685 V).
510 3640 530 3665 ι
578 3615 797 3688 Surgit,
847 3622 910 3672 ut
948 3613 1186 3687 aperiat,
1238 3612 1374 3688 quia
1430 3608 1859 3685 promptissimo

144 3709 344 3766 animo
400 3705 704 3764 humiliter
750 3705 1028 3763 obediens
1077 3704 1255 3761 calcat
1290 3702 1603 3776 propriam.
1631 3705 1693 3757 ut
1728 3700 1858 3758 totis

147 3796 375 3854 viribus
402 3795 760 3854 voluntatem
789 3793 1027 3866 impleat
1057 3808 1220 3850 mens
1249 3798 1442 3848 sancta
1469 3788 1750 3847 divinam.

781 3934 1024 3993 CAPUT
1074 3932 1228 3992 XVI.

223 4050 288 4104 In
312 4047 543 4119 epistola
581 4046 657 4101 ad
690 4047 1029 4172 BlancatmLet
1144 4059 1383 4099 sermone
1405 4042 1472 4098 de
1499 4040 1599 4098 SS.
1628 4041 1792 4096 Flora

853 4133 880 4172 θ
986 4133 1073 4171 αα
1121 4132 1176 4171 a.

853 4132 905 4172 ει
940 4132 1176 4172 Lucum.

232 4261 259 4290 α
289 4237 542 4297 Dilectus
589 4253 754 4295 meus
791 4236 1072 4294 candidus
1117 4241 1173 4292 et
1223 4232 1608 4300 rubicundus,
1651 4230 1867 4289 electus

160 4341 238 4384 ex
259 4323 521 4384 millibus
552 4343 566 4396 ;
602 4331 773 4398 caput
799 4326 926 4400 ejus
955 4341 1166 4383 aurum
1196 4324 1484 4396 optimum
1513 4325 1691 4390 (Cant.
1723 4322 1803 4390 v).
1837 4338 1865 4371 ››

159 4413 418 4474 Dilectus
463 4415 749 4488 siquidem
792 4413 1075 4473 candidus
1109 4413 1455 4488 virginitate,
1499 4409 1870 4469 rubicundus

159 4511 246 4562 est
271 4503 554 4576 passione.
582 4503 899 4574 Candidus,
929 4504 1066 4576 quia
1095 4503 1236 4560 dicit
1271 4525 1283 4559 :
1324 4525 1348 4551 α
1377 4501 1495 4574 Ego
1518 4499 1710 4557 lilium
1731 4514 1868 4556 con-

160 4595 405 4653 vallium
475 4598 648 4663 (Cant.
683 4597 772 4662 II);
816 4617 836 4644 n
889 4595 1279 4662 rubicundus,
1334 4594 1404 4650 de
1453 4608 1570 4666 quo
1619 4593 1872 4650 Joannes

157 4688 299 4745 dicit
334 4706 348 4744 :
385 4711 411 4734 «
445 4686 593 4756 Quia
618 4685 759 4742 lavit
785 4699 890 4741 nos
919 4700 952 4740 a
979 4683 1222 4756 peccatis
1253 4680 1466 4738 nostris
1503 4680 1561 4735 in
1589 4677 1873 4749 sanguine

159 4793 267 4835 suo
294 4777 480 4849 (Apoc.
507 4777 565 4846 I).
598 4798 624 4825 υ
659 4774 888 4831 Electus
918 4786 994 4832 ex
1022 4771 1310 4842 millibus,
1338 4769 1476 4843 quia
1497 4785 1572 4827 ex
1603 4768 1872 4826 omnium

161 4857 492 4924 sanctoruin
550 4863 924 4922 multitudine
967 4861 1125 4920 solus
1180 4869 1284 4930 est,
1339 4860 1443 4934 qui
1500 4859 1713 4930 dignus
1764 4856 1874 4913 fuit

161 4955 362 5014 audire
389 4980 401 5012 :
445 4979 465 5007 α
501 4954 612 5012 Hic
637 4960 720 5012 est
751 4952 938 5011 Filius
969 4967 1132 5009 meus
1179 4951 1443 5020 dilectus,
1482 4949 1543 5007 in
1573 4964 1692 5024 quo
1724 4946 1872 5006 mihi

163 5045 312 5102 bene
355 5042 675 5116 complacui
734 5044 952 5114 (Matth.
990 5054 1052 5099 III
1102 5046 1152 5096 et
1208 5041 1376 5111 XVII).
1424 5063 1449 5086 »
1516 5039 1596 5096 De
1651 5053 1768 5112 quo
1817 5041 1874 5094 et

168 5132 439 5192 Salomon
476 5145 489 5184 :
524 5129 668 5187 242
705 5157 731 5181 ‹‹
761 5131 990 5202 Virum,
1019 5128 1230 5204 inquit,
1273 5129 1343 5186 de
1370 5128 1528 5186 mille
1560 5143 1746 5186 unum
1780 5142 1871 5184 re-

163 5222 288 5298 peri
320 5224 510 5293 (Eccle.
546 5226 676 5291 Vll).
715 5244 737 5271 υ
760 5218 1124 5278 Millenarius
1145 5217 1358 5292 quippe
1383 5232 1670 5275 numerus
1699 5215 1874 5273 totius

163 5311 411 5371 humani
462 5309 692 5382 generis
741 5316 826 5367 est
870 5307 1249 5379 intelligenda
1303 5304 1595 5378 perfectio,
1655 5305 1715 5361 in
1757 5317 1875 5376 quo

171 5401 433 5462 Salvator
484 5403 759 5472 tanquam
832 5413 1026 5471 passer
1071 5403 1155 5454 est
1206 5394 1416 5453 unicus
1467 5392 1527 5450 in
1581 5391 1870 5450 zedilicio:

172 5520 199 5543 «
233 5492 416 5563 Caput
455 5489 581 5561 ejus
618 5505 830 5547 aurum
859 5489 1145 5562 optimum
1175 5505 1190 5557 ;
1229 5509 1251 5538 ι
1282 5485 1420 5559 quia
1452 5507 1472 5533 ι
1506 5489 1680 5557 caput
1706 5482 1874 5541 Chri-

166 5585 243 5644 sti
269 5583 424 5642 Deus
454 5585 503 5648 (I
533 5582 651 5639 Cor.
682 5585 766 5646 XI)
794 5596 807 5649 ;
842 5602 864 5628 ι
903 5579 1004 5652 qui
1035 5578 1316 5635 nimirum
1347 5573 1494 5632 sicut
1516 5588 1730 5631 aurum
1762 5587 1878 5628 me-

165 5673 350 5743 tallis,
379 5671 479 5740 ita,
513 5669 647 5728 licet
672 5666 1220 5742 incomparabiliter,
1251 5663 1525 5726 omnibus
1554 5661 1875 5739 superemi-

170 5769 273 5826 net
292 5758 592 5824 creaturis.

1939 3304 2014 3346 ex
2052 3294 2210 3360 parte
2247 3283 2529 3356 assumpti
2582 3282 2838 3340 hominis
2893 3278 3237 3353 Operabatur
3267 3278 3545 3341 humana,
3586 3277 3652 3329 ut

1939 3374 2254 3449 aliquando
2299 3370 2685 3431 nihilominus
2728 3385 2801 3428 ex
2839 3375 3000 3441 parte
3046 3364 3273 3424 deitatis
3324 3361 3649 3420 ostenderet

1941 3473 1997 3525 et
2049 3464 2270 3522 divina.
2303 3461 2448 3519 Nam
2489 3461 2727 3524 esurire,
2773 3459 2930 3529 ﬂere,
2979 3461 3266 3530 postremo
3306 3450 3569 3522 cruciﬁgi
3594 3452 3650 3506 et

1941 3557 2110 3628 mori,
2162 3553 2544 3613 humanitatis
2594 3556 2757 3610 erant
2807 3564 3016 3624 Opera;
3071 3543 3352 3605 miracula
3381 3557 3516 3600 vero
3573 3540 3654 3598 fa-

1940 3665 2091 3719 cere,
2145 3652 2202 3704 et
2256 3661 2369 3704 non
2413 3645 2607 3703 solum
2657 3642 2822 3714 alios,
2884 3640 2982 3698 sed
3045 3637 3419 3709 semetipsum
3469 3632 3647 3690 etiam

1942 3754 1976 3796 a
2020 3734 2263 3794 mortuis
2316 3733 2611 3805 suscitare,
2668 3726 3105 3788 evidentissima
3155 3733 3276 3784 erat
3331 3721 3654 3783 divinitatis

1942 3827 2176 3886 indicia.

2586 3890 2830 3950 CAPUT
2856 3888 3012 3948 XIX.

2026 4027 2047 4055 ι
2105 4001 2320 4061 Guttur
2377 3997 2540 4058 illius
2589 3996 3006 4056 suavissimum
3060 3993 3237 4066 (Cant.
3295 3992 3376 4062 v),
3430 4012 3456 4037 »
3515 3987 3656 4061 quia

1948 4107 2190 4151 suorum
2234 4090 2518 4149 melliﬂua
2581 4086 2863 4144 suavitate
2905 4084 3214 4142 verborum
3278 4082 3499 4138 mentes
3547 4090 3656 4133 au-

1950 4181 2238 4241 dientium
2285 4179 2690 4239 obdulcantur.
2732 4201 2756 4224 «
2786 4175 2971 4245 Quam
3019 4172 3232 4243 dulcia,
3281 4169 3496 4241 inquit,
3527 4164 3657 4222 fau-

1952 4274 2118 4332 cibus
2170 4270 2314 4330 meis
2365 4269 2595 4343 eloquia
2653 4275 2785 4336 tua;
2841 4281 3012 4339 super
3057 4263 3175 4322 mel
3230 4267 3286 4318 et
3333 4258 3532 4316 favum
3569 4253 3657 4312 ori

1952 4366 2108 4425 meo!
2142 4384 2169 4418 »
2201 4363 2370 4433 (Psal.
2393 4361 2621 4430 CXVIII.)
2651 4359 2832 4418 Totus
2852 4355 3026 4416 etiam
3064 4347 3489 4417 desiderabilis;
3523 4343 3662 4417 quia

1953 4457 2014 4515 in
2044 4472 2132 4526 eo,
2166 4459 2408 4514 testante
2439 4452 2627 4521 Petro,
2661 4475 2688 4500 »
2719 4448 3047 4508 desiderant
3101 4441 3294 4517 angeli
3336 4435 3659 4514 prospicere

1885 4551 1998 4621 D(I
2023 4553 2167 4605 Petr.
2202 4549 2236 4620 1)
2275 4565 2288 4604 :
2335 4569 2359 4595 υ
2392 4542 2486 4602 vel
2519 4543 2658 4617 quia
2696 4538 3078 4599 humanitatis
3134 4536 3260 4608 ejus
3291 4545 3496 4621 omne
3528 4543 3660 4601 my-

1955 4620 2216 4703 Sterium,
2272 4632 2627 4692 desiderium
2674 4628 2934 4688 accendit
2989 4626 3050 4683 in
3100 4620 3396 4681 mentibus
3453 4620 3661 4675 electo-

1956 4739 2130 4791 rum;
2162 4728 2225 4779 ut
2263 4736 2360 4777 eos
2395 4718 2666 4777 videlicet
2704 4731 2820 4773 non
2861 4714 3030 4771 modo
3073 4705 3513 4770 resurrectionis
3546 4704 3666 4778 glo-

1955 4811 2040 4868 ria
2090 4815 2379 4885 provocet,
2425 4808 2521 4866 sed
2575 4807 2645 4865 ad
2722 4802 3064 4862 imitationis
3137 4799 3475 4871 exemplum
3541 4795 3664 4885 ipsa

1955 4880 2185 4972 quoque
2247 4894 2571 4968 ignominia
2630 4892 2916 4968 passionis
2976 4890 3200 4948 invitet.
3255 4880 3668 4943 Desiderabilis

1953 4994 2055 5056 est,
2088 4985 2225 5059 quia
2271 4984 2580 5058 praeclarus
2626 4990 2798 5057 atque
2847 4978 3192 5052 conspicuus
3239 4983 3325 5034 est
3355 4975 3419 5033 in
3458 4972 3666 5059 singu-

1954 5055 2064 5134 lari
2108 5055 2426 5145 nativitate,
2453 5074 2515 5132 in
2566 5055 2798 5132 vivifica
2849 5077 3051 5141 morte,
3101 5069 3164 5127 in
3207 5065 3460 5141 gloriosa
3519 5055 3664 5116 243

1954 5162 2392 5233 resurrectione,
2449 5161 2511 5219 in
2578 5159 2918 5232 triumphali
2994 5157 3373 5224 ascensione;
3436 5149 3664 5209 desides

1957 5251 2158 5310 rabilis
2191 5257 2276 5310 est
2304 5251 2447 5309 dum
2478 5249 2754 5325 loquitur,
2779 5247 2924 5306 dum
2950 5244 3243 5304 mirabilia
3268 5246 3553 5318 operatur.

2598 5376 2842 5437 CAPUT
2891 5375 3018 5435 XX.

2139 5475 2202 5528 In
2234 5472 2462 5528 humilia
2490 5470 2556 5526 de
2601 5471 2895 5524 nativitate
2917 5471 2981 5524 B.
3007 5467 3245 5536 virginis
3276 5465 3488 5524 Mariae.

2037 5590 2059 5621 ι
2094 5568 2374 5627 Descendi
2422 5567 2486 5625 in
2533 5567 2766 5625 hortum
2815 5582 3034 5635 meum,
3092 5571 3158 5624 ut
3209 5564 3464 5624 viderem
3502 5578 3674 5638 poma

1959 5659 2334 5732 convallium,
2361 5665 2416 5718 et
2452 5658 2799 5733 inspicerem
2841 5658 2892 5716 si
2935 5658 3225 5717 ﬂoruisset
3269 5657 3441 5716 vinea
3467 5661 3522 5713 et
3540 5671 3672 5726 ger-

1959 5751 2277 5811 minassent
2324 5751 2476 5810 mala
2524 5751 2735 5826 punica
2786 5751 2964 5822 (Cant.
2997 5737 3104 5820 VI).
3143 5773 3165 5804 ι
3201 5749 3421 5816 Malum
3457 5745 3674 5828 quippe
