4058 6178
384 325 521 387 1151
1348 312 1891 379 COLLECTANEA
1930 313 2012 374 IN
2050 311 2112 373 ν]

2270 310 2296 372 3
2332 305 2921 371 TESTAMENTUM.
3788 298 3903 359 1152

386 453 671 528 punicum
716 464 912 508 amaro
961 447 1195 523 quidem
1249 448 1457 508 cortice
1501 447 1733 522 tegitur,
1767 447 1865 505 sed
1905 444 2096 504 dulcis
2114 443 2278 505 Astis
2305 441 2571 513 efﬁcitur,
2626 440 2728 515 qui
2770 454 2889 497 non
2935 437 3154 512 indiget
3193 433 3616 528 poculis,rqui~a
3662 432 3902 528 caelesti:
4002 462 4003 528 ᾗ

387 523 448 601 in
500 543 626 614 ejus
679 538 939 614 granulis
1002 539 1260 596 suavitas
1313 536 1651 596 occultatur.
1691 536 1840 595 Sunt
1897 543 2093 594 autem
2174 535 2393 607 eloquii
2436 550 2550 592 non
2584 532 2798 590 desinit
2828 531 3087 602 irriguus
3115 544 3237 587 esse
3265 527 3517 585 ﬂuentis.
3556 525 3750 585 Unde
3776 523 3903 580 bene
4002 523 4003 613 ξ

392 630 677 696 nonnulli,
733 631 834 702 qui
890 631 1031 688 dum
1083 645 1185 702 per
1250 628 1578 686 aﬁlictionis
1639 628 2093 686 amaritudinem
2176 634 2358 685 crater
2406 627 2499 684 hic
2552 623 2835 683 tornatilis
2893 622 3136 692 dicitur;
3200 626 3364 676 torno
3420 616 3734 691 siquidem
3789 614 3903 689 quis
4002 618 4003 691 ξ

390 735 619 779 crucem
654 718 873 777 Christi
904 719 1136 776 assidue
1171 717 1473 791 patiuntur
1504 718 1565 775 in
1600 734 1853 790 corpore,
1896 718 2093 775 dulce-
2176 715 2404 773 facilius
2451 719 2734 786 operatur.
2770 710 3113 783 Expeditius
3168 709 3327 765 enim
3377 722 3527 779 sape
3573 712 3769 776 atque
3823 702 3898 757 in-

389 814 525 872 dine
581 809 1082 883 contemplationis
1127 810 1352 866 intima
1403 809 1746 867 reﬁciuntur
1784 811 1843 867 in
1879 816 2091 869 mente.

390 902 539 960 Mala
575 916 708 974 ergo
769 901 965 974 sponsi
1002 898 1172 956 vinea
1212 899 1516 970 germinat,
1554 900 1693 971 quia
1729 899 1869 956 tales
1903 915 2100 973 parere

388 997 583 1048 sancta
610 989 861 1047 Ecclesia
899 1004 1205 1061 nunquam
1262 993 1461 1045 cessat.
1496 989 1577 1046 De
1626 989 1730 1046 hac
1758 988 1959 1045 eadem
2008 988 2099 1045 Vi-

389 1095 496 1136 nea
525 1079 585 1137 in
616 1079 833 1137 eisdem
864 1076 1113 1136 Canticis
1151 1092 1359 1150 sponsa
1390 1078 1460 1134 ad
1501 1093 1780 1150 sponsum
1818 1077 2097 1149 loquitur,

389 1170 586 1227 dicens
621 1188 633 1226 :
679 1189 705 1222 ‹‹
742 1168 909 1225 Mane
943 1183 1248 1240 surgamus
1286 1166 1357 1223 ad
1413 1168 1664 1235 Vineam,
1701 1168 2005 1225 videamus
2049 1168 2097 1225 si

388 1258 585 1316 floruit
627 1257 820 1325 Vinea,
859 1257 908 1314 si
949 1258 1119 1315 ﬂores
1156 1259 1378 1315 fructus
1414 1256 1767 1330 parturiunt,
1798 1256 1847 1313 si
1886 1257 2099 1313 ﬂorue-

389 1353 527 1403 runt
579 1346 728 1404 mala
783 1347 995 1419 punica
1042 1349 1221 1417 (Cant.
1276 1352 1397 1417 VII).
1459 1368 1486 1401 »
1524 1347 1715 1419 Hujus
1762 1348 1951 1405 Vinea
2002 1347 2101 1404 ille

390 1438 774 1496 vindemiator
811 1437 1053 1509 exstitit,
1091 1438 1193 1512 qui
1231 1439 1291 1496 in
1349 1440 1619 1498 torculari
1660 1439 1943 1512 passionis
1981 1454 2102 1497 sua

388 1544 641 1601 pressus,
673 1527 945 1600 mysticos
1005 1528 1171 1585 nobis
1225 1527 1414 1584 divini
1464 1527 1678 1600 eloquii
1726 1544 1932 1585 sensus
1977 1543 2104 1599 ape-

388 1618 528 1687 ruit,
587 1623 642 1674 et
692 1618 831 1675 vino
881 1632 987 1675 nos
1060 1617 1413 1689 evangelica
1498 1618 1697 1689 gratia
1754 1617 2098 1691 propinavit.

396 1706 477 1763 De
533 1722 649 1777 quo
709 1705 979 1764 videlicet
1031 1708 1170 1765 Vino
1245 1723 1473 1781 sponsa
1522 1723 1659 1765 voce
1712 1708 1780 1764 ad
1831 1721 2103 1779 sponsum

2181 806 2401 864 offense
2451 804 2512 861 in
2564 810 2758 861 sancta
2793 800 3200 875 praedicatione
3227 798 3581 863 discurrunt,
3620 795 3738 867 qui
3769 808 3900 866 prse-

2181 897 2488 955 dicationis
2537 895 2782 967 gratiam
2845 908 2965 950 non
3025 906 3131 948 suo
3184 888 3393 957 studio,
3455 887 3555 944 sed
3613 886 3900 944 divinitm

2180 989 2544 1058 acceperunt.
2580 983 2743 1039 Hanc
2768 979 3196 1054 pradicationis
3220 977 3460 1051 gratiam
3491 976 3649 1033 Viris
3682 972 3899 1045 simpli-

2184 1072 2366 1141 cibus,
2400 1072 2523 1129 sive
2554 1070 2767 1129 sanctis
2807 1068 3158 1127 mulieribus
3191 1066 3560 1123 tribuendam
3595 1063 3708 1119 illa
3743 1062 3898 1120 Sam-

2184 1177 2288 1219 son
2338 1160 2572 1218 victoria
2633 1160 2930 1233 figuravit,
2990 1174 3107 1231 qua
3162 1156 3429 1215 videlicet
3486 1153 3897 1212 mandibulam

2182 1250 2333 1308 asini
2383 1250 2728 1307 fervefactus
2775 1248 3083 1321 arripiens,
3117 1246 3278 1304 mille
3316 1245 3779 1304 Philistinorum
3817 1243 3898 1299 vi-

2185 1355 2278 1398 ros
2308 1339 2532 1398 occidit.

2795 1424 3040 1484 CAPUT
3067 1425 3282 1484 XXIII.

2265 1558 2283 1583 ι
2318 1532 2512 1591 Coma
2559 1533 2760 1607 capitis
2810 1533 2919 1605 tui,
2951 1540 3016 1591 ut
3062 1547 3323 1606 purpura
3373 1531 3525 1604 regis
3558 1531 3774 1603 juncta
3811 1544 3893 1585 ca-

2186 1621 2419 1681 nalibus
2468 1625 2643 1694 (Cant.
2692 1625 2816 1692 VII).
2850 1643 2878 1676 »
2925 1621 3085 1681 Sicut
3137 1638 3237 1696 per
3291 1628 3459 1695 caput
3509 1619 3896 1692 intelligimus

2187 1712 2568 1781 mentem,ita
2611 1727 2712 1785 per
2760 1726 2954 1769 comas
2999 1710 3202 1784 capitis
3257 1725 3371 1767 non
3416 1708 3895 1766 inconvenienter

392 1795 605 1852 iterum
629 1795 842 1853 dicitur
874 1812 886 1845 ε
927 1818 948 1847 α
976 1795 1191 1855 Guttur
1215 1803 1380 1855 tuum
1401 1798 1547 1855 sicut
1570 1798 1777 1855 vinum
1797 1797 2166 1871 optimum,B
2186 1802 2502 1875 accipimus
2533 1799 2929 1874 cogitationes.
2974 1800 3139 1858 Sicut
3164 1799 3321 1855 enim
3353 1798 3544 1871 capilli
3577 1798 3651 1855 de
3691 1796 3895 1853 vertice

394 1884 637 1956 dignum
660 1883 866 1942 dilecto
896 1899 1023 1942 meo
1051 1886 1122 1942 ad
1154 1887 1470 1958 potandum
1503 1888 1708 1959 (Ibid).
1748 1909 1769 1937 ι

1026 2006 1270 2066 CAPUT
1305 2008 1458 2066 XXI.

698 2100 762 2154 In
788 2115 1028 2156 sermone
1055 2104 1121 2158 de
1145 2105 1204 2160 S.
1235 2105 1421 2159 Marco
1449 2104 1809 2171 evangelista.

470 2218 499 2250 ‹‹
547 2198 814 2269 Nescivi;
874 2200 1073 2258 anima
1130 2217 1255 2259 mea
1312 2200 1679 2258 conturbavit
1732 2216 1824 2257 me
1872 2204 2105 2273 propter

395 2290 705 2363 quadrigas
746 2290 1073 2347 Aminadab
1108 2294 1280 2362 (Cant.
1312 2294 1412 2361 VI).
1448 2312 1474 2343 η
1509 2291 1637 2349 Vox
1667 2296 1753 2348 est
1784 2290 2103 2364 Synagoga

394 2393 548 2451 qua,
582 2378 783 2435 videns
841 2385 1059 2436 tantam
1112 2386 1324 2437 sancta
1384 2379 1650 2438 Ecclesia
1696 2379 1938 2451 gratiam
1983 2393 2108 2435 esse

394 2466 679 2536 collatam,
707 2467 861 2526 dolet
904 2484 964 2526 se
1012 2470 1229 2527 tardius
1280 2470 1560 2542 recepisse
1613 2469 1811 2540 fidem,
1841 2485 1906 2527 eo
1955 2468 2109 2542 quod

394 2556 694 2629 Evangelii
728 2573 843 2614 non
878 2559 1178 2631 agnoverit
1204 2560 1522 2616 veritatem.
1557 2558 1882 2616 Aminadab
1916 2563 2110 2615 autem

396 2646 648 2717 abnepos
678 2646 845 2704 Juda
877 2647 1056 2706 fuisse
1088 2648 1489 2719 cognoscitur;
1523 2646 1624 2721 qui
1666 2648 1723 2705 in
1777 2646 2113 2720 genealogia

394 2734 627 2793 Domini
678 2752 813 2794 cum
856 2738 1112 2810 patribus
1155 2744 1514 2795 numeratur.
1550 2738 1965 2810 Interpretatur
2004 2753 2109 2794 au-

399 2830 510 2879 tem
538 2823 863 2882 Aminadab
888 2829 1087 2897 populi
1129 2829 1236 2881 mei
1295 2832 1625 2898 spontaneus
1656 2846 1674 2894 ,-
1713 2826 1962 2899 ideoque
1994 2840 2113 2882 non

396 2909 711 2983 incongrue
753 2914 1039 2985 significat
1076 2912 1517 2988 Christum,qui
1562 2914 1759 2987 populi
1795 2915 1884 2971 sui
1937 2931 2112 2988 spon-

399 3004 601 3057 taneus
653 3001 781 3070 fuit,
814 3002 972 3074 quia,
1002 3018 1137 3059 cum
1166 3002 1319 3060 Deus
1352 3009 1516 3071 esset,
1550 3008 1753 3074 sponte
1811 3003 1992 3061 factus
2030 3008 2116 3061 est

2190 1889 2497 1963 prodeunt,
2554 1887 2632 1944 ita
2689 1888 3062 1959 cogitationes
3138 1903 3214 1944 ex
3296 1894 3487 1944 mente
3563 1885 3896 1958 procedunt.

2188 1977 2524 2049 Purpureus
2574 1990 2710 2032 vero
2765 1975 2938 2043 color,
2996 1976 3135 2049 quia
3189 1975 3492 2047 sanguinis
3544 1973 3719 2031 habet
3772 1988 3897 2045 spe-

2187 2067 2353 2131 ciem,
2413 2066 2553 2139 quid
2601 2082 2701 2139 per
2750 2066 3117 2138 mysterium,
3151 2066 3265 2123 nisi
3312 2066 3679 2123 Dominicam
3708 2065 3896 2122 innuit

2185 2159 2535 2231 passionem.
2572 2156 2720 2225 Quid
2774 2172 2911 2215 vero
2964 2157 3210 2226 canales,
3269 2157 3380 2215 nisi
3434 2163 3769 2215 sanctorum

2186 2250 2464 2324 gnificant
2506 2256 2727 2306 mentes
2754 2250 2781 2303 Ἰ
2810 2247 2971 2306 Sicut
3014 2248 3173 2305 enim
3215 2248 3277 2305 in
3316 2248 3615 2305 canalibus
3650 2247 3896 2317 conchy-

2190 2337 2401 2397 liorum
2434 2338 2670 2411 sanguis
2698 2337 3038 2407 effunditur,
3077 2344 3141 2395 ut
3170 2336 3227 2393 in
3266 2352 3623 2409 purpureum
3654 2337 3898 2393 colorem

2190 2424 2323 2483 lana
2384 2432 2689 2496 vertatur,
2748 2425 2829 2483 sic
2894 2424 2957 2481 in
3027 2432 3359 2482 sanctorum
3431 2424 3725 2480 mentibus
3790 2421 3897 2478 Do-

2193 2513 2429 2571 minica
2473 2512 2759 2587 passionis
2802 2528 2973 2570 cruor
3016 2512 3248 2569 assidua
3295 2510 3668 2568 meditatione
3708 2509 3898 2566 recoli-

2196 2608 2305 2670 tur,
2339 2609 2393 2658 et
2439 2602 2518 2659 ita
2576 2601 3000 2674 quodammodo
3053 2601 3146 2673 pia
3200 2600 3476 2675 qualibet
3528 2600 3723 2656 anima
3770 2613 3893 2654 sau-

2194 2690 2371 2763 guine
2414 2690 2677 2763 tingitur,
2707 2697 2770 2748 ut
2810 2689 3015 2747 aterni
3049 2689 3221 2761 Regis
3269 2704 3590 2762 purpuram
3619 2688 3892 2745 imitetur.

2195 2781 2317 2839 Hoc
2348 2781 2631 2838 nimirum
2676 2780 2842 2838 modo
2890 2779 3175 2839 efficimur
3211 2778 3491 2838 Salvatori
3542 2786 3735 2836 nostro
3774 2792 3894 2833 coa-

2196 2870 2428 2939 formes,
2464 2874 2527 2928 ut
2586 2869 2773 2927 simus
2817 2869 2990 2927 etiam
3035 2870 3238 2927 merito
3290 2868 3651 2942 postmodum
3713 2867 3892 2925 cona-

2197 2960 2379 3017 redes.

398 3049 607 3143 ἱίῌὶἷιόἶ
817 3049 972 3098 “¹τ’”’
1005 3049 1137 3059 ”“““
1166 3049 1319 3127 ”ζ“”
1813 3049 1993 3099 '““‘“”-
2808 3049 3051 3109 CAPUT
3078 3049 3285 3108 XXIV.

595 3131 607 3155 ,
644 3103 746 3158 qu1
794 3104 952 3146 enim
1007 3106 1124 3147 non
1174 3095 1530 3159 nccessnate,
1556 3089 1654 3146 sed
1696 3089 1816 3147 sola
1861 3090 2177 3167 bon1tate_,_
2340 3159 2370 3167 Α
2640 3160 2654 3167 _
2695 3161 2708 3167 ι
3036 3160 3048 3167 ⁸
3304 3161 3317 3167 _
3414 3160 3425 3167 .
3496 3159 3507 3167 _
3672 3159 3685 3167 .
3776 3160 3789 3167 _
3828 3158 3859 3167 υ

398 3190 504 3233 nos
532 3176 806 3247 condidit,
838 3179 1062 3251 propria
1096 3179 1479 3236 nihilominus
1508 3158 1800 3237 voluntate
1849 3179 2107 3238 redemit.
2133 3158 2179 3219 θ
2237 3184 2295 3251 μ’
2332 3159 2517 3229 Quam
2558 3160 2799 3235 ΡΠῙΟῘΠῊ
2829 3177 2890 3251 es
2926 3168 2995 3251 ei,
3017 3160 3240 3230 decora,
3271 3159 3635 3251 οῒιέλτίδδίωδς
3668 3159 3729 3217 in
3758 3158 3891 3216 deli'

400 3264 565 3323 Unde
598 3275 652 3324 et
681 3249 1038 3326 Jacobusiait
1070 3287 1082 3326 :
1117 3292 1142 3319 «
1178 3268 1518 3326 Voluntarie
1550 3269 1755 3339 genuit
1783 3282 1888 3324 nos
1937 3267 2111 3325 verbo
2198 3249 2331 3317 CiiS;
2365 3257 2582 3307 Statum
2630 3256 2730 3307 ίυδ
2781 3249 3096 3307 δεδίωίίίίῖὶι
3145 3258 3229 3305 θεῖ
3267 3250 3473 3322 PiumEB
3501 3252 3684 3319 (σαηίο
3717 3254 3839 3315 ‘7")-
3869 3273 3891 3293 '

396 3355 653 3414 veritatis
680 3360 814 3428 (Jac.
859 3360 975 3430 1).»
1021 3357 1388 3430 Spontaneus
1436 3372 1572 3429 ergo
1623 3357 1807 3414 factus
1869 3364 1953 3415 est
2011 3374 2112 3431 po-

394 3442 518 3515 puli
571 3444 685 3512 sui,
709 3445 846 3517 quia
878 3461 1051 3519 quem
1097 3461 1130 3502 a
1175 3460 1236 3501 se
1276 3446 1537 3502 humana
1576 3445 1826 3517 pravitas
1875 3446 2109 3519 repulit,

395 3531 515 3588 sola
577 3532 843 3590 voluntas
897 3533 1118 3591 divina
1191 3532 1391 3605 gratia
1445 3534 1763 3591 redonavit.
1822 3534 2112 3607 Quadriga

396 3635 530 3676 vero
567 3621 893 3679 Aminadab
945 3621 1158 3680 Christi
1208 3627 1291 3679 est
1340 3621 1745 3694 Evangelium,
1781 3622 2111 3680 concordis—

394 3708 541 3765 sima
570 3717 823 3781 quatuor
851 3708 1340 3781 evangelistarum
1364 3709 1696 3766 diversitate
1724 3716 2107 3782 compactum.

392 3794 577 3864 Quam
644 3813 781 3855 sane
847 3798 1191 3870 quadrigam
1264 3797 1528 3855 Christus
1593 3797 1797 3869 auriga
1856 3796 2111 3870 disponit

397 3891 451 3941 et
498 3884 882 3957 quadrifidam
937 3885 1143 3943 mundi
1202 3887 1531 3943 machinam
1586 3885 1844 3955 agillima
1901 3884 2115 3957 pradi-

394 3974 635 4032 cationis
688 3975 973 4033 celeritate
1022 3975 1324 4049 percurrit,
1380 3976 1530 4034 sicut
1584 3991 1689 4049 per
1743 3974 2113 4032 Psalmistam

399 4064 613 4122 dicitur
645 4089 657 4122 :
695 4089 716 4114 α
744 4065 855 4134 Qui
883 4065 1093 4123 emittit
1123 4064 1423 4137 eloquium
1472 4080 1646 4122 suum
1675 4071 1861 4129 terra,
1897 4063 2112 4123 veloci-

400 4158 484 4209 ter
528 4153 706 4211 currit
755 4170 945 4211 sermo
992 4154 1118 4227 ejus
1148 4157 1318 4221 (Psal.
1369 4158 1621 4221 CXLVII).
1659 4175 1679 4205 ι
1715 4153 1930 4211 Videns
1979 4169 2113 4227 ergo

402 4240 704 4317 Synagoga
735 4252 962 4317 repente
988 4244 1232 4317 gratiam
1264 4244 1629 4315 Evangelica
1684 4242 2113 4316 pradicationis

400 4344 701 4402 erumpere
735 4340 1090 4404 cunctasque
1118 4332 1322 4390 mundi
1355 4332 1682 4404 provincias
1707 4331 1938 4405 agiliter
1982 4348 2110 4404 per-

406 4415 615 4486 volare,
658 4418 847 4475 subito
889 4420 1111 4476 turbata
1151 4422 1527 4492 conqueritur
1563 4418 1717 4491 quod
1749 4416 1869 4474 sola
1906 4418 1970 4475 in
2004 4434 2110 4477 sua

2198 3344 2361 3402 Mens
2410 3344 2623 3418 quippe
2672 3352 2865 3401 sancta
2915 3343 3254 3401 charissima
3300 3344 3359 3400 in
3406 3343 3636 3401 deliciis
3673 3342 3892 3405 dicitur,

2197 3435 2359 3509 quia,
2419 3435 2564 3491 dum
2626 3434 3122 3507 persecutionibus
3169 3434 3361 3491 attrita
3417 3433 3552 3490 foris
3611 3433 3894 3505 afﬂigitur,

2194 3524 2307 3597 piis
2364 3532 2616 3581 astuans
2661 3523 2963 3581 desideriis
3001 3522 3301 3580 suavitatis
3338 3522 3562 3580 intima
3602 3523 3897 3580 dulcedine

2195 3620 2505 3671 recreatur.
2539 3613 2717 3685 Cujus
2764 3620 2979 3671 statura
3025 3612 3233 3685 palma
3269 3612 3478 3671 similis
3506 3612 3740 3674 dicitur.
3775 3614 3897 3685 quia

2195 3703 2345 3761 sicut
2399 3718 2514 3759 non
2573 3702 2849 3760 vitiorum
2930 3702 3294 3760 titillantium
3364 3701 3619 3772 ﬂatibus,
3677 3702 3760 3759 ita
3808 3716 3899 3758 nec

2196 3794 2663 3866 persecutionum
2716 3793 3110 3864 quarumlibet
3166 3793 3478 3851 terroribus
3547 3793 3894 3857 inclinatur;

2199 3883 2456 3957 dumque
2502 3898 2629 3940 eam
2679 3885 3153 3957 persequentium
3203 3885 3410 3955 rabies,
3444 3884 3601 3942 velut
3651 3885 3903 3957 impactis

2202 3975 2497 4032 minarum
2547 3974 2823 4032 arietibus
2870 3975 3079 4048 pulsat,
3116 3975 3217 4032 illa
3257 3975 3636 4033 fundamento
3673 3976 3903 4034 invicta

2197 4066 2336 4123 ﬁdei
2383 4071 2711 4124 constanter
2756 4064 2988 4133 innixa,
3020 4080 3220 4122 revera
3268 4070 3423 4121 stans
3466 4073 3521 4121 et
3578 4066 3901 4137 superemi-

2198 4170 2362 4222 nens,
2396 4153 2807 4227 insuperabilis
2850 4160 3194 4227 perseverat.
3247 4154 3627 4226 Nequaquam
3686 4153 3774 4211 illi
3830 4156 3901 4212 si-

2197 4243 2376 4315 milis,
2403 4244 2501 4301 cui
2551 4260 2651 4316 per
2679 4244 3015 4316 prophetam
3058 4244 3129 4301 de
3179 4244 3451 4316 malignis
3491 4243 3795 4316 spiritibus
3832 4243 3904 4299 di-

2194 4333 2343 4389 citur
2377 4351 2390 4388 :
2422 4331 2591 4401 Quia,
2625 4354 2653 4384 «
2683 4332 3145 4390 humiliaverunt
3197 4337 3248 4389 te
3288 4339 3342 4389 et
3380 4331 3658 4390 dixerunt
3695 4333 3901 4388 anima

2194 4428 2310 4479 tua
2339 4446 2351 4479 :
2378 4422 2697 4502 Incurvare
2747 4430 2811 4481 ut
2864 4428 3153 4480 transeam
3211 4426 3339 4490 (Isa.
3378 4428 3455 4489 LI)
3487 4439 3501 4493 ;
3539 4446 3564 4469 κ
3598 4421 3698 4479 sed
3763 4420 3902 4478 illud

402 4504 659 4576 perfidia,
695 4507 987 4565 conversis
1038 4508 1109 4565 ad
1166 4509 1341 4565 fidem
1387 4506 1679 4581 gentibus,
1737 4505 2034 4564 deseratur
2092 4517 2168 4576 :D
2191 4511 2387 4583 potius
2416 4525 2675 4582 servans,
2705 4511 2860 4584 quod
2896 4511 3028 4568 liliis
3052 4510 3228 4567 Israel
3256 4509 3543 4568 Dominus
3571 4509 3651 4566 ait
3682 4533 3695 4565 :
3730 4532 3759 4558 ι
3795 4508 3901 4577 Ego

476 4617 501 4642 «
536 4594 782 4663 Nescivi,
808 4595 1099 4670 inquiens,
1126 4598 1376 4657 turbavit
1401 4613 1495 4656 me
1510 4596 1706 4655 anima
1732 4610 1860 4653 mea
1884 4603 2113 4671 pr0pter

402 4680 710 4757 quadrigas
737 4683 1086 4743 Aminadab.
1127 4706 1155 4739 »

949 4809 1096 4868 244
1125 4812 1368 4873 CAPUT
1397 4812 1579 4871 XXII.

477 4933 499 4961 α
538 4910 859 4971 Umbilicus
914 4917 1049 4971 tuus
1104 4918 1286 4971 crater
1312 4910 1593 4970 tornatilis
1625 4926 1930 4983 nunquam
1958 4910 2118 4969 indi-

400 5013 543 5071 gens
562 5000 782 5072 poculis
803 5003 972 5069 (Cant.
989 5002 1110 5068 VII).
1128 5026 1154 5048 ››
1179 4999 1502 5059 Umbilicus
1528 5005 1720 5057 autem
1752 4999 2120 5072 fragilissima

405 5106 534 5164 pars
593 5092 847 5165 corporis
908 5098 1012 5151 est.
1070 5090 1219 5160 Quid
1279 5105 1414 5164 ergo
1474 5104 1574 5161 per
1628 5089 1897 5149 Ecclesia
1963 5088 2114 5147 desi-

404 5187 614 5255 gnatur
639 5181 1008 5252 umbilicum,
1036 5181 1149 5239 nisi
1174 5187 1356 5238 catus
1373 5180 1740 5239 infirmorum
1760 5186 1934 5256 atque
1954 5179 2113 5237 debi-

406 5269 554 5327 lium
584 5270 610 5325 ?
638 5269 786 5338 Quid
832 5285 966 5326 vero
1015 5284 1116 5343 per
1180 5274 1477 5338 craterem,
1511 5267 1623 5326 nisi
1676 5270 2117 5341 praedicatorum

406 5359 790 5431 intelligimus
815 5360 1079 5420 ordinem
1106 5358 1133 5418 ?
1162 5358 1271 5427 Qui
1300 5359 1583 5418 nimirum
1616 5359 1909 5417 mentibus
1947 5358 2116 5417 audi-

408 5454 593 5505 torum
622 5449 867 5508 ccelestis
897 5450 1171 5508 doctrina
1202 5449 1338 5508 vina
1366 5449 1670 5522 propinant
1695 5462 1910 5520 easque
1935 5462 2116 5520 pocu-

410 5535 483 5592 lis
521 5544 731 5595 sancta
782 5539 1209 5612 pradicationis
1263 5538 1573 5596 inebriant.
1608 5535 1930 5594 Umbilicus
1982 5552 2117 5609 ergo

411 5626 685 5684 Ecclesia
736 5628 937 5686 crateri
992 5628 1196 5686 merito
1248 5634 1632 5701 comparatur,
1665 5625 1802 5701 quia
1856 5624 2116 5699 plerum-

410 5731 525 5790 que
561 5713 769 5773 debilis
808 5722 861 5773 et
896 5716 1166 5776 inﬁrmus
1199 5715 1444 5791 quilibet
1479 5731 1581 5775 vas
1614 5715 1891 5775 doctrina
1941 5716 2115 5777 cale-

2197 4617 2329 4660 sum
2388 4601 2674 4660 Dominus
2727 4602 2903 4669 Deus,
2936 4597 3080 4656 245
3134 4602 3236 4677 qui
3267 4601 3456 4675 eripui
3489 4616 3591 4659 vos
3640 4600 3713 4658 de
3745 4616 3901 4669 erga-

2198 4692 2349 4751 stulo
2396 4690 2823 4765 ngyptiorum,
2881 4699 2945 4751 ut
2992 4691 3335 4751 incederetis
3389 4692 3547 4750 recti.
3577 4712 3603 4743 ι)
3639 4691 3711 4748 Et
3763 4705 3903 4763 quo-

2196 4780 2357 4838 niam
2411 4780 2600 4853 palma
2659 4778 2803 4838 solet
2854 4796 3093 4839 manum
3150 4796 3356 4839 ornare
3408 4780 3728 4849 victricem,
3762 4784 3902 4835 recte

2202 4879 2396 4932 sancta
2451 4879 2507 4930 et
2562 4872 2972 4946 insuperabilis
3023 4873 3221 4931 anima
3271 4870 3480 4946 palma
3527 4886 3652 4929 esse
3704 4868 3901 4927 similis

2201 4961 2557 5035 perhibetur,
2592 4961 2732 5035 quia
2758 4978 2854 5034 per
2884 4977 3114 5020 omnem
3168 4961 3259 5019 sui
3310 4960 3644 5019 certaminis
3674 4972 3899 5016 cursum

2199 5054 2444 5122 peracta
2486 5049 2742 5107 victoria
2778 5050 3088 5123 pramium
3130 5050 3459 5117 meditatur,
3493 5054 3666 5121 atque
3703 5045 3900 5103 idcirco

2201 5140 2566 5214 ﬂoccipendit
2604 5155 2776 5197 omne
2808 5140 2959 5214 quod
2988 5140 3045 5196 in
3079 5138 3332 5197 inﬁrmis
3366 5138 3583 5206 tolerat,
3614 5135 3753 5209 quia
3784 5149 3897 5191 ere-

2201 5237 2289 5287 cta
2323 5229 2480 5288 velut
2518 5229 2728 5302 palma,
2781 5229 2840 5287 id
2875 5229 3029 5302 quod
3068 5229 3127 5287 in
3169 5229 3504 5288 ccelestibus
3540 5225 3763 5299 aspicit,
3813 5226 3897 5281 fir-

2201 5317 2369 5375 miter
2399 5324 2604 5391 sperat.

2828 5421 3073 5481 CAPUT
3110 5421 3288 5481 XXV.

2516 5525 2579 5578 In
2607 5537 2844 5577 sermone
2865 5523 2931 5576 de
2960 5525 3265 5577 inventione
3295 5522 3352 5577 S.
3392 5520 3599 5577 Crucis.

2275 5652 2301 5683 ‹‹
2331 5629 2487 5697 Dixi,
2522 5630 2715 5702 inquit
2745 5628 2815 5686 ad
2851 5645 3123 5703 sponsam
3162 5644 3409 5704 sponsus
3445 5649 3457 5683 :
3494 5622 3816 5683 Ascendam
3844 5621 3893 5677 in

2198 5718 2449 5792 palmam
2475 5725 2528 5776 et
2563 5718 2993 5792 apprehendam
3018 5720 3243 5778 fructus
3273 5717 3418 5791 ejus,
3442 5721 3498 5773 et
3529 5718 3703 5773 erunt
3732 5710 3894 5770 ubera
