4058 6178
196 168 354 229 1153

189 387 412 456 guttur
462 386 648 448 tuum,
701 381 849 439 sicut
902 380 1109 438 vinum
1159 380 1446 452 Optimum
1508 379 1679 451 (Cant.
1735 383 1860 445 Vn).
1895 398 1917 428 ι

193 471 458 528 Fructus
509 484 718 542 nempe
755 469 943 526 crucis
985 483 1186 526 omnes
1240 469 1402 526 electi
1443 475 1594 526 sunt.
1653 466 1924 525 Ascendit

189 558 386 630 igitur
434 556 717 615 Dominus
759 557 822 615 in
870 557 1127 630 palmam
1168 564 1221 614 et
1269 555 1652 630 apprehendit
1699 556 1924 613 fructus

188 647 353 718 ejus,
385 645 524 720 quia
554 660 693 702 mox
723 652 787 704 ut
819 646 882 702 in
908 662 1075 703 cruce
1122 639 1224 719 pro
1258 653 1450 703 nostra
1495 645 1680 702 salute
1711 658 1922 716 pepen-

187 733 311 802 dit,
356 749 558 790 omnes
595 733 803 791 electos
842 735 912 790 ad
949 735 1324 806 semetipsum
1379 749 1479 805 per
1515 731 1729 789 amoris
1770 731 1921 788 desi-

187 820 433 880 derium
462 820 656 878 traxit.
693 821 761 877 Et
806 828 947 878 tunc
992 828 1187 879 sancta
1231 821 1482 879 Ecclesia
1525 837 1628 894 per
1669 820 1921 878 duorum

186 909 704 968 Testamentorum
742 909 920 968 ubera
950 911 1270 984 spiritualis
1308 911 1480 984 ccepit
1519 909 1738 967 laetitia:
1784 909 1920 968 vina

188 997 486 1066 diﬂluere,
518 1005 688 1070 atque
731 995 964 1054 odorem
993 997 1241 1056 caelestis
1277 997 1759 1071 concupiscentize
1807 999 1918 1056 hu-

190 1105 513 1147 manarum
560 1089 843 1151 mentium
897 1089 1135 1147 naribus
1184 1087 1512 1162 inspirare;
1575 1097 1636 1147 ut
1685 1089 1921 1146 incitata

191 1176 275 1234 ad
330 1176 711 1250 sequendum,
763 1192 930 1235 mens
975 1185 1169 1235 nostra
1224 1177 1333 1235 sibi
1381 1177 1679 1251 gratulans
1717 1177 1911 1235 dicat:

195 1286 229 1319 ‹‹
264 1265 456 1323 Trahe
494 1282 586 1324 me
616 1273 740 1340 post
777 1273 847 1337 te,
889 1283 1192 1327 curremus
1224 1267 1288 1327 in
1314 1269 1550 1327 odorem
1592 1275 1916 1341 unguento-

188 1372 341 1417 rum
367 1364 599 1417 tuorum
631 1359 806 1432 (Cant.
843 1359 902 1429 ι).
943 1383 964 1410 ι

813 1474 1059 1534 CAPUT
1102 1475 1308 1534 XXVI.

279 1594 307 1622 α
363 1571 485 1631 Sub
507 1571 710 1630 arbore
735 1573 887 1630 malo
917 1573 1189 1631 suscitavi
1221 1579 1274 1630 te
1303 1574 1480 1642 (Cant.
1510 1576 1658 1641 VIII).
1698 1594 1718 1622 ιι
1767 1569 1911 1629 Cum

194 1658 432 1718 dilecta
485 1676 607 1718 sua:
659 1676 904 1734 sponsus
963 1662 1338 1736 praemisisset
1391 1682 1404 1718 :

192 1750 359 1808 malo
385 1749 782 1816 suscitavbte;
827 1769 855 1800 »
898 1757 1314 1820 consequenter
1349 1750 1662 1822 adiunxit:
1701 1772 1722 1800 ι
1763 1748 1916 1806 Pone

194 1852 298 1894 me
345 1844 409 1894 ut
443 1835 812 1908 signaculum
860 1852 1034 1908 super
1074 1852 1170 1894 cor
1221 1844 1406 1906 tuum,
1441 1846 1503 1894 ut
1550 1836 1916 1909 signaculum

197 1940 380 1997 super
403 1923 704 1981 brachium
727 1931 897 1982 tuum
924 1926 1104 1995 (Ibid)
1131 1942 1146 1993 ;
1179 1948 1198 1975 ι
1226 1940 1291 1981 ac
1318 1924 1368 1980 si
1397 1923 1583 1982 dicat:
1609 1924 1755 1993 Quia
1781 1938 1916 1996 ergo

199 2016 258 2068 te
302 2010 364 2068 in
397 2017 624 2068 tantum"
646 2010 849 2079 dilexi,
878 2018 943 2068 ut
988 2027 1088 2083 per
1136 2018 1378 2068 mortem
1427 2011 1614 2068 crucis
1666 2018 1719 2067 te
1769 2026 1918 2067 mor-

200 2103 370 2155 tuam
419 2096 777 2169 suscitarem,
832 2105 892 2156 tu
949 2096 1124 2154 etiam
1173 2112 1264 2155 me
1317 2099 1662 2154 alterutrum
1714 2095 1912 2168 dilige,

206 2203 422 2260 meque
493 2186 738 2246 interius
789 2203 906 2244 non
962 2186 1132 2244 modo
1200 2186 1646 2259 cogitationibus
1695 2188 1793 2244 sed
1861 2193 1917 2244 et

203 2279 500 2352 operibus,
537 2277 696 2336 velut
729 2276 937 2349 integri
964 2285 1134 2348 atque
1183 2277 1414 2349 perfecti
1461 2277 1675 2334 amoris
1721 2277 1915 2348 signa-

203 2366 408 2425 culum
449 2381 613 2438 pone.
656 2365 801 2422 Nam
835 2365 1099 2421 arborem
1137 2364 1356 2421 malum
1398 2363 1676 2420 debemus
1717 2363 1914 2420 Domi-

203 2455 401 2514 nicam
447 2471 676 2514 crucem
731 2454 1026 2525 accipere;
1063 2453 1156 2511 cui
1208 2454 1470 2512 videlicet
1497 2453 1690 2510 arbori
1719 2455 1913 2526 ipsum

202 2546 346 2604 alibi
383 2545 673 2603 Christum
706 2553 1013 2618 comparat,
1061 2545 1255 2602 dicens
1285 2568 1297 2602 :
1334 2569 1359 2595 α
1419 2544 1578 2603 Sicut
1607 2546 1793 2602 malus
1821 2545 1912 2602 in-

205 2644 294 2694 ter
343 2637 500 2707 ligna
562 2636 861 2705 silvarum,
917 2637 999 2692 sic
1055 2634 1299 2692 dilectus
1348 2650 1511 2692 meus
1569 2634 1719 2691 inter
1761 2635 1911 2694 tilios

1588 161 1668 224 IN
1707 161 1852 224 LIB.
1894 158 2340 222 SAPIEN'IIIIE.

193 300 331 364 tua,
375 292 525 351 sicut
561 290 708 350 botri
749 291 939 350 vineaa
972 308 987 362 ;
1021 289 1224 349 odores
1257 289 1360 361 tui,
1397 291 1548 348 sicut
1589 289 1876 348 malorum
1910 286 1990 354 ;A

3579 171 3718 232 1154
3769 260 3774 264 .

2605 284 2850 344 CAPUT
2880 285 3118 346 XXVII.

2005 385 2070 438 In
2119 383 2352 454 epistola
2406 382 2482 437 ad
2537 384 2800 440 Blancam
2831 429 2848 450 ,
2900 392 2952 441 et
3005 387 3067 442 in
3118 401 3360 445 sermone
3409 390 3477 446 de
3524 399 3711 449 sancto

2725 473 3005 531 Cassiano.

2081 598 2109 629 α
2140 577 2297 636 Pone
2327 593 2421 635 me
2449 583 2512 636 ut
2550 578 2917 652 signaculum
2943 596 3118 654 super
3144 597 3240 640 cor
3267 588 3462 657 tuum,
3519 593 3586 645 ut
3635 588 3716 646 si-

2006 667 2322 736 gnaculum
2358 683 2531 741 super
2561 668 2865 728 brachium
2898 677 3063 728 tuum
3095 673 3269 743 (Cant.
3305 678 3453 745 vin).
3489 698 3515 729 »
3553 677 3716 750 Saepe

2003 769 2110 812 nos
2137 756 2209 813 ob
2251 757 2334 814 rei
2367 758 2729 828 memoriam,
2771 777 2948 835 quam
2980 761 3264 820 oblivioni
3303 764 3522 822 tradere
3551 768 3716 826 nolu-

2003 859 2155 914 mus,
2188 845 2368 918 digito
2400 854 2612 917 nostro,
2661 849 2752 906 vel
2795 849 3029 908 brachio
3079 852 3313 924 signum
3341 851 3576 927 aliquod
3623 856 3716 914 in-

2001 933 2307 1003 nodainus,
2340 941 2422 1004 ut,
2453 935 2595 992 dum
2624 934 2857 1006 signum
2883 937 3212 1009 frequenter
3237 941 3570 1010 attenditur,
3600 959 3714 1013 res,

2002 1036 2178 1093 quam
2209 1023 2552 1080 intercidere
2582 1023 2858 1096 potuisset
2886 1026 3123 1097 oblivio,
3149 1028 3368 1101 jugiter
3397 1031 3460 1087 in
3493 1047 3716 1091 memo-

2004 1113 2089 1171 ria
2131 1119 2408 1170 teneatur.
2452 1113 2727 1187 Quisquis
2767 1120 2963 1173 autem
3003 1116 3298 1176 Christum
3334 1122 3499 1192 quasi
3538 1130 3713 1193 amat,

2002 1200 2098 1258 sed
2127 1201 2351 1274 operari
2377 1201 2528 1259 bona
2560 1202 2907 1274 dissimulat,
2932 1205 3053 1277 jam
3079 1206 3504 1278 quodammodo
3536 1225 3710 1281 spon-

1998 1303 2129 1345 sum
2184 1304 2358 1361 super
2412 1305 2509 1348 cor
2563 1290 2930 1362 signaculum
2991 1293 3200 1364 posuit.
3255 1293 3530 1368 Quisquis
3580 1313 3717 1356 vero

1999 1382 2166 1440 bonis
2195 1382 2467 1454 operibus
2491 1383 2722 1442 videtur
2759 1385 3039 1452 intentus,
3074 1385 3174 1442 sed
3201 1401 3235 1442 a
3263 1387 3452 1445 divini
3500 1389 3717 1447 amoris

2000 1477 2182 1543 torpet
2227 1471 2498 1529 incendio
2554 1473 2818 1546 frigidus,
2865 1474 2988 1545 jam
3032 1474 3140 1532 iste
3194 1477 3510 1535 sanctitatis
3564 1478 3715 1552 ima-

2001 1560 2196 1630 ginem
2241 1576 2414 1634 super
2459 1561 2762 1620 brachium
2810 1564 3019 1636 posuit,
3053 1565 3152 1622 sed
3203 1567 3394 1623 adhuc
3437 1567 3498 1624 in
3547 1567 3717 1626 corde

1458 1687 1484 1712 ››
1540 1660 1660 1721 Sub
1715 1649 1978 1719 arboreB
2001 1647 2214 1706 Christi
2264 1649 2633 1722 signaculum
2671 1665 2788 1708 non
2841 1652 3144 1722 expressit.
3207 1651 3280 1710 Ut
3328 1669 3464 1723 ergo
3520 1663 3715 1714 sancta

1999 1737 2195 1794 anima
2252 1737 2462 1796 Christi
2511 1741 2838 1797 charactere
2884 1741 3195 1814 utrobique
3242 1742 3519 1814 signetur,
3573 1759 3713 1800 eum

1999 1824 2059 1880 in
2105 1823 2274 1880 corde
2314 1839 2418 1881 suo
2449 1824 2817 1898 signaculum
2849 1833 3040 1899 ponat,
3075 1834 3140 1885 ut
3170 1829 3386 1885 amoris
3416 1830 3540 1901 ejus
3574 1829 3716 1887 faci-

1997 1910 2107 1967 bus
2148 1911 2489 1970 medullitus
2529 1913 2873 1972 inardescat.
2917 1914 3098 1973 Ponat
3136 1915 3309 1973 etiam
3348 1931 3713 1992 consequen-

2001 2003 2086 2054 ter
2113 1997 2175 2055 in
2206 1999 2464 2071 brachio,
2499 2007 2564 2058 ut
2593 2001 2704 2073 piis
2733 2002 3009 2074 operibus
3037 2003 3296 2061 valenter
3327 2003 3575 2062 insistat.
3618 2006 3714 2064 Si-

1999 2086 2313 2159 gnaculum
2349 2086 2566 2146 Paulus
2609 2089 2672 2147 in
2721 2106 2958 2164 corpore
3009 2107 3114 2150 suo
3162 2093 3322 2152 velut
3369 2094 3431 2152 in
3477 2095 3713 2155 brachio

1998 2175 2197 2234 Jesum
2235 2187 2522 2250 posuerat,
2556 2195 2691 2238 cum
2719 2181 2942 2240 dicebat
2979 2206 2992 2240 :
3030 2203 3058 2237 «
3093 2184 3213 2256 Ego
3261 2185 3527 2258 stigmata
3573 2187 3712 2248 Jesu

1997 2263 2059 2320 in
2088 2279 2321 2337 corpore
2359 2281 2487 2324 meo
2525 2275 2684 2339 porto
2721 2272 2868 2337 (Gal.
2905 2274 3008 2338 Vl).
3052 2295 3077 2321 υ
3110 2271 3492 2345 Signaculum
3539 2293 3711 2350 super

1995 2368 2092 2410 cor
2119 2362 2406 2426 posuerat,
2439 2371 2573 2414 cum
2603 2356 2747 2414 alibi
2771 2359 3236 2429 gratulabundus
3261 2363 3479 2423 aiebat:
3514 2389 3540 2417 α
3566 2366 3712 2425 Mihi

1995 2448 2189 2499 autem
2230 2443 2378 2500 absit
2428 2445 2686 2516 gloriari,
2747 2447 2862 2504 nisi
2911 2447 2972 2505 in
3011 2464 3179 2508 cruce
3236 2450 3470 2511 Domini
3529 2457 3710 2514 nostri

1993 2532 2131 2590 Jesu
2171 2534 2405 2604 Christi,
2451 2551 2551 2607 per
2577 2551 2754 2607 quem
2785 2536 3223 2598 mihi'mundus
3273 2543 3594 2603 cruciﬁxus
3625 2551 3710 2604 est

1994 2626 2050 2678 et
2073 2636 2176 2694 ego
2206 2622 2426 2680 mundo
2456 2624 2658 2693 (Ibid).
2697 2647 2722 2672 »
2755 2624 2937 2698 Cujus
2970 2641 3107 2684 sane
3140 2628 3406 2702 stigmata
3431 2649 3706 2706 expressa

205 2729 386 2796 (Cant.
422 2730 500 2794 ll).
548 2750 573 2773 ››
628 2725 814 2782 Arbor
855 2740 990 2795 ergo
1040 2724 1178 2782 mali
1212 2739 1358 2782 crux
1406 2732 1490 2782 est
1537 2723 1769 2792 Christi,
1812 2741 1912 2797 per
1995 2708 2228 2782 gerebat
2277 2710 2339 2766 in
2372 2725 2628 2783 corpore,
2670 2712 2797 2782 eius
2837 2729 2896 2770 se
2927 2713 3294 2787 Sigﬂacumm
3325 2720 3537 2792 habere
3583 2723 3704 2796 €10-

205 2829 384 2886 quam
421 2814 692 2870 suscitata
721 2821 806 2869 est
843 2812 1057 2881 anima,
1089 2828 1122 2870 a
1166 2811 1368 2870 mortis
1417 2811 1636 2870 scilicet
1679 2819 1914 2870 aeternas
1944 2849 1953 2857 -
1997 2797 2216 2857 Γίδδὶιῐυ

2084 2797 2253 2857 batur
2306 2799 2369 2857 in
2421 2808 2633 2859 mente.
2691 2801 2866 2860 Porro
2921 2812 3119 2862 autem
3173 2813 3228 2863 et
3281 2808 3404 2880 ipse
3462 2813 3709 2873 cmlestis

205 2902 459 2960 vinculis
482 2900 762 2958 absoluta.
801 2926 827 2950 «
862 2900 1020 2958 Pone
1051 2917 1161 2970 me,
1194 2901 1407 2974 inquit,
1442 2908 1504 2959 ut
1543 2899 1909 2972 signaculum
1999 2887 2254 2960 Sponsus
2305 2890 2552 2950 θῙθοῐυιΠ
2604 2908 2897 2966 quemque
2945 2910 3119 2952 suum
3178 2896 3289 2955 Sibi
3337 2899 3707 2973 Signaculum

205 3007 380 3064 super
404 2998 711 3059 eortuum,
739 2999 802 3048 ut
821 2990 1184 3062 signaculum
1214 3005 1390 3062 super
1412 2990 1717 3047 brachium
1742 2996 1910 3048 tuum
1995 2981 2156 3054 ponit
2193 2997 2446 3056 eumque
2487 2991 2644 3054 grata
2701 2985 2826 3042 vice
2876 2992 3149 3057 tanquam
3200 3004 3274 3046 ne
3310 2990 3380 3048 de
3432 2996 3708 3055 memoria

207 3084 386 3149 (Cant.
419 3087 566 3149 Vlll).
601 3104 626 3130 π
658 3076 802 3134 246
833 3078 984 3148 Quid
1023 3095 1122 3152 per
1148 3094 1263 3149 cor,
1302 3076 1415 3152 nisi
1447 3077 1851 3150 cogitationem
1883 3076 1974 3141 ?C
1997 3072 2274 3145 deleatur,
2299 3074 2576 3134 attendit:
2607 3075 2779 3148 juxta
2805 3075 2957 3150 quOd
2987 3077 3296 3137 Zorobabel
3329 3081 3462 3140 duci
3488 3083 3706 3145 Judmaa

206 3170 356 3238 Quid
404 3185 501 3243 per
531 3171 850 3238 brachium,
894 3171 1007 3228 nisi
1032 3151 1228 3242 ioperis
1267 3151 1544 3228 d'ebemus
1593 3168 1916 3242 intelligere
1996 3165 2316 3240 pollicetur,
2372 3166 2613 3225 dicens:
2679 3192 2698 3218 α
2734 3168 2801 3226 In
2833 3169 2934 3226 illa
2964 3169 3058 3226 die
3086 3172 3398 3246 suscipiam
3428 3180 3499 3244 te,
3529 3176 3710 3235 Zoro-

209 3259 659 3318 fortitudinem‘?
708 3260 1002 3317 Christum
1051 3275 1187 3332 ergo
1222 3265 1499 3332 tanquam
1550 3258 1915 3331 signaculum
1995 3253 2168 3311 babel'
2191 3271 2354 3312 serve
2388 3272 2572 3324 meus,
2624 3264 2678 3313 et
2706 3273 2917 3330 ponam
2957 3265 3009 3316 te
3055 3259 3204 3318 sicut
3252 3263 3616 3336 signaculum
3645 3268 3708 3326 in

210 3349 364 3408 cordi
393 3359 583 3406 nostro
609 3349 886 3406 debemus
915 3343 1353 3422 imprimere,~ut
1380 3345 1542 3406 nulla
1569 3347 1697 3406 haec
1727 3348 1914 3406 valeat
1941 3354 1946 3358 '
1991 3348 2297 3414 conspectu
2328 3357 2456 3401 meo
2487 3345 2655 3412 (Agg.
2686 3349 2772 3410 ΙΙ).
2808 3366 2830 3394 ι
2877 3345 2946 3402 Et
2976 3354 3171 3404 contra
3219 3351 3289 3406 de
3334 3353 3587 3422 quodam
3616 3371 3706 3413 re-

210 3438 434 3497 hostilis
483 3437 727 3510 irruptio
782 3438 1016 3495 violare.
1075 3435 1370 3495 Christum
1415 3438 1589 3494 etiam
1640 3438 1911 3510 operibus
1991 3430 2168 3504 probo
2195 3447 2328 3504 rege
2353 3432 2636 3496 Dominus
2663 3431 2803 3490 diCit
2837 3452 2850 3491 :
2889 3457 2910 3483 ι
2963 3434 3025 3493 Si
3054 3437 3228 3496 fuerit
3262 3439 3568 3500 Jechonias
3596 3460 3705 3502 an-

208 3528 418 3587 nostris
446 3526 725 3586 debemus
757 3526 1103 3600 insculpere,
1140 3532 1222 3596 ut,
1259 3542 1360 3599 per
1388 3542 1559 3584 omne
1596 3527 1750 3599 quod
1787 3527 1912 3599 agi-
1993 3521 2170 3580 nulus
2235 3521 2438 3581 dexter
2497 3523 2559 3582 in
2613 3537 2794 3584 manu
2869 3539 3016 3594 mea,
3068 3526 3206 3586 inde
3269 3529 3512 3590 evellam
3566 3549 3702 3593 eum

209 3631 359 3685 mus,
417 3614 686 3674 cruciﬁxi
730 3631 837 3675 nos
891 3614 1256 3689 praeceptoris
1309 3613 1626 3688 discipulos
1673 3614 1913 3674 demon-
1995 3612 2123 3678 (εἶεν.
2159 3620 2216 3668 XI

2081 3627 2123 3668 Γ.
2159 3616 2338 3679 XXII).
2384 3632 2406 3663 ι

246 3706 484 3762 tremus.

246 3717 296 3759 Ir
331 3717 388 3759 m
439 3718 484 3762 s.

215 3717 243 3760 s
297 3717 326 3760 θ
394 3717 435 3760 u
1250 3792 1576 3863 Expliciunt
1603 3791 1912 3848 testimonia
1938 3791 2005 3849 de
2034 3790 2274 3848 Canticz's
2301 3792 2652 3850 canticorum.

1187 3949 1575 4010 INCIPIUNT
1614 3949 1990 4011 CAPITULA
2026 3945 2233 4010 LIBRI
2273 3946 2716 4009 SAPIENTIJE.
2826 3943 2828 3946 ’

258 4073 308 4130 1.
348 4072 501 4139 Quod
528 4072 787 4139 benignus
813 4073 892 4124 est
918 4069 1150 4140 spiritus
1185 4069 1488 4139 sapientiae.

255 4144 306 4202 2.
341 4147 480 4200 Dum
506 4144 743 4199 medium
767 4143 1047 4199 silentium
1073 4144 1310 4198 tenerent
1332 4144 1533 4197 omnia.

906 4213 908 4218 ’
1641 4212 1969 4284 Εωρὶίοἰαηι
2015 4209 2284 4281 capitula.

265 4497 267 4499 ,
364 4409 1273 4499 2471NCIPIUNT
1352 4408 2198 4499 TESTIMONIA
2273 4407 2647 4498 LIBRI
2730 4414 3546 4511 SAPIENTIAB.

768 4573 1011 4633 CAPUT
1038 4573 1352 4632 PRIMUM.

725 4669 790 4724 In
822 4667 958 4721 libro
989 4663 1368 4723 GRATISSIMO.

285 4781 309 4808 ιι
340 4756 642 4829 Benignus
687 4760 771 4813 est
818 4753 989 4810 enim
1033 4751 1283 4824 Spiritus
1336 4751 1654 4825 sapientiae,
1687 4757 1742 4810 et
1791 4767 1911 4810 non

217 4844 479 4904 liberabit
508 4845 882 4904 maledictum
938 4858 972 4899 a
1021 4841 1190 4898 labiis
1228 4839 1348 4899 suis
1378 4843 1529 4912 (Sap.
1562 4843 1625 4909 ι).
1674 4867 1700 4890 ››
1743 4839 1913 4898 Beni-

215 4952 358 5011 guns
387 4951 640 5011 namque
681 4932 929 5008 Spiritus
966 4937 1198 4989 sanctus
1235 4946 1488 5005 congrue
1516 4931 1745 5001 dicitur,
1774 4930 1912 5004 quia

219 5028 361 5085 mala
399 5028 754 5087 merentibus
790 5026 940 5083 bona
968 5022 1253 5092 retribuit,
1303 5030 1358 5081 et
1397 5022 1591 5094 dignis
1629 5021 1911 5096 supplicio

217 5119 408 5191 gratia;
451 5134 570 5176 sua;
629 5131 846 5174 munus
893 5113 1165 5186 impertit.
1215 5112 1359 5182 Quis
1407 5118 1599 5170 autem
1638 5112 1745 5169 hoc
1791 5112 1911 5170 loco

219 5206 494 5264 maledicti
542 5206 798 5272 nomine,
846 5203 961 5260 nisi
1002 5202 1347 5276 Redemptor
1380 5211 1574 5261 noster
1606 5203 1774 5262 debet
1817 5205 1910 5261 iu-

221 5292 412 5365 telligi,
447 5293 552 5367 qui
591 5300 653 5351 ut
689 5308 796 5350 nos
830 5308 864 5350 a
903 5291 1325 5350 maledictionis
1366 5291 1600 5350 vinculo
1644 5291 1907 5364 solveret,

220 5385 332 5458 ipse
382 5398 498 5441 non
542 5377 764 5455 respuit
819 5379 1322 5439 maledictionibus
1359 5378 1655 5452 subjacere
1680 5382 1707 5436 ?
1744 5379 1910 5439 Unde

221 5475 270 5529 et
295 5468 512 5528 Paulus
539 5469 716 5526 dicit:
767 5491 794 5518 α
827 5468 1105 5540 Christus,
1137 5468 1350 5544 inquit,
1408 5485 1515 5527 nos
1565 5469 1809 5528 redemit
1839 5470 1909 5528 de

223 5557 514 5619 maledicto
549 5554 713 5630 legis,
753 5556 936 5617 factus
975 5574 1080 5632 pro
1115 5558 1284 5620 nobis
1335 5556 1730 5632 maledictum,
1769 5557 1909 5634 quia

1923 4575 1974 4633 D
1997 4571 2277 4644 scriptum
2309 4577 2432 4630 est:
2476 4572 2816 4631 Maledictus
2843 4575 3036 4632 omnis
3065 4577 3166 4649 qui
3198 4581 3407 4651 pendet
3441 4585 3501 4643 in
3541 4586 3702 4660 ligno

1995 4663 2170 4729 (Deut.
2209 4663 2362 4728 XXI),
2405 4664 2469 4716 ut
2500 4660 2562 4716 in
2593 4660 2864 4732 gentibus
2902 4660 3226 4722 benedictio
3258 4668 3510 4729 Abrahae
3540 4673 3703 4732 fieret

1993 4749 2056 4807 in
2087 4748 2312 4806 Christo
2342 4749 2500 4819 Jesu,
2532 4753 2597 4806 ut
2644 4749 3115 4822 pollicitationem
3169 4752 3416 4827 Spiritus
3464 4760 3704 4833 accipia-

1995 4856 2131 4898 mus
2173 4855 2270 4912 per
2311 4838 2486 4896 ﬁdem
2525 4841 2668 4909 (Gal.
2714 4841 2816 4912 111).
2855 4863 2881 4889 π
2923 4840 3220 4916 Benignus
3279 4861 3414 4919 ergo
3455 4846 3704 4923 Spiritus

1994 4935 2228 4987 sanctus
2254 4943 2369 4986 non
2421 4928 2685 4985 liberavit
2716 4928 3090 4987 maledictum
3119 4947 3152 4988 a
3181 4932 3351 4992 labiis
3379 4937 3520 5010 suis,
3563 4941 3702 5012 quia

1993 5029 2200 5079 cuncta
2227 5018 2546 5078 Dominicaa
2575 5019 2860 5092 passionis
2889 5020 3206 5096 mortisque
3236 5026 3537 5100 supplicia,
3567 5045 3701 5102 quae

1992 5111 2063 5170 de
2114 5111 2337 5171 Christo
2391 5125 2492 5186 per
2535 5126 2634 5170 ora
2684 5113 3095 5186 prophetarum
3147 5122 3279 5174 ante
3333 5119 3699 5194 praedixerat,

1993 5215 2246 5272 congruo
2304 5208 2555 5274 tempore
2583 5215 2685 5272 per
2725 5200 3150 5260 exhibitionem
3179 5218 3417 5276 operum
3451 5205 3700 5267 efﬁcaci-

1994 5298 2080 5351 ter
2107 5293 2467 5367 adimplevit.
2501 5293 2666 5351 Tunc
2695 5292 2853 5349 enim
2882 5293 3308 5365 quodammodo
3338 5313 3372 5355 a
3409 5299 3530 5357 suis
3559 5315 3697 5358 eum

1992 5381 2162 5441 labiis
2187 5383 2476 5454 liberaret,
2510 5382 2559 5440 si
2590 5383 2746 5456 quod
2793 5382 2865 5441 de
2908 5382 3008 5441 illa
3036 5385 3389 5459 propheticis
3419 5389 3697 5448 enuntia-

1991 5475 2078 5528 ret
2126 5471 2397 5541 oraculis,
2427 5485 2529 5544 per
2578 5483 2775 5527 rerum
2826 5469 3092 5528 ordinem
3152 5486 3268 5531 non
3321 5474 3695 5549 implevisset.

1953 5625 1957 5630 _
1995 5557 2102 5618 Ubi
2138 5560 2458 5619 notandum
2484 5573 2662 5634 quam
2690 5559 2995 5634 profunde,
3023 5576 3202 5635 quam
3235 5565 3478 5641 mystice
3514 5566 3698 5631 simul
