4058 6178
390 168 527 235 1155
1348 156 1891 235 COLLECTANEA
1927 170 2009 234 IN
2045 167 2292 235 verus
2330 168 2919 234 TESTAMENTUM.
3796 174 3909 235 na:

388 306 661 375 congruat
712 297 961 359 doctoris
1007 299 1314 373 utriusque
1369 301 1672 358 sententia.
1725 302 1887 371 Quod
1938 300 2159 360 enimA
2180 314 2346 357 novae
2359 300 2491 357 tidei
2508 300 2749 374 gratiam
2781 299 3114 359 veniebant.
3145 298 3215 357 In
3239 299 3493 374 quodam
3516 298 3732 374 plane
3762 314 3905 356 mna

382 410 539 453 unus
564 392 715 451 dixit
744 393 880 466 quia
910 390 1158 465 Spiritus
1187 406 1305 449 non
1337 391 1605 450 liberabit
1656 393 2031 452 maledictum
2061 409 2093 449 a
2176 390 2286 447 dus
2314 389 2637 448 meditullio
2666 391 3034 457 consistebat,
3073 390 3219 449 dum
3253 396 3308 449 et
3335 392 3797 466 prophetarum
3828 407 3902 449 ne-

383 483 555 542 labiis
585 483 726 554 suis,
774 484 878 541 hoc
922 490 1023 547 est,
1078 487 1226 554 quod
1277 482 1421 540 alter
1456 484 1719 553 asseruit,
1755 492 1818 542 ut
1870 483 2092 558 pollici-

383 574 659 631 tationem
714 572 961 644 Spiritus
1015 573 1366 644 accipiamus
1398 588 1499 645 per
1547 572 1717 629 iidem
1749 591 1764 643 ;
1822 580 1991 646 atque
2029 579 2093 632 ut
2172 574 2506 645 praedicatio
2534 582 2875 633 coruscaret.
2910 574 3061 644 Quid
3086 581 3282 632 autem
3310 574 3403 631 hic
3432 590 3535 647 per
3575 588 3715 630 uox
3748 573 3900 629 intei-

382 663 644 719 ostendat
697 661 789 718 vir
824 661 1069 733 sapiens,
1127 661 1197 718 de
1248 677 1363 735 quo
1396 661 1695 721 maledicto
1734 663 2089 735 loqueretur,
2172 664 2393 739 ligitur,
2450 667 2561 724 nisi
2605 666 2886 737 diabolus,
2936 668 3039 741 qui
3085 674 3285 723 auctor
3327 670 3411 722 est
3461 663 3898 723 tenebrarum?

2175 497 2467 555 quaquam
2496 482 2725 540 oracula
2769 488 3134 555 superessent
3182 488 3236 539 et
3280 482 3597 555 apostolica
3647 481 3899 538 nondum
3998 486 3999 557 ἦ

382 754 674 827 praemissa
708 754 993 810 sententia
1023 754 1291 826 protinus
1320 753 1540 812 addidit
1576 778 1588 811 :
1634 776 1654 805 α
1689 754 1973 823 Quoniam
2008 771 2089 813 re-

290 900 301 917 ,
380 858 525 900 num
555 842 713 899 illius
744 841 900 899 testis
930 850 1017 899 est
1063 843 1238 913 Deus,
1271 850 1326 900 et
1377 843 1566 901 cordis
1598 843 1759 902 illius
1810 850 2087 903 scrutator

377 938 462 991 est
490 948 660 991 verus
700 939 755 990 et
804 931 1025 1006 lingua)
1080 933 1241 991 illius
1292 933 1519 991 auditor
1572 938 1820 1006 (Sap.1).
1859 958 1880 987 n
1938 936 2087 1005 Quia

376 1022 535 1081 enim
587 1023 769 1081 Patris
796 1030 851 1080 et
878 1022 1012 1080 Filii
1058 1024 1461 1097 inseparabilis
1491 1033 1545 1082 et
1576 1026 1973 1085 coessentialis
2002 1032 2087 1085 est

376 1114 589 1183 unitas,
633 1130 840 1172 renum
890 1114 1022 1172 Filii
1074 1116 1235 1172 testis
1288 1122 1341 1173 et
1398 1117 1586 1175 cordis
1629 1119 1755 1192 ejus
1805 1126 2088 1178 scrutator

369 1204 503 1279 jure
562 1206 726 1263 Pater
770 1206 1065 1276 asseritur,
1115 1208 1284 1280 cujus
1331 1208 1613 1267 nimirum
1664 1210 1850 1268 virtus
1894 1218 1948 1269 et
1995 1227 2087 1269 sa-

376 1295 593 1368 pientia
628 1295 749 1369 ipse
778 1296 964 1356 Filius
1002 1298 1170 1356 nulla
1198 1299 1270 1356 ab
1301 1315 1367 1357 eo
1410 1302 1662 1359 creditur
1692 1301 2086 1375 inaequalitate

373 1383 660 1455 diversus,
696 1383 859 1443 nulla
904 1386 1179 1459 probatur
1221 1389 1591 1462 adjunctione
1631 1396 1904 1449 semotus.
1950 1391 2086 1449 Lin-

374 1488 505 1545 gua:
562 1474 733 1531 etiam
790 1474 951 1533 illius
997 1477 1226 1536 auditor
1280 1484 1382 1547 est,
1413 1479 1563 1537 sicut
1619 1480 1740 1552 ipse
1797 1486 2079 1538 testatur:

378 1584 400 1614 ι
437 1561 621 1635 Pater,
655 1564 866 1638 inquit,
895 1568 1105 1637 gratias
1130 1584 1235 1641 ago
1261 1568 1386 1639 tibi,
1422 1570 1699 1643 quoniam
1723 1571 1938 1628 audisti
1970 1585 2082 1643 me,

2171 754 2280 824 Qui
2312 756 2593 813 nimirum
2620 755 3043 829 quodammodo
3074 763 3212 813 tunc
3251 754 3531 819 ambulat,
3595 770 3752 812 cum
3802 767 3896 811 nos

2168 845 2336 903 facile
2375 846 2527 905 valet
2573 846 2811 919 implere
2859 845 3011 919 quod
3058 852 3248 918 optat;
3304 852 3441 903 tunc
3490 860 3647 902 vero
3704 844 3895 905 currit.

2168 952 2301 994 cum
2350 936 2586 993 malitize
2626 952 2748 992 sua)
2798 941 2928 993 vota
2974 935 3191 1007 absque
3240 933 3361 993 ullo
3410 933 3897 992 contradictioni;

2168 1025 2750 1099 obstaculo'perlicit,
2785 1031 2841 1081 et
2888 1039 3002 1083 non
3046 1024 3168 1098 jam
3223 1024 3332 1081 vite
3381 1024 3755 1097 marginem,
3810 1024 3896 1079 sed

2168 1116 2425 1173 medium
2472 1115 2579 1173 iter
2628 1119 2800 1184 tenet,
2835 1113 2976 1171 dum
3013 1110 3160 1169 nihil
3208 1112 3317 1169 sibi
3364 1112 3524 1169 videt
3579 1127 3893 1170 occurrere

2169 1205 2321 1281 quod
2353 1205 2439 1263 sui
2471 1220 2674 1263 cursus
2706 1205 2988 1277 impetum
3026 1202 3213 1261 valeat
3238 1201 3545 1260 retardare.
3583 1201 3749 1260 Cum
3792 1201 3892 1274 igi-

2169 1307 2264 1359 tur
2293 1301 2402 1360 sub
2433 1305 2551 1359 tam
2593 1299 2772 1359 noxio
2824 1299 3082 1358 mundus
3109 1298 3338 1357 silentio
3370 1298 3819 1365 conticesceret,
3848 1308 3893 1355 et

2168 1393 2295 1450 base
2319 1393 2392 1450 ad
2443 1392 2765 1465 perdendos
2793 1391 3060 1449 homines
3104 1389 3323 1448 occasio
3368 1388 3683 1448 diabolum
3728 1405 3890 1447 vom-

2169 1486 2274 1551 ret,
2303 1480 2403 1538 ille
2431 1496 2547 1537 non
2594 1478 2764 1537 modo
2789 1479 3051 1536 medium
3084 1476 3192 1535 iter
3222 1477 3480 1545 habebat,
3523 1480 3627 1536 sed
3664 1486 3729 1536 et
3761 1494 3884 1535 cur-

2170 1569 2348 1639 rebat,
2382 1568 2519 1642 quia
2553 1562 2843 1640 quidquid
2871 1566 3148 1641 nequitias
3190 1581 3311 1624 suae
3358 1572 3555 1624 mente
3594 1581 3883 1639 concepe-

373 1667 477 1727 ego
506 1660 701 1712 autem
722 1655 993 1727 sciebam,
1014 1659 1151 1731 quia
1169 1674 1395 1730 semper
1425 1675 1516 1717 me
1543 1660 1710 1719 audis
1738 1665 1909 1731 (Joan.
1944 1661 2080 1733 1(1).»
2104 1668 2151 1730 Β
2173 1665 2257 1717 rat
2331 1658 2635 1716 elIicaciter
2703 1658 3072 1731 adimplebat.
3142 1657 3289 1715 Nam
3363 1663 3419 1715 et
3481 1664 3695 1715 cuncta
3767 1657 3881 1728 jam

373 1743 591 1803 Idcirco
634 1745 813 1819 igitur
864 1748 1099 1822 spiritus
1151 1764 1267 1807 non
1320 1749 1585 1808 liberavit
1633 1752 2008 1810 maledictum
2052 1768 2086 1810 a

371 1833 541 1892 labiis
567 1836 708 1908 suis,
740 1837 879 1910 quia
912 1838 1066 1895 Deus
1118 1839 1275 1896 testis
1314 1848 1485 1913 atque
1515 1848 1796 1898 scrutator
1826 1848 1910 1899 est
1958 1828 2083 1899 cor-

370 1923 460 1982 dis
488 1925 652 1985 illius
697 1934 752 1983 et
784 1926 1005 2000 lingua:
1040 1929 1284 1987 auditor.
1324 1932 1407 1987 Ac
1438 1930 1487 1987 si
1514 1937 1772 2003 patenter
1818 1931 2033 1989 diceret
2065 1957 2077 1990 :

365 2012 501 2070 Ideo
529 2013 632 2071 Dei
660 2013 847 2073 Filius
877 2016 1162 2087 passionis
1195 2018 1475 2092 supplicia
1506 2019 1759 2092 pertulit,
1795 2022 1933 2094 quia
1960 2022 2081 2095 ipse

365 2101 571 2174 Filius,
603 2104 698 2162 cui
747 2121 884 2163 cum
916 2105 1081 2165 Patre
1128 2116 1183 2166 et
1224 2108 1428 2166 eodem
1475 2105 1619 2162 248
1674 2108 1896 2181 Spiritu
1945 2127 2078 2169 san-

364 2199 453 2252 cto
480 2210 599 2253 una
656 2196 946 2269 voluntas,
1003 2215 1119 2257 una
1148 2205 1232 2257 est
1270 2200 1649 2273 providentia,
1698 2199 1757 2256 id
1812 2200 1941 2258 ﬁeri
1974 2218 2078 2274 pro

366 2283 611 2342 humani
654 2288 883 2358 generis
936 2288 1120 2345 salute
1172 2288 1444 2347 decrevit.
1493 2287 1572 2345 De
1621 2304 1738 2361 quo
1790 2290 2075 2351 nimirum

364 2377 674 2449 Apostolus
707 2400 719 2433 :
759 2400 780 2430 ‹‹
813 2378 923 2447 Qui
968 2378 1175 2438 dilexit
1205 2396 1318 2453 me,
1351 2379 1564 2456 inquit,
1604 2380 1836 2440 tradidit
1865 2388 2075 2442 semet-

364 2463 557 2537 ipsum
585 2481 688 2540 pro
716 2481 810 2524 me
842 2468 984 2537 (Gal.
1016 2473 1096 2538 II).
1136 2490 1158 2520 ι
1780 2502 1783 2505 ι

463 2650 527 2704 In
550 2665 791 2705 sermone
819 2557 1659 2707 secundocgepgTBaIrItiwlomeeo
1697 2655 1966 2724 apostolo.

437 2740 644 2799 «Dum
694 2741 952 2799 medium
1003 2740 1301 2799 silentium
1336 2746 1594 2799 tenerent
1642 2744 1840 2800 omnia
1871 2748 1926 2800 et
1961 2758 2079 2801 nox

364 2828 426 2886 in
450 2844 554 2887 suo
585 2845 759 2888 cursu
788 2830 1045 2887 medium
1071 2829 1177 2887 iter
1202 2830 1459 2901 haberet,
1493 2832 1861 2904 omnipotens
1887 2846 2077 2889 sermo

366 2920 523 2987 tuus,
579 2916 845 2987 Domine,
880 2919 949 2975 de
997 2919 1141 2976 ccelo
1193 2935 1227 2976 a
1282 2919 1575 2992 regalibus
1629 2920 1864 2977 sedibus
1916 2919 2077 2977 venit

2167 1749 2497 1808 Romanum
2526 1747 2838 1821 occupabat
2876 1747 3214 1820 imperium,
3253 1753 3306 1804 et
3336 1757 3567 1805 necesse
3606 1750 3737 1803 erat
3767 1760 3876 1814 eos,

2165 1841 2265 1913 qui
2301 1841 2485 1912 legem
2529 1838 2630 1897 Dei
2684 1843 2922 1897 eatenus
2953 1838 3156 1896 saltem
3202 1844 3499 1912 utcunque
3546 1842 3879 1907 tenuerant,

2159 1930 2280 2002 jam
2310 1929 2543 1987 subesse
2573 1927 2800 2000 legibus
2826 1942 3202 2000 paganorum.
3248 1927 3369 1985 Sub
3396 1928 3505 1984 hoc
3533 1926 3719 2000 igitur
3753 1941 3878 1999 per-

2165 2019 2357 2077 euntis
2412 2017 2617 2076 mundi
2668 2016 2899 2075 silentio
2954 2016 3143 2074 sermo
3216 2016 3445 2075 Domini
3493 2033 3527 2073 a
3580 2016 3877 2090 regalibus

2164 2109 2399 2166 sedibus
2444 2108 2621 2177 venit,
2675 2107 2813 2181 quia
2865 2106 2936 2164 de
2972 2106 3297 2180 pectoribus
3343 2106 3694 2177 apostolicis,
3740 2120 3877 2178 quae.

2163 2196 2337 2269 Regis
2384 2194 2586 2253 aeterni
2614 2194 2891 2252 veraciter
2928 2193 3091 2251 sedes
3114 2199 3271 2264 sunt,
3323 2192 3567 2250 verbum
3616 2207 3874 2264 evange-

2161 2290 2290 2347 liczu
2339 2287 2764 2361 prmdicationis
2811 2286 3019 2358 erupit.
3066 2286 3181 2358 Ipsi
3212 2285 3425 2358 quippe
3463 2285 3682 2357 regales
3732 2293 3875 2342 sunt

2162 2377 2325 2435 sedes
2373 2393 2516 2449 quas
2547 2375 2699 2433 Deus
2734 2374 3036 2445 inhabitat,
3062 2373 3173 2446 ipsi
3212 2390 3371 2445 reges
3413 2380 3469 2429 et
3514 2373 3705 2430 Patres
3759 2372 3871 2429 Ec-

2162 2468 2373 2533 clesiae,
2409 2467 2557 2525 sicut
2606 2466 2817 2525 dicitur
2848 2491 2860 2525 :
2920 2489 2941 2515 ιι
2996 2465 3199 2525 Omnis
3245 2464 3425 2537 gloria
3456 2466 3585 2539 ejus
3616 2465 3751 2523 ﬁlize
3780 2482 3872 2522 re-

2160 2574 2300 2631 gum
2330 2557 2401 2613 ab
2430 2557 2587 2613 intus
2625 2558 2793 2624 (Psal.
2848 2558 3032 2625 XLIV).
3064 2580 3091 2602 κ
3141 2554 3240 2611 Isti
3278 2570 3414 2611 sane
3464 2570 3624 2625 reges
3662 2554 3869 2610 armati

2159 2646 2349 2719 gladio
2406 2646 2660 2719 spiritus,
2692 2644 2844 2719 quod
2893 2650 2978 2701 est
3032 2642 3274 2700 verbum
3328 2643 3426 2699 Dei
3485 2644 3706 2713 (Ephes.
3767 2643 3866 2709 vv,

2161 2733 2524 2793 debellarunt
2548 2733 2869 2805 principem
2899 2730 3124 2788 mundi.
3160 2730 3241 2786 De
3269 2744 3383 2802 quo
3416 2728 3699 2786 nimirum
3730 2743 3866 2801 apo-

2161 2829 2439 2886 stolorum
2480 2824 2670 2899 gladio
2726 2823 2985 2898 legitur:
3027 2845 3049 2874 ι
3092 2820 3288 2880 Durus
3317 2819 3629 2878 debellator
3655 2820 3715 2876 in
3745 2835 3865 2876 me-

2161 2921 2316 2977 diam
2370 2914 2706 2976 exterminii
2766 2922 2975 2972 terram
3026 2910 3331 2987 prosilivit,
3388 2909 3615 2983 gladius
3663 2914 3866 2966 acutus

367 3004 519 3099 (ξαρ.
547 3005 744 3099 XVIII).
780 3027 801 3056 θ
836 3005 908 3099 In
955 3004 1214 3099 adventu
1259 3006 1472 3081 quippe
1523 3006 1759 3064 Domini
1816 3006 2074 3066 medium
2095 3006 2567 3099 Cinsimulatum
2592 3004 2907 3079 imperium
2936 3010 3105 3099 tuum
3134 3004 3387 3099 portans,
3500 2997 3866 3099 stans‘reple-

366 3090 667 3149 silentium
716 3091 915 3151 omnia
965 3094 1357 3165 continebant,
1406 3097 1543 3169 quia
1589 3095 1710 3170 jam
1778 3098 2074 3170 prophetas
2100 3087 2139 3099 “”
2160 3101 2245 3160 vit
2272 3099 2468 3159 omnia
2498 3104 2700 3168 morte,
2734 3101 2790 3155 et
2821 3110 3006 3171 usque
3031 3092 3104 3154 ad
3130 3091 3342 3152 cmlum
3371 3087 3691 3162 attingebat
3717 3095 3866 3149 stans

364 3185 743 3251 cessaverant,
799 3176 877 3242 et
912 3183 1175 3246 nondum
1221 3184 1465 3261 apostoli
1519 3185 1592 3244 ad
1643 3186 2079 3260 praedicandum

2159 3190 2224 3249 in
2250 3195 2400 3247 terra
2431 3190 2587 3260 (Sap.
2620 3188 2813 3256 XVIII).
2842 3204 2874 3241 »

1475 3332 1803 3403 Expliciunt
1838 3335 2150 3391 testimonia
2189 3332 2257 3388 de
2288 3332 2427 3387 libro
2459 3328 2777 3402 Sapientia.

486 3559 995 3649 INCIPIT
1074 3559 1855 3647 CAPITULUM
1930 3559 2583 3647 DELIBRO
2661 3554 3757 3647 ECCLESIASTICI.

926 3752 1170 3812 CAPUT
1207 3752 1516 3812 UNICUM.

366 3850 429 3905 In
460 3859 702 3903 sermone
738 3843 969 3900 secundo
1001 3844 1068 3899 de
1123 3845 1483 3970 S.l.lltfatthazo
1524 3847 1770 3919 apostolo
1823 3850 1877 3902 et
1912 3862 2079 3903 evan-

1113 3933 1176 3970 ae
1202 3932 1249 3970 ts
1276 3933 1331 3970 α.

1112 3932 1331 3984 geusta.

451 4050 473 4077 ι
500 4026 713 4100 Legem
770 4024 1067 4084 mandavit
1110 4024 1337 4098 Moyses
1376 4026 1438 4084 in
1494 4026 1793 4100 praeceptis
1836 4027 2079 4100 justitia-

369 4131 522 4186 rum,
554 4121 610 4171 et
658 4115 1052 4172 haereditatem
1088 4112 1288 4171 domui
1320 4112 1485 4171 Jacob
1536 4118 1592 4171 et
1621 4112 1799 4171 Israel
1830 4114 2078 4186 promis-

2159 3756 2299 3814 dum
2328 3755 2390 3812 in
2424 3753 2638 3812 sanctis
2670 3768 2736 3811 ac
2776 3751 3035 3825 mysticis
3083 3751 3275 3809 verbis
3320 3750 3635 3810 vindemiae
3664 3766 3865 3810 nomen

2160 3844 2392 3916 auditis,
2456 3844 2559 3916 qui
2602 3858 2676 3899 ex
2718 3842 2989 3916 temporis
3027 3841 3325 3899 occasione
3369 3846 3627 3901 terrenas
3673 3839 3867 3899 vinde-

2160 3936 2308 3995 mias
2336 3950 2454 4006 pra:
2494 3928 3056 4004 manibus'habetis,
3086 3932 3252 3989 debet
3286 3949 3320 3991 a
3364 3933 3867 3993 circumstantibus

2160 4022 2235 4080 ad
2284 4022 2555 4081 interiora
2612 4037 2945 4093 recurrere,
2992 4026 3047 4078 et
3100 4020 3459 4092 spiritualem
3516 4021 3867 4081 vindemiam

2162 4118 2417 4169 sanctam
2460 4116 2651 4170 vestra
2680 4110 2989 4185 prudentia
3028 4107 3294 4181 cogitare.
3338 4110 3435 4169 Ait
3469 4111 3627 4170 enim
3658 4111 3719 4168 in
3756 4110 3867 4167 ﬁne

372 4205 564 4263 siones
617 4207 806 4271 (Eccli.
843 4209 1043 4271 XXIV).
1077 4225 1098 4255 ι
1140 4202 1212 4260 Ut
1264 4207 1457 4261 autem
1494 4202 1557 4259 in
1596 4202 1687 4259 his
1716 4201 1912 4260 verbis
1963 4219 2139 4287 nonD
2164 4203 2509 4259 sententiae:
2567 4226 2594 4254 α
2635 4201 2745 4271 Qui
2787 4203 2961 4260 mittit
3002 4202 3369 4277 disciplinam
3410 4203 3561 4260 sicut
3606 4198 3750 4255 250
3778 4200 3863 4258 lu-

369 4292 591 4351 diutius
613 4291 1120 4360 immoremur,lex
1143 4290 1270 4358 ista,
1287 4306 1420 4362 quae
1438 4290 1743 4348 haereditas
1754 4290 2081 4364 promissio-

373 4384 464 4441 nis
486 4382 698 4440 dicitur
713 4391 976 4439 sanctum
998 4382 1498 4453 estEvangelium,
1514 4383 1667 4454 quod
1678 4382 1914 4456 quidem
1944 4380 2082 4440 anti-

373 4473 505 4545 quis
524 4471 787 4529 Patribus
807 4476 891 4528 est
918 4471 1286 4542 promissum,
1306 4470 1476 4528 nobis
1496 4478 1687 4528 autem
1718 4472 2080 4531 haereditario

366 4565 519 4637 jure,
551 4560 776 4618 Christo
808 4561 1092 4629 veniente,
1126 4562 1397 4619 collatum
1423 4579 1437 4632 ;
1470 4560 1571 4619 ubi
1602 4568 1809 4633 prmsto
1834 4563 2079 4636 subjun-

372 4654 529 4727 gitur
552 4676 564 4710 :
600 4677 622 4701 ιι
651 4651 847 4710 Posuit
870 4651 1049 4710 David
1072 4669 1251 4727 puero
1266 4668 1371 4712 suo
1389 4654 1640 4711 excitare
1661 4671 1851 4727 regem
1866 4670 1941 4711 ex
1959 4655 2082 4728 ipso

373 4740 517 4799 249
572 4742 950 4801 fortissimum
1004 4743 1065 4800 in
1125 4744 1331 4803 throno
1387 4745 1622 4805 honoris
1674 4746 1966 4804 sedentem
2021 4745 2082 4804 in

373 4833 810 4905 sempiternum.
854 4832 962 4902 Qui
1005 4833 1210 4906 implet
1257 4835 1421 4909 quasi
1465 4834 1678 4891 Phison
1718 4834 2077 4907 sapientiam,

373 4930 428 4982 et
476 4924 623 4981 sicut
659 4924 847 4995 Tigris
896 4923 959 4981 in
1012 4924 1218 4982 diebus
1280 4940 1602 4996 novorum;
1651 4925 1753 4998 qui
1808 4925 2083 4998 adimplet

374 5015 539 5088 quasi
569 5014 887 5088 Euphrates
929 5031 1164 5073 sensum
1198 5033 1211 5085 ;
1244 5016 1345 5088 qui
1389 5015 1733 5088 multiplicat
1762 5016 1928 5090 quasi
1957 5015 2083 5073 Jor-

374 5103 540 5161 danis
596 5104 660 5160 in
722 5110 971 5177 tempore
1031 5103 1271 5175 messis;
1333 5105 1433 5178 qui
1488 5104 1663 5162 mittit
1719 5104 2085 5179 disciplinam

375 5194 523 5252 sicut
554 5194 761 5263 lucem,
791 5198 846 5251 et
897 5193 1167 5251 assistens
1220 5193 1385 5267 quasi
1435 5193 1592 5253 Geon
1622 5194 1685 5251 in
1733 5194 1827 5252 die
1880 5193 2083 5251 vinde-

377 5284 511 5340 mia)
543 5283 753 5353 (Ibid.).
787 5306 813 5334 τι
873 5282 1013 5340 Haec
1050 5283 1263 5359 itaque,
1298 5283 1500 5340 fratres
1532 5284 1665 5355 mei,
1720 5289 1834 5340 tam
1870 5281 2078 5354 lucide,

376 5377 491 5430 tam
518 5378 708 5446 aperte
758 5372 829 5431 de
866 5372 1091 5431 Christo
1143 5378 1198 5431 et
1249 5373 1461 5431 sanctis
1514 5373 1883 5445 evangelistis
1931 5373 2082 5431 dicta

377 5467 517 5521 sunt
540 5465 606 5520 ut
630 5462 703 5521 ad
731 5461 838 5521 hoc
864 5461 1285 5522 insinuandum
1324 5462 1539 5536 exponi
1570 5476 1689 5520 non
1727 5468 1948 5534 egeant,
1981 5462 2080 5522 sed

2166 4308 2308 4356 cem,
2377 4297 2432 4349 et
2497 4292 2769 4351 assistens
2825 4294 2991 4368 quasi
3060 4296 3221 4354 Geon
3282 4294 3347 4351 in
3403 4294 3496 4352 die
3560 4292 3860 4351 vindemiae

2164 4382 2375 4450 (Ibid).
2406 4404 2434 4431 ι»
2477 4380 2617 4450 Quis
2664 4389 2749 4439 est
2790 4380 2908 4453 ille,
2944 4384 3045 4456 qui
3092 4374 3269 4441 mittit
3313 4381 3681 4455 disciplinam
3726 4380 3863 4437 sicut

2164 4467 2374 4538 lucem,
2405 4468 2518 4526 nisi
2558 4470 2608 4527 is
2639 4471 2761 4544 qui,
2792 4478 2916 4544 post
2959 4470 3207 4529 velatam
3240 4471 3444 4529 faciem
3491 4467 3695 4543 Moysi,
3740 4482 3863 4539 pos«

2163 4573 2317 4615 sesso
2351 4558 2598 4615 tenebris
2662 4560 2900 4629 mundo,
2936 4560 3258 4618 radiantem
3318 4557 3620 4631 Evangelii
3650 4556 3739 4614 sui
3776 4555 3863 4612 in-

2165 4648 2310 4722 gerit
2339 4646 2653 4706 claritatem
2687 4648 2714 4706 ?
2752 4648 2981 4706 Assistit
3020 4648 3217 4723 itaque
3244 4647 3409 4722 quasi
3449 4646 3629 4715 Geon,
3662 4646 3731 4702 de
3756 4657 3865 4716 quo

2165 4744 2220 4793 et
2266 4752 2369 4808 per
2416 4734 2760 4809 Prophetam
2806 4736 3056 4795 dicitur:
3091 4760 3117 4787 α
3155 4735 3442 4794 Dominus
3486 4734 3639 4792 Deus
3682 4741 3865 4790 uoster

2164 4828 2383 4885 ﬂuvius
2467 4828 2753 4899 gloriosus
2831 4829 3107 4887 exsiliens
3182 4829 3247 4887 in
3330 4836 3536 4886 terram
3585 4827 3865 4884 sitientem

2168 4921 2367 4991 (Ibid).
2413 4942 2438 4969 η
2494 4919 2635 4988 Quin
2690 4927 2774 4978 est
2824 4928 3017 4979 autem
3070 4920 3238 4978 vinea
3271 4963 3286 4990 ,
3344 4919 3437 4976 cui
3491 4918 3657 4990 quasi
3718 4916 3865 4975 Geon

2166 5009 2411 5081 assistit,
2473 5016 2529 5068 et
2584 5012 3008 5084 praedicationis
3062 5028 3185 5071 suae
3240 5009 3575 5068 madoribus
3632 4991 3865 5080 irrigare

2166 5117 2284 5159 non
2318 5101 2550 5173 desinit,
2580 5103 2693 5161 nisi
2724 5103 2824 5160 illa
2865 5104 2934 5161 de
2965 5120 3077 5178 qua
3109 5120 3211 5177 per
3248 5102 3595 5175 Prophetam
3622 5100 3861 5157 dicitur:

2170 5213 2196 5242 α
2233 5190 2413 5250 Vinea
2437 5199 2630 5251 autem
2659 5193 2890 5253 Domini
2939 5194 3186 5253 Sabaoth
3219 5194 3426 5252 domus
3466 5190 3642 5249 Israel
3683 5186 3812 5246 est?
3840 5209 3859 5237 ι

2166 5284 2287 5356 (Isa.
2320 5284 2400 5357 v.)
2435 5283 2600 5341 Hanc
2630 5284 2859 5343 vineam
2884 5284 2954 5343 de
2999 5284 3246 5359 :Egypto
3294 5289 3539 5343 vetustas
3585 5281 3732 5354 legis
3762 5279 3866 5337 Do-

2163 5370 2359 5430 minus
2388 5373 2696 5445 transtulit,
2727 5380 2782 5432 et
2828 5376 2902 5435 ad
2957 5380 3169 5437 terram
3218 5372 3537 5448 Evangelii,
3591 5386 3731 5448 qua:
3762 5368 3867 5429 mel

2162 5470 2217 5522 et
2244 5463 2333 5523 lac
2361 5470 2577 5537 manat,
2610 5465 2872 5527 induxit.

1447 5606 1776 5677 Emph‘cz‘unt
1802 5606 2115 5665 testimonia
2140 5608 2206 5666 de
2230 5609 2370 5667 libro
2405 5612 2797 5668 Ecclesiastici.
