4058 6178
124 152 135 161 “
213 171 351 232 1157

1758 150 1837 215 IN
1877 150 2163 216 ISAIAM.
2630 230 2637 247 ‘

1046 316 1443 397 INCIPIUNT.
1497 313 1877 376 CAPITULA
1919 312 2127 372 LIBRI
2176 309 2406 373 ISAL’E
2445 310 2886 373 PROPHETIE.

3575 154 3716 217 1158

247 444 309 503 1(
342 446 419 501 De
454 459 513 499 eo
542 438 689 513 Quod
715 441 924 497 dicitur
950 457 966 494 :
997 442 1071 494 Et
1098 436 1405 505 conﬂabant
1433 431 1648 513 gladios
1674 444 1800 485 suos
1825 431 1886 484 in
1912 443 2148 485 vomeres
2171 433 2222 484 et
2253 430 2469 486 lanceas
2495 445 2625 486 suas
2657 432 2719 486 in
2745 430 2938 499 falces.

245 515 300 573 2.
344 516 497 583 Quod
522 504 638 569 dies
663 515 885 570 Domini
904 515 981 567 sit
1014 526 1178 582 super
1197 504 1353 583 omne
1379 504 1692 583 superbum.

245 572 297 644 3.
336 572 493 713 Quod
516 588 824 657 Seraphim,
855 600 1013 640 senas
1047 572 1169 637 alas
1210 572 1483 639 habentes,
1513 573 1770 658 volabant
1792 574 1917 655 ante
1942 572 2144 639 faciem
2174 573 2292 630 Dei.

240 657 295 715 4.
383 664 555 714 ateres
587 658 911 715 ceciderunt,
943 654 1036 710 sed
1064 653 1294 715 quadris
1327 647 1607 715 lapidibus
1633 643 2045 713 wdzﬁcabzmus.
2177 713 2181 715 Δ

383 643 555 714 ateres
587 643 911 720 ceciderunt,
943 654 1036 710 sed
1064 653 1294 723 quadris
1318 643 2045 723 lapidibusfediﬁcabimus,

246 713 299 788 5.
339 713 547 786 Ponam
575 713 739 801 super
770 730 874 791 his,
894 713 1006 797 'qui
1296 721 1363 776 de
1378 713 1569 786 Moab,
1603 720 1847 774 Leonem.
1901 717 2104 771 Emitte
2144 713 2388 787 Agnum,
2445 717 2689 781 Domine,
2748 716 3150 774 Dominatorem
3200 720 3376 781 terra,
3432 717 3500 772 de
3549 723 3713 789 petra

428 798 731 857 deserti—ad
760 804 992 855 montem
1017 798 1145 872 ﬁliae
1166 798 1318 852 Sion.
1368 865 1381 872 _
1582 863 1593 872 _
1658 863 1669 872 .
1792 860 1829 872 η

244 870 299 929 6.
342 873 498 939 Quod
518 875 657 927 visio
681 874 920 927 omnium
950 863 1073 933 erit,
1097 871 1239 924 sicut
1266 865 1431 921 verba
1462 863 1848 939 librisignati.

244 942 298 1000 7.
341 933 683 1013 Gloriﬁcabit
707 959 791 997 me
822 944 993 997 bestia
1021 943 1166 1008 agri,
1198 939 1455 1013 dracones
1487 939 1537 989 et
1559 933 1910 1013 struthiones,
1939 933 2035 1013 qui

2027 929 2038 941 ο

2040 943 2074 982 a
2101 927 2229 983 dedi
2248 888 2317 983 in
2342 929 2551 985 deserto
2579 946 2773 1001 aquas.

246 1012 299 1086 8,
341 1002 571 1086 Propter
597 1017 770 1070 scelus
796 1015 992 1085 populi
1018 1002 1125 1086 m'ei
1144 1002 1390 1086 percussi
1417 1023 1555 1086 eum,
1589 1003 2089 1086 etdabit‘imp‘ium
2114 1016 2216 1086 pro
2246 1002 2532 1072 sepultura
2556 1008 2607 1060 et
2630 1004 2856 1060 divitem
2878 1019 2983 1075 pro
3011 1006 3180 1059 morte
3202 1016 3324 1059 sua.

174 1120 194 1134 ο
218 1155 224 1156 ί
341 1073 475 1154 Quis
498 1092 576 1141 est
599 1090 704 1142 iste
737 1073 833 1156 qui
854 1073 1003 1140 uenit
1032 1083 1098 1138 de
1126 1073 1299 1138 Edom
1325 1081 1524 1156 tinctis
1552 1076 1792 1131 vestibus
1820 1073 1893 1156 de.
1933 1073 2161 1156 Bos'r'a“?

209 1155 299 1217 10.
337 1144 609 1231 Nunquid
639 1144 764 1227 ego:
787 1159 886 1229 qui
922 1158 1063 1213 alios
1084 1169 1280 1228 parere
1299 1153 1468 1221 facio,
1494 1153 1612 1222 ipse
1635 1164 1743 1204 non
1761 1146 1985 1217 pariam
2011 1144 2150 1199 dicit
2176 1146 2438 1201 Dominus
2465 1147 2495 1200 ?

1647 1268 1975 1342 Explicizmt
2004 1266 2271 1338 capitula.
2372 1277 2393 1306 ⁸

1108 1464 1800 1562 INCIPIUNT
1897 1457 2747 1552 TESTIMONIA
2783 1532 2801 1550 .

760 1643 1004 1708 CAPUT
1056 1640 1373 1704 PRIMUM.

279 1762 310 1798 α
342 1741 415 1801 Et
441 1741 777 1802 conﬂabunt
808 1741 1030 1817 gladios
1075 1756 1213 1800 suos
1260 1740 1323 1797 in
1374 1752 1638 1798 vomeres
1685 1740 1740 1794 et
1791 1734 1922 1793 lan-

206 1846 337 1891 ceas
392 1848 530 1890 suas
563 1831 625 1889 in
682 1832 857 1901 falces
912 1836 1040 1900 (Isa.
1093 1836 1177 1901 II).
1215 1851 1236 1881 ι
1296 1826 1740 1902 Impatientibus
1786 1838 1923 1883 sane

204 1924 593 1997 correptiones
621 1924 786 2000 quasi
808 1922 989 1997 gladii
1020 1927 1180 1992 sunt,
1208 1920 1304 1979 sed
1332 1920 1384 1977 si
1400 1919 1607 1977 volunt
1626 1925 1690 1976 ut
1708 1917 1770 1974 hi
1797 1914 1922 1989 gla-

206 2012 292 2071 dii
320 2018 616 2071 vertantur
644 2012 705 2070 in
732 2010 926 2082 falces,
961 2008 1190 2068 hirsuta
1225 2007 1503 2066 vitiorum
1530 2021 1769 2064 suorum
1801 2004 1915 2062 du-

206 2106 380 2173 meta,
410 2101 624 2175 quibus
652 2101 907 2168 horrent,
948 2102 1358 2172 permutantur
1391 2097 1451 2153 in
1484 2110 1720 2153 messes.
1759 2093 1917 2152 Unde

204 2192 481 2266 propheta
506 2204 641 2249 cum
669 2188 1045 2263 praemisisset
1076 2182 1146 2244 de
1175 2185 1471 2245 Salvatore
1499 2190 1693 2242 nostro
1721 2204 1749 2237 ‹‹
1780 2182 1917 2256 quia

196 2279 482 2354 judicabit
541 2284 740 2351 gentes
782 2283 838 2336 et
879 2281 1084 2348 arguet
1119 2274 1364 2348 populos
1408 2272 1644 2341 multos,
1684 2293 1704 2322 ι
1736 2269 1917 2344 proti-

201 2384 315 2427 nus
352 2366 572 2425 addidit
612 2385 624 2423 :
665 2390 690 2414 «
722 2365 794 2422 Et
818 2363 1151 2422 conﬂabunt
1184 2360 1405 2434 gladios
1453 2375 1588 2418 suos
1618 2358 1677 2415 in
1717 2373 1915 2417 vome-
1972 2413 1978 2419 .

203 2472 295 2515 res
344 2462 401 2513 et
456 2455 682 2513 lanceas
732 2468 867 2511 suas
927 2452 991 2510 in
1048 2451 1225 2508 falces
1281 2451 1492 2520 (Ibid).
1531 2472 1551 2502 ι»
1620 2446 1915 2505 Nimirum

204 2559 495 2618 congruus
538 2542 699 2611 ordo,
730 2541 872 2599 dum
917 2540 1105 2613 primo
1138 2538 1376 2614 quidem
1409 2543 1671 2611 peccator
1714 2535 1914 2608 argui-

205 2640 318 2703 tur,
349 2632 557 2689 deinde
586 2636 643 2688 et
670 2628 847 2703 gladii
874 2628 935 2686 in
963 2642 1226 2687 vomeres
1262 2630 1317 2684 et
1346 2627 1560 2685 lanceae
1586 2626 1915 2684 conﬂantur

205 2722 270 2781 in
309 2721 503 2780 falces.
542 2721 689 2779 Nam
722 2712 861 2778 dum
915 2719 1226 2791 impatiens
1276 2716 1565 2791 quispiam
1618 2731 1719 2789 per
1751 2714 1918 2773 disci-

202 2809 427 2885 plinam
454 2808 652 2866 mitior
687 2808 875 2866 factus
910 2812 1190 2880 tanquam
1226 2805 1439 2880 planus
1484 2820 1622 2877 ager
1650 2803 1915 2877 increpa-

204 2897 380 2956 tionis
440 2897 626 2956 cultro
685 2894 1099 2970 proscinditur,
1165 2895 1380 2955 deinde
1455 2894 1623 2953 suavi
1693 2896 1917 2953 semine

1931 1635 2299 1710 Aaggestum
2327 1635 2572 1695 tumidas
2611 1636 2975 1710 cogitationis
3017 1636 3081 1695 in
3128 1636 3243 1697 alta
3270 1638 3409 1703 251
3440 1639 3710 1713 porrecti,

2005 1728 2104 1785 sed
2164 1727 2477 1798 frumento,
2533 1742 2649 1803 quo
2707 1728 2885 1787 valles
2935 1728 3237 1788 abundant
3288 1730 3456 1798 (Psal.
3516 1733 3709 1798 LXIV),

2003 1816 2345 1888 cunctisque
2383 1816 2782 1893 spiritualium
2822 1816 3154 1877 studiorum
3199 1814 3707 1889 frugibusalieni.

1999 1901 2129 1960 Jam
2161 1918 2298 1961 vero
2328 1903 2506 1967 turris
2542 1903 2774 1961 excelsa
2810 1910 2868 1961 et
2906 1919 3116 1963 murus
3145 1902 3412 1963 munitus
3457 1901 3588 1959 illos
3617 1901 3711 1959 iu-

2003 1991 2198 2050 sinuat
2224 1994 2348 2067 qui,
2379 2009 2516 2052 cum
2561 2002 2885 2068 peccatores
2908 1998 3048 2065 sint,
3075 1994 3138 2053 in
3169 1994 3420 2070 quadam
3458 2009 3519 2052 se
3550 1992 3711 2053 velut

1998 2082 2352 2141 innocentiae
2386 2098 2518 2141 arce
2553 2083 2915 2143 constituunt
2943 2099 3184 2159 seseque
3209 2083 3566 2142 defensionis
3589 2083 3709 2158 cly-

1997 2183 2106 2240 peo
2160 2175 2525 2242 contegentes
2579 2171 3066 2245 reprehensorum
3115 2186 3359 2229 suorum
3403 2170 3592 2244 jacula
3633 2168 3708 2228 ad

1999 2271 2061 2313 se
2102 2256 2429 2329 pertingere
2471 2273 2588 2315 non
2619 2261 2978 2333 permittunt.
3019 2260 3259 2318 Tharsis
3291 2267 3486 2319 autem
3515 2262 3705 2331 emplo-

1995 2348 2142 2402 ratio
2172 2347 2371 2415 gaudii
2424 2346 2672 2416 dicitur;
2720 2348 2989 2421 quisquis
3017 2348 3177 2405 enim
3219 2347 3281 2405 in
3320 2349 3432 2406 hoc
3470 2348 3704 2421 saeculo,

1998 2434 2154 2493 unde
2209 2436 2460 2507 gaudere
2514 2435 2714 2511 possit,
2771 2437 3054 2512 explorat,
3096 2437 3241 2505 huic
3286 2441 3707 2512 superveniens

1994 2523 2119 2583 dies
2156 2524 2409 2599 Domini,
2445 2527 2662 2600 quibus
2711 2527 3120 2601 perpetualiter
3174 2536 3507 2601 amarescat,
3555 2545 3707 2587 mm-

1996 2617 2142 2675 roris
2191 2624 2364 2691 atque
2409 2618 2659 2677 tristitiae
2705 2618 2999 2677 molestias
3046 2619 3279 2690 irrogat.
3324 2617 3494 2676 Venit
3532 2618 3705 2677 etiam

1997 2705 2122 2765 dies
2171 2705 2425 2777 Domini,
2474 2723 2591 2767 non
2623 2724 2795 2782 super
2820 2724 2994 2768 omne
3038 2708 3194 2784 quod
3237 2708 3550 2783 pulchrum
3596 2713 3701 2780 est,

1997 2798 2097 2856 sed
2136 2814 2310 2873 super
2334 2815 2507 2858 omne
2532 2800 2687 2873 quod
2720 2800 2852 2860 visu
2878 2800 3194 2873 pulchrum
3218 2806 3322 2870 est,
3352 2798 3489 2874 quia
3527 2799 3589 2857 in
3610 2799 3703 2858 die

1998 2888 2190 2949 divini
2218 2890 2424 2965 judicii
2446 2893 2698 2966 pondere
2730 2891 3020 2967 premitur
3046 2893 3149 2967 qui
3178 2890 3529 2951 intrinsecus
3568 2888 3703 2964 qui-

206 2989 419 3043 sanctee
472 2982 901 3059 prmdicationis
948 2983 1297 3059 aspergitur,
1332 2989 1388 3040 et
1418 2982 1502 3041 sic
1537 2982 1775 3040 demum
1829 2979 2130 3053 fe-Bdem
2159 2979 2436 3040 vitiorum
2465 2981 2709 3041 latenter
2738 2981 3139 3056 ingruentium
3165 2980 3528 3040 deformitate
3564 2993 3703 3037 con-

204 3076 394 3136 cnnda
424 3077 713 3136 bonorum
743 3090 987 3150 operum
1012 3072 1183 3149 fruge
1212 3074 1477 3145 vestitur,
1513 3072 1652 3132 huic
1698 3072 1917 3132 scilicet

202 3173 258 3225 et
285 3165 464 3241 gladii
496 3167 632 3227 facti
657 3173 794 3227 sunt
838 3181 1105 3227 vomeres
1132 3172 1188 3225 et
1232 3164 1449 3225 lanceas
1496 3169 1916 3224 convertuntur

200 3256 267 3316 in
292 3256 504 3329 falces;
536 3258 674 3332 quia
701 3258 804 3333 qui
836 3255 1185 3333 reprehendi
1224 3255 1389 3331 prius
1416 3262 1696 3329 tanquam
1724 3251 1916 3329 gladio

198 3346 421 3421 percuti
452 3346 776 3421 deputabat,
812 3360 973 3406 nunc
1000 3351 1056 3404 et
1086 3358 1384 3405 vomerem
1432 3359 1610 3403 sacrae
1635 3340 1916 3402 doctrinas

204 3434 454 3495 libenter
480 3438 748 3506 sustinet,
776 3444 843 3495 ut
878 3436 1080 3508 fruges
1120 3433 1266 3492 ferat
1307 3438 1363 3491 et
1410 3432 1620 3491 falcem
1649 3445 1916 3506 supernas

203 3525 512 3585 messionis
545 3528 858 3599 exspectat,
881 3530 950 3584 ut
964 3522 1159 3582 horrei
1172 3520 1422 3583 caelestis
1445 3520 1915 3598 promptuarium

205 3614 441 3689 repleat.

826 3762 832 3767 ἡ
881 3680 1126 3744 CAPUT
1158 3682 1244 3757 _II.

690 3774 750 3831 ιη
786 3770 1019 3846 epistola
1038 3773 1135 3829 ‘ad‘
1155 3767 1436 3829 Biancam.

280 3892 304 3924 ι
338 3869 472 3929 Dies
513 3868 746 3929 Domini
776 3884 951 3945 super
993 3884 1228 3928 omnem
1281 3868 1599 3943 superbum
1636 3872 1691 3927 et
1725 3868 1917 3928 excel-

1996 3069 2301 3141 funditur;
2338 3070 2477 3131 foris
2519 3077 2714 3132 autem
2760 3066 3011 3146 quadam
3045 3071 3410 3130 adumbratas
3446 3068 3703 3140 virtutis,

1994 3161 2091 3223 vel
2126 3162 2318 3237 potius
2346 3162 2664 3225 honestatis
2688 3160 3126 3237 pulchritudine
3150 3161 3445 3237 palliatur.

2664 3301 2909 3364 CAPUT
2941 3302 3047 3364 III.

2273 3404 2369 3461 Ad
2396 3403 2723 3471 Oldericum,
2756 3406 3071 3478 episcopum
3107 3402 3433 3462 Firminum.

2068 3500 2447 3594 Quaecunque
2499 3521 2759 3581 humana
2796 3534 2964 3579 mens
3006 3534 3146 3579 sano
3188 3516 3346 3592 viget
3387 3515 3532 3579 fulta
3562 3534 3705 3578 con-

1997 3606 2149 3679 silio,
2203 3606 2255 3666 si
2306 3623 2367 3667 se
2425 3607 2716 3669 subtiliter
2764 3616 2819 3668 et
2873 3608 3112 3668 solerter
3160 3606 3425 3682 inquirit,
3486 3608 3589 3667 vix
3642 3608 3706 3668 in

1999 3713 2062 3759 se
2106 3697 2227 3758 suis
2280 3697 2653 3758 facultatibus
2697 3696 2945 3769 invenit,
3005 3696 3163 3757 unde
3222 3696 3425 3757 merito
3475 3712 3706 3772 sperare

1999 3785 2361 3859 prmouium
2383 3786 2581 3861 possit.
2609 3785 2865 3849 Mortalis
2894 3787 3109 3861 quippe
3151 3785 3406 3846 mnditia
3441 3787 3704 3863 undique

2001 3882 2283 3934 coarctata
2339 3883 2515 3950 atque
2561 3876 2888 3946 constricta,
2935 3874 3087 3949 quid
3114 3875 3276 3937 novit
3325 3875 3481 3935 unde
3527 3876 3708 3950 possit

202 3976 360 4034 sum,
396 3976 571 4035 super
606 3975 841 4051 omnem
890 3965 1355 4051 arrogantemget
1398 3952 1827 4027 humiliabitur,
1863 3962 1920 4051 et
2001 3963 2255 4023 extolli?
2306 3964 2449 4035 Quis
2478 3964 2635 4023 enim
2673 3964 2815 4023 sciat
2861 3964 3005 4039 quid
3043 3964 3108 4022 in
3152 3965 3473 4023 aeternitate
3512 3966 3706 4039 fuerit,

204 4066 380 4126 super
410 4066 613 4111 omnes
662 4049 862 4109 cedros
899 4048 1109 4107 Libani
1156 4048 1438 4108 sublimes
1484 4054 1541 4105 et
1583 4053 1816 4118 erectas,
1862 4049 1919 4103 et
2002 4060 2315 4128 antequam
2349 4054 2501 4113 Deus
2526 4055 2688 4112 hunc
2722 4054 2994 4112 conderet
3042 4054 3335 4113 mundum
3363 4064 3387 4112 ?
3433 4053 3545 4113 Sed
3569 4070 3706 4114 cum

206 4158 382 4218 super
410 4158 613 4202 omnes
643 4157 892 4218 quercus
936 4139 1147 4213 Busan,
1196 4150 1251 4200 et
1297 4152 1472 4215 super
1512 4155 1714 4200 omnes
1758 4154 1919 4197 mon-
1997 4140 2226 4214 ignoret
2271 4142 2412 4216 quid
2466 4140 2639 4201 fuerit
2684 4146 2818 4201 ante
2868 4138 3079 4200 mundi
3126 4142 3502 4216 principium,
3546 4142 3709 4201 novit

201 4240 291 4293 tes
350 4234 628 4301 excelsos,
688 4240 745 4290 et
802 4246 979 4307 super
1033 4247 1237 4291 omnes
1291 4231 1465 4291 colles
1518 4229 1786 4299 elevatus,
1860 4234 1916 4287 et
1997 4233 2239 4291 forsitan
2264 4233 2403 4309 quid
2430 4240 2555 4308 post
2597 4234 2721 4308 ejus
2751 4231 3072 4292 terminum
3093 4233 3710 4303 sitfuturum;utrum

201 4336 377 4395 super
416 4335 650 4402 omnem
704 4327 921 4380 turrem
979 4322 1289 4392 excelsam,
1339 4327 1396 4377 et
1455 4334 1629 4394 super
1676 4332 1908 4376 omnem
1924 4350 1977 4414 ,α
1998 4322 2216 4381 scilicet
2241 4323 2304 4381 in
2335 4321 2661 4383 ministerio
2686 4324 2777 4383 sui
2807 4339 3014 4383 cursus
3046 4322 3298 4381 ulterius
3326 4329 3477 4381 astra
3514 4324 3707 4383 deser-

203 4425 441 4469 murum
486 4411 803 4483 munitum,
866 4418 921 4469 et
964 4426 1161 4489 super.
1199 4426 1403 4470 omnes
1456 4425 1634 4469 naves
1674 4407 1913 4467 Tharsis
1939 4407 2179 4484 “viant,
2211 4420 2266 4471 et
2296 4421 2591 4485 utrumne,
2623 4419 2749 4486 post
2783 4428 2849 4471 ea
2875 4426 3007 4486 quae
3035 4426 3196 4470 nunc
3241 4418 3375 4470 sunt
3417 4412 3531 4471 alia
3576 4428 3707 4471 rur-

200 4506 259 4558 et
321 4508 493 4571 super
546 4515 722 4558 omne
786 4500 940 4572 quod
1023 4502 1339 4573 pulchrum
1421 4498 1555 4559 visu
1637 4499 1720 4558 ρει
1779 4502 1909 4566 (Isa.
1997 4518 2098 4561 sus
2130 4502 2416 4560 elementa
2443 4502 2771 4561 succedant.
2808 4500 2973 4559 Unde
3001 4507 3057 4559 et
3086 4500 3387 4575 Seraphim
3413 4500 3535 4572 illa,
3560 4516 3703 4575 'quze

203 4594 345 4659 n).-
412 4590 504 4649 Ex
554 4590 730 4648 rebus
794 4590 1237 4650 insensibilibus
1292 4591 1415 4648 dies
1468 4590 1656 4648 divini
1708 4590 1917 4664 judicii
1998 4592 2179 4652 Isaias
2204 4593 2479 4666 propheta
2507 4592 2570 4649 in
2603 4599 2912 4664 conspectu
2946 4590 3178 4648 Domini
3211 4599 3359 4647 stare
3380 4592 3701 4665 Conspexit,

205 4676 424 4736 dieitur
470 4678 803 4746 imminere,
850 4678 949 4736 88d
1004 4692 1106 4752 per
1176 4678 1391 4751 ﬁguras
1450 4693 1644 4735 rerum
1700 4677 1918 4734 ratione
2001 4698 2173 4739 senas
2234 4682 2356 4738 alas
2411 4681 2681 4738 habuisse
2742 4678 3056 4736 describit:
3096 4702 3117 4728 ι
3160 4678 3419 4750 Duabus,
3478 4679 3697 4753 inquit,

206 4763 555 4835 carentium,
613 4762 897 4821 stoliditas
960 4763 1310 4837 intelligitur
1359 4764 1672 4823 hominum
1722 4779 1918 4838 repro-
2001 4767 2272 4827 velabant
2314 4766 2538 4837 faciem,
2570 4773 2625 4824 et
2671 4767 2898 4824 duabus
2943 4763 3216 4827 volabant
3244 4765 3439 4838 pedes,
3472 4773 3528 4823 et
3566 4764 3707 4824 dua-

204 4855 438 4913 borum.
497 4853 665 4912 Gedri
724 4854 939 4928 quippe
992 4853 1200 4912 Libani
1253 4853 1535 4913 sublimes
1585 4860 1640 4912 et
1694 4860 1918 4923 erectae,
2002 4857 2112 4916 bus
2169 4855 2443 4914 volabant
2499 4858 2625 4928 (Isa.
2696 4856 2795 4928 VI).
2834 4880 2856 4906 ι
2912 4852 3192 4912 Velabant
3255 4868 3421 4927 porro
3474 4856 3706 4928 faciem,

207 4951 473 5022 potentes
561 4951 698 5004 sunt
778 4946 961 5019 hujus
1050 4945 1272 5018 saeculi,
1343 4962 1445 5020 per
1513 4944 1921 5004 excellentiam
2003 4948 2157 5005 sives
2209 4947 2401 5019 pedes,
2444 4961 2559 5003 non
2602 4952 2760 5016 suos,
2808 4943 2907 5002 sed
2940 4944 3141 5018 utique
3170 4944 3295 5003 Dei.
3337 4944 3406 5003 Et
3439 4946 3580 5019 quid
3607 4961 3710 5019 per

209 5036 453 5112 quidem
505 5042 755 5095 terrenae
808 5036 1185 5094 sublimitatis
1258 5035 1413 5108 elati,
1473 5037 1573 5095 sed
1632 5036 1917 5095 bonorum
2002 5035 2209 5095 faciem
2235 5033 2359 5105 Dei,
2400 5033 2515 5092 nisi
2548 5034 2754 5093 mundi
2784 5032 3186 5110 principium?
3214 5033 3355 5108 quid
3381 5051 3482 5109 per
3511 5037 3704 5110 pedes,

209 5142 455 5200 operum
503 5126 791 5186 fructibus
843 5125 1168 5185 infecundi.
1230 5124 1487 5195 Quercus
1545 5131 1738 5185 autem
1795 5126 1918 5183 tru-

210 5223 344 5276 ctus
398 5214 635 5291 quidem
696 5216 1019 5291 proferunt,
1080 5214 1179 5275 sed
1255 5230 1375 5274 non
1452 5214 1668 5291 quibus
1743 5215 1920 5273 homo

213 5305 500 5375 reﬁcitur,
553 5308 653 5365 sed
710 5306 868 5366 unde
944 5322 1078 5367 sues
1159 5306 1421 5368 aluntur.
1496 5304 1642 5366 Sues
1724 5311 1921 5364 autem

216 5397 514 5458 immundi
539 5397 902 5473 intelligendi
932 5405 1068 5460 sunt
1093 5396 1350 5473 spiritus,
1383 5396 1489 5473 qui
1539 5396 1762 5473 spurcis
1795 5413 1919 5457 sor-

215 5489 488 5552 dentium
514 5488 825 5549 hominum
851 5491 1209 5566 saginantur.
1241 5489 1417 5554 Porro
1451 5497 1675 5549 montes
1703 5489 1918 5550 excelsi

219 5586 279 5639 et
328 5576 507 5638 colles
533 5576 765 5650 elevati,
822 5578 1061 5653 superbi
1112 5579 1335 5656 quique
1386 5583 1548 5651 sunt,
1602 5578 1769 5653 quasi
1818 5588 1920 5654 per

2004 5125 2119 5184 nisi
2158 5125 2418 5199 ejusdem
2470 5126 2676 5184 mundi
2731 5125 2865 5184 finis
2901 5126 3068 5184 debet
3098 5124 3405 5201 intelligi?
3456 5114 3702 5186 Alarum

2002 5232 2137 5291 ergo
2180 5215 2473 5289 seraphim
2499 5223 2554 5274 et
2590 5215 2787 5290 plures
2838 5224 2975 5275 sunt
3008 5232 3141 5291 quas
3171 5216 3367 5276 velant
3412 5225 3468 5276 et
3504 5234 3706 5292 paucas

2004 5323 2139 5384 quas
2195 5306 2411 5379 volant,
2464 5307 2604 5382 quia
2635 5323 2743 5375 .ex
2794 5306 3131 5367 divinorum
3222 5323 3468 5383 operum
3536 5310 3706 5371 celsi-

2003 5397 2209 5457 tudine
2283 5412 2419 5456 cum
2490 5410 2779 5471 perpauca
2853 5398 2926 5456 ad
2979 5396 3237 5457 nostram
3294 5396 3709 5472 ‘permittantur

2002 5486 2274 5547 advolare
2336 5485 2624 5558 notitiam,
2702 5485 2955 5561 plurima
3014 5486 3077 5547 in
3158 5486 3446 5548 thesauris
3502 5492 3704 5550 ‘secre-

2003 5582 2197 5638 torum
2259 5575 2582 5637 otelestium
2638 5583 2944 5636 servantur
3016 5576 3257 5638 occulta.
3326 5577 3475 5641 Nam
3546 5578 3710 5657 quad
