4034 6192
414 153 556 213 1159

1298 202 1311 211 .
1380 150 1919 212 COLLECTANEA
1960 148 2039 209 IN
2077 146 2324 208 VETUS
2362 148 2950 212 TESTAMENTUM.

3796 154 3928 214 1160

418 274 684 333 funditus
746 274 1080 346 ignoremus
1128 274 1270 349 quid
1324 282 1456 332 ante
1495 275 1704 333 mundi
1758 272 2350 348 priucipiumALege
2404 275 2609 346 istum;
2641 282 2695 333 et
2732 274 3084 347 respondet:
3141 273 3271 332 Non
3332 289 3596 347 possum;
3657 278 3924 349 signatus

416 364 592 423 fuerit
653 369 708 422 et
773 364 918 437 quid
975 365 1096 436 jam
1163 373 1289 437 post
1353 366 1913 423 consummationem
1995 365 2118 438 jam

414 453 488 513 sit
517 454 801 523 luturum,
836 453 990 510 idem
1021 454 1283 526 perhibet
1324 454 1504 513 Isaias
1537 476 1549 513 :
1580 479 1605 506 α
1640 456 1855 527 Priora,
1905 456 2115 530 inquit,

411 542 754 599 annuntiate
799 543 943 599 mihi
986 552 1042 600 et
1101 546 1416 603 novissima
1447 563 1578 619 quae
1610 548 1804 605 futura
1860 553 2013 615 sunt,
2065 554 2119 605 et

410 632 599 690 dicam
636 633 772 705 quia
812 634 893 689 dii
932 634 1068 691 estis
1113 638 1237 703 tIsa.
1286 642 1425 705 XLI).
1462 658 1487 683 ι»
1542 637 1622 694 De
1664 636 1870 694 mediis
1924 644 2118 694 autem

412 738 594 795 pauca
622 730 916 795 utcunque
954 722 1375 795 cognoscimus,
1410 739 1542 798 quae
1581 740 1653 781 eX
1687 724 2117 798 Scripturarum

412 812 772 871 attestatione
799 812 967 869 nobis
1007 814 1364 885 panduntur.
1407 813 1578 870 Porro
1603 821 1801 870 autem
1840 821 1895 870 et
1924 813 1983 869 in
2026 814 2118 870 his

413 904 553 978 ipsis
588 912 863 976 quantam
889 904 1108 962 notitize
1135 904 1423 977 patiamur
1449 904 1727 977 inopiam,
1754 905 1854 977 qui
1888 904 2116 978 sapien-

413 993 672 1052 tissimus
716 994 866 1051 inter
899 995 1162 1052 homines
1204 994 1441 1061 exstitit,
1494 1010 1610 1051 non
1655 995 1889 1054 erubuit
1937 996 2117 1053 conli-

413 1084 537 1142 teri.
576 1086 673 1141 Ait
723 1086 881 1141 enim
931 1083 1247 1141 Salomon:
1287 1108 1306 1133 ι
1345 1082 1495 1141 Sunt
1526 1085 1671 1156 justi
1720 1093 1773 1141 et
1812 1085 2117 1158 sapientes,

408 1187 659 1245 quorum
714 1188 884 1244 opera
938 1173 999 1228 in
1054 1187 1233 1230 manu
1290 1172 1559 1241 Domini;
1615 1180 1670 1230 et
1709 1180 1899 1230 tamen
1942 1174 2122 1231 nescit

411 1263 582 1319 homo
622 1268 819 1318 utrum
849 1276 1045 1319 amore
1091 1278 1164 1319 an
1205 1262 1335 1319 odio
1379 1263 1593 1334 dignus
1642 1264 1733 1331 sit,
1780 1262 1876 1319 sed
1923 1264 2122 1321 omnia

409 1352 472 1409 in
520 1352 784 1408 futurum
825 1358 1131 1407 servantur
1172 1350 1391 1407 incerta
1430 1353 1619 1422 (Eccle.
1658 1353 1759 1423 IX).
1798 1374 1818 1401 ι
1867 1351 1974 1408 Ubi
2017 1368 2121 1410 no-

407 1441 649 1497 tandum
689 1440 825 1513 quia
864 1455 997 1497 cum
1030 1440 1220 1512 justos
1260 1440 1413 1496 dicat
1451 1446 1507 1497 et
1550 1440 1856 1512 sapientes,
1897 1441 1998 1513 qui
2026 1441 2120 1498 ni-

408 1529 625 1587 mirum
670 1528 990 1585 debuerant
1022 1528 1297 1585 subtilius
1337 1544 1524 1599 nosse,
1569 1530 1724 1602 ipsos
1762 1529 1937 1587 etiam
1988 1546 2118 1603 per-

409 1615 571 1675 hibet
595 1631 725 1689 quaa
751 1616 947 1675 futura
971 1622 1106 1673 sunt
1132 1615 1419 1689 ignorare.

998 1738 1142 1796 252
1167 1742 1410 1801 CAPUT
1440 1742 1537 1800 IV.

406 1840 471 1893 In
510 1839 742 1908 epistola
787 1838 861 1893 ad
885 1841 1301 1903 Hermisindz’m,
1348 1841 1495 1909 quod
1535 1841 1825 1911 editicium
1869 1842 2119 1897 humanae

863 1928 1131 1996 superbia
1180 1930 1283 1982 cito
1330 1929 1649 1985 destruitur.

472 2022 604 2095 Qui,
642 2029 969 2097 contempta
1014 2031 1261 2083 terrenae
1308 2026 1760 2084 conversationis
1805 2027 2113 2101 concupis-

399 2111 722 2185 centiaeque
794 2119 1081 2171 structura
1148 2113 1464 2187 spiritualis
1534 2115 1767 2173 aedificii
1836 2116 2113 2175 fabricam

405 2207 770 2272 construunt,
821 2202 882 2259 bi
926 2202 1094 2275 quasi
1127 2204 1331 2263 lateres
1373 2204 1434 2261 in
1471 2205 1719 2278 lapidem
1748 2213 2019 2276 vertunt;
2056 2212 2111 2265 et

398 2305 513 2347 non
557 2291 618 2348 in
647 2307 826 2349 arena
854 2293 1169 2350 mundanae
1202 2294 1341 2366 spei,
1376 2294 1473 2352 sed
1502 2294 1563 2351 in
1593 2302 1753 2368 petra
1787 2295 1943 2365 ﬁdei,
1975 2313 2110 2371 quae

402 2376 664 2436 Christus
723 2385 826 2448 est,
887 2378 1031 2435 atria
1081 2395 1387 2453 nunquam
1444 2381 1676 2455 lapsura
1727 2385 2106 2443 constituunt.

398 2464 562 2523 Unde
590 2482 691 2539 per
730 2466 938 2525 Isaiam
972 2468 1184 2527 dicitur
1218 2491 1229 2527 :
1280 2494 1300 2519 ι
1348 2471 1578 2529 Lateres
1621 2474 1977 2545 ceciderunt,
2012 2475 2111 2533 sed

396 2554 632 2628 quadris
665 2556 953 2629 lapidibus
996 2558 1457 2629 mdiﬁcabimus;
1502 2578 1827 2635 sycomoros
1849 2564 2109 2623 succide-

395 2650 553 2716 runt,
586 2644 683 2701 sed
715 2646 913 2704 cedros
939 2647 1388 2708 immutabimus
1432 2652 1561 2721 (Isa.
1604 2655 1703 2725 1X).
1744 2676 1764 2703 ι
1807 2653 2109 2713 Lateribus

394 2731 607 2807 quippe
664 2733 1044 2791 candentibus
1106 2744 1161 2793 et
1224 2737 1512 2811 lapidibus
1551 2741 1789 2815 quadris
1862 2744 2110 2802 azdiﬁcat

394 2821 661 2896 quisquis
736 2823 1015 2882 vitiorum
1067 2826 1551 2902 voluptatumque
1634 2831 1934 2891 lasciviam
1985 2834 2109 2891 dis-

396 2911 664 2968 trictioris
698 2910 833 2969 vita
860 2912 1047 2986 rigore
1092 2917 1349 2988 castigat,
1394 2920 1495 2992 qui
1530 2920 1714 2992 legem
1745 2922 1935 2981 carnis
1984 2923 2109 2997 lege

2201 371 2286 421 est
2322 365 2481 420 enim
2532 368 2659 433 (Isa.
2705 369 2899 431 XXIX).
2936 385 2959 415 ι
3018 361 3159 432 Quis
3186 364 3347 421 enim
3396 372 3482 423 est
3529 363 3685 423 liber
3714 366 3825 425 ille
3856 369 3921 426 si-

2199 460 2429 525 gnatus,
2459 453 2569 510 nisi
2598 460 2861 512 sanctum
2890 452 3277 524 Evangelium
3298 455 3555 527 mysticis
3588 456 3915 528 figurarum

2200 542 2501 599 sententiis
2549 543 2891 602 obvolutum
2931 549 2987 600 et
3034 543 3105 600 ab
3155 543 3430 601 humanm
3462 546 3675 602 mentis
3707 547 3918 604 intelli-

2201 633 2391 704 gentia
2421 632 2616 705 procul
2650 649 2857 690 arcana
2884 632 3134 706 quadam
3158 632 3549 706 profunditate
3580 640 3917 694 remotum?

2199 723 2310 781 Hic
2364 725 2612 796 profecto
2666 724 2810 781 liber
2870 723 2971 781 ille
3026 730 3129 793 est,
3186 724 3258 781 de
3310 740 3426 796 quo
3472 725 3734 783 Joannes
3802 728 3913 783 ait:

2206 836 2226 862 ι
2270 811 2401 868 Vidi
2445 812 2505 869 in
2563 812 2768 869 dextra
2828 812 3077 871 sedentis
3131 828 3305 886 super
3360 813 3640 870 thronum
3708 815 3913 873 librum

2200 898 2481 971 scriptum
2542 900 2700 956 intus
2764 906 2820 957 et
2872 900 3027 969 foris,
3088 899 3381 973 signatum
3430 900 3643 973 sigillis
3707 910 3913 974 septem

2204 990 2390 1060 (Apoc.
2422 991 2500 1056 v).
2539 1014 2559 1040 -
2616 990 2756 1059 Qua)
2808 998 2946 1047 sunt
2999 999 3192 1046 autem
3244 990 3454 1061 sigilla,
3506 991 3736 1063 quibus
3788 992 3915 1050 liber

2203 1077 2575 1149 evangelicus
2616 1077 2952 1149 obsignatus
2978 1077 3211 1143 dicitur,
3264 1077 3377 1134 nisi
3417 1086 3636 1151 septem
3683 1079 3789 1136 illa
3835 1097 3910 1137 sa-

2202 1176 2513 1233 cramenta,
2554 1170 2767 1243 quibus
2817 1171 3019 1243 utique
3067 1176 3216 1226 totus
3258 1168 3397 1227 ordo
3441 1167 3776 1227 Dominicze
3808 1172 3912 1228 dis-

2207 1259 2558 1330 pensationis
2604 1257 2903 1331 impletur,
2961 1257 3226 1316 videlicet
3281 1258 3597 1317 incarnatio
3661 1260 3909 1323 Domini.

2204 1346 2347 1403 253
2382 1349 2672 1414 nativitas,
2717 1349 2924 1421 passio,
2975 1348 3338 1418 resurrectio,
3370 1349 3441 1405 ad
3488 1349 3671 1406 cmlos
3718 1365 3911 1406 ascen-

2202 1439 2306 1507 sio,
2340 1438 2549 1495 deinde
2574 1438 2888 1511 judicium,
2912 1445 3201 1511 postremo
3228 1436 3517 1509 regnum?
3556 1437 3670 1495 His
3728 1438 3912 1512 itaque

2202 1525 2409 1599 sigillis
2446 1526 2591 1584 liber
2643 1526 3014 1599 evangelicus
3064 1524 3142 1584 ita
3199 1527 3462 1598 signatus
3518 1535 3621 1596 est,
3684 1536 3751 1585 ut
3812 1529 3908 1585 nisi

2132 1634 2179 1695 Β
2202 1630 2337 1673 eum
2368 1614 2628 1673 Christus
2657 1615 2996 1688 aperuisset,
3028 1614 3263 1674 cuilibet
3295 1615 3537 1673 omnino
3568 1624 3773 1688 patere
3805 1632 3907 1673 non

2203 1710 2409 1775 posset.
2454 1702 2616 1761 Unde
2662 1703 3039 1777 subjungitur
3070 1722 3083 1760 :
3121 1726 3143 1755 ι
3180 1704 3323 1762 Ecce
3348 1703 3486 1761 vicit
3524 1702 3612 1760 leo
3656 1704 3733 1760 de
3764 1705 3907 1763 tribu

2199 1791 2370 1864 Juda,
2416 1791 2587 1849 radix
2628 1792 2832 1862 David,
2873 1791 3095 1865 aperire
3125 1791 3362 1863 librum,
3398 1799 3456 1851 et
3505 1792 3739 1853 solvere
3786 1809 3905 1868 sep-

2202 1887 2315 1940 tem
2349 1879 2648 1954 signacula
2678 1882 2803 1956 ejus
2830 1882 3041 1951 (Ibid).
3075 1904 3097 1934 ι

2844 2017 3086 2076 CAPUT
3124 2017 3250 2076 VII.

2764 2113 2829 2167 In
2856 2113 3041 2167 eadem
3068 2114 3318 2184 epistola.

2269 2231 2290 2259 α
2320 2207 2677 2267 Gloriﬁcabit
2704 2224 2798 2266 me
2834 2207 3016 2265 bestia
3045 2208 3189 2281 agri,
3219 2207 3494 2267 dracones
3521 2214 3577 2266 et
3618 2210 3899 2268 struthio-

2192 2314 2311 2368 nes,
2356 2298 2495 2372 quia
2541 2297 2672 2355 dedi
2709 2298 2772 2355 in
2814 2297 3036 2355 deserto
3090 2314 3289 2371 aquas,
3320 2298 3564 2357 ﬂumina
3609 2300 3675 2357 in
3705 2301 3896 2371 invio;

2193 2394 2256 2446 ut
2311 2387 2504 2445 darem
2567 2394 2766 2460 potum
2830 2386 3040 2459 populo
3097 2403 3245 2458 meo,
3303 2387 3480 2446 electo
3560 2405 3694 2448 meo
3766 2394 3891 2457 (Isa.

2192 2482 2381 2545 XLIII).
2416 2500 2437 2526 υ
2472 2476 2618 2546 Quid
2655 2476 2810 2533 enim
2840 2476 3020 2533 bestia
3050 2476 3313 2549 designat
3339 2477 3484 2549 agri,
3513 2478 3629 2536 nisi
3661 2480 3897 2553 gentili-

2193 2572 2363 2623 tatem
2394 2565 2597 2638 utique
2626 2565 2862 2623 rationis
2888 2571 3178 2637 expertem
3207 2563 3234 2623 ?
3270 2565 3413 2633 Quid
3448 2580 3551 2638 per
3595 2568 3895 2637 dracones,

2190 2656 2303 2713 nisi
2336 2654 2656 2713 malitiosi?
2702 2653 2851 2722 Quid
2881 2669 3015 2711 vero
3062 2670 3162 2726 per
3208 2653 3581 2722 struthiones,
3618 2656 3724 2729 qui
3756 2672 3895 2728 pen-

2190 2744 2308 2802 nati
2344 2751 2500 2813 sunt,
2532 2744 2629 2801 sed
2669 2744 2865 2801 volare
2892 2748 3211 2816 nequeunt,
3243 2741 3354 2799 nisi
3387 2744 3703 2816 hypocritaa
3748 2745 3893 2815 figu-

2190 2832 2453 2891 rantur?
2512 2834 2616 2891 Hzn
2682 2849 2817 2905 ergo
2869 2832 3068 2890 bestim
3117 2832 3298 2889 Deum
3352 2832 3699 2903 gloriﬁcant,
3757 2835 3891 2892 dum

2192 2923 2454 2981 Christus
2492 2923 2692 2995 gentili
2723 2921 2952 2996 populo,
2983 2921 3085 2996 qui
3112 2922 3371 2980 desertus
3401 2930 3519 2979 erat
3566 2928 3623 2979 et
3670 2924 3889 2991 invius,

399 3000 639 3073 Spiritus
665 3009 912 3074 superat,
933 3004 1033 3076 qui
1064 3005 1464 3065 fortitudinem
1494 3013 1746 3084 corporis
1771 3014 1955 3071 animi
1987 2993 2106 3073 vir-
2128 2993 2569 3069 Cexuberantis
2597 2993 2897 3084 Evangelii
2929 2993 3102 3069 verba
3146 3012 3430 3085 propinat.
3485 3010 3760 3084 Seypbus
3791 3012 3890 3070 ita-

398 3092 521 3145 tute
551 3088 825 3147 demutat.
862 3088 1027 3146 Unde
1058 3108 1264 3151 rursus
1293 3110 1395 3168 per
1422 3097 1629 3154 Isaiam
1656 3100 1869 3157 dicitur
1899 3126 1910 3159 :
1940 3126 1959 3151 α
1994 3102 2106 3172 Qui

396 3177 698 3236 conﬁdunt
746 3179 806 3235 in
864 3179 1110 3239 Domino
1162 3186 1473 3244 mutabunt
1516 3189 1917 3250 fortitudinem
1974 3198 2101 3264 (Isa.

394 3267 511 3337 XL).
548 3290 570 3317 ι
629 3267 776 3324 Nam
834 3267 975 3325 dum
1030 3287 1148 3329 non
1212 3284 1530 3347 assument,
1601 3279 1696 3335 sed
1773 3282 2101 3355 mutabunt,

391 3356 565 3429 dixit,
634 3364 893 3430 patenter
948 3360 1222 3435 innotuit,
1282 3366 1455 3424 aliam
1510 3384 1633 3427 esse
1682 3371 2099 3442 fortitudinem,

393 3461 527 3539 quae
574 3444 904 3519 deponitur,
930 3448 1127 3517 aliam,
1159 3468 1291 3527 qua:
1322 3456 1547 3513 noviter
1576 3458 1901 3539 inchoatur.
1952 3461 2105 3518 Hinc

391 3533 585 3593 electis
633 3551 737 3608 per
772 3537 1135 3597 Psalmistam
1175 3542 1392 3601 dicitur
1424 3568 1436 3601 :
1490 3565 1519 3599 ς(
1552 3533 1810 3604 Viriliter
1850 3548 2002 3621 agite
2048 3554 2105 3605 et

388 3622 740 3682 confortetur
767 3641 863 3683 cor
902 3633 1181 3701 vestrum,
1227 3645 1430 3689 omnes
1470 3633 1573 3706 qui
1607 3635 1846 3708 speratis
1888 3636 1950 3694 in
1987 3637 2102 3694 Do-

391 3710 556 3769 mino
585 3713 753 3784 (Psal.
790 3716 963 3787 XXX.)
994 3739 1019 3766 ι
1050 3716 1204 3775 Hinc
1238 3717 1510 3779 Salomon
1549 3722 1629 3779 ait
1662 3747 1673 3780 :
1714 3747 1735 3774 α
1778 3725 1868 3782 En
1917 3725 2102 3786 lectu-

387 3799 514 3859 lum
548 3799 873 3860 Salomonis
907 3805 1208 3878 sexaginta
1242 3809 1417 3868 fortes
1467 3810 1738 3871 ambiunt
1790 3826 1866 3870 ex
1916 3812 2105 3873 fortis-

385 3888 549 3948 simis
581 3889 760 3950 Israel
799 3892 985 3961 (Gmt.
1014 3895 1115 3967 III).
1143 3918 1164 3943 -

1076 4008 1320 4068 CAPUT
1346 4009 1415 4069 V.

870 4109 937 4163 In
977 4108 1115 4163 libro
1152 4114 1340 4164 contra
1374 4110 1607 4167 Judwos.

455 4203 632 4262 Isaias
657 4203 970 4279 perhibens
1000 4206 1398 4266 testimonium
1421 4208 1491 4267 de
1508 4208 1733 4268 Christo
1762 4235 1774 4269 :
1808 4237 1826 4261 ο
1857 4211 2097 4286 Ponam,

377 4294 591 4367 inquit,
645 4309 819 4367 super
864 4294 954 4351 bis
993 4294 1096 4369 qui
1149 4295 1386 4354 fuerunt
1439 4297 1510 4354 de
1548 4296 1717 4357 Moab
1757 4298 2004 4373 leonem,
2046 4309 2102 4361 et

375 4380 617 4453 reliquis
669 4388 855 4439 terrae.
910 4382 1123 4440 Emitte
1172 4386 1433 4455 Agnum,
1476 4386 1741 4459 Domine,
1783 4389 2101 4450 dominato-

376 4485 501 4526 rem
554 4475 720 4525 terraa
773 4469 843 4526 de
893 4478 1052 4542 petra
1090 4472 1297 4528 deserti
1348 4473 1419 4528 ad
1461 4482 1714 4531 montem
1768 4478 1904 4536 ﬁliae
1957 4480 2096 4539 Sion

376 4558 507 4627 (Isa.
568 4566 676 4628 XV,
742 4561 888 4625 XVI).
923 4579 944 4602 -
1000 4556 1081 4614 De
1141 4558 1248 4615 bac
1293 4558 1451 4616 enim
1505 4570 1673 4633 gente
1711 4562 2095 4627 Moabitarum

377 4662 641 4721 egressus
680 4654 764 4705 est
812 4647 1016 4721 Agnus
1064 4652 1491 4725 immaculatus,
1533 4655 1638 4726 qui
1692 4656 1840 4715 tollit
1868 4670 2093 4733 peccata

375 4737 601 4806 mundi,
654 4736 755 4809 qui
808 4737 1140 4798 dominatur
1178 4740 1238 4797 in
1270 4742 1406 4800 orbe
1454 4750 1756 4805 terrarum.
1812 4747 1955 4807 Nam
1986 4752 2089 4824 qui

372 4825 464 4883 leo
495 4830 722 4898 pr0pter
753 4824 1151 4885 fortitudinem
1181 4828 1411 4899 dicitur,
1457 4831 1579 4903 ipse
1627 4850 1813 4907 agnus
1859 4847 2089 4911 propter

375 4913 878 4972 mansuetudinem
938 4917 1291 4987 perhibetur.
1364 4922 1522 4975 Petra
1596 4928 1790 4981 autem
1877 4926 2087 4987 deserti

373 5002 531 5060 Ruth
560 5002 923 5075 intelligitur,
954 5019 1087 5077 quze
1113 5005 1333 5064 deserta
1362 5007 1568 5079 prioris
1588 5018 1768 5069 morte
1799 5014 2081 5088 conjugis,

374 5090 530 5149 Obed
555 5091 626 5149 de
651 5090 798 5148 Booz
826 5091 1029 5163 genuit
1056 5096 1278 5162 (Matth.
1310 5100 1349 5163 I)
1379 5114 1393 5167 ;
1426 5096 1497 5154 de
1528 5112 1781 5171 quorum
1821 5100 2086 5163 Christus

372 5181 547 5253 stirpe
572 5178 890 5237 descendit.

1039 5262 1282 5322 CAPUT
1317 5263 1410 5324 VI.

686 5360 752 5414 In
777 5373 1016 5413 sermone
1046 5360 1112 5414 de
1138 5361 1197 5417 S.
1230 5364 1756 5435 Luca‘evangelista.

443 5475 466 5505 ι
496 5451 566 5514 Et
594 5455 701 5514 erit
728 5455 893 5517 vobis
929 5457 1074 5517 visio
1121 5460 1387 5521 omnium
1427 5463 1575 5523 sicut
1624 5467 1797 5525 verba
1829 5468 1963 5527 libri
2003 5470 2077 5529 si-

365 5542 546 5615 gnati,
586 5560 763 5621 quem
804 5561 940 5606 cum
974 5547 1237 5609 dederint
1290 5551 1493 5612 scienti
1549 5553 1788 5628 litteras,
1832 5556 2068 5619 dicent:

2189 3115 2301 3172 que
2350 3098 2637 3171 evangelii
2692 3099 3115 3173 praedicationis
3146 3100 3205 3157 in
3240 3101 3539 3175 Benjamin
3578 3100 3762 3159 datus
3811 3106 3888 3159 est

2189 3188 2391 3258 Paulo,
2428 3196 2491 3246 ut
2530 3189 2651 3263 ipse
2694 3189 2988 3247 desertum
3035 3190 3374 3263 gentilitatis
3426 3191 3757 3264 specialiter
3792 3209 3886 3250 ex-

2187 3278 2334 3335 colat
2363 3285 2417 3335 et
2447 3278 2772 3337 ariditatem
2810 3279 2934 3353 ejus
2986 3279 3143 3353 largo
3204 3286 3415 3338 sancta:
3467 3281 3892 3353 praedicationis

2188 3366 2372 3425 imbre
2424 3368 2749 3439 perfundat.
2810 3368 2893 3426 De
2942 3384 3061 3442 quo
3119 3369 3336 3427 scilicet
3374 3369 3559 3427 imbre
3614 3372 3887 3445 scriptum

2185 3462 2313 3514 est:
2350 3478 2377 3510 «
2428 3456 2537 3526 Qui
2590 3457 2773 3530 operit
2825 3460 3036 3516 ccelum
3086 3458 3343 3517 nubibus
3399 3465 3455 3519 et
3502 3466 3668 3532 parat
3729 3467 3887 3519 teri-te

2185 3545 2447 3620 pluviam
2479 3548 2647 3619 (Psal.
2678 3550 2897 3620 CXLVI).
2938 3572 2960 3600 η

2830 3684 3073 3743 CAPUT
3093 3685 3252 3745 VIII.

2184 3775 2249 3830 In
2304 3776 2533 3846 epistola
2590 3777 2665 3833 ad
2709 3777 3027 3834 Albericum
3076 3781 3254 3845 card.,
3300 3781 3367 3836 de
3396 3781 3577 3837 decem
3631 3787 3889 3854 quastio-

2942 3868 3123 3925 nibus.

2256 3959 2410 4018 Illud
2443 3960 2616 4020 etiam
2643 3962 2828 4035 Isaiae,
2870 3965 3024 4038 quod
3054 3964 3160 4023 tibi
3209 3966 3355 4039 petis
3392 3968 3609 4041 exponi
3641 3988 3655 4027 :
3692 3993 3715 4020 ι
3751 3969 3886 4028 Pro-

2182 4056 2309 4124 pter
2351 4051 2539 4110 scelus
2581 4053 2779 4126 populi
2828 4055 2942 4112 mei
2990 4056 3249 4128 percussi
3280 4073 3437 4129 eum,
3487 4066 3543 4116 et
3589 4060 3752 4118 dabit
3782 4060 3887 4116 im-

2184 4138 2349 4211 pium
2397 4155 2498 4213 pro
2529 4141 2827 4215 sepultura
2858 4151 2912 4200 et
2957 4142 3199 4203 divitem
3248 4162 3351 4218 pro
3389 4154 3574 4204 morte
3622 4162 3733 4205 sua
3766 4152 3889 4211 (Isa.

2183 4233 2307 4295 LIII)
2348 4245 2365 4298 ;
2402 4252 2423 4279 ι
2462 4234 2525 4287 ut
2557 4230 2722 4287 nobis
2769 4231 2999 4289 videtur
3044 4233 3154 4290 tale
3186 4241 3307 4294 est:
3341 4234 3506 4292 Pater
3529 4237 3891 4310 omnipotens

2115 4315 2401 4414 DI‘ilium
2440 4325 2668 4414 propter
2714 4320 2909 4394 p0puli
2967 4322 3083 4414 sui-
3115 4330 3342 4414 peccata
3396 4327 3702 4414 percussit,
3757 4326 3885 4398 quia

2181 4404 2370 4473 illum,
2425 4413 2488 4463 ut
2530 4414 2724 4466 nostra
2771 4417 2999 4482 peccata
3053 4410 3289 4483 deleret,
3336 4412 3523 4469 crucis
3564 4414 3879 4486 patibulum

2179 4493 2376 4550 subire
2403 4496 2718 4555 constituit.
2758 4498 2848 4555 Ad
2895 4500 3001 4556 hoc
3043 4500 3201 4556 enim
3256 4508 3339 4557 est
3390 4500 3579 4558 Filius
3636 4518 3673 4559 a
3725 4501 3877 4559 Patre

2178 4584 2439 4657 traditus,
2473 4591 2537 4644 ut
2584 4602 2787 4646 servus
2840 4590 3000 4646 fieret
3048 4588 3364 4659 absolutus,
3419 4590 3571 4648 sicut
3618 4598 3680 4648 et
3731 4594 3876 4663 Apo-

2175 4674 2393 4734 stolus:
2448 4702 2475 4728 α
2509 4676 2618 4746 Qui
2670 4678 2916 4751 proprio,
2978 4679 3188 4753 inquit,
3245 4680 3394 4738 Filio
3429 4696 3546 4737 non
3606 4680 3873 4755 pepercit,

2172 4764 2269 4821 sed
2298 4780 2397 4837 pro
2429 4765 2597 4822 nobis
2650 4766 2922 4825 omnibus
2955 4768 3189 4825 tradidit
3224 4766 3394 4825 illum
3444 4773 3612 4839 (Rom.
3660 4776 3801 4840 VIII).
3843 4794 3869 4815 ι

2169 4849 2257 4907 Ad
2292 4850 2400 4907 hoc
2430 4851 2711 4909 innocens
2758 4854 3098 4911 vulneribus
3137 4863 3221 4911 est
3250 4869 3583 4927 percussus,
3632 4863 3703 4913 ut
3747 4870 3871 4928 pec-

2168 4945 2324 4995 cator
2358 4938 2612 4996 exsultet
2656 4957 2689 4997 a
2728 4957 2971 4999 suorum
3011 4942 3326 5000 vulnerum
3379 4942 3561 4999 livore
3611 4954 3865 5000 sanatus.

2171 5024 2330 5085 Sicut
2383 5044 2485 5102 per
2540 5030 2812 5089 eumdem
2863 5031 3075 5090 Isaiam
3122 5032 3389 5090 dicitur:
3440 5030 3634 5103 «Ipse
3684 5041 3868 5089 autem

2168 5116 2505 5177 vulneratus
2547 5128 2631 5178 est
2675 5129 2905 5194 propter
2962 5122 3298 5196 iniquitates
3338 5127 3584 5190 nostras,
3648 5122 3871 5178 attritus

2166 5214 2249 5263 est
2278 5217 2505 5280 propter
2533 5209 2747 5267 scelera
2780 5219 2994 5281 nostra,
3042 5210 3211 5284 cujus
3240 5211 3418 5268 livore
3445 5209 3637 5266 sanati
3673 5224 3871 5269 sumus
3974 5250 3979 5283 ε

2165 5298 2289 5369 (Isa.
2326 5298 2464 5368 LIII).
2504 5320 2529 5346 ι»
2581 5296 2691 5356 Sed
2734 5297 3084 5372 Redemptor
3132 5306 3325 5357 noster
3355 5313 3457 5371 pro
3507 5297 3747 5357 duobus
3776 5312 3872 5372 p0-

2156 5382 2332 5455 pulis,
2363 5384 2567 5457 gentili
2601 5385 2868 5445 videlicet
2910 5394 2967 5444 et
3002 5386 3264 5458 Judaico,
3302 5385 3419 5459 pati
3447 5384 3731 5457 dignatus
3770 5392 3873 5455 est,

2156 5488 2406 5546 quorum
2445 5474 2590 5533 alter
2638 5475 2874 5549 impius,
2927 5475 3073 5534 alter
3100 5475 3264 5535 dives
3302 5474 3510 5533 merito
3551 5474 3876 5533 dicebatur.

2155 5564 2227 5621 Et
2263 5565 2496 5636 gentilis
2524 5566 2761 5640 quidem
2787 5567 3036 5641 populus
3064 5566 3280 5640 impius
3312 5571 3466 5636 erat;
3519 5565 3669 5639 quia
3708 5564 3880 5625 idolis
