4058 6178
1206 208 1259 239 ἐν

416 261 550 330 Ιῖἣῐ

1820 254 1884 313 ιη
1911 252 2280 313 JEBE‘MIAM.

3548 244 3685 299 ιιοι

406 385 670 447 serviens,
707 381 958 452 pietatem
995 378 1159 434 divini
1192 376 1365 431 cultus
1395 375 1696 443 ignorabat.
1733 371 1858 426 llaec
1892 386 1987 425 au-
2020 381 2065 437 Α
2096 379 2219 419 nem
2246 360 2463 431 generis
2489 356 2711 414 humani
2748 374 2799 412 in
2832 354 3088 412 mundum
3126 369 3269 411 nunc
3299 364 3443 408 venit
3467 369 3533 452 es
3569 355 3686 452 l'ir-

411 488 515 530 tem
554 478 723 545 pietas
758 475 945 529 Griece
988 473 1187 527 dicitur
1232 470 1537 525 θεοσὲϐιιαν.
1572 464 1831 520 Iudaicus
1860 478 1991 517 vero

406 567 634 637 papulas
681 565 832 619 dives
880 564 1182 627 exstiterat,
1214 558 1351 635 quia
1386 559 1513 613 dum
1562 557 1837 619 Sabbata,
1886 556 1993 609 eir-

406 657 814 720 cnmcisionem,
848 655 1158 711 neomenias
1189 666 1485 721 omnesque
1515 649 1870 705 cteremonias
1907 646 1992 701 di-

408 752 547 803 vina:
579 750 713 819 legis
761 749 993 815 accepit,
1032 755 1285 814 tanquam
1332 743 1565 812 copiosis
1596 738 1835 794 thesauri
1885 754 1995 818 cte-

410 839 561 894 lestis
608 838 812 893 divitiis
852 837 1163 891 abundavit.
1197 834 1402 901 Quibus
1446 832 1747 886 exuberare
1794 829 1994 883 divitiis

406 929 719 986 Corinthios
759 926 872 995 jam
920 942 1214 982 conversus
1262 924 1461 977 Paulus
1505 922 1838 983 exsultabat,
1869 936 1992 974 cum

407 1021 614 1073 diceret
646 1037 657 1071 :
694 1037 711 1068 ι
750 1018 967 1071 Gratias
995 1034 1095 1085 ago
1124 1018 1229 1069 Deo
1256 1030 1374 1069 meo
1402 1030 1615 1084 semper
1641 1031 1736 1084 pro
1759 1014 1911 1066 vobis
1941 1014 1991 1065 in

405 1112 578 1181 gratia
609 1110 725 1174 Dei,
766 1126 886 1179 quae
907 1110 1029 1162 data
1059 1118 1142 1163 est
1170 1110 1319 1162 vobis
1350 1108 1402 1161 in
1439 1106 1655 1161 Christo
1687 1104 1835 1166 Jesu,
1869 1106 1993 1175 quia

408 1201 460 1253 in
486 1199 738 1254 omnibus
767 1199 962 1254 divites
994 1198 1119 1252 facti
1146 1198 1279 1251 estis
1306 1198 1360 1252 in
1392 1196 1504 1260 illo,
1549 1181 1713 1268 254
1748 1197 1800 1249 in
1846 1196 1992 1249 omni

406 1290 573 1346 verbo
601 1300 655 1343 et
693 1291 745 1343 in
777 1290 923 1343 attini
955 1289 1205 1352 scientia,
1232 1288 1304 1342 ita
1338 1297 1396 1341 ut
1425 1287 1560 1341 nihil
1587 1287 1910 1357 vobisvdcsit
1942 1286 1992 1338 in

404 1378 513 1431 ulla
553 1380 726 1450 gratia
760 1378 817 1450 (ι
860 1377 981 1433 Cor.
1019 1382 1093 1431 il.
1140 1398 1157 1429 ι
1190 1377 1441 1433 Salvator
1489 1393 1619 1447 ergo
1669 1386 1853 1432 noster
1894 1391 1995 1445 pro

408 1480 602 1532 morte,
634 1486 795 1540 quam
847 1473 898 1524 in
950 1486 1009 1524 se
1043 1470 1301 1539 suscepit,
1341 1468 1478 1523 duos
1525 1470 1591 1523 de
1622 1477 1796 1522 morte
1846 1483 1997 1521 resu-

407 1561 632 1614 scitatus
680 1561 826 1615 Patri
882 1560 1109 1630 populos
1142 1558 1371 1615 reddidit
1415 1576 1429 1613 :
1467 1558 1734 1613 Gentilem
1764 1559 1993 1619 scilicet,

403 1652 496 1720 qui
529 1652 861 1705 daemonibus
893 1651 1020 1706 olim
1057 1652 1217 1719 impie
1248 1650 1550 1712 serviebat,
1590 1659 1643 1703 ct
1686 1648 1990 1711 Iudaicum,

2094 456 2236 526 giae,
2268 453 2329 509 'et
2366 466 2461 522 per
2508 450 2893 507 incarnationis
2923 465 3032 505 sua:
3062 449 3379 521 mysterium
3401 489 3416 513 ,
3445 448 3536 516 qui
3565 447 3682 500 Rex

2093 557 2239 602 esset
2274 557 2328 600 et
2358 546 2617 599 Dominus
2642 543 2858 599 cunctis
2886 542 3135 613 gentibus
3177 542 3468 604 indicavit,
3509 540 3566 595 in
3598 553 3687 594 vc-

2094 642 2353 696 stimento
2394 648 2450 694 et
2478 639 2683 693 femore
2729 637 2989 706 scriptum
3028 635 3218 689 habuit
3250 652 3265 689 :
3301 652 3319 685 ‹
3352 634 3467 689 Rex
3496 646 3684 703 regum

2096 746 2153 789 et
2182 734 2447 787 Dominus
2473 731 2890 787 dominantium.
2922 749 2939 780 ι
2971 727 3123 783 Unde
3168 728 3312 781 enim
3359 725 3559 779 mundo
3604 725 3684 778 in-

2095 824 2295 887 notuit,
2325 823 2397 877 ibi
2438 822 2725 877 scientiam
2771 836 2882 875 sua:
2912 819 3211 887 majestatis
3253 817 3548 886 inscripsit.
3576 814 3689 871 lloc

2095 926 2274 970 autem
2309 914 2678 969 indumentum
2708 913 2929 967 rubrum
2958 911 3230 982 prophetae
3254 909 3522 980 apparuit,
3558 908 3685 977 quis

2097 1009 2428 1076 Redemptor
2462 1016 2647 1062 noster
2677 1006 2957 1080 propritiin
2989 1020 3086 1074 pro
3112 1004 3482 1072 redemptiOne
3503 1011 3687 1056 nostra

2100 1096 2420 1166 sanguinem
2462 1095 2618 1149 fudit.
2670 1094 2767 1149 Cui
2822 1094 2935 1162 ipse
2983 1093 3258 1161 respondit
3308 1107 3324 1145 :
3374 1110 3391 1142 ι
3428 1089 3690 1145 Torcular

2095 1186 2299 1239 calcavi
2358 1184 2507 1239 solus
2558 1193 2613 1238 et
2662 1183 2729 1237 de
2773 1182 3024 1251 gentibus
3073 1190 3292 1236 nonest
3343 1180 3425 1233 vir
3473 1193 3688 1233 mecum

2100 1275 2257 1347 (lsai.
2285 1276 2463 1346 uni).
2498 1296 2514 1327 ι
2546 1274 2707 1330 Solus
2748 1274 2892 1329 enim
2934 1270 3190 1338 torcular,
3220 1274 3274 1326 in
3296 1286 3411 1342 quo
3448 1272 3695 1327 calcatus

2099 1376 2208 1429 est,
2238 1366 2487 1429 calcavit,
2518 1366 2644 1435 quia
2681 1380 2775 1419 sua
2804 1365 3048 1433 potentia
3075 1379 3195 1418 eam
3238 1378 3404 1432 quam
3435 1361 3695 1417 sustinuit

2097 1460 2406 1528 passionem
2439 1457 2585 1511 vicit.
2626 1457 2767 1509 Nam.
2803 1455 2895 1524 qui
2926 1471 2988 1510 us
3010 1450 3094 1523 ine
3124 1454 3190 1508 ad
3238 1463 3466 1509 mortem
3512 1453 3695 1509 crucis

2097 1548 2396 1618 patibulum
2424 1546 2669 1617 pertulit,
2708 1546 2773 1601 de
2804 1556 2978 1600 morte
3017 1546 3129 1615 ipsa
3158 1560 3281 1599 cum
3304 1544 3475 1613 gloria
3504 1558 3689 1598 resur-

2100 1639 2260 1693 rexit.
2288 1634 2433 1692 Bene
2462 1649 2641 1693 autem
2678 1638 2876 1692 dicitur
2908 1655 2921 1690 :
2952 1655 2969 1685 ι
3002 1637 3067 1690 Et
3098 1637 3163 1691 de
3194 1638 3445 1707 gentibus
3470 1650 3577 1689 non
3606 1644 3695 1689 est

402 1744 527 1814 qui,
559 1746 805 1814 quamvis
843 1745 1176 1799 occidentem
1209 1743 1438 1796 litteram
1489 1752 1675 1796 tenens
1718 1752 1769 1794 et
1822 1740 1996 1793 vivili-
2030 1732 2183 1790 Bvir
2247 1747 2458 1787 mecura
2518 1731 2754 1801 (Ibid.);
2797 1750 2815 1783 ι
2871 1730 2998 1799 quid
3056 1730 3131 1793 εἰ»
3183 1747 3280 1800 ι)το
3332 1730 3527 1799 quibus
3580 1729 3691 1797 Pali

402 1841 617 1885 cantem
661 1833 908 1900 spiritum
943 1833 1211 1897 nesciens,
1244 1832 1435 1885 divina:
1474 1840 1650 1885 tamen
1693 1829 1824 1897 legis
1864 1830 2003 1883 divi-

406 1919 505 1972 t-ias
534 1902 864 1991 possidebat.

1017 2030 1247 2085 CAPUT
1291 2030 1377 2083 ΙΧ.

544 2139 611 2194 In
640 2135 855 2194 liomn’ia
890 2142 955 2193 de
981 2143 1248 2195 nativitate
1282 2143 1343 2196 S.
1386 2138 1574 2194 Maria:
1613 2142 1852 2211 virginis.

482 2249 501 2281 ι
534 2231 667 2299 Quis
694 2241 777 2287 est
802 2233 919 2295 iste,
948 2234 1037 2301 qui
1069 2234 1217 2286 venit
1247 2233 1313 2285 de
1333 2232 1526 2297 Edam,
1553 2233 1737 2287 tinctis
1756 2233 2000 2287 vestibus

405 2321 473 2375 de
521 2320 727 2376 Bosra?
765 2342 783 2373 ι
815 2322 884 2376 Et
924 2322 1084 2391 paulo
1131 2330 1248 2392 post
1283 2340 1294 2374 :
1332 2341 1347 2372 ι
1387 2322 1566 2388 Quare
1610 2335 1739 2392 ergo
1776 2322 1996 2377 rubrum

404 2422 489 2469 est
536 2413 909 2468 indumentum
944 2423 1115 2477 tuum,
1154 2414 1206 2467 el
1246 2414 1621 2467 vestimentum
1676 2422 1823 2467 tuum
1857 2414 1997 2471 sicut

404 2505 733 2560 micantium
764 2506 816 2559 in
852 2505 1146 2559 torculari?
1176 2524 1195 2558 ι
1232 2504 1386 2575 (Isai.
1416 2506 1592 2574 Lsm.)
1624 2505 1995 2562 Indutncntum

406 2597 605 2666 quippe
643 2596 853 2649 'Cliristi
900 2595 1033 2649 nihil
1088 2604 1172 2649 est
1218 2594 1395 2659 aliud,
1445 2595 1546 2648 nisi
1594 2610 1794 2665 corpus
1855 2597 1995 2663 quod

404 2687 631 2755 sumpsit
680 2701 747 2741 ex
793 2688 1005 2740 domina
1046 2695 1105 2739 et
1152 2685 1359 2754 virgine
1413 2684 1601 2738 Maria.
1656 2683 1767 2738 Nec
1813 2694 1993 2739 tamen

407 2776 552 2831 aliud
583 2786 665 2831 est
705 2777 1085 2831 vestimentum
1135 2775 1251 2845 ejus
1296 2784 1457 2844 atque
1506 2774 1650 2828 aliud
1686 2775 1816 2845 ipse.
1860 2773 1995 2832 Nam

408 2878 654 2922 uestrum
697 2882 911 2937 quoque
958 2867 1339 2922 vestimentum
1369 2881 1495 2920 caro
1524 2865 1745 2931 dicitur,
1777 2866 1869 2920 scd
1908 2876 1991 2918 ta-

406 2972 531 3012 men
568 2959 669 3029 ipsi
722 2974 821 3013 nos
866 2973 1055 3011 sumus
1102 2971 1252 3021 caro,
1300 2972 1403 3026 qua
1449 2957 1729 3011 vestimur.
1776 2953 1851 3010 De
1886 2970 1994 3024 quo

2106 1834 2351 1887 venerat,
2395 1824 2665 1892 passionis
2714 1824 2831 1893 ejus
2879 1838 3000 1877 esse
3054 1822 3347 1892 participes
3395 1820 3706 1882 debebant:

2104 1913 2196 1980 qui
2246 1928 2345 1981 pro
2375 1926 2463 1974 eo,
2503 1913 2644 1980 quod
2685 1912 2912 1966 necdum
2954 1911 3322 1973 crediderant,
3372 1912 3437 1964 de
3473 1909 3603 1979 ipsis
3644 1910 3695 1961 in

2103 2000 2507 2055 resurrectione
2532 2001 2885 2069 conqueritur
2910 2014 3140 2070 quorum
3164 2007 3270 2053 vita
3296 1999 3353 2052 in
3378 1998 3497 2067 ejus
3522 2007 3697 2053 morte

2101 2094 2467 2161 qna‘reliatnr.

2726 2162 2955 2217 CAPUT
2998 2164 3065 2216 Χ.

2101 2249 2167 2303 In
2198 2252 2417 2321 epistola
2454 2256 2522 2304 ad
2562 2248 2899 2305 Cunibertnm
2945 2255 3241 2322 episcopum
3291 2248 3693 2317 Taurincnsem,

2244 2340 2249 2345 ί
2472 2322 2541 2374 de
2572 2322 2947 2374 incontinentia
2987 2323 3319 2374 clericorurn.

2168 2410 2225 2464 ln
2274 2411 2584 2480 pastoribus
2626 2410 2843 2479 quidem
2901 2410 3109 2464 inutilis
3145 2425 3267 2465 esse
3316 2411 3545 2467 castitas
3572 2412 3698 2483 jure

2099 2500 2435 2565 decernitur,
2468 2515 2587 2569 quae
2632 2516 2691 2555 se
2737 2500 2815 2555 sic
2844 2500 3068 2555 exhibet
3114 2499 3378 2567 sterilem,
3427 2510 3487 2557 ut
3533 2502 3693 2556 aliam

2098 2599 2203 2645 non
2249 2592 2427 2661 pariat
2477 2592 2813 2656 castitatem,
2862 2593 3162 2661 prtesertim
3214 2606 3337 2647 cum
3388 2594 3503 2663 ipso
3554 2595 3697 2649 Deus

2097 2684 2445 2752 omnipotens
2495 2698 2592 2753 per
2640 2684 2833 2738 lsaiam
2871 2703 2882 2737 :
2914 2700 2931 2735 ι
2965 2683 3219 2755 Nunquid
3262 2701 3383 2757 ego,
3421 2687 3513 2755 qui
3560 2686 3695 2741 alios

2096 2786 2289 2843 parere
2318 2772 2476 2833 facio.
2504 2774 2616 2843 ipse
2639 2788 2746 2828 non
2775 2774 3006 2842 pariam,
3024 2774 3155 2829 dicit.
3177 2773 3470 2829 Dominus?
3490 2794 3508 2827 ι
3531 2774 3689 2847 (Ιιαὶ.

2096 2864 2264 2935 Livi.)
2323 2863 2422 2919 Ubi
2468 2868 2761 2920 notandum
2811 2866 2936 2935 quia
2988 2865 3147 2931 dum,
3214 2880 3320 2921 non
3382 2867 3549 2933 alias.
3595 2871 3689 2921 seat

2096 2957 2230 3011 alios
2261 2971 2456 3027 parere
2503 2956 2674 3023 facio,
2706 2958 2879 3022 dicat,
2911 2956 3147 3011 virorum
3188 2959 3368 3029 potius
3398 2973 3462 3014 ac
3508 2969 3691 3030 pasto-

405 3047 730 3102 vcstimento
777 3063 874 3118 per
909 3045 1170 3113 Joannem
1207 3045 1442 3100 dicitur:
1481 3063 1497 3096 ι
1537 3044 1781 3100 Habebat
1816 3046 1869 3099 in
1902 3058 1992 3097 ve~
2022 3081 2068 3141 ο
2103 3061 2221 3101 rum
2253 3046 2512 3102 Ecclesiae
2559 3047 2700 3102 fetus
2729 3056 3022 3105 exsuectat.
3074 3046 3246 3103 Malus
3284 3056 3464 3103 autem
3510 3060 3697 3120 pastor

404 3138 659 3193 stimento
699 3150 750 3192 et
798 3139 852 3192 in
900 3138 1104 3193 feruore
1150 3153 1248 3191 suo
1293 3138 1554 3207 scriptum
1590 3155 1601 3190 :
1643 3136 1756 3191 Rex
1806 3150 1992 3208 regum

405 3236 460 3279 et
507 3226 767 3283 Dominus
801 3228 1193 3283 dominantium
1226 3228 1403 3296 (Apoc.
1441 3226 1583 3295 XIX).
1617 3246 1635 3279 ι
1676 3226 1775 3280 Ροι·
1820 3228 1995 3282 fetnur

405 3318 603 3392 quippe
628 3321 945 3396 propagatio
973 3320 1154 3374 carnis
1204 3320 1281 3374 lit.
1309 3319 1409 3385 Qui
1446 3334 1575 3390 ergo
1616 3334 1712 3388 per
1751 3321 1995 3389 prepagi—

2105 3156 2227 3194 cum
2258 3140 2446 3195 eodem
2478 3140 2741 3210 propheta
2772 3149 2949 3208 potest
2974 3139 3210 3207 lugendo
3229 3151 3490 3196 cantare:
3526 3159 3546 3194 s
3574 3140 3693 3199 Non

2104 3232 2388 3300 parturivi,
2419 3241 2472 3285 et
2498 3246 2603 3285 non
2631 3231 2835 3301 peperi,
2854 3240 2909 3285 et
2936 3246 3042 3285 non
3070 3233 3303 3285 enutrivi
3322 3231 3573 3301 juvenes,
3593 3249 3693 3289 nec

2105 3324 2170 3374 ad
2204 3323 2594 3375 incrementum
2624 3321 2848 3391 perduxi
2880 3320 3115 3392 virgines
3143 3319 3298 3392 (lsai.
3337 3322 3521 3395 nm).
3551 3340 3571 3374 ι

1634 3409 1937 3478 1ἰ.1“ρ1ὶ‹·ἱειηι
1970 3412 2271 3465 testimonia
2300 3411 2479 3465 Isaia’.

1291 3591 1657 3664 255-256
1693 3592 2037 3648 lNCll’lUNT
2078 3595 2414 3649 CAl’lTULA
2453 3589 2791 3649 .IlLliElllA'l.

656 3841 767 3884 erat
797 3831 953 3900 pra'ci
961 3840 1126 3900 nctus.

653 3968 855 4023 dierum
884 3980 1098 4021 suorum
1128 3968 1380 4035 relinquet
1411 3982 1519 4019 eas.

656 4109 875 4162 malleus
907 4118 1174 4159 conterens
1200 4108 1441 4174 petram?

656 4248 941 4318 proiilietas
970 4263 1096 4317 quos
1127 4247 1337 4318 miserat
1363 4247 1430 4299 ad
1458 4263 1567 4298 eos.

576 4458 600 4511 1
610 4459 857 4513 nebriavit
882 4474 960 4510 me
992 4456 1269 4509 absinthio.

478 3692 531 3745 l.

480 3762 536 3816 2.

476 3898 537 3959 ’5.

478 4044 532 4097 4.

478 4182 529 4240 5.

483 4321 537 4375 6.

477 4393 529 4445 'l.

477 4461 532 4515 8.

476 4529 533 4653 3:

579 4528 659 4580 Ea:
687 4544 775 4579 ore
802 4526 1054 4578 Altissimi
1082 4542 1184 4578 non
1208 4527 1442 4578 exierunt
1477 4542 1566 4578 nec.
1591 4524 1744 4589 bona,
1783 4543 1874 4579 nec
1900 4526 2061 4579 mala.

575 4596 702 4649 Filii
734 4597 893 4664 Agar,
923 4596 1011 4663 qui
1041 4596 1393 4663 exquisierunt
1417 4596 1771 4663 prudentiain,
1800 4610 1917 4664 qtae
1944 4597 2009 4648 de
2030 4608 2171 4649 terra
2205 4607 2301 4661 est,
2328 4599 2461 4650 viain
2496 4596 2783 4665 sapientiae.

574 3690 647 3744 De
678 3690 953 3753 occisione,
990 3704 1145 3757 quam
1182 3686 1433 3741 Dominus
1464 3689 1695 3738 minatur
1732 3685 2097 3757 Hierusalem,
2137 3688 2260 3755 quia
2291 3687 2671 3757 dereliquerat»!
2706 3705 2846 3740 eum.

574 3760 829 3829 Prterepit
867 3754 1123 3812 Dominus
1163 3758 1431 3821 Jeremiie,
1460 3766 1513 3808 ut
1547 3758 1700 3809 vadat
1737 3760 1804 3809 at!
1839 3754 2192 3825 Euphratem,
2236 3766 2281 3809 et
2315 3754 2598 3811 abscondat
2638 3758 2708 3809 ibi
2741 3760 2793 3809 in
2834 3757 3093 3826 foramine
3119 3768 3280 3828 petra:
3330 3758 3566 3813 lumbare
3590 3777 3692 3831 quo

574 3901 650 3956 De
676 3917 735 3953 eo
779 3896 915 3969 quod
961 3899 1151 3951 dicitur
1182 3915 1199 3969 ,ξ
1233 3897 1385 3961 Quod
1416 3896 1600 3965 perdia:
1643 3896 1791 3964 fovit,
1836 3912 1952 3965 qua:
1982 3911 2083 3948 non
2120 3896 2357 3966 peperit:
2386 3896 2505 3965 fecit
2550 3896 2784 3961 divitias,
2816 3908 2864 3951 et
2896 3914 2997 3951 non
3044 3898 3097 3950 in
3118 3896 3350 3967 judicio,
3388 3900 3442 3951 in
3472 3898 3693 3954 dimidio

578 4041 731 4106 Quod
778 4039 1034 4091 Dominus
1078 4038 1150 4089 ait
1182 4034 1281 4106 per
1316 4035 1601 4109 Jeremiam
1629 4049 1647 4087 :
1674 4034 1930 4106 Nunquid
1974 4052 2076 4089 non
2109 4036 2260 4090 verba
2295 4052 2411 4090 mea
2453 4047 2572 4090 sunt
2601 4036 2753 4107 quasi
2779 4036 2947 4107 ignis,
2994 4035 3119 4089 dicit
3155 4036 3433 4101 Dominus,
3462 4048 3511 4092 et
3541 4040 3695 4109 quasi

575 4181 726 4246 Quod
754 4180 972 4231 intentat
1007 4176 1260 4229 Dominus
1290 4176 1671 4228 habitatoribus
1701 4174 2034 4230 Hierusalem
2060 4176 2319 4245 gladium,
2356 4186 2403 4229 et
2429 4175 2646 4245 famem,
2678 4186 2725 4229 et
2765 4185 2957 4246 pestem
2984 4193 3000 4229 :
3029 4192 3087 4231 eo
3127 4178 3267 4247 quod
3294 4194 3396 4231 non
3425 4177 3689 4232 audierint

581 4314 733 4385 Quod
754 4314 888 4370 dum
911 4314 1169 4369 Ieremia;
1193 4317 1257 4368 de
1279 4326 1433 4387 puteo
1464 4317 1516 4369 in
1546 4329 1696 4372 quem
1726 4316 1987 4384 projectus
2017 4315 2211 4383 fuerat,
2238 4317 2453 4380 levatur,
2484 4314 2636 4383 funes
2656 4328 2701 4371 et
2729 4326 2916 4372 veteres
2942 4329 3143 4387 pannos
3165 4317 3234 4370 ad
3258 4333 3375 4372 eum
3402 4318 3687 4387 deponunt.

575 4388 887 4444 Maledictus
917 4389 1006 4456 qui
1034 4387 1265 4454 prohibet
1290 4385 1524 4455 gladium
1560 4402 1713 4438 suum
1741 4403 1772 4437 a
1802 4388 2077 4455 sanguine.

1607 4684 1908 4753 Explirinnt
1956 4687 2184 4754 capitula
2223 4687 2485 4741 Jeremitr.

1304 4871 1943 4967 INCIPIUNT
2016 4872 2809 4965 TESTIMONIA.

926 5022 1153 5080 CAPUT
1193 5022 1479 5078 PRIMUM.

412 5143 480 5200 In
518 5139 734 5214 epistola
779 5136 949 5214 ad‘l’.
980 5133 1503 5213 archipresbytcruin,
1551 5132 1638 5185 ubi
1677 5130 1908 5201 loquitur
1933 5132 1997 5185 de

783 5209 975 5262 anima:
1000 5209 1289 5273 egressione
1320 5220 1351 5254 τι
1381 5219 1613 5271 corpore.

487 5322 509 5358 ι
545 5305 682 5360 Ecce
705 5316 805 5371 ego
844 5296 1154 5354 convocabo
1191 5309 1382 5347 omnes
1424 5292 1773 5362 cognationes
1801 5309 1993 5363 regno-

412 5412 531 5452 rum
565 5392 853 5464 aquilonis,
887 5390 963 5443 ait
1011 5384 1305 5447 Dominus;
1335 5392 1389 5436 et
1418 5383 1657 5446 venient,
1698 5394 1754 5435 et
1794 5394 1993 5451 ponent

414 5485 784 5556 unusquisque
810 5480 1003 5535 solium
1037 5491 1192 5532 suum
1226 5475 1277 5528 in
1310 5474 1532 5528 introitu
1564 5483 1840 5543 portarum
1870 5474 1994 5530 llic-

417 5574 673 5637 nisalem,
703 5580 758 5626 et
786 5585 948 5641 super
966 5581 1157 5623 omnes
1188 5580 1373 5620 muros
1402 5562 1520 5632 ejus
1549 5564 1605 5619 in
1644 5564 1896 5631 circuitu,
1941 5575 1994 5620 et

415 5680 576 5738 super
614 5665 895 5719 universas
924 5660 1086 5715 urbes
1111 5657 1280 5721 Juda;
1322 5666 1377 5711 et
1420 5655 1610 5726 loquar
1641 5656 1840 5727 judicia
1875 5668 1992 5713 mea

864 5745 1129 5809 Ρλτιιοι..
1169 5744 1412 5810 CXLV.

2026 5024 2073 5082 ι)
2101 5037 2222 5076 cum
2248 5037 2327 5077 eis
2355 5036 2517 5092 super
2540 5024 2686 5076 omni
2712 5022 2911 5077 malitia
2945 5037 3133 5077 eorum
3159 5024 3252 5095 qui
3283 5024 3688 5096 dereliquerunt

2108 5128 2193 5168 me
2221 5114 2353 5183 (λεν,
2387 5115 2445 5183 t).
2480 5133 2498 5166 ι
2530 5112 2659 5181 Quae
2694 5113 2940 5184 profecto
2984 5116 3181 5179 verba,
3234 5116 3279 5170 si
3332 5125 3531 5187 praeter
3568 5118 3689 5175 illos

2108 5215 2331 5260 terrenae
2370 5204 2708 5260 Hierusalem
2744 5206 2892 5260 cives
2929 5206 2993 5259 ad
3025 5206 3161 5261 alios
3190 5222 3294 5262 non
3333 5208 3689 5275 respicerent,

2104 5310 2444 5364 nequaquam
2498 5297 2657 5351 hodie
2711 5296 2765 5349 in
2815 5306 3005 5350 sancta
3065 5296 3305 5351 Ecclesia
3349 5310 3687 5353 i'escnarent.

2102 5384 2232 5451 Qua:
2276 5394 2400 5439 sunt
2433 5386 2598 5455 igitur
2628 5384 2733 5438 illa;
2759 5385 3111 5454 cognationes
3143 5400 3440 5454 regnorum
3483 5387 3690 5457 aquilo-

2102 5479 2207 5541 nis,
2258 5478 2361 5533 nisi
2408 5477 2764 5545 malignorum
2823 5478 3109 5548 spirituum
3171 5478 3573 5543 multitudines.
3634 5482 3687 5537 in

2104 5567 2313 5635 frigidis
2338 5568 2473 5622 adeo
2506 5566 2777 5622 mentibus
2799 5569 3028 5639 superbe
3059 5569 3382 5638 regnantes?
3406 5568 3471 5626 ιιι
3493 5568 3685 5626 sellam

2103 5673 2258 5713 suum
2293 5658 2662 5728 unusquisque
2692 5658 2743 5713 in
2775 5659 2999 5714 introitu
3034 5669 3307 5733 portarunt
3350 5656 3683 5715 Hierusalem

3365 5747 3438 5809 87
