4058 6178
341 243 477 304 1163

1255 242 1746 302 (IOILECTA'NEA
1790 242 1852 295 IN
1898 242 2121 299 VETUS
2161 243 2703 301 TESTAMENTUM.

3474 251 3614 306 fit}!

341 372 566 435 ponunt,
596 375 717 415 cum
750 358 1114 428 egredientem
1158 357 1223 410 de
1253 371 1480 424 corpore
1513 354 1780 409 infelicem
1810 353 1925 406 ani-
1956 369 1999 424 Α
2030 368 2220 424 porum
2282 356 2602 425 quibusdam
2657 358 2914 426 gradibus
2973 374 3135 413 ascen
3162 360 3345 425 lrndo,
3401 362 3617 417 dillicite

339 471 509 518 mam,
551 452 968 521 circumposita,
1017 463 1081 503 ne
1129 448 1293 501 libera
1344 450 1598 517 prodeat,
1644 450 1925 503 obsidione

338 544 670 607 custodiunt,
701 553 759 596 ιιι
785 559 902 596 eam
950 556 1131 596 secum
1164 556 1308 594 nunc
1339 540 1405 593 ad
1439 541 1577 611 ignis
1605 541 1923 611 suppliciqu

336 639 687 712 pertrabaut,
726 636 780 689 in
809 634 962 702 cujus
991 640 1149 687 antea
1175 632 1367 702 frigida
1398 642 1578 687 mente
1608 634 1923 701 regnabant.

336 732 379 787 υ
411 744 573 801 quam
606 729 882 790 luctuosa,
919 740 1081 793 quam
1120 723 1359 793 lugubris
1388 734 1472 800 est
1516 738 1634 776 sera
1670 731 1726 775 et
1754 722 1926 774 infru-

336 833 526 879 ctuosa
576 819 665 873 illa
714 817 1065 888 pmuitentia,
1101 830 1223 869 cum
1263 814 1537 883 peccatrix
1591 813 1768 867 anima
1813 812 1927 880 jam

335 913 603 983 incipiens
633 911 817 965 carnis
845 922 1085 971 carcere,
1114 922 1223 977 quo
1254 906 1457 961 inclusa
1495 906 1798 969 tenebatur,
1835 906 1928 958 ab-

336 1005 495 1071 solvi,
527 1003 744 1073 respicit
770 1011 890 1071 post
916 1014 995 1063 se,
1023 999 1206 1071 digigit
1248 998 1432 1053 oculos
1478 1007 1603 1051 ante
1649 996 1735 1052 se!
1772 995 1929 1050 Videt

337 1104 460 1167 post
527 1111 585 1149 se
644 1094 786 1147 velut
848 1090 1288 1160 angustissimum
1337 1099 1499 1157 atque
1549 1086 1927 1141 brevissimum

339 1184 572 1237 stadium
608 1182 730 1236 vita:
777 1179 1023 1234 mortalis
1070 1194 1372 1240 emensum,
1409 1178 1552 1231 videt
1597 1186 1721 1229 ante
1761 1193 1819 1229 se
1851 1177 1931 1229 in-

342 1274 760 1331 terminabilium
801 1272 1193 1344 longitudinem
1246 1271 1587 1325 steculorum.
1643 1270 1932 1339 Perpeudit

339 1366 493 1435 quasi
526 1374 856 1420 momentum
887 1363 1143 1433 temporis
1173 1361 1423 1415 celeriter
1454 1360 1757 1423 atlvoiasse,
1787 1360 1928 1428 ιιιιο(Ι

340 1458 504 1521 vixit;
553 1455 950 1525 contemplatur
1003 1452 1267 1507 infinitam
1313 1453 1678 1523 prolixita‘.em
1726 1461 1932 1519 tempo-

341 1563 461 1603 rum
506 1548 709 1600 instare
757 1560 918 1614 quam
980 1545 1182 1612 incipit.
1242 1544 1296 1596 ld
1351 1543 1493 1597 enim
1547 1541 1929 1596 brevissimum

340 1641 484 1713 quod
507 1650 607 1703 est,
638 1639 783 1694 velut
803 1639 853 1694 in
871 1647 1091 1709 puucto,
1128 1637 1475 1692 transcurrit:
1496 1636 1619 1689 huic
1643 1644 1819 1688 autem
1835 1635 1933 1687 vim

2027 454 2413 515 promoventur
2446 447 2511 499 ad
2566 446 2705 499 sacri
2752 446 2957 501 ordinis
2997 448 3341 516 dignitatem;
3373 449 3609 521 alioquin

2027 537 2069 589 si
2097 536 2218 604 quis
2264 537 2660 591 contentiosius
2712 546 2920 592 astruat
2968 538 3069 593 hoc
3111 539 3265 606 juxta
3318 540 3613 612 Scriptura:

2027 627 2224 680 seriem
2257 627 2609 681 historialiter
2635 627 2860 689 factum.
2894 644 2993 683 nec
3030 629 3384 697 spiritaaliter
3410 633 3602 688 intelli-

2028 721 2290 790 gendum;
2324 721 2593 789 quomodo
2631 719 2896 777 Jeremias
2927 722 3103 791 potuit
3132 723 3273 777 inter
3300 724 3611 797 innumera-

2031 811 2165 866 biles
2210 810 2557 881 Assyriorum
2606 810 3093 882 Chaldteorumque
3141 815 3387 869 nationes
3426 817 3613 871 urbem

2031 898 2371 955 Hierusalem
2391 902 2710 969 constipatis
2725 902 3028 970 agminibus
3041 904 3371 968 obsidentes,
3387 904 3611 961 lumbari

2036 990 2362 1058 pratcinctus
2387 991 2558 1055 exire,
2591 991 2752 1060 idque
2794 993 2846 1046 in
2881 993 3154 1062 Euphrate
3186 996 3275 1065 qui
3311 1005 3417 1048 tam
3458 996 3615 1067 longe

2031 1086 2659 1141 decurritabscoudere?
2694 1088 3040 1143 Postmodum
3084 1106 3299 1160 quoque
3338 1089 3615 1164 proﬂigato

2031 1179 2269 1233 diuturni
2304 1180 2560 1249 temporis
2591 1195 2774 1245 cursu,
2827 1197 2934 1249 quo
2960 1192 3120 1250 pacto
3168 1184 3320 1251 quasi
3374 1184 3617 1240 securius

2033 1270 2190 1324 rediit
2211 1270 2447 1340 illudque
2476 1272 2864 1341 putrefactum,
2891 1274 3030 1326 sicut
3054 1274 3330 1342 Scriptura
3361 1285 3608 1339 testatur.

2034 1356 2258 1423 invenit.
2286 1377 2409 1415 cum
2440 1361 2775 1419 Hierusalem
2825 1363 3072 1418 videlicet
3121 1363 3285 1429 fossa,
3320 1366 3478 1433 vallo,
3521 1383 3610 1421 ca-

2034 1451 2203 1504 stellis
2226 1461 2279 1503 et
2315 1460 2422 1505 tam
2453 1454 2645 1507 crebra
2684 1454 2921 1524 undique
2969 1463 3113 1508 esset
3171 1456 3470 1511 munitione
3512 1459 3618 1511 cir-

2034 1542 2323 1596 cumdata?
2361 1541 2493 1597 Nam
2528 1559 2649 1598 cum
2704 1542 2997 1614 aliquando
3045 1544 3183 1599 idem
3230 1548 3490 1616 propheta
3548 1550 3617 1602 ad

2038 1636 2312 1689 Auathoth
2347 1634 2579 1690 viculum
2622 1652 2778 1691 sumn
2817 1636 2868 1689 in
2910 1638 3069 1690 tertio
3103 1638 3357 1691 milliario
3392 1641 3459 1693 ab
3489 1641 3620 1694 uric

340 1747 500 1802 quam
556 1747 697 1786 tumc
720 1730 1018 1798 ingreditur
1048 1730 1223 1782 nullus
1257 1720 1476 1781 omnino
1521 1728 1644 1780 finis
1671 1726 1928 1781 occurrit.
1967 1718 2007 1774 Β
2037 1724 2200 1777 situm
2225 1734 2518 1779 conaretur
2545 1725 2714 1789 exire,
2745 1726 2798 1778 in
2829 1734 2982 1793 porta
3019 1727 3261 1794 protinus
3289 1728 3519 1796 capitur.
3552 1730 3621 1781 ad

966 1883 1192 1938 CAPUT
1235 1883 1295 1937 ll.

346 1998 409 2053 In
452 1995 669 2067 cpistola
698 1998 766 2050 ad
803 1995 1426 2116 P..arclliipresbyterum,
1456 1994 1519 2046 de
1556 1993 1931 2046 incontinentin

973 2082 998 2116 ε
1022 2081 1302 2116 meorum.

973 2081 1302 2118 crertcorum.

420 2217 437 2250 ι
480 2197 651 2261 Vade,
684 2196 857 2265 inquit
890 2193 1150 2248 Dominus
1181 2192 1246 2248 ad
1275 2192 1588 2251 Jcremiam,
1616 2199 1669 2243 ct
1718 2186 1934 2257 posside

345 2289 439 2343 tibi
488 2287 733 2340 lumbare
780 2285 1001 2346 liueum,
1049 2292 1104 2337 et
1148 2297 1317 2351 pones
1364 2280 1490 2334 illud
1519 2294 1681 2348 super
1722 2277 1935 2330 lumbos

343 2390 465 2434 tuos
489 2378 622 2447 (λετ.
656 2375 797 2445 xm).
836 2393 853 2425 ι
890 2374 962 2427 De
994 2389 1101 2443 quo
1136 2381 1187 2429 et
1219 2372 1380 2443 paqu
1408 2381 1527 2441 post
1564 2387 1574 2421 :
1613 2390 1629 2419 ί
1662 2368 1930 2437 Sin-gens,

342 2469 538 2540 inquit,
570 2467 704 2523 vade
732 2466 798 2521 ad
832 2465 1184 2537 Euphratem,
1227 2474 1281 2519 et
1309 2464 1578 2519 absconde
1618 2460 1744 2514 illud
1778 2458 1848 2513 ibi
1882 2458 1932 2511 in

342 2556 607 2614 foramine
654 2564 839 2627 petrae.
896 2572 914 2605 ι
959 2553 1111 2622 Quod
1162 2569 1283 2608 cum
1330 2551 1580 2614 fecisset,
1628 2559 1683 2603 et
1722 2549 1773 2602 iu
1829 2547 1934 2600 Eu-

346 2649 557 2717 phrate,
592 2646 732 2700 sicut
757 2645 945 2715 jussus
975 2643 1172 2708 fuerat,
1222 2642 1628 2705 abswudisset,
1658 2648 1779 2710 post
1818 2638 1936 2708 plu-

348 2738 514 2792 rimos
542 2737 658 2792 (lies
688 2737 763 2789 ait
811 2734 1071 2790 Dominus
1113 2733 1178 2789 ad
1208 2749 1331 2789 eum
1361 2750 1374 2788 :
1409 2751 1426 2783 ι
1460 2731 1663 2798 Surge,
1701 2739 1755 2782 et
1801 2730 1937 2782 vade

347 2829 414 2883 ad
448 2828 801 2898 Euphratem,
834 2836 890 2883 et
920 2825 1045 2881 tolle
1080 2826 1205 2880 inde
1255 2825 1516 2877 lumbare.
1552 2822 1617 2876 Et
1663 2823 1804 2881 abii.
1858 2822 1937 2873 in-

345 2922 483 2990 quit,
526 2920 592 2975 ad
644 2919 1004 2988 Euphratem.
1052 2925 1106 2971 et
1159 2915 1251 2969 tuli
1302 2913 1545 2967 lumbare
1582 2913 1646 2966 de
1686 2912 1801 2966 loco
1846 2911 1933 2962 ubi

349 3010 740 3065 absconderam
789 3007 956 3071 illud;
999 3017 1053 3059 et
1098 3020 1223 3059 ecce
1269 3012 1708 3073 computruerat.
1762 3003 1831 3055 ita
1880 3008 1932 3052 ιιι

2036 1815 2308 1885 principes
2341 1816 2595 1881 trahitur,
2642 1816 2884 1887 graviter
2916 1818 3235 1872 verberatur
3268 1828 3322 1875 et
3368 1828 3618 1889 tanquam

2037 1904 2336 1975 transfuga,
2392 1907 2507 1960 sive
2558 1907 2745 1976 patriae
2780 1909 3021 1976 proditor
3049 1908 3101 1962 in
3149 1924 3423 1964 carcerem
3452 1910 3623 1963 trudi-

2036 2006 2126 2050 tur
2156 1997 2289 2067 (Jer.
2321 2000 2518 2068 χχχιι).
2552 1998 2686 2064 Quia
2714 2015 2843 2069 ergo
2869 2016 2973 2054 nou
2999 2002 3349 2069 consequitur
3378 2009 3434 2055 ut
3461 2002 3622 2056 intel-

2040 2086 2235 2155 ligatur
2281 2087 2636 2142 historialitcr
2688 2087 2907 2152 factum,
2957 2100 3168 2144 constat
3225 2091 3412 2160 procul
3458 2093 3625 2145 dubio

2038 2178 2230 2248 typicae
2252 2179 2435 2245 figurae
2464 2192 2568 2231 nou
2601 2179 2787 2233 deesse
2833 2181 3171 2249 mysterium.
3210 2181 3352 2236 Bene
3376 2199 3504 2254 ergo
3528 2200 3627 2252 per

2037 2265 2282 2321 lumbare
2308 2266 2532 2331 liueum,
2556 2269 2708 2338 juxta
2738 2270 2851 2324 haec
2883 2286 3001 2340 qua:
3029 2274 3282 2342 superius
3307 2275 3448 2329 dicta
3474 2287 3625 2335 sunt,

2039 2358 2236 2411 chorus
2291 2359 2611 2429 exprimitur
2661 2362 3008 2417 clericorum.
3071 2364 3226 2432 Quod
3291 2377 3471 2421 autem
3521 2369 3628 2422 hoc

2039 2444 2283 2501 lumbare
2307 2448 2357 2501 in
2389 2448 2683 2519 Euphrate,
2712 2451 2815 2506 hoc
2839 2461 2923 2507 est
2967 2454 3017 2507 iu
3063 2470 3269 2524 aquoso
3299 2456 3437 2520 loco,
3484 2468 3541 2511 et
3573 2458 3627 2509 in

2038 2534 2303 2591 foramine
2340 2548 2525 2607 petrae,
2567 2541 2615 2594 id
2640 2552 2724 2595 est
2779 2543 2831 2596 in
2877 2542 3212 2600 obscuritate
3246 2557 3408 2616 atque
3434 2547 3629 2602 umbra

2039 2626 2425 2697 ponijubetnr,
2472 2632 2598 2700 quid
2629 2648 2727 2702 per
2773 2634 2873 2688 hoc
2900 2636 3226 2705 exprimitur
3262 2638 3364 2692 nisi
3397 2637 3487 2693 illa
3512 2636 3630 2693 ele-

2040 2717 2275 2770 ricorum
2298 2733 2425 2788 pars
2470 2736 2588 2791 qua:
2618 2723 2720 2777 sub
2750 2724 3041 2794 voluptatis
3075 2728 3265 2780 umbra
3302 2738 3355 2782 et
3384 2728 3437 2781 in
3477 2726 3631 2782 ﬂuxu

2040 2808 2269 2863 luxuriae
2292 2813 2699 2869 commoratur?
2724 2815 2795 2870 De
2822 2832 3054 2886 quorum
3083 2818 3218 2873 duce
3247 2820 3299 2873 in
3349 2820 3488 2874 libro
3526 2819 3632 2875 Job

2042 2901 2300 2957 Dominus
2357 2904 2528 2958 dicit:
2560 2904 2671 2960 Sub
2725 2908 2911 2963 umbra
2956 2911 3171 2976 dormit,
3205 2912 3255 2965 in
3311 2924 3505 2967 secreto
3537 2930 3632 2967 m-

2040 2992 2188 3057 lumi,
2221 3005 2267 3045 et
2310 2995 2437 3048 locis
2475 2996 2827 3052 Inunenlibus.
2859 2997 3146 3070 Protegunt
3172 3003 3370 3057 mnbrw
3391 3003 3626 3056 umbram

352 3103 481 3156 nulli
516 3102 631 3155 usui
665 3109 847 3170 aptum
884 3108 1043 3153 esset.
1076 3098 1139 3153 Et
1185 3098 1260 3151 ait
1303 3097 1561 3150 Dominus
1595 3095 1725 3150 :Sic
1755 3106 1937 3163 putre--

2042 3083 2176 3151 ejus,
2246 3088 2574 3142 circumdant
2619 3106 2737 3163 cum
2792 3091 2979 3147 salices
3027 3095 3271 3149 torrenti:
3324 3095 3445 3166 (Job
3503 3096 3630 3166 xc);

353 3207 507 3247 scere
536 3191 727 3244 faciam
765 3190 1071 3259 superbiam
1106 3186 1264 3251 Juda,
1308 3196 1364 3242 et
1406 3185 1712 3256 superbiam
1746 3183 1936 3237 Hiem-

353 3282 519 3336 salem
550 3279 791 3344 multam,
818 3278 1072 3349 populum
1103 3277 1265 3332 istum
1295 3276 1610 3351 pessimum,
1631 3275 1722 3344 qui
1753 3273 1940 3327 nolunt

352 3372 540 3427 audire
580 3373 742 3425 verba
791 3384 931 3434 mea,
964 3376 1018 3423 et
1049 3366 1329 3421 ambulant
1360 3367 1411 3419 in
1458 3366 1724 3435 pravitate
1762 3365 1939 3418 cordis

354 3466 458 3530 sui,
489 3474 543 3519 et.
572 3474 734 3519 erunt
771 3464 911 3519 sicut
957 3462 1200 3516 lumbare
1250 3460 1411 3524 istud,
1457 3461 1599 3528 quod
1648 3458 1779 3513 nulli
1818 3453 1934 3511 usui

354 3566 537 3627 aptum
565 3565 647 3609 est
677 3553 887 3624 (Ibid).
929 3571 946 3604 ι
980 3552 1116 3619 Quid
1154 3551 1241 3605 hic
1270 3549 1517 3604 Jeremia:
1547 3564 1808 3619 persona,
1837 3547 1935 3601 uisi

354 3647 672 3703 Dominum?
723 3644 860 3710 Quid
891 3644 1158 3707 lumbare,
1210 3642 1312 3694 nisi
1370 3640 1618 3694 ordinem
1673 3639 1940 3708 significat

354 3738 718 3797 idet-iceram?
765 3734 952 3790 Omnis
984 3732 1226 3788 Ecclesia
1263 3731 1430 3785 vestis
1470 3739 1551 3785 est
1601 3729 1825 3792 Christi,
1875 3729 1940 3782 de

352 3834 507 3903 cujus
550 3831 651 3884 sibi
707 3828 963 3883 membris
989 3843 1084 3897 per
1126 3826 1441 3896 proplu-tam
1486 3823 1720 3877 dicitur:
1761 3840 1777 3873 ι
1808 3820 1940 3875 Οιιι-

355 3925 513 3977 nibus
559 3921 643 3975 his
683 3920 829 3973 velut
872 3925 1192 3971 ornamento
1234 3914 1480 3969 vestieris
1526 3912 1680 3983 (Isai.
1712 3913 1879 3980 χιιι).
1917 3930 1933 3962 ι

354 4013 462 4067 Sed
493 4013 634 4069 sicut
670 4010 915 4064 lmnbare
965 4009 1211 4063 intimum
1244 4015 1328 4061 est
1358 4006 1594 4059 humano
1632 4002 1845 4072 corpori
1887 4011 1942 4055 et

355 4106 560 4159 arctius
593 4104 831 4158 adhaeret
869 4117 1032 4171 quam
1078 4099 1298 4168 reliquae
1337 4105 1540 4160 vestes,
1573 4094 1644 4149 ita
1675 4092 1941 4147 clericalis

355 4198 491 4251 ordo
558 4195 881 4249 familiarius
946 4192 1143 4246 divinis
1202 4190 1572 4261 agglutinatur
1628 4185 1939 4255 obsequiis,

355 4303 520 4359 quam
555 4286 743 4342 czeteri
786 4283 1071 4347 homines;
1108 4283 1249 4336 sicut
1280 4280 1386 4334 illic
1430 4280 1496 4334 de
1530 4276 1823 4332 Israelitico
1852 4290 1943 4343 po-

358 4377 487 4446 pulo
513 4376 693 4429 divina
728 4389 832 4427 vox
860 4374 935 4425 ait
966 4390 979 4426 :
1018 4392 1034 4422 ι
1065 4370 1220 4425 Sicut
1248 4370 1392 4424 enim
1422 4370 1661 4422 adhteret
1698 4365 1943 4427 lumbare

361 4467 428 4521 ad
453 4467 664 4519 lumbos
695 4465 821 4528 viri,
852 4464 931 4516 sic
958 4461 1287 4531 agglutiuavi
1328 4459 1455 4511 mihi
1486 4472 1697 4509 munem
1727 4457 1943 4509 domum

362 4554 549 4617 Israel,
590 4562 645 4607 ct
687 4567 902 4606 omnem
946 4550 1164 4604 domum
1210 4545 1369 4610 Juda,
1418 4555 1477 4599 ut
1515 4554 1657 4600 esset
1712 4544 1843 4598 mihi
1892 4544 1945 4598 iu

360 4643 645 4713 populum,
690 4651 744 4697 et
791 4642 844 4696 in
890 4655 1118 4702 nomen,
1165 4647 1219 4693 et
1261 4638 1316 4691 in
1366 4637 1599 4696 laudem.
1630 4644 1692 4713 et
1733 4636 1784 4690 in
1834 4635 1948 4705 glo-

364 4733 529 4815 riam;
562 4743 617 4789 et
644 4750 749 4790 non
775 4734 1061 4788 audierunt
1087 4730 1223 4802 (Jer.
1257 4730 1403 4799 xm).
1440 4749 1457 4780 ι
1484 4710 1710 4794 Quibus,
1744 4743 1945 4796 quzcso,

363 4835 652 4897 tam’apte,
697 4835 803 4879 tam
848 4839 1127 4894 expresse,
1157 4825 1297 4878 sicut
1342 4822 1555 4876 clericis
1596 4830 1817 4889 possunt
1849 4820 1947 4875 ista

361 4934 698 4989 congruere,
754 4916 846 4985 qui
906 4930 1101 4970 nomen
1155 4915 1290 4979 Dei,
1340 4913 1553 4967 laudem
1610 4921 1664 4965 et
1726 4910 1947 4981 gloriam

363 5011 671 5082 specialiter
716 5008 992 5064 constituti
1044 5016 1169 5060 sunt
1221 5006 1546 5076 prtedicare?
1580 5003 1748 5059 -SEcut
1804 5004 1949 5057 enim

363 5102 556 5166 Israel,
596 5112 651 5156 et
698 5099 832 5155 Juda
886 5098 1175 5169 peculiaris
1223 5105 1339 5149 erat
1384 5095 1614 5165 populus
1660 5093 1769 5148 Deo
1812 5095 1952 5148 inter

363 5208 556 5247 oumes
587 5200 775 5261 gentes
806 5205 985 5254 terrm,
1016 5190 1086 5243 ita
1114 5203 1256 5242 nunc
1285 5186 1465 5240 clerici
1506 5185 1813 5255 specialiter
1851 5186 1950 5239 ad-

367 5284 567 5336 hrereut
595 5280 755 5350 257
779 5279 996 5334 Clu-isto
1020 5294 1129 5348 pne
1154 5276 1364 5331 cunctis
1393 5277 1650 5331 membris
1671 5275 1942 5331 Ecclesiae.

369 5370 456 5425 Isti
489 5386 681 5440 nempe
708 5378 833 5424 sunt
863 5369 1104 5429 lumbare
1129 5368 1329 5422 liueum
1360 5365 1580 5420 arctiori
1622 5350 1946 5419 divino'cor-

367 5460 484 5529 pori
515 5459 883 5514 familiaritate
912 5472 1236 5513 connexum.
1272 5455 1463 5510 Linum
1508 5455 1773 5524 siquidem
1802 5452 1949 5506 labo-

370 5551 785 5621 riosepervenit
816 5552 883 5606 ad
937 5550 1257 5613 candorem;
1297 5557 1354 5602 et
1385 5548 1567 5602 clerici
1616 5546 1775 5600 modo
1807 5545 1949 5599 litte-

370 5656 553 5706 rarum
585 5641 776 5697 studiis
808 5642 1125 5707 insudaudo,
1168 5625 1327 5696 modo
1352 5655 1445 5711 per
1492 5636 1775 5693 intervalla
1812 5645 1948 5691 tem-

2043 3186 2205 3246 atque
2252 3180 2588 3234 utostcndat
2635 3192 2897 3253 quantum
2953 3200 3076 3239 cum
3106 3188 3221 3241 suis
3270 3186 3634 3244 familiaribus

2042 3268 2093 3321 in
2122 3269 2454 3326 habitatione
2480 3271 2716 3330 fluminis
2755 3276 3073 3343 delectetur,
3100 3279 3347 3347 protinus
3375 3279 3581 3335 addidit
3614 3298 3630 3333 :

2043 3359 2179 3414 Ecce
2235 3362 2553 3417 absorbebit‘
2581 3365 2824 3434 ﬂuvium,
2865 3376 2913 3420 et
2963 3385 3066 3421 non
3123 3369 3447 3423 mirabitur:
3474 3369 3631 3423 habet

2042 3455 2180 3506 enim
2227 3454 2501 3522 ﬁduciam,
2545 3457 2685 3525 quod
2725 3459 2915 3525 inﬂuat
2968 3459 3221 3514 Iordanis
3283 3463 3338 3515 in
3376 3478 3434 3516 οδ
3492 3461 3634 3531 ejus.

2043 3542 2194 3608 Quod
2220 3554 2400 3598 autem
2427 3543 2627 3599 dicitur
2655 3546 2819 3600 fuisse
2850 3548 3081 3615 positum
3134 3550 3184 3603 iu
3224 3549 3490 3605 foramine
3533 3566 3632 3619 pe-

2046 3644 2161 3699 trzc,
2206 3644 2384 3704 potest
2426 3650 2529 3689 non
2563 3634 3008 3693 incom'enienter
3057 3638 3278 3708 intelligi
3312 3639 3451 3693 intra
3479 3649 3633 3709 septa

2043 3725 2315 3781 Ecclesize.
2348 3726 2511 3791 Quasi
2543 3726 2689 3781 enim
2721 3729 2773 3781 in
2819 3728 3083 3783 foramine
3113 3738 3283 3799 petra:
3328 3730 3510 3784 clerici
3540 3744 3634 3783 re-

2045 3815 2358 3880 cluduntur,
2389 3818 2513 3870 dum
2542 3818 2681 3871 intra
2708 3818 2969 3873 Ecclesim
2996 3820 3184 3874 limina
3217 3820 3329 3874 suis
3357 3820 3634 3873 excubare

2046 3906 2363 3960 ministeriis
2388 3907 2568 3961 sedula
2610 3907 3044 3976 frequentatione
3089 3908 3361 3977 iubentur.
3396 3908 3637 3963 Lumbar

2044 4012 2173 4065 ergo
2199 3998 2249 4050 in
2296 3999 2536 4051 lmmenti
2586 3996 2702 4053 loco
2734 4001 2966 4067 positqu
3000 4004 3235 4069 putruit;
3283 4003 3412 4069 quia
3452 4000 3517 4054 de
3545 3999 3635 4053 hic

2045 4088 2134 4157 qui
2168 4089 2219 4140 in
2253 4087 2476 4142 luxuria:
2506 4089 2736 4143 lluxibus
2764 4091 3145 4150 iiutuorautur.
3174 4092 3438 4160 propheta
3465 4101 3639 4145 testa-

2048 4189 2137 4232 tur
2161 4193 2175 4232 :
2203 4177 2644 4249 Computrnerunt
2667 4181 2907 4249 jumeuta
2935 4184 2987 4236 in
3010 4193 3235 4236 stercore
3258 4200 3351 4235 suo
3379 4181 3539 4253 (Joel.
3568 4186 3631 4251 t).

2046 4269 2295 4324 Jumenta
2323 4271 2518 4340 quippe
2550 4272 2600 4324 in
2626 4281 2866 4326 stercore
2894 4289 2991 4328 suo
3018 4273 3632 4341 computrescunt,dum

2049 4363 2249 4432 quique
2270 4363 2515 4418 carnales
2545 4379 2606 4418 ac
2630 4365 2830 4418 sordidi
2856 4364 3019 4417 vitam
3050 4378 3201 4417 suam
3228 4364 3281 4417 in
3309 4363 3534 4417 luxuria:
3560 4363 3640 4416 fc-

2053 4463 2170 4507 tore
2197 4453 2541 4507 concludunt.
2600 4454 2737 4508 Nulli
2782 4455 2925 4510 enim
2977 4456 3096 4509 usui
3146 4464 3329 4524 aptum
3358 4463 3633 4525 repertum

2050 4554 2164 4609 est;
2210 4545 2335 4614 quia
2382 4554 2438 4600 et
2482 4546 2742 4600 Dominus
2797 4546 2915 4600 ait:
2952 4543 3118 4600 Nemo
3168 4547 3374 4599 mittens
3418 4561 3636 4599 manu»:

2051 4653 2202 4690 suam
2233 4636 2303 4690 ad
2326 4648 2586 4701 aratrum,
2617 4648 2664 4690 et
2698 4638 2974 4705 respiciens
3010 4645 3165 4700 retro,
3197 4645 3351 4705 aptus
3378 4645 3453 4688 est
3477 4650 3635 4703 regno

2016 4794 2023 4795 γ
2054 4727 2153 4780 Dei
2178 4726 2332 4797 (Luc.
2358 4727 2457 4797 ιι).
2486 4727 2565 4781 Ac
2596 4728 2639 4779 si
2674 4737 2858 4796 aperte
2881 4728 3026 4781 dicat
3059 4746 3073 4782 :
3113 4727 3371 4796 Quisquis
3395 4726 3637 4779 dictante

2054 4817 2135 4870 sui
2160 4816 2369 4871 ordinis
2407 4815 2587 4885 regula
2614 4816 2886 4883 pudicitia:
2916 4815 3080 4869 semel
3122 4816 3314 4883 arripit
3346 4814 3565 4875 stivam,
3591 4816 3635 4865 si

2057 4907 2401 4977 postmodum
2430 4921 2527 4975 per
2553 4907 2803 4959 ardorem
2826 4905 3065 4959 libidinis
3103 4904 3290 4958 oculos
3317 4901 3549 4957 reflectit
3572 4904 3641 4956 ad

2061 4997 2379 5062 Sodomam;
2430 4995 2555 5064 quia
2588 4992 2704 5061 jam
2738 5003 2995 5048 montana
3028 4994 3304 5064 desperat,
3352 5006 3517 5062 regno
3545 4991 3647 5045 Dei

2058 5104 2118 5143 se
2167 5102 2391 5157 prorsus
2442 5086 2683 5140 inutilem
2723 5084 2921 5139 factum
2980 5100 3101 5139 esse
3156 5085 3512 5139 demonstrat.
3559 5083 3645 5135 Ad

2060 5181 2231 5234 instar
2264 5194 2394 5248 ergo
2423 5178 2684 5232 lumbaris
2727 5178 2779 5231 in
2833 5178 3087 5231 bumecto
3118 5176 3235 5229 loco
3262 5174 3422 5245 positi
3454 5171 3642 5228 clerici

2056 5275 2513 5338 computrescuut,
2563 5268 2688 5322 dum
2744 5266 2995 5321 humidus
3040 5264 3256 5333 crapula
3286 5274 3342 5318 et
3376 5264 3646 5317 ebrietate

2059 5369 2277 5414 ventres
2310 5359 2663 5429 ingurgitent,
2697 5360 2822 5413 dum
2869 5358 3053 5411 illuvie
3092 5371 3150 5410 se
3174 5350 3412 5411 libidinis
3439 5364 3493 5409 et
3527 5370 3648 5409 co:-

2060 5465 2206 5506 nosa:
2230 5451 2457 5505 luxuria:
2479 5450 2695 5505 fluentis
2723 5450 3018 5516 inundant;
3057 5450 3243 5518 sicque
3284 5447 3497 5502 cunctis
3529 5448 3648 5499 usi-

2060 5545 2160 5598 bus
2184 5543 2479 5600 redduutur
2510 5542 2762 5608 inutiles;
2816 5542 2982 5612 258
3027 5542 3151 5610 quia
3207 5555 3315 5611 quo
3362 5533 3651 5604 magisxi-

2061 5637 2259 5690 dentur
2285 5635 2337 5690 in
2368 5650 2536 5691 carne
2569 5636 2859 5699 virescere,
2887 5649 2951 5687 eo
2984 5634 3220 5688 deterius
3248 5637 3656 5687 marcescentes
