4058 6178
591 288 731 341 H65

584 491 637 545 in
666 489 876 561 psalmo
907 510 918 544 :
956 510 973 542 ι
1009 490 1265 562 Corrupti
1290 502 1436 555 sunt.
1477 494 1673 562 inquit,
1697 502 1752 548 et
1775 493 2164 548 abominabiles

580 580 709 637 facti
741 592 863 637 sunt
890 583 943 636 in
976 570 1342 657 voluptatibus
1372 586 1485 641 suis
1513 584 1685 655 (Pist.
1713 588 1855 655 ιω).
1894 607 1912 639 ι

1200 673 1429 730 CAPUT
1469 675 1552 729 Ill.

983 765 1051 819 In
1076 766 1294 835 epistola
1317 770 1385 818 cz!
1423 763 1486 822 Ρ.
1520 770 1779 823 abbatem.

594 922 595 925 η
654 871 673 904 ι
712 852 905 909 Perdix
958 856 1092 910 fovit
1122 872 1241 925 qua:
1279 874 1384 911 non
1410 860 1645 928 peperit;
1682 860 1806 916 fecit
1841 862 2077 927 divitias,
2112 871 2168 918 et

577 959 684 998 uon
706 945 757 998 in
781 944 1011 1013 judicio,
1061 947 1115 1001 in
1146 948 1368 1004 dimidio
1400 949 1609 1005 dierum
1637 968 1860 1006 suorum
1900 955 2167 1023 relinquet

572 1052 689 1103 eas,
718 1047 772 1092 et
801 1040 852 1092 in
903 1042 1201 1096 novissimo
1228 1057 1326 1094 suo
1364 1044 1474 1097 erit
1507 1045 1766 1113 insipiens
1793 1047 1923 1117 (Jcr.
1954 1050 2109 1118 xvn).
2141 1066 2160 1100 ι

575 1124 780 1198 Nempe
821 1131 972 1183 salvo
1021 1145 1106 1196 eo,
1134 1141 1193 1185 ut
1255 1132 1322 1187 de
1381 1134 1464 1187 his
1518 1137 1606 1203 qui
1660 1136 1863 1190 alienos
1919 1136 2167 1192 furantur

576 1218 825 1275 alunmos
847 1222 948 1277 hoc
975 1224 1144 1292 possit
1171 1224 1418 1294 intelligi,
1454 1227 1663 1280 videtur
1702 1238 1877 1280 tamen
1908 1230 1972 1282 de
2004 1232 2166 1283 totius

576 1320 799 1365 auctore
840 1314 1098 1383 nequitia:
1139 1315 1514 1385 principaliter
1544 1317 1670 1371 dici.
1725 1318 1981 1373 Diabolus
2020 1322 2164 1375 cnim

575 1408 835 1471 tanquam
871 1404 1063 1458 doctor
1086 1406 1138 1459 in
1164 1407 1421 1461 cathedra
1462 1408 1782 1475 pestilentia:
1808 1424 1972 1480 super
1991 1409 2165 1465 homi-

574 1504 675 1546 nes
707 1494 807 1547 sibi
852 1497 1223 1564 magisterium
1258 1498 1539 1567 usurpavit
1587 1514 1723 1568 quos
1755 1501 1870 1570 ipse
1901 1518 2005 1556 non
2035 1519 2164 1558 con-

574 1581 733 1648 didit,
782 1595 838 1637 et
890 1599 1135 1641 errorem
1192 1604 1287 1643 eos
1341 1590 1585 1646 docendo
1631 1593 1787 1661 quasi
1849 1590 1977 1646 fovit
2027 1608 2163 1662 quos

571 1677 806 1731 crcamlo
837 1693 943 1730 non
973 1681 1197 1748 peperit.
1232 1681 1379 1735 Fecit
1412 1682 1595 1752 itaque
1618 1684 1856 1750 divitias,
1897 1694 1952 1738 et
1980 1685 2161 1739 nonin

1982 286 2051 340 IN
2093 286 2380 342 JIﬂIlIiMIA
2393 289 2435 341 ll
2446 331 2457 343 .

581 396 931 452 obsolescunt
959 395 1009 449 in
1032 395 1331 466 squalentis
1350 397 1546 450 anima:
1580 394 1847 450 fmditate.
1874 394 1951 451 De
1974 396 2169 465 quibus
2201 410 2246 467 Α

3714 296 3853 355 ιιιιι

2902 401 2984 457 (Ἄ
2997 402 3127 458 l'UT
3172 402 3232 457 Υ.

2269 512 2295 565 Ι
2304 530 2335 566 ιι
2359 512 2575 583 epistola
2622 512 2691 566 ad
2720 511 2783 566 Ρ.
2819 513 3344 587 archipresbyterum,
3377 528 3531 584 super
3569 520 3863 587 egressione

2785 585 2976 638 mutua:
2998 585 3063 637 de
3101 601 3333 654 corpore.

2344 693 2362 725 ι
2396 674 2533 728 Ecce
2554 714 2568 737 ,
2598 674 2677 728 ait
2706 673 2996 737 Dominus,
3030 674 3239 729 mittam
3278 676 3330 729 in
3367 691 3459 732 eos
3487 676 3563 747 (in
3593 679 3743 734 cives
3767 681 3853 733 vi-

2268 766 2462 820 delicet
2489 763 2852 833 Hierusalem)
2871 765 3127 831 gladium,
3150 773 3205 819 et
3225 764 3443 832 famem,
3471 778 3526 821 et
3553 778 3783 838 pestem,
3804 781 3860 824 rt

2268 868 2428 913 erunt
2467 859 2518 912 in
2552 858 3010 921 maledictionem,
3047 868 3101 911 et
3130 868 3428 929 stuporem,
3460 870 3513 914 et
3540 862 3592 916 in
3618 859 3855 918 sibilum.

2269 961 2321 1003 et
2360 952 2411 1005 in
2440 951 2811 1021 opprobrium.
2844 970 2863 1000 ι
2890 950 2999 1003 Cur
3035 950 3236 1005 sithoc
3272 949 3495 1016 factum,
3523 952 3857 1021 aperit,cum

2270 1040 2584 1111 suhjnngit:
2625 1057 2643 1090 ι
2674 1039 2747 1093 Eo
2780 1038 2919 1107 quod
2964 1054 3070 1093 non
3119 1039 3412 1105 audierint,
3443 1040 3640 1110 inquit,
3693 1042 3856 1097 verba

2270 1144 2411 1193 mea,
2436 1144 2555 1198 qua:
2582 1128 2707 1183 misi
2737 1129 2802 1182 ad
2826 1144 2918 1181 eos
2946 1144 3042 1197 per
3071 1144 3256 1183 servos
3280 1144 3430 1184 meos
3454 1130 3770 1200 prophetas,
3788 1132 3855 1184 de.

2269 1229 2426 1274 nocte
2453 1234 2790 1288 consurgens
2810 1230 2869 1273 et
2910 1220 3131 1274 mittens
3162 1218 3296 1291 (Jer.
3324 1221 3500 1287 xxix).
3533 1241 3549 1271 ι
3583 1221 3735 1289 Quod
3764 1239 3864 1278 au-

2268 1321 2377 1366 tem
2408 1312 2563 1375 dicit,
2594 1312 2660 1365 de
2704 1322 2860 1365 nocte
2904 1327 3263 1382 consurgens,
3297 1314 3542 1367 mittendi
3592 1313 3860 1368 sollicitu-

2268 1402 2447 1454 dinem
2476 1400 2679 1455 indicat
2708 1408 2764 1454 et
2785 1400 3215 1468 velocitatem,nt
3253 1416 3359 1454 non
3394 1402 3446 1455 in
3476 1400 3622 1455 verbi
3658 1402 3823 1470 prde
3844 1431 3857 1441 -

2266 1494 2564 1558 caloribus,
2596 1493 2689 1548 sed
2721 1492 2774 1545 in
2831 1492 3173 1545 auditoribus
3208 1493 3386 1559 potius
3426 1502 3613 1561 torpor
3641 1494 3859 1547 desidia:

2270 1586 2448 1639 valeat
2475 1584 2729 1638 inveniri.
2760 1584 2894 1637 Cum
2947 1584 3133 1652 itaque
3186 1584 3328 1637 Dens
3368 1584 3717 1652 ortmipotens
3760 1585 3864 1640 hn-

2271 1692 2431 1730 mano
2461 1691 2614 1729 more
2644 1675 2957 1729 hominibus
3016 1674 3272 1743 loquens,
3307 1675 3374 1728 de.
3424 1685 3582 1729 tun-te
3626 1691 3860 1730 consur-

574 1767 951 1838 jndicio;qnia
974 1772 1099 1824 dum
1135 1773 1294 1827 rebus
1321 1776 1481 1828 alieni
1505 1775 1647 1842 juris
1675 1776 1942 1832 ditescere
1972 1777 2158 1839 voluit,
2195 1762 2239 1820 Β
2268 1770 2473 1824 rexisse
2500 1784 2559 1821 se
2591 1783 2654 1821 ae
2682 1784 2777 1836 per
2807 1769 2909 1822 hoc
2934 1769 3089 1836 quasi
3134 1783 3380 1821 somnum
3412 1784 3472 1821 se
3503 1767 3859 1837 interrupisse

567 1858 1125 1933 mquitatisjudicium
1160 1865 1471 1929 temeravit;
1504 1867 1597 1919 sed
1620 1866 1671 1918 in
1703 1866 1927 1919 dimidio
1949 1866 2156 1920 dierum

567 1962 792 2001 suormn
843 1950 1111 2020 relinquet
1156 1969 1271 2007 eos.
1310 1954 1565 2009 Diabolus
1612 1956 1756 2009 enim
1801 1957 1955 2025 quasi
1980 1958 2159 2012 adhuc

564 2040 717 2104 vivit,
749 2039 873 2093 dum
900 2058 1023 2096 eum
1049 2043 1220 2097 ultimi
1246 2044 1435 2111 iudicii
1460 2046 1668 2115 gladius
1701 2046 1929 2101 necdum
1964 2057 2152 2102 trans-

568 2130 720 2185 fodit.
748 2130 991 2185 Nondum
1037 2132 1218 2202 itaque
1261 2145 1509 2189 mortuus
1544 2150 1672 2189 suas
1694 2136 1913 2191 divitias
1929 2137 2040 2205 jam
2076 2154 2157 2189 re.-

568 2219 789 2303 liuqttit;
819 2224 1078 2292 quoniam
1105 2227 1172 2278 ad
1213 2226 1529 2280 Creatorem
1559 2242 1717 2281 suum
1758 2242 1929 2296 genus
1960 2229 2153 2282 huma-

569 2330 695 2366 num
726 2330 792 2369 ex
844 2316 1078 2370 maxima
1104 2326 1259 2386 parte
1298 2317 1408 2386 jam
1442 2318 1621 2373 rediit.
1652 2318 1708 2373 In
1736 2320 2033 2373 novissimo
2063 2336 2157 2372 au-

570 2414 673 2458 tem
711 2422 809 2459 suo
832 2406 936 2460 erit
968 2408 1248 2477 insipiens,
1271 2423 1455 2477 quem,
1504 2409 1646 2463 sicut
1692 2409 1982 2480 Apostolus
2038 2412 2153 2465 ait:

571 2518 590 2551 ι
632 2502 892 2556 Dominus
919 2501 1078 2557 Jesus
1131 2504 1419 2559 interficiet
1448 2505 1638 2575 spiritu
1688 2505 1801 2559 oris
1839 2505 1944 2569 sui,
1980 2514 2032 2559 ct
2059 2506 2155 2560 de-

563 2602 742 2647 struct
773 2594 1137 2650 illustratione
1163 2596 1426 2651 adventus
1455 2597 1538 2650 sui
1592 2595 1677 2666 (II
1722 2596 1900 2651 Thess.
1928 2593 2006 2661 ιι).
2032 2616 2051 2650 ο
2091 2597 2155 2651 Et

558 2684 826 2755 propheta
856 2701 871 2737 :
913 2706 928 2735 ι
958 2684 1186 2755 Spiritu,
1212 2684 1409 2754 inquit,
1436 2686 1703 2741 labiorum
1728 2701 1949 2755 suorum
1984 2688 2154 2741 inter-

561 2774 708 2832 ﬂciet
758 2778 980 2848 impium
1013 2775 1169 2847 (Isai.
1211 2778 1309 2848 xv).
1343 2799 1361 2830 ι
1400 2778 1571 2835 ΙΙοιιιο
1621 2779 1785 2850 igitur
1830 2779 2152 2848 magistrum

558 2867 763 2921 deserit
784 2868 1067 2923 abusivum
1125 2878 1179 2924 et
1211 2870 1350 2924 redit
1371 2870 1437 2923 ad
1467 2871 1766 2941 proprium,
1799 2886 1921 2924 cum
1952 2886 2150 2924 novum

555 2955 784 3010 damnat
826 2972 1068 3013 errorem
1115 2968 1169 3012 et
1200 2958 1267 3013 ad
1317 2974 1428 3013 sua:
1475 2960 1772 3013 revertitur
1819 2959 2152 3013 conditionis

551 3046 846 3117 originem.
902 3046 1056 3103 Unde
1095 3048 1205 3102 illic
1261 3057 1386 3118 apte
1431 3048 1778 3116 subjungitur
1819 3065 1831 3099 :
1875 3066 1894 3100 ι
1944 3049 2149 3103 Solium

553 3134 743 3209 gloria:
770 3137 1076 3192 altitudinis
1112 3153 1141 3192 a
1185 3139 1475 3209 principio,
1509 3138 1660 3194 locus
1703 3137 2150 3193 sanctificationis
2179 3134 2222 3197 C
2251 3145 2589 3209 tempserunt
2638 3157 2651 3192 :

560 3241 781 3294 nostrae,
812 3231 1151 3299 exspectatio
1178 3230 1341 3286 Israel
1368 3231 1505 3300 (Jer.
1536 3231 1690 3302 xvn).
1716 3251 1734 3284 ι
1766 3233 1908 3286 Deus
1945 3231 2147 3300 itaque,

552 3321 647 3391 qui
667 3323 1086 3391 estprincipiqu
1113 3322 1318 3391 gloriae,
1339 3323 1455 3391 ipse
1480 3332 1564 3376 est
1586 3323 1920 3392 exspectatio
1939 3321 2102 3377 Israel
2127 3340 2143 3384 ;

553 3416 810 3484 quoniam
834 3429 865 3467 a
913 3430 1021 3484 quo
1060 3432 1233 3485 genus
1263 3416 1557 3470 humanum
1583 3418 1779 3486 prodiit
1814 3434 1912 3487 per
1956 3420 2148 3473 cotidi—

556 3508 719 3563 tionis
748 3510 1041 3563 revertitnr
1071 3518 1493 3564 sacramentum.
1523 3510 1624 3575 Qui
1653 3496 1788 3579 ergo
1834 3514 2057 3566 sedebat
2091 3514 2140 3566 in

554 3597 691 3652 solio
719 3597 903 3668 gloriae
932 3598 1235 3655 altitudinis
1260 3617 1288 3653 a
1330 3601 1601 3670 principio
1632 3611 1686 3657 ct
1716 3602 1990 3658 hominem
2019 3607 2145 3657 edo-

553 3692 731 3751 cebat.
764 3693 877 3761 ipse
900 3703 981 3746 est
1016 3695 1353 3763 exspectatio
1377 3694 1563 3758 lsraei,
1591 3704 1647 3749 ut
1694 3696 1747 3750 in
1797 3697 1915 3752 loco
1938 3702 2140 3753 sancti-

551 3783 822 3839 lleationis
848 3793 1064 3849 nostrae,
1099 3786 1149 3839 id
1180 3796 1286 3850 est,
1316 3786 1366 3840 in
1397 3796 1585 3841 sancta
1614 3788 1851 3843 Ecclesia
1888 3792 2139 3844 eumdem

555 3872 831 3927 hominem
882 3874 1075 3928 iterum
1128 3876 1339 3930 doceat.
1375 3876 1526 3931 Unde
1569 3892 1665 3945 per
1696 3876 2034 3933 Psalmistam
2061 3882 2136 3934 di-

547 3961 736 4017 citur:
778 3981 796 4014 ι
835 3964 1272 4021 Reminiscentur
1320 3977 1376 4021 et
1420 3976 1806 4022 convertentur
1847 3969 1913 4023 ad
1962 3971 2141 4026 Domi-

553 4069 683 4109 num
709 4055 948 4109 universi
977 4057 1112 4110 lines
1142 4068 1323 4121 terrae,
1346 4066 1400 4112 et
1423 4059 1724 4113 adorabunt
1761 4061 1813 4114 in
1846 4073 2137 4130 conspectu

546 4147 664 4217 eius
711 4164 900 4203 omnes
947 4151 1137 4217 patria:
1166 4151 1409 4220 gentium
1439 4149 1611 4221 (Psal.
1646 4156 1781 4221 ut).
1810 4172 1825 4200 ι
1881 4151 2138 4224 Quisquis

547 4252 680 4310 ergo
707 4238 941 4294 alienum
958 4241 1098 4294 tollit
1119 4240 1315 4295 violata
1333 4241 1436 4296 fide
1455 4240 1798 4310 discipulum,
1816 4242 2135 4298 Antichristi

549 4330 733 4399 procul
759 4331 923 4385 dubio
963 4332 1209 4387 imitatur
1236 4332 1566 4402 exemplum.
1596 4331 1662 4386 Et
1686 4331 1829 4386 sicut
1860 4334 1873 4387 i
1899 4333 1970 4397 le,
1991 4334 2134 4403 quod

547 4423 780 4478 alienum
813 4435 917 4487 est,
950 4440 1100 4479 more
1132 4426 1367 4496 perdicis
1416 4425 1646 4490 amittit;
1680 4426 1761 4478 sic
1817 4425 1943 4490 iste,
1988 4427 2131 4495 quod

2262 1865 2639 1932 conqueritur;
2669 1864 2813 1931 quml
2840 1863 2996 1916 nobis
3032 1862 3381 1931 opprobrium
3415 1860 3555 1914 valet
3582 1861 3846 1929 objieere.

2260 1956 2306 2009 si
2334 1955 2488 2009 nobis
2519 1955 2569 2009 in
2615 1956 2806 2007 ultimo
2852 1952 3197 2007 necessitatis
3244 1951 3483 2021 periculo
3532 1950 3849 2006 constitutis

2264 2046 2410 2101 velut
2434 2047 2552 2101 lucc
2576 2046 2873 2114 permerito
2908 2043 3261 2113 responderet
3286 2058 3301 2096 :
3331 2042 3443 2111 Ego
3474 2050 3703 2112 promer
3733 2057 3853 2103 vos,

2262 2156 2386 2193 cum
2418 2155 2596 2193 essent
2624 2139 2870 2199 Greater,
2904 2136 3080 2191 factus
3109 2152 3230 2191 sum
3285 2147 3565 2197 creatura;
3597 2151 3702 2207 ego
3731 2151 3858 2206 pro-

2262 2239 2383 2298 pter
2433 2246 2528 2283 vos
2579 2231 2867 2285 irrisiones
2922 2237 2980 2281 et
3026 2228 3315 2298 opprobria
3361 2228 3583 2298 pertuli,
3633 2244 3853 2282 crucem

2259 2318 2401 2371 subii
2437 2327 2491 2373 et
2517 2328 2710 2372 cuncta
2735 2334 2854 2386 qure
2880 2318 3035 2370 vobis
3065 2317 3406 2371 debebantur
3428 2326 3698 2373 tormenta
3728 2336 3848 2390 per-

2258 2409 2437 2472 curri;
2470 2425 2566 2463 vos
2603 2419 2781 2463 tamen
2820 2422 2905 2462 me
2953 2421 3057 2460 non
3086 2406 3315 2460 audistis
3341 2416 3399 2461 et
3426 2408 3558 2477 legis
3592 2423 3725 2463 mere
3752 2425 3858 2464 cae-

2262 2502 2535 2556 remonias
2564 2509 2620 2556 et
2675 2499 2929 2555 mandata
2980 2499 3284 2568 spres'istis.
3316 2497 3489 2554 Porro
3518 2500 3564 2555 si
3596 2499 3706 2556 illis
3750 2499 3853 2555 itu-

2259 2591 2583 2661 properabat
2630 2606 2817 2646 servos
2858 2604 2889 2644 a
2940 2606 3003 2645 se
3038 2590 3255 2654 missos,
3300 2598 3502 2659 quanto
3558 2590 3857 2646 terribilius

2260 2683 2419 2741 nobis
2469 2682 2860 2753 improperahit
2889 2682 3276 2753 semetipsum?
3331 2681 3387 2737 Si
3438 2682 3547 2736 illis
3599 2697 3850 2738 somnum

2260 2773 2661 2844 improperabat
2692 2774 3077 2843 interruptum,
3126 2782 3329 2841 quanto
3372 2764 3548 2844 ma'gis
3574 2774 3730 2831 nobis
3754 2790 3849 2828 va—

2259 2861 2332 2916 let
2371 2862 2636 2931 ohjieere.
2686 2879 2745 2917 se
2790 2878 2887 2933 pro
2935 2862 3092 2920 nobis
3130 2876 3404 2918 mortuum
3436 2880 3500 2918 ac
3539 2864 3847 2934 sepultura?

2257 2951 2373 3009 Non
2403 2954 2600 3009 liberat
2630 2955 2769 3009 Deus
2792 2954 3007 3011 ιιιιιωοε
3050 2955 3366 3010 vallantium
3407 2956 3647 3010 hostium
3695 2955 3850 3011 obsi-

2257 3045 2417 3101 dione
2438 3046 2750 3111 conclusos,
2778 3048 2904 3118 quia
2933 3047 3232 3102 destinatos
3269 3047 3341 3103 ad
3368 3061 3427 3102 se
3458 3046 3690 3103 famulos
3718 3063 3852 3103 con-

2699 3150 2755 3195 et
2808 3140 3080 3209 quomodo
3128 3139 3471 3195 Christianos
3516 3140 3702 3195 audiet
3755 3142 3849 3211 qui

2256 3228 2424 3282 missa
2454 3244 2549 3298 per
2572 3229 2768 3284 Filium
2816 3229 3130 3300 evangelica
3171 3241 3437 3299 pracepta
3492 3232 3852 3299 spreverunt?

2258 3316 2397 3372 Nam
2428 3320 2519 3388 qui
2552 3334 2657 3374 non
2683 3320 2832 3373 audit
2858 3320 3051 3385 Deum,
3080 3336 3183 3374 non
3208 3321 3432 3375 auditur
3455 3336 3482 3374 a
3514 3322 3643 3377 Deo.
3671 3319 3847 3378 Unum

2250 3417 2336 3462 est
2364 3409 2508 3476 quod
2541 3424 2695 3463 mens
2724 3411 2987 3479 cujusque
3014 3410 3189 3464 ﬁdelis
3224 3412 3383 3464 debet
3430 3410 3646 3466 assidue
3673 3420 3730 3466 et
3758 3428 3845 3467 so—

2250 3499 2419 3554 lerter
2437 3499 2737 3564 attendere,
2758 3500 2970 3554 etintra
2996 3502 3344 3570 seun'tipsum
3373 3500 3607 3555 sollicita
3629 3515 3845 3571 semper

2252 3589 2597 3659 inquisitiOne
2648 3605 2867 3645 versare
2908 3609 2920 3645 :
2971 3590 3179 3646 scilicet
3234 3602 3414 3647 utrum
3460 3592 3673 3661 placeat
3729 3592 3842 3648 Dt'u

2248 3679 2392 3748 quod
2419 3679 2532 3749 egit
2582 3690 2638 3733 et
2680 3696 2751 3735 an
2800 3680 2853 3736 in
2881 3683 3001 3750 ejus
3028 3682 3140 3734 vita
3177 3682 3316 3734 Dens
3355 3680 3437 3733 vel
3469 3683 3727 3750 operibus
3746 3683 3841 3735 de.

2250 3770 2500 3826 lectetur.
2533 3771 2673 3841 Quid
2694 3772 2839 3826 enim
2865 3774 3087 3841 prodest
3112 3772 3372 3842 quidquid
3409 3773 3572 3827 faciat
3604 3774 3767 3829 homo
3792 3777 3837 3828 si

2246 3861 2351 3916 hoc
2378 3877 2482 3916 non
2508 3863 2718 3931 placeat
2740 3863 2886 3917 Deo?
2915 3863 3008 3918 Sic
3040 3864 3106 3918 de
3152 3864 3319 3917 David
3346 3865 3585 3918 dicitur:
3628 3882 3645 3914 ι
3680 3863 3838 3931 ριιιιοο

2242 3952 2369 4007 sivit
2392 3954 2493 4008 sibi
2528 3953 2667 4008 Dens
2718 3954 2892 4007 virum
2940 3955 3094 4023 juxta
3126 3970 3222 4008 cor
3269 3970 3427 4008 suum
3472 3952 3523 4026 (Ι
3564 3949 3836 4022 Reg.xttt;

2242 4044 2357 4098 Act.
2389 4045 2528 4113 xm).
2562 4064 2580 4094 ι
2611 4048 2745 4097 Nam
2771 4044 2817 4099 si
2860 4060 3004 4098 nunc
3024 4044 3288 4099 Conditor
3317 4059 3422 4098 non
3448 4043 3751 4100 delectatur
3779 4045 3834 4099 in

2243 4136 2480 4201 homine,
2516 4138 2677 4192 homo
2721 4138 3060 4207 postmodum
3097 4138 3356 4192 delectari
3387 4154 3492 4192 non
3524 4138 3729 4208 poterit
3768 4137 3826 4192 iu

2236 4228 2549 4285 Conditore.
2584 4229 2738 4285 Unde
2764 4230 2958 4301 legitur
2989 4231 3040 4284 in
3086 4232 3193 4284 vita
3250 4231 3469 4285 Patrum
3496 4249 3508 4282 :
3540 4230 3677 4297 Qui:
3707 4244 3837 4283 euut

2239 4320 2407 4375 falsus
2435 4321 2654 4391 quidam
2686 4320 2927 4375 famosus
2964 4330 3020 4375 et
3053 4322 3229 4391 magni
3276 4321 3510 4375 nominis
3562 4319 3840 4375 solitarius

2237 4413 2624 4483 propinquaret
2657 4394 2731 4467 ad
2764 4413 2990 4479 exitum,
3035 4421 3305 4469 tartareus
3345 4413 3410 4467 ad
3449 4429 3572 4469 cum
3612 4413 3840 4486 spiritus

548 4527 866 4584 usurpatum
894 4529 997 4582 est,
1053 4520 1325 4589 aequitatis
1361 4519 1754 4575 interveniente
1784 4516 1988 4584 judicio
2023 4534 2127 4573 non

2253 4477 2500 4572 renitqhi
2533 4503 2825 4557 tridentem
2872 4477 3087 4573 igneum
3133 4504 3185 4558 in
3231 4504 3480 4558 manibus
3529 4477 3742 4568 attulit;
3779 4515 3837 4558 et

549 4607 768 4658 tenebit.

1162 4700 1390 4756 CAPUT
1432 4701 1521 4755 IV.

814 4789 840 4843 1
847 4809 877 4843 ιι
905 4792 1126 4859 epistola
1152 4794 1220 4845 ad
1247 4793 1542 4846 cardinales
1568 4795 1851 4864 episcopos.

618 4877 734 4932 Non
790 4878 1008 4944 sufficit,
1064 4897 1186 4935 cum
1236 4900 1266 4935 ιι
1315 4882 1528 4939 diabolo
1579 4895 1782 4954 raptus,
1832 4886 1899 4939 ad
1958 4887 2124 4957 Deum

545 4970 776 5041 quisque
814 4973 899 5040 pia
948 4972 1234 5027 devotione
1263 4975 1617 5038 convertitur,
1650 4977 1752 5031 nisi
1800 4992 1923 5033 mox
1962 4979 2124 5033 etiam

548 5080 581 5118 a
606 5075 783 5121 status
803 5067 883 5120 sui
916 5066 1135 5131 duritia,
1187 5069 1340 5135 quasi
1391 5068 1584 5122 crebro
1628 5078 1826 5123 sancta:
1861 5070 2123 5141 praedica-

545 5159 709 5214 tionis
759 5159 953 5213 malleo
1024 5168 1355 5214 conteratur.
1420 5161 1571 5217 Unde
1637 5176 1733 5231 per
1785 5161 2120 5217 Jeremiam:

552 5267 566 5297 ι
610 5246 863 5319 Nunquid
892 5266 996 5303 non
1046 5250 1211 5304 verba
1265 5265 1383 5303 mea
1431 5259 1557 5304 sunt
1601 5252 1755 5321 quasi
1800 5252 1963 5320 ignis.
1995 5253 2127 5307 dicit

546 5338 836 5402 Dominus,
892 5350 943 5394 ct
991 5340 1146 5408 quasi
1212 5338 1435 5393 malleus
1483 5351 1768 5397 conterens
1818 5342 2062 5411 petram?
2098 5362 2117 5395 ι

545 5427 680 5498 (ler.
710 5432 895 5500 χλιιι.)
930 5428 1104 5485 Verba
1129 5431 1329 5501 quippe
1375 5432 1583 5485 Domini
1610 5432 1764 5501 quasi
1816 5433 1953 5503 ignis
1973 5442 2119 5499 sunt,

542 5520 669 5591 quia
695 5518 866 5592 frigus
894 5525 1188 5592 expellunt,
1218 5522 1383 5595 259
1415 5524 1649 5579 calorem
1679 5525 1954 5580 mentibus
1974 5527 2120 5597 inge.

545 5622 695 5679 runt;
720 5615 945 5671 malleus
972 5628 1150 5673 autem
1183 5629 1326 5681 sunt,
1363 5619 1615 5690 quoniam
1646 5619 2023 5673 obstinationis
2069 5630 2121 5675 et

546 5707 860 5789 pervicacia:
884 5707 1133 5762 duritiam
1170 5711 1431 5763 molliunt.

1657 5844 1749 5856 mn

2236 4610 2361 4648 ecce
2397 4609 2498 4646 vox
2526 4596 2592 4647 ad
2620 4610 2743 4647 eum
2771 4595 2909 4648 facta
2941 4604 3023 4647 est
3050 4613 3060 4647 :
3089 4593 3261 4657 Sicut,
3292 4595 3484 4664 inquit,
3519 4598 3697 4651 anima
3729 4598 3829 4648 ista

2236 4685 2317 4737 vel
2348 4702 2449 4738 una
2500 4686 2629 4738 hora
2679 4702 2763 4738 mc
2819 4687 2869 4738 in
2917 4702 2972 4739 se
3021 4687 3362 4754 requiescere
3407 4704 3510 4741 non
3563 4688 3831 4757 permisit,

2236 4777 2315 4830 sic
2341 4790 2515 4843 neque
2541 4786 2594 4828 tu
2625 4778 2935 4831 miserearis
2983 4778 3220 4832 evellens
3251 4795 3391 4832 t‘altl.
3416 4780 3568 4834 'I'nnc
3596 4795 3829 4848 neqnau.

2235 4868 2460 4936 spiritus
2488 4867 2774 4921 tridentem
2810 4869 3023 4938 igneum
3048 4870 3197 4923 cordi
3244 4870 3529 4923 morientis
3551 4868 3745 4933 infixit.
3774 4881 3859 4936 et,

2234 4959 2470 5019 animam
2496 4959 2631 5026 ejus,
2664 4962 2803 5015 sicut
2830 4970 2949 5015 erat
2972 4962 3180 5031 jussus.
3212 4961 3424 5017 evulsit.

2749 5072 2913 5144 260
2951 5070 3178 5128 carm
3222 5072 3305 5126 vr.

2230 5162 2296 5216 lu
2322 5164 2538 5230 epistola
2586 5163 2653 5215 ad
2701 5156 2889 5219 fratres
2930 5162 3216 5227 Sarwt'cini,
3268 5165 3353 5218 ubi
3396 5164 3465 5219 ml
3508 5162 3814 5233 patientiam

2887 5244 3151 5303 provocat.

2301 5348 2416 5404 Duo
2452 5357 2599 5414 sunt,
2649 5362 2770 5419 qum
2820 5348 2862 5401 si
2921 5347 3199 5418 vigilanter
3240 5349 3588 5411 attendimus,
3651 5349 3809 5406 facEle

2229 5440 2585 5518 vioicntornm
2622 5434 2986 5518 quogmnlibet
3029 5439 3344 5494 insolentias
3380 5440 3806 5516 injuriarumqtm

2230 5531 2502 5585 molestias
2541 5513 2914 5602 superamus:
2944 5543 3212 5601 pra‘cepta
3239 5533 3487 5589 videlicet
3535 5544 3591 5590 et
3615 5513 3804 5592 exem-

2228 5623 2332 5692 pla.
2366 5620 2499 5690 Quia
2525 5624 2585 5679 et
2618 5618 2910 5694 Scriptura:
2949 5632 3149 5680 saneta:
3179 5639 3276 5681 nos
3305 5626 3371 5681 ad
3424 5629 3819 5698 pmnitentiaut,

2227 5712 2611 5779 cohortantur;
2668 5721 2723 5767 ct
2763 5714 2918 5770 electi
2955 5714 3172 5785 quique
3228 5716 3486 5788 quidquid
3518 5732 3546 5770 a
3585 5716 3801 5774 furiosis
