4058 6178
229 282 367 365 tm

1129 280 1627 334 COLLEC'I‘ANEA
1656 279 1720 334 IN
1766 277 1991 333 VETUS
2032 276 2579 332 TESTAMENTLM.

3379 273 3503 329 i358

224 394 424 451 diaboli
454 393 712 447 membris
742 392 925 446 inferri
958 394 1130 461 potttit
1176 394 1550 462 aequanimiter
1583 394 1815 464 pertttlc-
1844 401 1889 456 Α
1922 405 2011 447 tur
2036 396 2314 462 intemplo,
2343 406 2389 448 et
2414 395 2576 464 magis
2600 392 2870 447 Iwnomsti
2891 392 3031 461 ﬁlios
3065 401 3182 445 tuos
3213 408 3366 461 quam
3391 395 3507 447 mc.’

228 499 374 543 runt.
410 486 542 541 Nam
577 485 719 557 quod
756 486 951 540 divinis
994 486 1464 541 admonitionibus
1514 496 1565 542 et
1608 504 1809 557 pra-ce-

228 578 467 632 dentium
506 558 769 645 exemplis
796 574 983 642 adjuti.
1021 576 1086 629 de
1132 575 1400 643 profundo
1451 577 1606 630 nobis
1656 576 1815 629 illatzo

234 667 598 721 tribulationis
627 667 909 735 eripiatur,
950 676 1098 720 recte
1151 665 1387 720 Jcrcmia
1436 668 1699 737 propheta
1750 668 1815 721 de

230 768 396 829 puteo
444 760 763 827 prodeunte,
822 758 1115 826 signatur:
1153 778 1169 810 ι
1202 758 1547 827 Projecerant
1618 761 1817 830 quippe

229 870 373 915 cum,
416 854 555 905 sicut
586 851 865 920 Seriptura
903 862 1150 914 testatur.
1186 852 1237 907 in
1266 852 1463 917 lacum,
1492 854 1545 907 in
1578 870 1685 922 quo
1711 870 1815 907 non

226 955 345 999 erat
372 958 531 1013 aqua,
560 943 653 997 sed
701 943 904 1007 ltttum;
938 946 1030 1012 qui
1081 945 1449 1014 postmodum,
1499 956 1557 999 nt
1589 947 1814 1011 levetur,

228 1039 387 1090 t‘uues
416 1034 484 1090 ad
525 1050 669 1099 eum,
717 1044 769 1090 et
824 1036 987 1105 panni
1042 1049 1254 1091 veteres
1305 1038 1648 1107 deponuntur
1682 1038 1813 1107 (Jer.

231 1129 480 1197 ξυμ-ιιι).
517 1146 535 1178 δ
571 1127 708 1194 Quid
739 1128 881 1183 enim
920 1128 1159 1193 funibus,
1196 1130 1298 1184 nisi
1326 1140 1593 1199 przeccpta
1626 1129 1816 1183 Domi-

224 1219 349 1271 nica
394 1218 732 1288 ﬁgurantur?
761 1217 890 1285 Qnte
918 1218 1043 1288 qttia
1086 1234 1184 1272 nos
1214 1219 1264 1272 in
1319 1218 1455 1271 mala
1503 1219 1820 1287 Operatione

229 1307 435 1374 positus
463 1317 516 1360 et
549 1306 901 1361 convincitmt
958 1317 1012 1361 et
1072 1308 1330 1377 eripiunt,
1390 1310 1545 1377 quasi
1580 1310 1743 1379 ligant
1768 1320 1823 1361 et

232 1400 474 1461 trahunt,
502 1407 857 1459 coarctantet
896 1398 1106 1462 levant;
1140 1399 1233 1453 sed
1265 1414 1331 1453 ne
1377 1398 1573 1469 ligatus
1611 1400 1694 1453 his
1735 1398 1820 1451 fu-

223 1488 394 1540 ‘nibus
419 1488 547 1539 dum
579 1488 831 1549 trahitur,
875 1487 1164 1553 incidatur,
1212 1487 1371 1563 simul
1408 1488 1571 1541 etiam
1611 1499 1822 1543 veteres

222 1578 396 1645 panni
422 1579 790 1645 deponuntur:
824 1580 950 1648 quia
987 1594 1054 1634 ne
1082 1579 1262 1632 divina
1293 1587 1561 1649 prmcepta
1594 1594 1690 1633 nos
1715 1588 1824 1631 ter-

230 1676 403 1729 reant,
435 1670 778 1736 antiquorum
812 1669 1031 1723 Patrum
1064 1684 1159 1724 nos
1204 1670 1449 1739 exempla
1488 1668 1819 1732 confortant,

1916 484 1937 555 (
1968 484 1991 537 Ι
2024 483 2153 554 Reg.
2187 485 2270 555 Il.)
2302 485 2358 539 Si
2383 501 2511 554 ergo
2544 484 2620 538 Eli
2655 493 2872 553 propter
2903 484 3037 537 duos
3055 483 3313 536 duntaxat
3348 484 3501 546 ﬁlios,

1917 592 2052 646 quos
2085 593 2189 630 non
2222 592 2285 630 ea
2328 590 2433 645 qua
2465 576 2612 645 digiti
2661 583 2815 627 erant
2871 574 3177 627 invectione
3224 573 3506 641 corripuit,

1918 684 2040 723 cum
2063 670 2142 723 eis
2164 668 2326 721 simul
2350 679 2403 723 et
2419 685 2539 722 ctnn
2569 677 2643 722 tot
2660 667 2936 721 hominum
2955 665 3300 718 multitudine
3314 666 3504 734 periit;

1920 778 2025 832 qua
2086 762 2422 815 arbitramur
2454 761 2647 831 dignos
2696 775 2815 815 esse
2862 759 3130 812 sententia
3166 758 3259 826 qui
3304 758 3353 810 in
3392 758 3510 810 aula

1919 855 2288 909 ecclesiastica
2358 863 2411 908 et
2469 852 2619 907 soliis
2671 851 3030 922 judicantittm
3094 850 3403 919 pl'ﬂbidﬂil,
3458 859 3513 902 et

1921 962 2082 1016 super
2118 961 2226 999 non
2270 945 2467 1015 ignotis
2510 946 2803 1014 pravorum
2863 944 3137 997 hominum
3194 940 3513 994 criminibus

1924 1039 2139 1093 tacent?
2175 1037 2278 1103 Qui
2328 1037 2456 1090 dmn
2516 1037 2877 1090 dehonestare
2927 1035 3174 1088 homines
3212 1033 3263 1086 in
3302 1030 3513 1101 publico

1924 1140 2194 1191 metuunt,
2223 1129 2288 1182 ad
2316 1128 2701 1183 contumeliam
2733 1126 2951 1196 superni
2981 1124 3177 1196 iudicis
3208 1124 3400 1175 divina;
3432 1122 3514 1173 le~

1924 1225 2005 1293 gis
2034 1223 2285 1276 ntandata
2315 1221 2676 1277 confundunt.

2524 1376 2752 1431 CAPUT
2787 1373 2912 1427 VIII.

2286 1491 2350 1547 In
2381 1491 2599 1560 epistola
2634 1491 2701 1542 ad
2727 1487 3137 1541 Hermisindem.

1922 1612 1929 1617 -
1998 1586 2282 1639 luebriueit
2302 1602 2380 1638 nte
2401 1583 2677 1652 absynthio
2706 1581 2923 1651 ('I'ltrett.
2952 1582 3055 1647 In).
3079 1579 3270 1631 Ebrius
3295 1576 3515 1645 quippe,

1927 1680 2072 1749 quod
2099 1678 2314 1741 tolerat,
2343 1676 2488 1729 velut
2513 1673 2829 1743 arreptitius
2858 1688 2990 1741 pene
3020 1670 3099 1723 vel
3126 1683 3304 1723 mente
3326 1677 3516 1736 captus

224 1770 293 1811 ἰιι
324 1776 385 1814 ex
422 1776 608 1814 corum
634 1775 733 1815 nos
767 1758 1170 1830 comparatione
1216 1762 1397 1817 facere
1433 1777 1823 1832 pra'sumamtts
1860 1764 1901 1821 Β
1932 1771 2167 1839 ignorat.
2203 1767 2441 1834 Quilibet
2475 1781 2608 1833 ergo
2648 1779 2937 1835 perversos
2973 1763 3097 1815 dum
3132 1760 3314 1813 mundi
3371 1758 3516 1811 lncra

232 1848 467 1921 quodex
503 1860 685 1906 nostra
737 1854 1108 1908 imbecillitate
1160 1854 1536 1907 formidamus.
1588 1852 1643 1907 Si
1693 1868 1824 1922 ctgo

236 1959 336 1996 nos
386 1944 453 1998 dc
478 1943 579 1998 hoc
606 1942 875 2013 profundo
903 1944 1215 1998 tribulantis
1246 1946 1370 1998 vitte
1400 1944 1565 1999 levari
1606 1945 1825 1998 festina-

236 2050 377 2097 mus,
423 2035 649 2104 Iigemur
678 2035 915 2099 funibus,
968 2036 1017 2089 id
1056 2046 1161 2101 est,
1211 2036 1497 2105 prteceptis
1533 2035 1828 2089 Dominicis

233 2127 619 2195 astringantur.
646 2126 902 2180 lntersint
931 2128 1094 2181 etiam
1124 2128 1286 2196 panni
1323 2136 1532 2181 veteres
1554 2143 1677 2181 cum
1709 2127 1831 2196 qui-

236 2217 338 2271 bus
388 2216 580 2270 melius
610 2228 902 2271 teneantur
954 2217 1131 2283 funes,
1164 2219 1217 2271 id
1255 2228 1360 2282 est,
1405 2218 1826 2282 praecedentium

233 2306 607 2362 confortcmnr
654 2309 938 2379 exemplis,
985 2325 1052 2363 tte
1082 2309 1325 2365 inﬁrmos
1363 2326 1461 2365 nos
1493 2327 1557 2366 ac
1605 2312 1829 2367 timidos

230 2408 503 2469 ‘przeCCpta
551 2400 771 2453 subtilia
823 2400 1139 2466 vulnerent,
1203 2402 1331 2457 dtnn
1408 2403 1606 2457 levant.
1664 2404 1829 2471 Quasi

238 2490 502 2556 quosdam
532 2504 739 2558 pannos
763 2502 975 2544 veteres
1008 2490 1207 2547 Paulus
1235 2493 1508 2562 apostolus
1538 2496 1827 2565 subjungeo

232 2580 359 2642 hat,
410 2593 531 2633 cum
576 2580 641 2632 ad
671 2579 1028 2635 sublevandos
1075 2581 1368 2651 discipulos
1407 2586 1689 2655 praeceptis
1721 2586 1833 2640 suis

234 2668 619 2735 spiritualibns
667 2670 913 2740 exempla
958 2680 1199 2725 veterum
1258 2675 1703 2738 commendaret,
1757 2677 1835 2729 dio

251 2773 382 2814 ecus
416 2778 428 2812 :
465 2778 483 2811 ε
522 2757 661 2813 Justi
701 2760 949 2825 ludibria,
998 2772 1051 2815 et
1081 2764 1305 2817 verbera
1350 2767 1581 2834 experti,
1616 2768 1835 2837 insuper

245 2861 298 2901 et
333 2851 568 2914 vincula,
619 2861 674 2907 et
728 2866 1006 2918 carceres;
1042 2854 1260 2922 lapidati
1311 2866 1456 2919 sunt,
1506 2859 1640 2913 secti
1686 2868 1831 2923 sunt,

234 2941 437 2993 tentati
469 2952 614 3005 sunt,
665 2942 716 2995 itt
757 2942 1033 2997 occisione
1076 2944 1236 3013 gladii
1270 2950 1464 3000 mortui
1494 2957 1616 3001 sunt
1644 2947 1829 3018 (Hebr.
1869 2964 1873 2969 ν

249 3034 349 3105 ιι).
394 3053 412 3084 ι
447 3033 513 3087 Et
575 3034 735 3103 paulo
786 3044 952 3104 post:
989 3053 1005 3085 t
1043 3036 1314 3091 Habentes
1384 3039 1565 3108 itaque
1627 3049 1831 3093 tantam

1928 1864 2242 1934 phrenetico
2270 1861 2624 1929 concupiscit,
2653 1859 2742 1928 qui
2797 1867 2875 1911 tot
2915 1856 3189 1909 laboribus
3230 1853 3517 1923 premitur,

1929 1970 1991 2010 ca
2032 1971 2152 2023 qttze
2182 1954 2387 2023 patitur
2420 1950 2557 2004 mala
2592 1966 2697 2003 non
2748 1948 2937 2010 sentit,
2970 1948 3223 2015 quoniam
3272 1943 3337 1997 ad
3382 1960 3517 1997 cun-

1930 2052 2015 2096 cta
2068 2040 2461 2094 delectabiliter
2492 2039 2708 2092 ducitur
2744 2038 2796 2091 iu
2828 2038 3026 2105 quibus
3072 2035 3358 2104 p.1‘naliter
3389 2030 3523 2086 fati-

1928 2142 2109 2202 gztltlt‘.

2544 2282 2775 2337 CAPUT
2824 2279 2913 2335 |.\'.

2081 2400 2140 2453 In
2173 2399 2387 2467 epistola
2423 2402 2490 2451 ad
2518 2396 2819 2467 Albcricmn
2840 2396 2994 2445 card.
3027 2409 3181 2459 super
3205 2391 3379 2443 decent

2522 2465 2918 2537 qtttcstionibus.

2005 2581 2305 2644 Postremo,
2340 2580 2483 2650 quod
2516 2577 2733 2647 qumris,
2781 2574 2911 2629 illud
2951 2573 3202 2629 Jcremiae
3250 2571 3524 2642 propheta

1934 2674 2063 2742 quid
2091 2674 2190 2726 sit:
2224 2692 2241 2724 ‹
2276 2672 2353 2726 Ex
2410 2687 2505 2724 ore
2544 2669 2806 2724 Altissimi
2863 2684 2967 2721 non
3029 2666 3371 2736 egredientnr
3421 2678 3525 2719 nec

1934 2762 2101 2827 bona,
2135 2778 2233 2817 nec
2268 2762 2405 2815 mala
2442 2760 2656 2831 (T/n'en.
2726 2757 2840 2827 nt);
2880 2775 2896 2808 ι
2940 2755 3144 2809 famosa
3180 2754 3409 2822 qumstio
3442 2762 3525 2806 est

1936 2866 2073 2921 pene
2112 2854 2275 2907 totius
2313 2852 2590 2907 Ecclesiae.
2625 2851 2663 2903 A
2701 2848 2949 2920 plut-imis
2975 2848 3120 2901 enim
3173 2847 3434 2914 qumritur
3471 2854 3525 2899 et

1936 2947 2166 3003 celebris
2192 2944 2361 2998 currit
2392 2959 2489 3013 per
2518 2959 2613 2997 ora
2644 2940 2958 2994 multorum.
2986 2937 3092 2993 Sed
3125 2954 3190 2993 eo
3219 2937 3479 3004 largiente
3505 2954 3519 2988 :

1941 3058 1958 3090 ι
1995 3037 2095 3105 Qui
2134 3036 2305 3105 aperit
2334 3034 2548 3095 librum,
2578 3040 2633 3086 et
2659 3031 2819 3086 solvit
2854 3029 3127 3099 signacula
3165 3028 3283 3097 ejus
3333 3028 3517 3092 (Apoc.

245 3126 554 3195 impositam
605 3126 803 3181 lmbcm
844 3127 1084 3193 leslium.
1124 3129 1451 3199 deponentes
1489 3147 1649 3185 omne
1698 3149 1831 3202 pon-
1858 3130 1903 3189 C
1936 3126 2014 3198 v),
2049 3146 2065 3177 ι
2096 3127 2209 3179 lucc
2243 3122 2399 3177 facile
2430 3121 2658 3191 qtnestio
2707 3120 2954 3180 solvitur.
3002 3120 3045 3175 si
3096 3135 3203 3173 non
3230 3134 3295 3172 ex
3348 3118 3523 3176 nobis,

236 3218 369 3279 ‘dus,
403 3226 457 3273 et
484 3217 844 3275 circumstans
891 3236 989 3276 nos
1034 3214 1337 3292 peccatum,
1369 3240 1464 3293 per
1514 3226 1829 3294 patientiam

252 3318 536 3362 curramus
552 3308 618 3362 ad
634 3310 967 3379 propositum
994 3312 1147 3367 nobis
1163 3325 1438 3367 certamen
1458 3314 1643 3385 (Hebr.
1664 3316 1783 3386 xit).
1812 3336 1827 3367 ι

251 3401 311 3454 Et
352 3401 589 3455 iterum:
624 3421 642 3453 ι
682 3401 1009 3458 Mementote
1048 3406 1461 3474 prmpositorum
1504 3416 1830 3471 vestrorum,

249 3489 339 3558 qui
370 3488 701 3544 vobis'locnti
735 3501 861 3545 sunt
898 3492 1120 3547 verbum
1164 3493 1280 3557 Dei,
1305 3509 1534 3564 quorum
1564 3497 1834 3551 intuentes

252 3578 459 3633 exitum
486 3579 936 3643 conversationis,
957 3582 1241 3636 imitamini
1267 3583 1422 3637 tidem
1447 3584 1792 3655 (Hebrum).
1811 3604 1827 3635 ο

248 3669 512 3737 Superius
562 3669 813 3723 videlicet
857 3670 984 3724 dum
1015 3673 1311 3739 spiritttalia
1354 3685 1617 3745 przeccpta
1652 3676 1857 3748 quue-‘

248 3767 421 3817 retur,
446 3756 599 3826 quasi
653 3756 809 3812 funes
849 3760 1101 3825 miserat;
1157 3763 1498 3831 postmodum
1546 3780 1675 3819 vero
1725 3782 1834 3821 tne-

255 3860 472 3900 moraus
511 3849 759 3917 exempla
811 3848 1100 3916 majorum,
1154 3853 1307 3919 quasi
1373 3863 1583 3909 veteres
1630 3848 1837 3924 pannos

252 3936 561 3992 adhibebat.
594 3938 885 3993 Enimvero
924 3955 1113 3995 servus
1144 3940 1237 3997 Dei
1293 3954 1420 3998 tunc
1445 3944 1604 3999 debet
1644 3946 1836 4000 timere

250 4044 373 4082 cum
411 4031 704 4098 temporale
746 4031 874 4101 quid
923 4034 1184 4103 percipit;
1252 4044 1378 4090 tunc
1426 4037 1661 4107 gaudere
1712 4054 1835 4093 cum

252 4118 428 4187 perdit
461 4135 474 4171 :
508 4119 633 4189 quia
664 4119 750 4175 cui
792 4122 1127 4191 pr0positum
1167 4133 1251 4178 est
1280 4125 1520 4180 coelestia
1552 4129 1833 4195 scandere,

249 4210 556 4280 expeditius
604 4212 789 4283 procul
837 4213 999 4269 dubio
1045 4230 1281 4281 vacuus,
1340 4233 1501 4287 quatn
1559 4219 1839 4289 gradiatur

245 4313 500 4358 onustus.

858 4440 1083 4497 CAPUT
1129 4442 1228 4494 vn.
1491 4424 1515 4453 ’

254 4549 319 4603 In
350 4550 570 4615 epistola
602 4554 669 4604 ml
710 4552 779 4605 Ν.
816 4570 1030 4623 pupum,
1068 4538 1225 4625 super
1276 4558 1652 4613 incontinentia
1686 4560 1839 4615 cleri-

945 4642 1147 4679 corum.

325 4764 475 4819 Sicttt
499 4766 871 4823 benedictione
889 4768 1037 4838 digni
1057 4778 1182 4823 sunt
1202 4770 1293 4839 qui
1318 4770 1503 4840 culpas
1525 4773 1834 4843 corrigunt;

248 4857 326 4912 ita
356 4858 707 4913 nihilominus
734 4859 1097 4915 maledictioni
1118 4862 1585 4932 obnoxiisuntqui
1610 4881 1839 4934 peccan-

252 4950 395 5003 tibus
410 4948 776 5014 blandittntttr,
808 4952 941 5006 sicut
971 4967 1067 5020 per
1082 4953 1240 5023 261
1259 4956 1576 5023 prophetam
1608 4957 1834 5011 dicitur:

255 5040 567 5097 Maledictus
604 5045 695 5112 qui
739 5044 973 5111 prohibet
1036 5044 1273 5112 gladium
1322 5062 1474 5098 suum
1505 5064 1536 5099 a
1582 5049 1840 5117 sanguine

253 5128 387 5191 (Jer.
415 5132 626 5201 XLVIII).
658 5132 696 5185 A
732 5133 992 5202 sanguine
1010 5133 1209 5202 quippe
1235 5133 1471 5202 gladium
1496 5152 1653 5191 suum
1705 5153 1832 5206 pro-

258 5220 403 5275 hibet
431 5224 521 5289 qui
551 5236 608 5276 se
636 5222 705 5275 ab
740 5220 1014 5274 inferenda
1056 5222 1302 5290 reprobi:
1340 5223 1517 5294 digna:
1559 5226 1841 5279 sententia!

255 5308 720 5366 animadversione
748 5318 983 5365 coercet.
1018 5308 1167 5365 Facti
1208 5312 1475 5381 siquidem
1503 5313 1715 5383 culpam
1748 5317 1841 5370 ha-

254 5400 347 5454 bet
371 5401 482 5469 qui,
531 5400 675 5472 quod
718 5411 917 5472 potest,
973 5401 1191 5473 ncgligit
1233 5388 1543 5459 emendare.
1596 5403 1747 5461 Unde
1786 5415 1839 5460 ct

254 5490 482 5563 prmfato
511 5493 589 5548 Eli
634 5497 720 5549 vir
762 5494 878 5563 Dei,
904 5496 1077 5565 quiet
1112 5493 1343 5550 Phincos
1391 5494 1555 5552 fuisse
1600 5508 1836 5566 putatur,

250 5588 360 5641 ait;
394 5579 522 5640 Hec
546 5585 673 5640 dicit
699 5584 984 5642 Dominus:
1019 5587 1196 5653 Quare
1224 5590 1367 5642 calce
1391 5589 1627 5658 objecisti
1685 5592 1835 5647 ricli-

257 5692 394 5745 tum
421 5692 609 5744 meam,
630 5692 656 5729 ε
691 5693 909 5731 munem
938 5693 1073 5743 mea,
1096 5694 1211 5745 quia
1240 5685 1477 5747 pra-cepi,
1499 5688 1553 5731 ut
1581 5680 1832 5746 offerren-

1944 3218 2041 3272 sed
2085 3232 2150 3271 ex
2197 3215 2287 3268 illo
2346 3212 2671 3269 conﬁdentia
2725 3220 3105 3282 prtesumatur.
3167 3208 3523 3279 Omnipotens

1938 3309 2097 3362 Pater
2126 3315 2182 3360 ct
2204 3307 2548 3359 innocentem
2600 3302 2770 3356 lilium
2805 3302 3090 3372 impiorum
3134 3300 3384 3355 manibus
3415 3308 3516 3351 tra-

1934 3397 2091 3456 didit
2118 3407 2381 3452 ettanten
2406 3412 2434 3448 a
2467 3403 2618 3449 recto
2638 3394 2863 3462 iustitiae
2881 3393 3098 3447 tramite
3128 3409 3234 3446 non
3262 3390 3523 3451 recess't;

1937 3491 2193 3561 quoaiam
2249 3490 2371 3544 inde
2410 3488 2678 3556 justitiam
2732 3486 2984 3541 reﬂorere
3031 3488 3336 3551 constituit,
3385 3472 3561 3538 unde

1938 3583 2087 3637 illum
2118 3582 2185 3635 ad
2221 3590 2431 3648 tempus
2462 3578 2739 3648 injustitia:
2768 3576 3046 3643 subjacere
3075 3575 3340 3644 permisit.
3370 3574 3530 3627 Sicut

1939 3673 1992 3726 in
2022 3673 2159 3728 libro
2186 3670 2475 3741 Sapientiae
2499 3668 2727 3738 legitur:
2754 3686 2773 3717 ι
2803 3666 2938 3721 Cum
2972 3666 3066 3730 sis,
3095 3666 3291 3736 inquit,
3314 3664 3525 3733 justus,

1937 3768 2118 3822 mania
2145 3765 2415 3835 disponis:
2452 3764 2627 3834 ipsum
2649 3777 2883 3832 quoque,
2901 3760 2989 3829 qui
3016 3775 3120 3815 non
3143 3760 3303 3813 debet
3327 3758 3530 3828 puniri.

1940 3856 2270 3910 condemnas
2303 3854 2453 3922 (Sap.
2499 3852 2621 3912 xu).
2682 3871 2699 3902 ι
2733 3850 2895 3904 Pater
2932 3851 3114 3917 itaque
3162 3849 3329 3903 lilium
3387 3862 3530 3900 mor-

1940 3963 2047 4001 tem
2079 3946 2261 4002 subire
2302 3944 2569 4014 permisit,
2629 3951 3000 3996 verumtamen
3035 3950 3093 3995 ut
3130 3956 3252 3995 eum
3295 3940 3529 4007 perime-

1944 4051 2063 4095 reut
2091 4038 2522 4109 peremptoribtts
2547 4052 2654 4090 non
2687 4036 2972 4105 praecepit;
3003 4035 3238 4104 alioquin
3287 4032 3530 4101 inculpa-

1941 4131 2078 4187 biles
2102 4131 2455 4193 exstitissent,
2481 4127 2607 4181 dum
2635 4128 2995 4181 ministerium
3021 4126 3313 4194 impietatis
3358 4125 3533 4178 ascri-

1942 4225 2133 4279 berent
2161 4222 2375 4293 pietatis
2403 4221 2638 4276 auctori.
2665 4220 2995 4275 Potestatcm
3022 4235 3155 4289 ergo
3184 4219 3328 4273 Deus
3358 4218 3521 4272 Citri-

1939 4319 2008 4371 sti
2041 4315 2479 4386 persecutoribus
2513 4313 2764 4382 praebuit,
2791 4314 2884 4367 sed
2920 4314 3082 4384 262
3110 4322 3169 4365 ιιι
3194 4326 3317 4364 eum
3347 4325 3527 4380 perse-

1941 4418 2169 4477 quentes
2222 4408 2533 4461 occiderent
2563 4422 2669 4459 non
2702 4405 2997 4477 mandavit.
3045 4403 3194 4457 Unde
3230 4402 3339 4455 illic
3392 4415 3530 4469 pne.

1943 4498 2110 4552 mittit
2147 4496 2408 4567 propheta
2434 4495 2621 4549 dicens
2670 4514 2684 4550 :
2716 4494 2840 4551 tUt
2870 4502 3210 4563 perverteret
3251 4493 3529 4548 hominem

1943 4589 1996 4642 in
2048 4587 2253 4657 judicio
2302 4602 2419 4652 suo,
2478 4585 2738 4640 Dominus
2789 4585 3078 4657 ignoravit.
3132 4604 3150 4636 ι
3185 4584 3532 4639 Perverteret

1941 4680 2138 4748 quippe
2172 4678 2427 4731 Dominus
2449 4677 2500 4730 in
2519 4675 2723 4744 judicio
2760 4677 3052 4740 hominem,
3095 4676 3140 4729 si
3171 4674 3521 4730 condemnari

1946 4769 2264 4838 praeciperet
2292 4769 2654 4823 innocentem.
2695 4765 2802 4823 Sed
2834 4767 2977 4823 aliud
3007 4777 3091 4821 est
3140 4767 3529 4827 condemnare.

1939 4865 2082 4921 aliud
2110 4878 2139 4918 a
2166 4854 2631 4919 condemnationis
2668 4852 2945 4931 supplicio
2977 4876 3082 4914 non
3109 4860 3352 4929 eripere;
3386 4860 3531 4912 aliud

1945 4956 2250 5008 incenatus
2280 4950 2574 5020 sacrilegos
2615 4949 2859 5003 furentes
2892 4950 3183 5018 impellere,
3240 4947 3386 5001 aliud
3440 4964 3533 5001 nco

1944 5059 2214 5112 quaquam
2240 5042 2443 5111 accepti
2482 5040 2681 5095 furoris
2713 5042 2976 5097 insaniam
3020 5040 3322 5095 refrenare.
3375 5039 3532 5095 Unde

1945 5132 2051 5186 illic
2084 5147 2188 5184 non
2244 5130 2559 5197 ignorando,
2614 5131 2708 5183 sed
2764 5129 3102 5198 reprobando
3155 5130 3535 5200 subiungitur:

1953 5240 1971 5272 σ
2004 5221 2135 5287 Quis
2171 5229 2251 5275 est
2306 5221 2407 5273 iste
2435 5220 2525 5289 qui
2564 5219 2723 5285 dixit,
2755 5229 2812 5272 ut
2838 5219 2992 5274 ﬁeret
3044 5219 3271 5275 Domino
3310 5234 3416 5274 non
3453 5220 3534 5290 iu-

1946 5316 2135 5372 bente?
2169 5333 2188 5369 ›
2224 5312 2450 5366 Domino
2480 5312 2611 5367 dicit
2644 5309 3012 5380 nonjubente,
3046 5328 3151 5366 non
3182 5323 3362 5366 tamen
3399 5326 3529 5381 pro-

1946 5403 2184 5469 hibente.
2216 5399 2329 5456 Non
2356 5417 2485 5469 ergo
2509 5402 2947 5475 persecutoribus
2978 5400 3121 5457 Deus
3165 5411 3225 5456 ut
3276 5400 3531 5455 Salvatoe

1944 5510 2058 5549 rem
2107 5505 2354 5549 nostrum
2384 5493 2765 5563 crucitlgerent
2811 5491 3002 5559 jussit;
3038 5493 3167 5562 quia
3200 5491 3333 5547 nihil
3356 5492 3413 5546 in
3438 5508 3531 5557 eo,

1942 5586 2083 5655 quod
2108 5583 2438 5655 puniendum
2484 5594 2648 5645 esset,
2681 5583 2923 5637 invenit:
2964 5597 3070 5636 non
3104 5592 3284 5637 tamen
3310 5599 3375 5637 ne
3406 5599 3521 5657 cru-

1941 5677 2252 5747 cifigeretur
2274 5674 2525 5737 inhibuit,
2550 5675 2670 5743 quia
2700 5690 2793 5743 pro
2821 5674 3002 5731 mundi
3027 5674 3202 5729 salute
3220 5690 3504 5745 passurum
