4058 6178
493 287 629 346 1369

486 489 621 542 bene
647 504 768 543 mox
800 488 1052 542 additur:
1091 507 1108 540 ι
1145 489 1223 544 Ex
1250 505 1344 544 ore
1374 491 1636 545 Altissimi
1667 508 1770 545 non
1795 493 2080 562 egredien-

489 586 576 632 tur
618 594 717 634 nec
742 579 903 644 bona,
930 595 1028 634 nec
1053 579 1213 633 mala.
1255 599 1272 630 ι
1304 579 1449 634 Bona
1479 583 1672 652 quippe
1702 583 2076 652 pocederent,

487 669 530 722 si
571 683 693 722 eum
739 669 805 723 de
859 669 1122 737 supplicio
1183 671 1328 739 quod
1399 672 1744 738 irrogabatur
1809 673 2076 741 eriperet;

488 758 627 811 mala
660 773 807 823 vero,
841 745 886 813 si
919 761 1125 814 crimen
1150 759 1204 812 in
1235 774 1302 814 eo
1331 775 1438 828 quo
1467 761 1744 832 suppliciis
1767 762 2082 832 adjudican-

489 851 590 904 dus
613 848 776 905 fuerit
811 851 1092 920 reperiret.
1121 851 1176 905 ln
1203 851 1455 920 passione
1483 867 1614 922 ergo
1633 851 1858 913 Christi.
1888 869 1956 908 ex
1987 868 2082 909 ore

490 939 755 993 Altissimi
789 954 886 994 nec
915 941 1053 993 bona
1084 941 1452 1009 egrediuntur,
1489 956 1585 995 nec
1618 943 1788 1008 mala;
1820 944 1947 1014 quia
1985 943 2084 998 Pa-

493 1043 577 1089 ter
599 1050 722 1090 eum
754 1051 854 1091 nec
881 1051 944 1090 ex
983 1046 1250 1108 potestate
1280 1037 1494 1100 liberat,
1524 1052 1627 1092 nec
1654 1052 1720 1092 ex
1754 1035 1887 1107 legis
1911 1037 2084 1106 tequi-

494 1134 606 1181 tate
631 1127 1010 1191 comdemnat;
1041 1128 1167 1196 quia
1213 1127 1340 1182 licet
1388 1143 1496 1182 non
1554 1127 1790 1196 reperiat
1837 1136 2086 1195 peccato-

495 1233 634 1280 rem,
666 1232 764 1288 pro
793 1217 964 1271 salute
991 1227 1169 1272 tamen
1203 1219 1387 1273 mundi
1439 1219 1490 1272 in
1549 1217 1799 1288 passione
1849 1216 2084 1286 positum

496 1323 604 1364 non
632 1308 795 1377 eripit
829 1309 1211 1373 innocentem;
1253 1308 1414 1364 nullis
1465 1309 1609 1363 videt
1651 1309 1888 1379 peccatis
1917 1309 2086 1363 obno-

395 1429 399 1434 -
497 1401 662 1466 xitnn,
698 1417 798 1456 nec
832 1410 1007 1455 tamen
1039 1401 1216 1456 reddit
1241 1401 1529 1472 impiorum
1570 1399 1819 1455 manibus
1868 1399 2087 1454 absolu-

499 1511 648 1555 tum:
685 1502 890 1556 utdnm
930 1503 1077 1557 subit
1118 1503 1380 1558 innocens
1429 1514 1668 1572 poenam,
1701 1500 1791 1572 qui
1833 1510 2091 1569 peccator

497 1608 602 1666 est,
637 1609 942 1656 revertatur
971 1603 1037 1657 ad
1079 1601 1326 1667 veniam;
1380 1611 1434 1656 et
1465 1602 1592 1654 dum
1624 1617 1781 1666 unus,
1832 1602 1922 1670 qui
1982 1615 2087 1656 non

499 1698 678 1766 debet,
706 1703 867 1758 solvit
897 1705 1140 1758 omnium
1166 1705 1372 1770 debita,
1407 1720 1596 1759 omnes
1625 1705 1716 1774 qui
1767 1705 1867 1759 sub
1923 1703 2089 1775 origi-

502 1804 605 1858 nali
640 1815 865 1886 vetusta:
890 1808 1159 1864 cautionis
1189 1810 1374 1864 fenore
1398 1808 1723 1864 tenebantur
1752 1807 1986 1874 astricti,
2013 1823 2095 1861 re~

499 1906 656 1963 scissi
689 1908 1041 1980 chirographi
1090 1910 1388 1966 reddantur
1419 1909 1626 1980 legibus
1664 1907 1920 1977 absoluti.

1664 288 1731 343 l.\"
1779 286 2026 344 LIBROS
2069 283 2609 343 PROPIIETARUM.

485 395 794 450 nullatenus
814 410 940 450 eum
961 411 1026 450 ex
1054 395 1342 466 impiorum
1368 399 1616 452 manibus
1642 398 2078 453 Iiberavit.Unde
2107 411 2154 468 Α

3557 315 3563 322 ν
3644 276 3779 332 H70

2856 392 2956 430 AD!
2989 393 3026 430 T
3070 391 3107 430 \'

2856 423 2864 430 ι
2917 396 2932 423 δ
3094 391 3107 401 .

2182 466 2249 519 In
2277 465 2492 536 epistola
2516 466 2586 517 ad
2611 392 3029 536 Bonifalcjiltlnl‘uli
3056 391 3304 517 eileriori
3339 462 3634 531 prudentia:
3679 437 3788 528 agno:

2543 534 2750 588 ritualis
2784 535 3041 604 sapientia
3071 535 3405 602 pra’feratur.

2149 649 2163 662 ι
2257 627 2408 681 Sicut
2429 625 2672 680 cmlestis
2700 623 2965 695 sapientia
2988 624 3242 680 caelestes
3267 621 3397 679 facit
3430 630 3484 678 et
3517 621 3783 691 legitimos

2185 719 2441 774 Ecclesiae
2465 717 2632 783 ﬁlios,
2675 718 2748 772 ita
2791 725 3005 772 terrena
3039 717 3326 786 prudentia
3382 723 3629 770 terrenos
3661 716 3784 769 red-

2193 812 2351 864 ditet
2388 809 2625 878 spurios.
2657 808 2730 863 De
2760 807 2956 877 quibus
2987 822 3083 878 per
3113 807 3328 862 Barucb
3355 806 3588 861 dicitur:
3618 825 3635 858 ‹
3662 804 3784 860 Filii

2189 917 2402 973 quoque
2436 902 2606 970 Agar,
2630 900 2721 970 qui
2758 900 3132 970 exquisierunt
3164 899 3537 969 prudentiam,
3565 915 3685 969 quae
3718 899 3788 951 de

2189 1005 2334 1050 terra
2362 1004 2444 1050 est
2469 1012 2484 1061 ;
2518 993 2903 1064 negotiatiores
2933 1001 3113 1056 terrae,
3143 1001 3199 1047 et
3223 990 3489 1054 Tliemau,
3518 998 3572 1045 ct
3631 989 3785 1044 fabu-

2188 1087 2413 1150 latores,
2445 1094 2501 1140 et
2528 1084 2896 1156 exquisitores
2949 1083 3277 1153 prudentiae,
3319 1097 3463 1137 vtam
3507 1081 3789 1151 sapientiae

2191 1177 2524 1240 nescierunt,
2602 1189 2780 1245 neque
2851 1173 3218 1229 meminerunt
3289 1174 3605 1229 semitarum
3675 1171 3792 1241 ejus

2192 1266 2426 1339 (Baruclt
2460 1266 2564 1338 ιιι).
2607 1285 2624 1320 ι
2677 1264 3001 1321 Saccularem
3034 1281 3164 1334 ergo
3197 1263 3541 1335 prudentiam
3570 1265 3788 1334 assequi

2191 1357 2474 1426 cupientes
2524 1365 2578 1412 et
2618 1357 2954 1426 spiritualem
3003 1355 3328 1426 sapientiam
3376 1364 3789 1410 contemnentes

2194 1453 2290 1508 lilii
2313 1453 2619 1524 suntAgar,
2640 1469 2743 1510 non
2769 1454 2918 1509 Sane
2939 1472 2951 1506 :
2969 1461 3025 1507 et
3051 1467 3334 1507 mauzeres
3353 1450 3481 1504 facti
3511 1449 3789 1510 Israelita".

2188 1546 2312 1617 jure
2338 1545 2596 1600 censendi
2629 1553 2755 1599 sunt
2777 1559 2881 1600 non
2906 1544 3194 1600 Israelitte.
3223 1542 3290 1597 Et
3312 1541 3568 1610 quoniam
3613 1543 3778 1611 Agar,

2194 1639 2394 1694 advena
2426 1639 2838 1709 interpretatur,
2869 1639 2903 1694 ii
2928 1654 3033 1694 non
3065 1647 3193 1694 sunt
3220 1637 3499 1708 sapientiae
3531 1635 3650 1700 lilii,
3684 1637 3780 1691 sed

2197 1731 2420 1784 advenae
2441 1738 2496 1784 et
2521 1731 2814 1802 peregrini.
2846 1730 2954 1787 Nec
2984 1746 3046 1787 ex
3073 1730 3182 1786 illis
3203 1736 3331 1784 sunt
3359 1728 3557 1797 quibus
3607 1728 3788 1782 aiebat

2200 1819 2518 1888 Apostolus:
2555 1839 2572 1870 ι
2603 1819 2721 1874 Jam
2751 1836 2855 1874 non
2883 1821 3014 1875 estis
3043 1820 3283 1889 hospites
3316 1827 3371 1872 et
3404 1819 3628 1872 advenae
3649 1859 3662 1884 ,
3691 1821 3784 1872 sed

2205 1909 2336 1964 estis
2365 1910 2514 1982 cives
2547 1920 2884 1976 sanctorum,
2908 1920 2966 1968 et
2986 1910 3271 1968 domestici
3293 1909 3384 1964 Dei
3411 1907 3628 1980 (Ephes.
3657 1909 3735 1982 ιι).
3770 1930 3788 1962 ο

1633 1997 1934 2067 Expliciunt
1974 1999 2275 2054 testimonia
2303 2015 2374 2053 ex
2410 1990 2662 2054 Ieremia.

2024 2120 2304 2131 —-—-——

2308 2121 2375 2130 -ο

1005 2187 1405 2260 263-264
1456 2181 1802 2241 lNClPlUNT
1847 2183 2191 2239 CAPlTlILA
2244 2184 2329 2239 DE
2377 2185 2602 2242 LlBlllS
2647 2185 3189 2242 PROPIIETARUM.

617 2283 666 2335 l.
701 2282 858 2348 Quod
883 2283 1069 2339 domus
1098 2282 1268 2337 Israel
1293 2299 1443 2336 versa
1476 2293 1553 2338 est
1587 2283 1714 2336 mihi
1743 2283 1796 2336 in
1822 2283 2074 2336 scoriam.

611 2353 664 2406 ‘2.
703 2354 782 2406 Ibi
813 2353 1000 2422 Assur,
1029 2365 1076 2408 et
1112 2353 1350 2422 sepulcra
1389 2353 1524 2422 ejus.

614 2422 664 2476 5.
706 2423 859 2487 Quod
876 2411 1017 2479 terra
1040 2411 1200 2493 usque
1221 2424 1288 2476 ad
1314 2411 1592 2492 fenEstras,
1613 2434 1660 2477 et
1677 2423 1918 2492 fenestrae
1938 2411 2162 2473 clausit.

617 2493 669 2565 4.
699 2495 854 2559 Quod
875 2495 1139 2565 judicium
1166 2495 1321 2556 sedit,
1353 2502 1401 2546 et
1441 2493 1562 2565 libri
1584 2493 1752 2562 aperti
1773 2500 1918 2565 sunt,

612 2564 667 2616 5.
702 2565 856 2630 Quod
876 2561 1001 2618 odio
1025 2564 1321 2618 habuerunt
1347 2565 1400 2616 in
1429 2561 1581 2634 porta
1603 2563 1987 2634 corripientem.

619 2636 674 2706 ti.
705 2634 1258 2706 .ld/chquadraginta
1297 2632 1435 2706 dies,
1457 2645 1503 2686 et
1533 2632 1720 2688 Ninire
1748 2632 2089 2686 subrertetur.

617 2704 670 2761 7.
701 2703 854 2768 Quod
878 2703 1086 2770 Domini
1112 2715 1230 2758 sunt
1264 2705 1502 2758 cardmes
1527 2715 1700 2758 terrm.

619 2773 671 2828 8.
705 2773 858 2839 Quod
896 2774 1053 2828 Jesus
1075 2776 1289 2827 indutus
1314 2785 1425 2827 erat
1463 2775 1692 2827 sordidis
1734 2772 1980 2828 vestibus.

621 2845 673 2898 9.
709 2845 781 2916 l_)e
817 2843 990 2916 lapide
1015 2847 1104 2916 qui
1133 2846 1284 2898 habet
1310 2857 1505 2916 septem
1533 2846 1731 2898 oculos.

559 2914 674 2974 .l0.
706 2913 782 2969 De
805 2913 1074 2986 quadrigis
1105 2913 1562 2985 evangt'listarum.

1861 3004 2165 3074 Expliciunt
2197 3001 2453 3068 capitula.

526 3109 1168 3207 INCIPIUNT
1261 3111 2014 3247 TESTIM'ONIA
2107 3109 2259 3200 DE
2344 3108 2743 3199 LIBRIS
2801 3083 3814 3205 'PROPHETARUM;

1050 3261 1276 3316 CAPUT
1325 3260 1612 3315 PRIMUM.

879 3350 942 3405 In
975 3353 1194 3422 epistola
1223 3353 1290 3405 ad
1336 3351 1395 3404 ν.
1429 3353 1746 3420 episcopum.

599 3461 616 3490 ι
651 3439 840 3497 Omnis
863 3442 1054 3496 domus
1090 3443 1256 3496 Israel
1285 3443 1412 3496 lltlltl
1461 3458 1616 3496 versa
1667 3453 1750 3496 est
1791 3443 1842 3495 in
1873 3443 2109 3496 scoriam

526 3532 744 3603 (Esse/1.
779 3533 934 3602 χχιι).
979 3553 997 3585 ι
1032 3534 1182 3588 Τυιιε
1205 3534 1349 3588 enim
1386 3535 1578 3588 domus
1608 3533 1775 3589 Israel
1801 3534 1853 3587 in
1873 3533 2111 3589 scoriam

527 3621 776 3687 vertitur,
806 3641 929 3680 cum
953 3625 1135 3678 divina
1179 3634 1431 3693 peccator
1477 3624 1948 3679 animadversione
1986 3640 2109 3694 per-

528 3730 738 3779 cussus,
770 3717 853 3769 vel
884 3717 934 3769 in
963 3715 1358 3785 deSperationis
1407 3716 1721 3785 voraginem
1762 3714 1965 3770 labitur
2030 3714 2115 3768 vel

529 3813 720 3861 contra
750 3806 897 3874 juste
939 3806 1211 3860 saevientis
1252 3805 1536 3876 imperium
1584 3806 1681 3875 per
1723 3803 2113 3874 impatientiam

529 3897 774 3953 effertur.
808 3898 874 3950 At
897 3906 1110 3961 contra,
1161 3897 1318 3966 quasi
1365 3907 1622 3952 manente
1667 3895 1886 3952 metallo
1937 3895 2115 3949 scoria

529 3987 631 4042 sub
661 3987 856 4042 divinis
885 3987 1325 4056 percussionibus
1349 3987 1548 4051 avolat,
1581 4001 1704 4041 cum
1733 3985 1960 4055 quilibet
2005 3997 2118 4053 pce-

533 4079 712 4134 nitens
734 4094 968 4148 superno
989 4078 1216 4133 verbere
1231 4079 1516 4148 vapulans,
1539 4077 2110 4134 ct‘inliorrescentium

535 4186 565 4224 a
597 4187 654 4226 se
681 4172 933 4226 vitiorum
967 4171 1267 4242 rubiginem
1296 4169 1530 4242 projicit,
1561 4181 1617 4226 et
1658 4169 2120 4224 reﬂorescentium

533 4249 770 4317 candore
796 4263 1052 4318 virtutum
1077 4278 1142 4318 ac
1174 4261 1575 4333 resplendentis
1622 4262 1746 4316 vita:
1796 4261 1972 4316 nitore
2016 4259 2122 4314 cla-

535 4359 724 4412 rescit.

1174 4445 1404 4502 CAPUT
1445 4445 1506 4500 ll.

683 4538 750 4591 11
778 4554 1015 4592 sermone
1041 4538 1104 4590 de
1131 4536 1188 4590 ἃ.
1219 4537 1484 4605 Stephano
1504 4554 1639 4606 papa
1659 4546 1707 4590 et
1733 4546 1982 4606 martyre.

2842 3257 3067 3312 CAPUT
3111 3259 3189 3312 Ill.

2589 3348 2655 3401 In
2685 3365 2920 3403 sermone
2947 3352 3118 3419 primo
3145 3353 3408 3422 synodali.

2291 3459 2308 3492 ι
2365 3440 2533 3495 Terra
2576 3455 2746 3509 usque
2778 3441 2844 3493 ad
2887 3438 3175 3505 fenestras,
3218 3452 3274 3498 et
3310 3441 3562 3498 fenesttm
3613 3444 3808 3501 clausi:

2215 3531 2434 3594 (Ezech.
2479 3530 2614 3603 xu).
2652 3550 2669 3583 ι
2707 3531 2796 3585 Ait
2824 3531 3146 3601 Apostolus:
3180 3551 3198 3585 ι
3233 3532 3516 3605 Templum
3562 3534 3654 3589 De:
3682 3526 3806 3591 sani

2216 3637 2365 3680 ctum
2389 3634 2495 3690 est,
2535 3623 2677 3695 quod
2701 3626 2839 3680 estis
2863 3641 2959 3680 vos
2985 3625 3036 3694 (Ι
3061 3626 3184 3681 Cor.
3217 3625 3320 3697 ιιι).
3355 3646 3372 3678 ι
3405 3625 3574 3695 llujus
3620 3637 3802 3682 autem

2218 3715 2400 3787 templi
2429 3715 2683 3771 fenestra:
2703 3717 3013 3771 sacerdotes
3037 3725 3161 3772 sunt
3195 3718 3286 3787 qui
3320 3717 3566 3772 ﬁdelium
3609 3719 3809 3789 populo

2216 3809 2398 3862 lumen
2422 3817 2621 3863 sancta!
2643 3808 3041 3878 prtedirationis
3065 3808 3371 3863 infundunt.
3397 3808 3502 3863 Sed
3523 3825 3644 3863 eum
3662 3819 3808 3864 terra
3837 3803 3840 3806 ’

2219 3914 2391 3969 usque
2419 3898 2486 3953 ad
2516 3898 2789 3954 fenestras
2827 3900 3124 3968 aggeritur,
3156 3899 3356 3954 clausis
3389 3899 3642 3954 fenestris
3674 3910 3808 3956 teni-

2219 3991 2367 4060 plum
2394 3991 2650 4045 continuo
2691 3992 3032 4054 tenebratur,
3067 4000 3121 4045 et
3153 4006 3276 4045 cum
3329 4001 3543 4046 terrena
3594 3979 3810 4063 negt-tia

2221 4063 2534 4141 sacerdotes
2578 4083 2874 4153 implicant,
2911 4081 3066 4151 quasi
3106 4082 3357 4137 fenestrae
3399 4083 3622 4147 clausa»,
3673 4091 3813 4138 tem-

2223 4177 2368 4248 plum
2404 4177 2548 4247 quod
2578 4175 2779 4229 amittit
2818 4175 2998 4229 lumen
3051 4177 3402 4230 obscuratur.
3432 4175 3541 4230 Nos
3561 4190 3693 4244 ergo
3721 4179 3813 4228 neo‘

2224 4285 2376 4324 resse
2404 4277 2507 4332 est,
2543 4269 2865 4338 inquantnm
2907 4281 3218 4337 possumus,
3249 4269 3318 4324 ab
3346 4268 3560 4323 actibus
3613 4283 3810 4323 vacare

2227 4360 2458 4414 terrenis
2487 4367 2543 4412 ut
2565 4356 2957 4428 sacrisjugiter
2979 4358 3320 4430 invigilemus
3364 4357 3613 4427 eloquiis.
3660 4357 3815 4413 Sicut

2228 4467 2422 4521 sponsa
2455 4450 2586 4504 dicit
2615 4451 2668 4504 in
2692 4449 2964 4505 Canticis:
2995 4468 3012 4500 ι
3049 4448 3202 4505 Oculi
3244 4448 3318 4503 tui
3363 4449 3506 4503 sicut
3551 4447 3814 4503 columba:

2229 4560 2391 4612 super
2425 4543 2567 4597 rivos
2590 4557 2879 4612 aquarum,
2904 4557 3025 4610 qua:
3076 4542 3233 4596 lacte
3257 4549 3397 4596 sunt'
3433 4541 3574 4606 lotae,
3603 4550 3657 4594 ct
3681 4542 3816 4596 resi-

607 4643 632 4678 ς
658 4626 733 4682 lbi
757 4628 924 4680 Assur
947 4637 1001 4680 et
1030 4627 1278 4695 sepulcra
1300 4626 1417 4696 ejus
1456 4628 1674 4694 (Ezech.
1708 4629 1902 4698 χχχιι).
1929 4647 1946 4678 ι
1977 4626 2116 4689 Ouid
2147 4623 2195 4682 D
2222 4633 2352 4686 dent
2375 4632 2526 4700 juxta
2554 4630 2750 4685 fluenta
2777 4629 3086 4700 plenissima
3115 4627 3295 4698 (Cant.
3329 4627 3403 4696 v).
3433 4648 3450 4679 ι

534 4718 680 4773 enim
710 4732 807 4786 per
828 4717 1019 4781 Assur,
1043 4716 1336 4784 superbum
1364 4717 1612 4772 videlicet
1642 4732 1844 4787 regem,
1879 4716 1983 4770 nisi
2008 4721 2124 4770 dia-

539 4808 696 4864 bolus
724 4806 1076 4877 intellig-itur:
1114 4823 1132 4856 ι
1175 4805 1301 4872 Qui,
1333 4805 1491 4874 juxta
1539 4809 1684 4878 quod
1727 4807 1986 4877 scriptum
2019 4815 2125 4867 est,

538 4901 652 4970 ipse
671 4909 757 4956 est
785 4914 878 4953 rex
901 4914 1065 4970 super
1089 4914 1279 4954 onmes
1300 4899 1436 4954 filios
1463 4900 1764 4970 superbiaz‘!
1792 4919 1809 4950 ι
1842 4897 1965 4967 (Job
1993 4898 2124 4966 xu.)

537 4990 677 5058 Quid
700 4990 948 5060 sepulcra
974 4991 1076 5045 nisi
1103 5000 1438 5046 mortuorum
1463 5001 1588 5046 sunt
1614 4990 1920 5048 habitacula
1937 4989 2126 5043 ?Tnnc

523 5090 722 5140 autem
759 5083 1008 5139 diabolus
1041 5083 1095 5137 in
1129 5093 1357 5138 mortem
1401 5084 1608 5139 corruit
1633 5098 1756 5138 eum
1795 5083 1863 5137 ab
1905 5091 2130 5136 auctore

544 5179 672 5234 vita
702 5177 1064 5248 superbiendo
1097 5175 1343 5231 recessit.
1387 5175 1647 5244 Quisquis
1693 5190 1824 5244 ergo
1874 5173 2128 5240 nequitia:

541 5268 809 5336 spiritum,
833 5269 922 5338 qui
947 5283 1074 5321 vere
1094 5276 1340 5321 mortuus
1362 5276 1462 5330 est,
1496 5267 1548 5320 in
1578 5265 1662 5321 sui
1689 5265 1869 5321 cordis
1896 5263 2126 5333 hospitio

540 5371 639 5430 ρει
680 5374 902 5428 pravam
945 5359 1276 5415 voluntatem
1325 5359 1573 5414 habitare
1616 5358 1900 5429 permittit,
1937 5357 2122 5425 pzocnl

541 5451 705 5504 dubio
735 5451 802 5506 de
830 5452 1121 5521 semetipso
1167 5449 1476 5520 sepulcrum
1506 5449 1654 5503 facit.
1701 5449 1765 5503 Et
1796 5462 2018 5503 necesse
2042 5455 2127 5500 est

543 5554 602 5598 nt
637 5559 761 5600 cum
792 5545 908 5614 ipso
935 5546 1096 5600 simul
1135 5545 1244 5600 illic
1295 5553 1685 5600 tormentorum
1713 5539 1977 5612 supplicia
2008 5553 2126 5608 per-

544 5637 704 5697 lcrat,
729 5634 813 5688 cui
833 5635 1180 5705 semetipsum
1203 5636 1292 5690 hic
1320 5634 1684 5691 habitaculum
1711 5648 1809 5704 per.
1828 5631 2124 5702 nequitiam

548 5725 786 5795 perversi
816 5726 994 5794 operis
1027 5727 1332 5784 exhibebat.

2833 4716 3060 4772 CAPUT
3098 4717 3190 4770 IV.

2672 4810 2735 4864 In
2756 4809 2975 4879 epistola
3006 4809 3075 4862 ad
3117 4807 3392 4864 Blancam.

2309 4921 2325 4952 ι
2363 4901 2631 4957 Judicium
2665 4901 2826 4964 sedit,
2848 4910 2903 4956 et
2930 4900 3052 4956 libri
3083 4901 3254 4970 aperti
3282 4911 3416 4956 sunt
3439 4901 3602 4971 (Dan.
3633 4898 3774 4970 vn).~
3798 4919 3815 4950 ι

2232 4995 2332 5061 Qui
2363 4993 2616 5047 nimirum
2648 4992 2776 5048 libri
2803 4991 3262 5064 ipsi-intelligendi
3293 5004 3418 5047 sunt
3447 4993 3646 5057 Sancti,
3676 5007 3816 5062 quo-

2234 5102 2350 5140 rum
2373 5099 2513 5138 nunc
2549 5084 2799 5139 meritum
2831 5082 2900 5136 ab
2922 5082 3002 5138 eis
3035 5098 3134 5153 per
3167 5083 3471 5138 custodiam
3495 5082 3819 5137 luunilitatis

2229 5177 2583 5233 absconditur
2617 5185 2671 5231 et
2705 5185 2958 5245 tanquam
2996 5175 3246 5230 volumen
3291 5174 3494 5230 codicis
3521 5174 3820 5244 nelegatur

2235 5260 2546 5323 involvitur.
2576 5267 2730 5322 Tunc
2765 5277 2942 5321 autem
2976 5267 3042 5320 ad
3067 5282 3256 5321 eorum
3281 5265 3507 5334 gloriam
3538 5265 3818 5321 universo-

2234 5376 2350 5414 rum
2373 5359 2545 5414 oculis
2557 5358 2819 5428 aperitur,
2839 5366 2902 5414 ut
2921 5357 2972 5412 in
2995 5357 3075 5412 eis
3098 5356 3540 5427 pnevariratores
3560 5365 3815 5426 tanquam

2232 5465 2329 5521 per
2366 5449 2586 5520 digesta:
2612 5447 2924 5526 scriptionis
2947 5435 3230 5501 articulum
3258 5445 3438 5516 legant
3457 5433 3652 5502 divina:
3682 5447 3817 5517 legis

2235 5539 2514 5603 mandata,
2543 5554 2663 5606 qua:
2701 5538 2827 5590 dmn
2858 5536 3193 5600 adviverent,
3223 5550 3444 5590 servare
3470 5545 3820 5607 contempse-

2239 5640 2378 5684 rant.
2433 5629 2541 5684 Illic
2567 5629 2676 5699 jam
2709 5629 3103 5697 compelluntur
3147 5637 3200 5681 et
3256 5627 3430 5698 legere
3459 5628 3549 5697 qui
3592 5627 3679 5683 hic
3723 5643 3826 5694 per

2241 5720 2561 5792 arrogantiae
2595 5720 2788 5775 fastum
2821 5719 2989 5774 verba.-
3026 5719 3114 5774 llei
3147 5719 3579 5790 dedignabautur
3607 5718 3822 5773 audiar.
