4058 6178
215 333 343 392 1171

214 447 325 501 illic
346 445 534 516 jugum
566 437 780 494 Dnnini
820 435 959 498 leve,
983 441 1039 488 et
1071 447 1209 487 onus
1230 428 1344 498 ejus
1375 441 1542 484 suave
1577 422 1793 497 (Matth.

217 539 296 598 si)
327 510 553 590 mitibus
581 537 634 583 et
662 526 986 599 patentibus
1015 521 1182 577 fuisse
1229 519 1596 579 considerant,
1654 510 1800 582 quod

217 625 305 680 hic
331 621 596 693 superbia!
625 636 736 674 sua:
761 616 1065 672 cervicibus
1094 611 1433 668 intolerabile
1461 605 1798 678 judicabant.

217 717 329 772 illic
360 714 648 784 superbum
678 724 839 766 mune
862 705 1228 770 confunditur,
1256 713 1310 758 et
1335 698 1595 771 quidquid
1624 696 1796 751 eleva-

220 820 331 860 tnm
368 805 545 862 fuerat
571 802 669 858 sub
702 808 866 854 tantae
890 797 1188 868 majestatis
1216 792 1586 863 indignatione
1607 801 1802 843 curva-

222 911 330 955 tur.
363 897 517 956 Unde
547 910 641 965 per
672 893 865 947 Isaiam
901 891 1128 944 dicitur:
1165 906 1181 937 ι
1229 885 1382 942 Oculi
1415 882 1662 937 sublimis
1707 880 1807 932 ho—

222 989 384 1045 minis
410 985 680 1044 lmmiliati
712 992 860 1044 sunt.
891 991 944 1035 et
976 979 1349 1036 inettrrabitur
1380 973 1610 1030 altitudo
1659 970 1805 1023 viro-

224 1093 375 1134 mnu:
407 1077 739 1134 exa'tab'tnr
767 1071 927 1143 265
959 1079 1140 1126 autem
1172 1067 1429 1122 Dominus
1457 1064 1606 1119 solus
1629 1061 1682 1114 in
1723 1058 1811 1114 die

223 1172 344 1235 illa,
372 1170 500 1241 quia
530 1169 648 1222 dies
691 1163 902 1221 Domini
929 1177 1092 1232 super
1136 1172 1353 1214 onmem
1403 1155 1696 1225 superbum
1756 1159 1814 1204 et

223 1261 499 1318 excelsam
520 1275 539 1326 ς.
561 1272 724 1327 super
753 1269 970 1311 onmem
1000 1258 1365 1320 arrogantem,
1409 1255 1464 1300 et
1504 1241 1814 1299 lmmiliabi-

227 1365 356 1419 tur;
380 1362 436 1406 ct
457 1367 619 1422 super
646 1363 840 1404 omnes
863 1345 1059 1402 cedros
1091 1339 1284 1397 Libani
1314 1338 1594 1400 sublimes,
1627 1343 1681 1389 et
1703 1348 1816 1386 cre-

227 1461 372 1517 ctas,
395 1459 452 1506 et
475 1463 641 1517 super
664 1461 854 1502 omnes
876 1458 1112 1520 quercus
1127 1442 1324 1502 Busan,
1347 1447 1405 1494 et
1433 1451 1599 1509 super
1625 1446 1817 1490 omnes

227 1539 396 1599 colles
437 1535 700 1605 elevatis,
733 1545 788 1592 et
817 1551 980 1606 super
1018 1549 1233 1589 omnem
1268 1531 1459 1586 turrim
1517 1528 1816 1590 «Excelsam,

227 1642 284 1688 et
315 1645 481 1702 super
497 1645 714 1686 omnem
745 1643 957 1684 murum
989 1625 1283 1690 munitum,
1314 1631 1368 1678 et
1416 1635 1579 1692 super
1628 1633 1820 1674 omnes

231 1739 402 1782 naves
434 1722 684 1785 Tharsis.
713 1729 768 1776 et
791 1734 957 1789 super
980 1733 1168 1782 omne,
1195 1715 1340 1786 quod
1375 1713 1492 1767 risu
1525 1709 1816 1781 pulchrum

236 1823 354 1881 est;
385 1825 441 1868 et
467 1811 840 1870 ine‘urvabitur
868 1809 1174 1866 sublimitas
1197 1805 1501 1866 hominum,
1544 1809 1602 1856 et
1649 1798 1826 1854 humi—

236 1905 464 1961 liabitur
493 1903 724 1960 altitudo
750 1901 1016 1964 virorum.
1045 1907 1100 1954 et
1128 1897 1433 1952 elevahizur
1459 1891 1717 1947 Dominus
1745 1904 1834 1946 50-»

235 1997 324 2050 lus
354 1995 408 2051 in
431 1994 520 2049 die
550 1991 663 2056 illa.
685 2002 740 2047 et
756 1989 898 2046 idola
927 1989 1141 2059 penitus
1167 1992 1549 2043 conterentur;
1580 1989 1638 2035 et
1661 1979 1831 2033 intro-

238 2088 397 2144 ibunt
426 2087 483 2142 in
514 2084 804 2156 speluncas
819 2091 1118 2152 petrarum,
1143 2088 1197 2133 et
1233 2077 1288 2132 in
1307 2074 1592 2143 voragines
1620 2079 1779 2125 terra
1805 2083 1836 2122 a

241 2176 380 2233 ΐειςίθ
406 2175 709 2231 formidinis
753 2171 967 2228 Domini
999 2177 1055 2226 et
1082 2185 1113 2224 a
1145 2167 1312 2241 gloria
1353 2161 1658 2234 majestatis
1696 2159 1834 2230 ejus,

244 2284 368 2322 cum
416 2265 712 2321 surrexerit
752 2271 1037 2333 percutere
1065 2268 1264 2314 terram
1292 2255 1448 2326 (Isai.
1479 2255 1562 2322 ιι).
1603 2268 1622 2304 ι

871 2354 1100 2412 CAPUT
1143 2353 1234 2406 γ..

662 2448 730 2503 1η
755 2445 975 2518 epistola
1008 2445 1078 2499 ad
1110 2442 1422 2497 Honestum.

329 2561 346 2594 ι
390 2540 530 2598 0dio
571 2541 879 2596 habuerunt
928 2537 981 2591 in
1027 2543 1182 2605 porta
1224 2530 1645 2600 corripientcm,
1675 2533 1728 2580 et
1763 2524 1841 2594 lo;-

257 2643 515 2704 quentetn
546 2630 782 2702 perfecte
810 2600 1102 2681 abominati
1133 2630 1278 2678 sunt.
1311 2641 1330 2674 ι
1367 2619 1574 2686 Quibus
1603 2624 1655 2670 et
1685 2600 1844 2686 paulo

266 2736 389 2794 post
419 2724 496 2777 ait
527 2738 542 2777 :
581 2740 598 2772 ι
632 2722 829 2774 Demos
854 2717 1060 2788 quadro
1087 2714 1263 2785 lapide
1284 2708 1712 2771 a3ditlcabitis,et
1736 2719 1844 2759 non

262 2811 582 2870 habitabilis
605 2809 663 2863 in
683 2809 764 2864 eis
783 2807 962 2878 (Amos
982 2806 1057 2876 v).
1092 2824 1109 2856 ι
1131 2803 1195 2860 ,1η
1220 2810 1373 2872 porta
1395 2800 1596 2870 quippe
1617 2794 1845 2865 corripit

264 2905 358 2976 qui
406 2904 473 2958 ad
518 2904 625 2958 hoc
672 2896 1154 2970 reprchensibilem
1188 2907 1458 2963 quemque
1488 2889 1754 2958 castigat,
1789 2895 1848 2939 ut

261 3010 387 3052 ouin
431 2993 498 3047 ad
531 2992 764 3047 reditum
803 2989 994 3059 patriae
1044 2985 1289 3040 cmlestis
1340 2982 1601 3052 impellat.
1654 2978 1760 3033 Sed
1803 2978 1848 3032 is

260 3085 356 3155 qui
383 3083 767 3155 corripientem
794 3079 908 3135 odit
953 3078 1008 3132 in
1059 3077 1218 3131 domo
1264 3091 1292 3126 ει
1344 3087 1403 3128 se
1447 3070 1714 3127 aediﬁcata
1742 3084 1846 3123 non

267 3169 512 3240 habitat;
545 3173 673 3246 quia
712 3172 838 3228 licet
867 3168 1156 3225 :edilicium
1201 3164 1445 3237 posuerit
1488 3164 1613 3218 boni
1640 3161 1849 3232 operis,

270 3271 326 3324 in
358 3282 424 3324 eo
457 3276 635 3321 tamen
665 3279 773 3320 non
802 3260 1101 3318 mercbitur
1129 3257 1380 3314 habitare
1400 3296 1414 3321 ,
1446 3254 1572 3325 quia
1605 3267 1703 3322 per
1735 3266 1860 3306 cor-

274 3358 539 3430 reptionis
582 3363 794 3427 portam
846 3351 1170 3423 dedignatus
1213 3358 1294 3404 est
1345 3345 1601 3408 introire;
1646 3353 1703 3398 et
1766 3341 1859 3410 qui

271 3449 448 3504 noluit
490 3461 589 3518 per
633 3444 849 3516 angusti
880 3443 1061 3498 aditus
1099 3438 1446 3509 asperitatem
1495 3431 1738 3504 ingredi,
1777 3430 1860 3484 in.

279 3541 505 3596 terioris
535 3535 658 3594 atrii
691 3552 799 3592 non
830 3535 1030 3606 poterit
1075 3529 1387 3587 ammnitate
1418 3523 1607 3596 potiri.

883 3623 1113 3682 CAPUT
1173 3622 1260 3678 γι.

427 3724 490 3780 In
521 3721 740 3780 humilia
764 3721 829 3776 de
857 3718 1127 3774 nativitate
1171 3715 1235 3770 B.
1270 3712 1458 3767 Maria:
1486 3710 1722 3780 virginis.

355 3839 377 3872 ι
411 3817 604 3874 Adhuc
644 3811 1006 3884 quadraginta
1035 3809 1182 3870 dies.
1215 3815 1270 3862 et
1295 3804 1493 3860 Ninire
1511 3802 1857 3858 subvertctur

295 3910 447 3975 (Jon.
481 3908 590 3980 ιιι).
627 3925 646 3959 ι
684 3903 836 3972 Quod
865 3902 988 3974 quia
1015 3910 1143 3955 tunc
1173 3913 1278 3953 nou
1302 3897 1497 3966 legitur
1520 3890 1875 3948 historialiter

237 4073 252 4090 _
287 4006 525 4067 factum,
550 3978 920 4069 exspectatur
961 3994 1136 4048 adhuc
1180 3987 1538 4061 Spiritualiter
1582 3978 1876 4052 adimpleu-

294 4095 443 4148 dum.
490 4092 597 4147 Per
644 4089 874 4145 Niniven
905 4085 1103 4155 quippe
1129 4081 1362 4137 mundus
1393 4079 1496 4134 iste
1532 4076 1876 4144 designatur;

291 4201 388 4255 per
409 4181 769 4253 quadraginta
805 4192 936 4233 vero
961 4177 1075 4231 dies
1095 4215 1110 4239 ,
1142 4173 1322 4227 omnis
1351 4180 1530 4226 status
1575 4169 1700 4223 vita:
1741 4180 1879 4235 prmo

293 4275 471 4331 sentis
500 4273 770 4329 inuuitur.
802 4267 936 4324 Post
962 4265 1320 4336 quadraginta
1349 4277 1482 4332 ergo
1526 4260 1644 4316 dies
1689 4258 1884 4314 Ninire

297 4365 678 4427 subvertetur;
727 4360 856 4430 quia
901 4364 1026 4427 post
1055 4355 1215 4422 hujus
1263 4350 1510 4406 mortalis
1547 4349 1668 4403 vitae
1691 4348 1885 4403 decur-

298 4470 456 4521 sum,
500 4449 771 4519 completo
803 4444 1053 4502 videlicet
1086 4442 1384 4498 electorum
1433 4451 1692 4501 numero,
1724 4453 1886 4490 mun-

301 4546 402 4601 dus
429 4543 534 4599 iste
557 4541 892 4596 destruetur.

905 4622 1132 4683 CAPUT
1175 4621 1284 4678 Vll.

396 4725 462 4779 In
487 4737 726 4781 sermone
755 4718 784 4774 Ι
811 4720 875 4774 de
906 4713 964 4774 S.
996 4715 1246 4770 "animo
1274 4709 1511 4783 apostolo
1536 4718 1585 4763 et
1613 4724 1796 4777 evang.
1857 4739 1862 4742 -

385 4838 401 4867 ι
441 4811 656 4871 Domini
687 4821 817 4869 sunt
846 4809 1101 4866 cardines
1151 4814 1346 4866 teme,
1400 4809 1456 4857 et
1503 4799 1682 4870 posuit
1730 4813 1894 4866 super

303 4925 399 4965 eos
445 4907 634 4963 orbem
684 4903 736 4976 (1
778 4901 905 4973 Reg.
940 4899 1024 4959 nl.
1066 4917 1084 4949 ι
1121 4895 1283 4952 Orbis
1317 4892 1466 4950 enim
1520 4905 1685 4960 super
1733 4897 1893 4942 terra:

309 5001 564 5056 cardines
613 4994 857 5068 ponitur,
899 5007 1024 5048 cum
1067 4996 1257 5044 sancta
1304 4982 1586 5046 Ecclesia,
1635 4989 1896 5049 tanquam

320 5109 487 5165 super
528 5091 689 5147 bases
719 5084 986 5143 doctrinis
1011 5079 1344 5151 evangelicis
1371 5076 1655 5133 solidatur.
1686 5073 1763 5129 De
1791 5086 1898 5142 qua

319 5163 533 5238 (tl—alibi
583 5179 831 5236 dicitur:
872 5195 890 5226 ι
929 5170 1302 5229 Fundamenta
1350 5168 1469 5239 ejus
1520 5165 1574 5220 in
1627 5163 1902 5220 montibus

318 5276 524 5331 sanctis
569 5271 746 5345 (Psal.
792 5266 1036 5335 exuri).
1074 5282 1094 5316 ι
1129 5263 1228 5330 Qui
1279 5260 1424 5315 enim
1473 5257 1582 5313 illic
1609 5253 1900 5316 cardines,

331 5366 419 5421 hic
466 5344 724 5437 appellati
769 5369 898 5418 sunt
943 5367 1177 5414 montes.
1228 5349 1696 5422 Evangelistarum
1749 5344 1909 5414 plane

327 5473 555 5514 numero
577 5455 844 5527 congruit,
876 5462 934 5508 et
959 5448 1143 5506 mundi
1169 5446 1336 5509 situs,
1361 5452 1417 5500 et
1441 5450 1751 5510 temporum
1779 5450 1908 5491 cur-

329 5563 459 5614 sus;
483 5547 614 5618 quia
647 5555 704 5604 et
737 5553 976 5616 quatuor
998 5537 1181 5596 mundi
1219 5543 1421 5606 partes,
1447 5539 1503 5586 et
1537 5527 1760 5584 totidem
1787 5532 1912 5579 sunt

330 5650 638 5712 temporum
665 5635 1031 5692 diversitates.
1063 5629 1181 5688 Non
1209 5642 1341 5696 ergo
1383 5623 1614 5686 mirum,
1660 5619 1705 5675 si
1752 5616 1912 5688 spiri-

335 5729 496 5786 tualis
541 5726 774 5783 mundus
813 5722 1010 5780 visi'ili
1055 5720 1179 5776 huic
1213 5717 1560 5775 conferatur;
1595 5708 1758 5781 266
1787 5707 1910 5761 dum

1119 311 1615 373 COLLECTANEA
1654 306 1721 365 IN
1761 301 1989 361 VETUS
2034 284 2586 354 TESTAMENTUM.

1825 424 1874 482 Α
1904 413 2192 473 nonnullas
2221 408 2450 464 invicem
2482 403 2682 458 habere
2731 392 3116 451 similituditws
3149 396 3374 454 uterque
3403 382 3480 434 di-
3509 381 3517 390 '

1906 505 2208 578 guoscitur.

1856 1775 1899 1833 B

1879 3130 1925 3190 (ἰ

3351 267 3481 324 1172

2495 581 2722 640 CAPUT
2765 577 2894 632 \‘lll.

2157 707 2218 760 In
2249 701 2468 775 epistola
2498 699 2566 753 ad
2600 693 2945 750 Mainardum
2983 689 3241 744 abbatem.

1974 839 1990 871 ι
2037 821 2197 876 Jesus
2229 827 2347 872 erat
2379 814 2598 871 indutus
2628 808 2874 864 vestibus
2903 801 3173 861 sordidis,
3218 807 3273 850 et
3320 795 3498 850 stabat

1910 923 2034 970 ante
2077 912 2270 968 faciem
2317 907 2534 978 angeli:
2570 902 2672 970 Qui
2718 896 2997 968 respondit
3060 901 3113 947 et
3149 891 3226 944 ait
3283 889 3350 942 ad
3403 901 3495 942 eos

1910 1006 2001 1076 qui
2032 1002 2250 1058 stabant
2277 1012 2460 1052 coram
2505 1009 2595 1056 se,
2646 991 2834 1045 dicens
2866 1005 2880 1040 :
2917 982 3142 1039 Auferte
3174 978 3494 1034 vestimenta

1911 1067 2130 1152 sordida
2177 1093 2246 1146 ab
2271 1105 2357 1144 eo.
2394 1087 2463 1142 Et
2499 1083 2635 1139 dixit
2680 1081 2748 1134 ad
2778 1094 2900 1132 eum
2931 1090 2945 1130 :
2972 1074 3112 1128 Ecce
3143 1067 3336 1123 abstuli
3383 1082 3410 1120 a
3446 1071 3498 1117 te

1915 1187 2262 1256 iniquitatem
2299 1192 2480 1245 tuam,
2513 1185 2572 1231 et
2599 1173 2746 1228 indui
2775 1180 2827 1224 te
2862 1163 3190 1222 mutatoriis.
3225 1160 3292 1212 Et
3321 1157 3498 1211 dixit:

1915 1246 2111 1333 Ponite
2160 1273 2390 1331 cidarim
2438 1267 2696 1324 mundam
2743 1275 2905 1331 super
2950 1264 3112 1326 caput
3161 1250 3278 1320 ejus
3312 1246 3499 1318 (Zach.

1917 1371 2024 1439 tu).
2066 1388 2084 1421 ι
2122 1365 2262 1435 Quid
2295 1365 2440 1420 enim
2481 1375 2578 1429 per
2606 1357 2826 1419 Jesum,
2874 1348 3208 1406 sacerdotem
3256 1338 3504 1395 videlicet

1919 1474 2209 1526 magnum,
2239 1456 2339 1510 nisi
2378 1453 2646 1510 mediator
2678 1447 2774 1502 Dei
2818 1454 2874 1499 et
2920 1440 3200 1494 hominum
3231 1434 3393 1489 debet
3421 1431 3504 1484 iu-

1919 1520 2124 1622 tclligi?
2154 1520 2320 1603 pia...
2350 1545 2494 1598 sicut
2544 1555 2639 1612 per
2680 1533 2982 1593 Zorobalsel
3016 1530 3182 1583 lilium
3211 1520 3506 1582 Salalhiel,

1921 1643 2010 1713 qui
2039 1608 2107 1697 de
2136 1638 2302 1709 regali
2353 1635 2506 1689 .luda:
2535 1608 2731 1700 stirpe.
2752 1629 3120 1698 processerat,
3155 1626 3210 1672 et
3237 1613 3419 1669 Jesum
3449 1608 3510 1662 ti-

1927 1736 2058 1789 lium
2088 1703 2388 1791 Iosedech,
2439 1725 2530 1794 qui
2567 1722 2656 1793 jus
2691 1713 3045 1774 sacerdotalis
3095 1703 3511 1763 administrabat

1934 1823 2134 1888 cilicii,
2165 1817 2500 1876 lsracllticus
2550 1810 2778 1884 populus
2828 1821 2922 1876 per
2970 1798 3312 1870 septuaginta
3343 1807 3513 1846 annos

1931 1885 2129 1987 jugum
2149 1909 2490 1980 Babylonica:
2520 1899 2855 1973 captivitatis
2904 1893 3114 1955 erasit,
3155 1885 3515 1956 templumque

1938 2003 2274 2062 Hierusalem
2307 2001 2450 2071 quod
2485 1999 2722 2052 dirutum
2774 1991 2950 2044 fuerat
3002 1982 3238 2038 rediviva
3280 1974 3520 2032 novitate

1939 2097 2276 2159 construxit;
2306 2096 2377 2148 ita
2421 2104 2678 2147 nutnerns
2721 2087 3024 2138 electorum
3060 2083 3182 2146 post
3209 2070 3370 2137 hujus
3393 2067 3518 2121 vita:

1940 2203 2186 2262 tempora
2214 2203 2334 2257 qum
2379 2181 2688 2253 septenaria
2731 2175 2945 2231 dierum
2983 2166 3304 2238 repetitione
3331 2162 3525 2216 decur-

1943 2253 2097 2346 runt,
2150 2253 2247 2350 per
2282 2274 2465 2330 losum
2510 2269 2818 2329 Christum,
2866 2261 2957 2331 qui
3009 2272 3171 2312 verus
3218 2267 3308 2306 rex
3342 2257 3425 2303 est
3470 2253 3524 2300 et

1942 2340 2235 2432 sacerdos,
2282 2367 2348 2421 de
2382 2361 2642 2419 servitute
2685 2354 2846 2424 hujus
2875 2346 3228 2407 mortalitatis
3271 2340 3522 2411 eripitur,

1943 2475 2000 2522 et
2046 2464 2098 2519 in
2147 2458 2357 2517 calcati
2409 2451 2749 2511 Hierusalem
2786 2443 3044 2514 templum
3099 2438 3225 2497 Dei,
3263 2432 3404 2504 quod
3445 2438 3529 2483 est

1945 2562 2134 2612 sancta
2161 2547 2404 2607 Ecclesia
2427 2587 2441 2612 ,
2473 2549 2785 2598 renovatur.
2812 2536 2889 2589 De
2917 2549 3023 2602 qua
3057 2529 3316 2584 nimirum
3347 2520 3522 2576 servi-

1949 2653 2062 2700 tute
2091 2642 2223 2700 dicit
2269 2609 2561 2709 Apostolus
2594 2649 2607 2686 :
2647 2629 2781 2684 Nam
2814 2643 2834 2676 ι
2870 2633 2926 2679 et
2955 2623 3068 2693 ipsa
3099 2626 3350 2672 creatura
3399 2609 3534 2664 libi-

1914 2757 1918 2760 ’
1950 2737 2160 2790 rabitur
2202 2748 2233 2786 a
2262 2728 2526 2786 servitute
2567 2717 2935 2789 corruptionis
2975 2715 3027 2768 in
3078 2712 3383 2764 libertatein
3419 2703 3536 2772 glo-

1951 2825 2046 2880 ria:
2080 2821 2310 2878 tiliorum
2343 2816 2436 2873 Dei
2468 2813 2643 2884 (Rom.
2672 2809 2814 2877 vni).
2847 2825 2865 2858 ι
2900 2803 3052 2858 Tunc
3083 2801 3263 2867 itaque
3288 2794 3447 2850 Jcsus
3478 2792 3529 2843 in

1951 2929 2180 2986 corpore
2207 2926 2335 2969 suo.
2370 2906 2515 2978 quod
2541 2914 2625 2959 est
2652 2899 2926 2958 Ecclesia,
2960 2891 3176 2949 sordida
3209 2887 3531 2942 vestimenta

1952 3005 2210 3076 deponit;
2242 3011 2372 3056 tunc
2411 2994 2636 3052 honoris
2667 3008 2731 3046 ac
2762 2989 2947 3061 gloria:
2995 2983 3233 3054 rrgimen
3279 2973 3534 3038 assumit,

1955 3064 2082 3168 quia
2107 3064 2288 3149 cuiuis
2335 3089 2632 3143 electorum
2682 3081 2882 3138 chorus
2932 3093 2962 3132 a
3018 3069 3230 3142 lugubri
3289 3064 3539 3136 squalor:

1963 3185 2276 3257 temporalis
2303 3181 2541 3236 tristitia:
2563 3176 2847 3236 liberatur,
2876 3179 2930 3225 et
2955 3161 3379 3222 immortalitatis
3405 3155 3540 3213 stola

1961 3282 2012 3337 in
2039 3243 2129 3333 illo
2155 3273 2440 3346 splendore
2465 3267 2804 3336 sempiternae
2822 3257 3096 3315 felicitatis
3113 3252 3374 3308 induitur.
3393 3243 3544 3314 Quod

1962 3372 2126 3426 etiam
2155 3369 2208 3422 in
2234 3364 2446 3436 psalmo
2471 3335 2787 3414 dedicandae
2816 3353 3009 3406 donms
3035 3343 3379 3416 apertissime
3399 3335 3546 3394 canit

1966 3460 2208 3520 Ecclesia
2250 3476 2264 3512 :
2302 3474 2321 3507 ι
2353 3450 2684 3510 Convertisti
2705 3488 2718 3512 ,
2750 3445 2949 3514 inquit.
2973 3440 3248 3512 planctum
3283 3445 3461 3488 lucum
3495 3429 3546 3482 in

1966 3555 2222 3628 gaudium
2249 3548 2418 3611 mihi,
2461 3538 2777 3598 conscidisti
2824 3547 3041 3590 saccum
3090 3541 3269 3583 meum
3315 3533 3370 3578 et
3417 3536 3556 3592 pne-

1970 3645 2187 3706 cinxisti
2223 3658 2310 3698 me
2358 3638 2579 3700 laetitia;
2609 3643 2663 3688 ut
2696 3638 2884 3686 cantet
2964 3624 3058 3679 tibi
3102 3620 3272 3690 gloria
3329 3627 3445 3669 mea
3500 3619 3557 3663 et

1973 3756 2076 3797 non
2101 3745 2434 3804 compungar
2459 3725 2633 3799 (Psal.
2664 3724 2837 3789 xxix).
2872 3740 2888 3770 ι
2922 3715 3135 3772 Cidaris
3157 3711 3324 3766 etiam
3349 3703 3552 3760 mumla

1976 3834 2026 3885 in
2055 3830 2174 3901 ejus
2201 3823 2380 3894 capite
2409 3817 2648 3890 ponitur,
2681 3812 2807 3883 quia
2838 3804 3116 3862 fclicitatis
3137 3810 3357 3856 aeternae
3383 3792 3554 3866 gloria

1976 3933 2289 3984 COl‘Ollallll‘.

2595 4021 2821 4083 CAPUT
2863 4019 2953 4076 IX.

2018 4156 2084 4210 In
2113 4150 2328 4223 epistola
2368 4145 2435 4200 ad
2477 4138 2771 4223 cqrdiuales
2789 4134 3115 4223 nepifcopos;
3163 4121 3228 4177 de
3271 4113 3526 4188 dignitate

2498 4213 2754 4267 Romana:
2782 4203 3052 4261 Esclesire.

2064 4357 2082 4389 ι
2123 4335 2264 4390 Ecce
2294 4330 2462 4399 lapis,
2487 4339 2650 4396 quem
2698 4317 2821 4373 dedi
2852 4328 3036 4370 coram
3082 4307 3210 4362 Jesu
3243 4321 3256 4355 :
3292 4312 3458 4368 super
3491 4308 3568 4346 ta-

1989 4383 2630 4499 pidem'uitumseptem
2665 4408 2804 4464 oculi
2836 4411 2962 4461 sunt
3007 4397 3189 4470 (Zach.
3221 4392 3327 4460 ιιι).
3361 4408 3379 4439 ι
3412 4383 3572 4451 Lapis

1993 4488 2176 4574 autem
2206 4515 2332 4574 iste.
2361 4509 2451 4566 illa
2481 4503 2669 4577 procul
2701 4499 2865 4555 dubio
2893 4504 3046 4566 petra
3077 4497 3158 4544 est
3189 4488 3254 4541 de
3279 4497 3385 4554 qua
3413 4489 3575 4532 verus

1993 4608 2151 4663 Jesus
2173 4604 2333 4660 Petro
2356 4599 2664 4671 pollicetur,
2690 4591 2914 4646 dicens:
2945 4602 2964 4634 ι
2999 4581 3174 4649 Super
3197 4577 3340 4631 hanc
3363 4577 3573 4641 petram

1993 4662 2270 4754 atdilicabo
2302 4662 2602 4746 Ecclesium
2653 4694 2828 4734 meam
2880 4671 3098 4746 (Matth.
3137 4667 3268 4736 λνι).
3303 4682 3320 4714 ι
3355 4662 3581 4726 Septem

1998 4794 2159 4863 igitur
2188 4785 2374 4844 oculos
2405 4783 2568 4838 habet
2593 4777 2708 4832 haec
2739 4781 2926 4844 petra;
2975 4765 3100 4839 quia
3147 4759 3373 4815 totidem
3401 4748 3583 4807 sancti

2287 4874 2445 4931 donis
2489 4877 2677 4926 sancta
2727 4842 3006 4934 pra'l'ulget
3056 4849 3296 4912 Ecclesia
3333 4864 3348 4900 :
3381 4842 3586 4954 quibus

2006 4931 2231 4954 "r"'-*~
2729 4931 2741 4934 _

2006 4973 2259 5029 nimirum
2301 4966 2450 5021 velut
2491 4957 2876 5017 candelabrum
2908 4963 3130 5007 aureum
3167 4931 3587 5006 inexstinguibi-

2012 5068 2138 5122 liter
2189 5059 2418 5118 rutilnns
2465 5050 2784 5124 ignorantiae
2839 5045 3092 5100 tenebras
3135 5035 3368 5105 cﬂ‘ugat,
3412 5034 3471 5084 et
3514 5025 3588 5078 ad

2010 5148 2481 5220 contemplandum
2505 5141 2729 5213 justitite
2760 5135 2940 5191 Solem
2973 5129 3250 5187 hominum
3289 5127 3498 5175 mentes
3524 5112 3590 5165 il-

2010 5214 2243 5301 lustrat:
2257 5239 2333 5295 De
2365 5251 2473 5306 quo
2497 5234 2637 5287 idem
2661 5227 2920 5300 prop-beta
2950 5234 2968 5272 :
3001 5240 3018 5272 ι
3056 5216 3197 5277 Vidi,
3223 5214 3316 5273 ait,
3359 5218 3416 5264 et
3457 5217 3594 5260 ecce

2011 5301 2399 5394 candelabrum
2427 5339 2652 5381 aureum
2699 5329 2903 5381 totum,
2933 5323 2990 5369 et
3017 5311 3228 5377 lampas
3264 5301 3382 5371 ejus
3428 5310 3597 5367 super

2009 5435 2172 5497 caput
2220 5420 2423 5493 ipsius.
2455 5425 2510 5470 et
2557 5421 2765 5484 septem
2809 5408 3047 5464 lucerna:
3090 5400 3209 5470 ejus
3257 5407 3418 5464 super
3457 5387 3593 5442 illud

2012 5483 2195 5590 (221m.
2233 5483 2362 5582 iv)»
2382 5509 2536 5577 Quod
2567 5505 2752 5573 utique
2781 5505 3181 5557 sacramentum
3205 5486 3338 5545 etB.
3359 5483 3598 5538 Joannes

2012 5573 2066 5665 in
2095 5573 2427 5676 Apocalypsi
2465 5613 2524 5654 se
2570 5591 2824 5652 didicisse
2875 5602 2980 5644 non
3018 5581 3220 5644 uouit,
3252 5576 3337 5633 cui
3382 5573 3591 5628 dictum

2013 5672 2175 5773 267
2223 5672 2352 5752 cst:—
2406 5712 2421 5743 ι
2469 5686 2779 5760 Mysterium
2832 5688 3038 5751 septem
3088 5672 3406 5731 stellarum,
3457 5676 3594 5734 quas
