4058 6178
417 316 554 373 11ῒὸ

1586 314 1651 370 ΙΝ
1689 312 1936 372 LIBROS
1977 315 2524 374 PROPHETARL‘M.

3555 327 3708 404 itii

415 427 596 484 vidisti
626 429 676 482 in
708 426 931 483 dextera
981 442 1132 490 mea,
1163 435 1216 482 et
1243 435 1448 500 septem
1483 425 1809 482 candelabra
1840 441 2006 480 aurea
2043 437 2083 494 Α
2116 427 2322 494 pet-itur
2348 428 2400 481 in
2433 426 2674 492 cunctis;
2709 437 2765 481 et.
2799 427 2938 497 quod
2981 429 3179 484 dicitur
3215 429 3283 484 ab
3312 431 3579 488 universis
3608 436 3688 491 in-

415 521 601 588 (Apoc.
634 520 696 588 t).
739 537 756 570 ι
786 517 1008 588 Septem
1035 517 1204 578 stella:
1230 517 1402 588 angeli
1433 527 1558 572 sunt
1586 526 1792 586 septem
1823 517 2012 571 Eccle-

415 609 662 676 siarum,
715 618 770 665 et
819 610 1152 666 candelabra
1204 620 1412 680 septem
1484 617 1691 678 septem
1755 607 2014 662 Ecclesiae

415 712 563 756 sunt.
1071 763 1074 767 1

1047 792 1276 849 CAPUT
1316 791 1382 848 Χ.

502 891 569 948 In
594 909 832 948 sermone
876 891 937 948 II
963 894 1028 948 de
1057 892 1118 949 S.
1151 893 1404 947 Mattiaco
1451 903 1624 962 apost.
1660 903 1706 946 et
1736 909 1918 960 evang.

483 980 657 1038 Porro
706 984 982 1056 quadriga:
1041 984 1146 1038 illa:
1194 999 1330 1053 quas
1385 985 1683 1040 Zacharias
1747 987 2010 1055 propheta

414 1075 697 1145 designat,
727 1091 850 1131 cum
876 1077 1048 1132 dicit:
1083 1096 1101 1129 ι
1139 1077 1201 1132 ΕΙ
1251 1065 1554 1132 conversus
1593 1092 1748 1140 sum,
1775 1087 1828 1131 et
1865 1077 2008 1140 vidi,

415 1173 468 1218 et
517 1177 650 1220 ecce
703 1176 940 1234 quatuor
999 1166 1276 1238 quadriga:
1327 1165 1671 1236 egredientes
1718 1167 1784 1220 de
1831 1165 2012 1219 medio

416 1254 644 1308 duorum
676 1256 939 1310 montium
963 1297 977 1320 ,
1018 1265 1074 1311 et
1118 1267 1275 1312 erant
1307 1267 1518 1312 montes
1545 1258 1694 1312 terei.
1733 1277 1752 1310 ι
1787 1257 1860 1312 De
1885 1258 2009 1328 qui-

414 1343 516 1396 bus
563 1355 618 1400 et
665 1345 822 1415 paulo
859 1357 981 1416 post
1013 1348 1147 1402 dicit
1179 1365 1192 1400 :
1235 1366 1252 1399 ι
1290 1349 1379 1402 Isti
1414 1356 1542 1403 sunt
1587 1357 1825 1418 quatuor
1861 1349 2008 1402 venti

414 1433 562 1498 cmli,
592 1436 684 1507 qui
719 1437 1096 1506 egrediuntur,
1151 1449 1208 1492 ut
1253 1447 1402 1494 stent
1445 1454 1628 1494 coram
1667 1439 2009 1495 dominatore

411 1525 590 1580 Omnis
623 1535 778 1582 terra:
821 1525 1008 1598 (Zacb.
1061 1529 1159 1599 τι).
1193 1549 1212 1583 ι
1270 1530 1338 1584 Et
1373 1532 1674 1586 notandum
1722 1533 1848 1602 quia
1897 1549 2006 1588 non

413 1633 522 1672 una
547 1628 784 1688 quatuor
831 1622 1288 1691 evangelistarum
1335 1625 1596 1696 quadriga
1647 1625 1878 1690 dicitur;
1913 1627 2006 1682 sed

411 1711 784 1780 unusquisque
813 1728 1004 1768 eorum
1031 1715 1296 1793 inadriga
1345 1725 1594 1782 vocatur,
1625 1716 1754 1792 quia
1781 1725 1836 1772 et
1869 1733 2007 1793 uitus

412 1799 466 1854 in
496 1811 747 1874 quatuor.
785 1813 841 1860 et
883 1814 1012 1876 quat

409 1890 531 1946 dem
565 1891 687 1950 ﬁdei
721 1895 1080 1954 intentionem
1116 1899 1260 1970 quod
1303 1899 1565 1954 scribitur
1591 1915 1621 1953 a
1652 1899 1882 1972 singulis
1919 1915 2000 1952 rc-

2116 519 2337 574 venitur
2364 517 2418 574 in
2448 518 2694 590 singulis.
2724 519 2838 574 [tuo
2872 533 3002 574 vero
3032 529 3244 578 montes
3273 524 3398 578 τριεὶ
3423 561 3439 585 ,
3477 524 3544 578 de
3568 541 3702 596 quo-

2117 625 2233 662 rum
2277 609 2454 664 medio
2481 609 2735 664 dicuntur
2763 609 3002 681 egressi,
3029 611 3135 664 duo
3165 620 3290 668 sunt
3320 603 3664 670 Testamenta
3689 656 3702 678 ,

2111 695 2234 770 ipne
2258 704 2324 756 ad
2359 703 2530 757 instar
2557 703 2684 758 aeris
2727 703 2996 758 durabilis
3046 713 3172 758 sunt
3217 713 3274 760 et
3317 721 3540 772 sonora,
3571 707 3700 780 quia

2113 812 2282 866 usque
2325 797 2392 852 ad
2425 797 2584 852 linem
2613 795 2798 852 satculi
2847 813 2950 851 non
2988 797 3270 852 inveniunt
3316 800 3605 854 terminum
3635 811 3714 854 et.

2112 902 2209 956 per
2234 885 2419 944 omnia
2446 889 2628 943 mundi
2659 889 2832 958 spatia
2865 889 2990 942 dant
3030 889 3305 944 tinnitum.
3345 909 3364 942 ι
3401 889 3456 944 In
3481 906 3700 952 omnem

2111 983 2258 1035 cnim
2290 989 2492 1036 terram
2523 981 2694 1036 exivit
2730 997 2895 1038 sonus
2929 997 3150 1050 eorum,
3189 993 3244 1038 et
3289 983 3342 1038 in
3394 983 3527 1036 lines
3558 985 3710 1038 orbis

2115 1083 2271 1128 terra:
2299 1074 2460 1128 verba
2492 1088 2680 1128 eorum
2710 1070 2882 1144 (Psal.
2917 1075 3091 1143 xvut).
3127 1093 3144 1126 ι
3183 1074 3284 1148 Qui
3315 1082 3370 1130 et
3398 1074 3546 1128 venti
3578 1091 3714 1146 esse

2113 1165 2445 1229 rcfcruntur,
2497 1165 2621 1236 quia
2675 1163 2742 1220 de
2787 1164 2874 1220 bis
2923 1167 3184 1234 scriptum
3217 1175 3347 1220 est:
3387 1185 3404 1222 ι
3442 1163 3546 1221 Ubi
3573 1158 3712 1222 'crat

2111 1258 2345 1327 impetus
2371 1257 2620 1328 spiritus,
2641 1257 2772 1312 illuc
2795 1257 3187 1327 gradiebantur
3208 1256 3428 1328 (Ezech.
3457 1257 3521 1325 ι).
3557 1275 3573 1306 ι
3603 1257 3708 1322 Qui

2110 1351 2278 1407 etiam
2307 1350 2666 1420 egrediuntur
2705 1357 2762 1404 ut
2791 1357 2932 1404 stent
2965 1365 3148 1404 coram
3183 1350 3537 1404 Dominatore
3585 1361 3705 1402 oms

2111 1442 2197 1496 nis
2222 1449 2413 1504 teme;
2445 1440 2570 1510 quia
2596 1441 2738 1508 quod
2759 1441 2935 1496 sancti
2965 1441 3348 1511 prmdicatores
3372 1455 3438 1494 ex
3469 1439 3706 1494 ﬁdelium

2109 1532 2528 1588 fructiﬁcatiuue
2552 1531 2868 1602 proﬁciunt,
2905 1548 3011 1588 non
3041 1531 3452 1602 sibi_tribuunt,
3486 1530 3580 1586 sed
3613 1547 3709 1586 au-

2111 1625 2244 1680 ctori
2280 1641 2306 1677 τι
2338 1639 2446 1693 quo
2470 1639 2658 1678 eorum
2681 1627 2864 1679 omnia
2887 1623 3034 1682 lucra
3061 1625 3382 1694 procedunt.
3407 1624 3482 1680 De
3505 1621 3706 1693 quibus

2110 1717 2178 1772 ad
2209 1717 2269 1771 Β.
2297 1715 2398 1772 Job
2428 1717 2624 1772 dicitur
2661 1735 2674 1769 :
2719 1735 2737 1768 ‹
2772 1715 3026 1786 Nunquid
3069 1707 3336 1776 immittes
3365 1715 3581 1788 fulgura
3601 1751 3621 1780 ,
3650 1723 3706 1768 et

1145 1815 1271 1862 sunt
1303 1807 1355 1862 in
1389 1823 1528 1874 uno;
1565 1807 1692 1864 dum
1727 1823 1824 1878 per
1852 1807 2002 1878 ejus-
2037 1801 2079 1860 Β
2109 1808 2286 1871 ibunt,
2323 1816 2377 1862 et
2419 1805 2746 1860 teret-tentia
2780 1805 2963 1870 dicent
2993 1807 3088 1860 tibi
3126 1825 3136 1858 :
3167 1806 3476 1860 Adsumus?
3533 1823 3549 1855 ι
3584 1802 3705 1874 (Job

2115 1901 2368 1967 xxxviii.)

1417 2007 1722 2079 Expliciunt
1757 2012 2053 2066 testimonia
2088 2010 2150 2064 de
2176 2009 2326 2063 libris
2351 2009 2746 2078 prophetarum.

1844 2181 2248 2243 lNClPlUNT

817 2345 1570 2442 TESTIMONIA
1627 2347 1773 2436 DE
1853 2339 2218 2434 LIBRO
2289 2301 3280 2438 MACHABEORUM.

923 2499 1152 2556 CAPUT
1191 2496 1482 2552 Ριιιιιυιι.

487 2617 507 2653 t
543 2599 677 2655 Cum
711 2595 762 2650 iu
801 2591 1076 2650 Persidem
1106 2590 1306 2662 (inquit
1337 2587 1643 2658 Scriptura)
1671 2585 2002 2643 ducerentur

409 2703 596 2766 patres
653 2687 858 2750 nostri,
916 2683 1230 2742 sacerdotes
1284 2681 1374 2750 qui
1433 2689 1562 2733 tunc
1613 2677 1710 2732 Dei
1761 2675 2000 2731 cultores

407 2793 594 2849 erant,
633 2789 915 2851 acceptum
944 2777 1121 2849 ignem
1156 2775 1221 2829 de
1251 2772 1407 2826 altari
1441 2769 1652 2826 occulte
1700 2766 2000 2824 absconde-

411 2887 536 2932 runt
566 2876 620 2931 iu
651 2873 820 2933 valle,
854 2870 942 2925 ubi
972 2877 1090 2923 erat
1117 2875 1314 2937 puteus
1346 2864 1490 2919 altus
1520 2871 1578 2918 et
1605 2862 1813 2926 siccus,
1847 2868 1901 2915 et
1940 2859 1996 2912 in

405 2986 474 3028 eo
500 2965 762 3024 contutati
794 2972 923 3020 sunt
948 2977 1107 3027 eum;
1144 2961 1218 3015 ita
1245 2966 1304 3013 ut
1330 2956 1584 3013 omnibus
1610 2955 1824 3024 ignotus
1853 2960 1996 3006 esset

408 3061 579 3116 locus.
623 3055 760 3112 Cum
814 3052 1208 3126 praeteriissent
1249 3057 1430 3104 autem
1495 3045 1650 3102 multi
1691 3043 1850 3108 anui,
1881 3041 1993 3112 pia-

406 3153 523 3209 cuit
549 3150 780 3205 Domino
803 3157 862 3202 ut
888 3147 1198 3202 mitteretur
1221 3140 1560 3198 Nehemiasa
1584 3151 1708 3207 rege
1737 3135 1992 3191 Persidis.
2027 3129 2070 3192 C
2104 3137 2312 3185 tutatur
2335 3146 2464 3202 ergo
2494 3131 2692 3202 scpitis-
2728 3131 2988 3198 ﬂammis,
3019 3149 3124 3189 non
3155 3146 3338 3192 autem
3372 3138 3422 3206 vi
3455 3142 3704 3210 [ηιμ-ειη..
3793 3177 3804 3187 ,

409 3245 506 3301 ilic
545 3243 691 3298 misit
715 3251 936 3312 nepotes
960 3232 1590 3296 sacerdotum-illorum,
1638 3230 1730 3299 qui
1767 3228 1997 3282 abscon-

406 3333 632 3400 derant,
661 3333 728 3387 ad
765 3330 1146 3402 requirendum
1194 3327 1412 3396 ignem;
1450 3331 1538 3387 et,
1565 3320 1708 3374 sicut
1738 3331 1996 3372 narrave-

408 3437 536 3484 runt
563 3425 752 3490 nobis,
796 3439 900 3477 non
933 3421 1258 3475 invenerunt
1281 3417 1480 3485 ignem,
1507 3413 1602 3468 sed
1625 3425 1818 3480 aquam
1849 3423 1996 3462 cras-

408 3535 524 3576 sam
553 3515 639 3588 (11
668 3514 912 3569 Machab.
937 3513 999 3583 ι).
1031 3531 1047 3562 ι
1079 3510 1134 3564 In
1165 3504 1632 3577 quibusomnibus
1662 3500 1844 3556 verbis
1867 3499 1996 3552 illud

407 3623 574 3664 unum
622 3605 936 3676 specialiter
966 3599 1355 3656 attendendum
1394 3605 1478 3651 est
1518 3594 1662 3664 quod
1707 3593 1758 3647 in
1801 3591 1912 3646 alto
1942 3599 1996 3644 et

406 3701 555 3755 sicco
583 3697 737 3753 vallis
783 3704 944 3765 puteo
976 3693 1127 3763 prius
1177 3690 1316 3762 ignis
1346 3687 1720 3750 absconditur,
1767 3695 1822 3740 et
1850 3694 1996 3754 post-

406 3789 630 3845 modum
657 3785 824 3858 268
851 3801 958 3838 non
1008 3781 1179 3852 ignis,
1215 3779 1309 3835 sed
1348 3794 1488 3847 aqua
1533 3791 1720 3832 crassa
1747 3791 1775 3828 a
1811 3774 1994 3844 requi-

406 3879 650 3936 rentibus
678 3876 972 3931 invenitur.
1009 3872 1157 3926 Mens
1187 3871 1387 3940 quippe
1417 3868 1629 3923 sincera
1680 3876 1844 3935 atque
1873 3879 1992 3933 per-

405 3971 547 4027 fecta
581 3968 795 4026 Domini
846 3967 1145 4021 intentione
1180 3962 1511 4033 quaerentis.
1543 3975 1648 4014 non
1697 3961 1992 4028 incongrue

404 4079 500 4132 per
527 4070 745 4133 puteum
774 4058 926 4112 vallis
956 4057 1123 4110 altum
1149 4054 1469 4124 designatur
1503 4060 1558 4106 et
1587 4051 1794 4107 siccum
1821 4067 1836 4116 ;
1871 4065 1992 4118 quae

405 4155 660 4210 nimirum
685 4163 740 4208 et
761 4169 790 4207 a
811 4152 992 4206 ﬂuidis
1017 4150 1394 4205 illecebrarum
1417 4145 1720 4202 carnalium
1741 4143 1992 4213 volupta-

405 4248 549 4302 tibus
574 4246 758 4310 arida,
806 4252 862 4300 et
907 4255 1140 4298 terrena:
1183 4235 1642 4308 concupiscentia:
1701 4233 1991 4288 ruderibus

401 4337 508 4393 alte
535 4335 750 4392 defossa
770 4374 786 4402 ,
811 4343 866 4390 et
891 4333 946 4388 in
972 4345 1112 4388 verm
1138 4328 1464 4386 humilitatis
1485 4336 1568 4382 est
1590 4325 1834 4383 convalle
1863 4322 1986 4378 fun-

401 4431 546 4485 data.
582 4427 718 4484 Huic
747 4427 932 4496 itaque
961 4433 1124 4495 puteo
1157 4420 1409 4478 sacrificii
1461 4419 1601 4488 ignis
1651 4417 1986 4481 immittitur,

2106 2489 2262 2542 tutati
2289 2487 2506 2558 quidem
2529 2489 2717 2556 fuisse,
2751 2507 2856 2546 non
2887 2501 3067 2546 autem
3103 2494 3346 2552 funditus
3371 2501 3702 2558 exstinxisse

2107 2575 2448 2632 referuntur.
2499 2579 2635 2646 Quia
2705 2581 2964 2635 nimirum
3017 2582 3158 2652 iguis
3220 2586 3389 2642 divini
3458 2595 3700 2658 amoris.

2107 2683 2270 2742 quem
2301 2669 2356 2723 in
2389 2670 2570 2725 anima
2601 2672 2774 2726 nostri
2805 2673 2988 2729 cordis
3010 2678 3382 2746 accendimus,
3404 2690 3466 2736 ut
3489 2698 3554 2738 ex
3577 2701 3701 2740 aro-

2107 2759 2348 2816 matibus
2373 2759 2642 2816 bonorum
2672 2776 2898 2831 operum
2923 2779 3092 2820 suave
3119 2765 3230 2821 Deo
3261 2770 3585 2827 sacrificium
3611 2773 3699 2829 of-

2106 2851 2346 2907 feramus
2367 2893 2382 2919 ,
2413 2853 2466 2907 in
2497 2853 2616 2923 ipso
2661 2861 2860 2911 nostra:
2900 2855 3334 2916 conversationis
3365 2862 3519 2919 initio
3551 2867 3697 2922 intus

2104 2945 2322 3015 quidem
2371 2948 2534 3004 debet
2580 2949 2798 3005 occulte
2841 2965 3068 3022 semper
3108 2955 3335 3020 ardere,
3375 2973 3478 3011 non
3516 2972 3696 3017 aurem

2101 3037 2252 3094 foras
2279 3053 2340 3094 se
2369 3055 2464 3110 per
2504 3055 2658 3095 vanae
2701 3041 2890 3112 gloria:
2918 3041 3168 3098 ﬂammas
3197 3048 3530 3115 expandere.
3559 3051 3697 3105 Con-

2102 3221 2344 3287 ardoris;
2377 3233 2436 3275 ut
2469 3239 2573 3277 non
2607 3239 2832 3293 prorsus
2875 3224 3136 3292 intereat,
3169 3229 3262 3281 sed
3307 3245 3428 3286 sese
3455 3241 3701 3302 postmo-

2103 3313 2232 3367 dum
2262 3313 2591 3368 mirabiliter
2618 3315 2757 3387 iguis
2807 3317 2858 3370 in
2907 3331 3106 3386 aquam
3149 3329 3352 3377 vertat.
3383 3321 3506 3379 Hmc
3535 3341 3698 3398 porro
3757 3310 3770 3320 ’

2101 3421 2260 3474 aqua,
2295 3409 2638 3475 compunctio
2673 3409 2924 3464 videlicet
2949 3409 3344 3482 lacrymarum,
3371 3431 3477 3472 non
3516 3419 3688 3474 solum

2099 3513 2127 3548 ιι
2157 3505 2503 3564 peccatorum
2539 3514 2638 3552 nos
2685 3501 3007 3570 contagione
3051 3501 3346 3572 puriﬁcat,
3373 3507 3466 3562 sed
3513 3509 3680 3565 etiam

2100 3597 2160 3640 ut
2187 3585 2436 3658 placeant
2465 3587 2579 3657 ipsa
2606 3589 2714 3644 Deo
2740 3589 2880 3644 bona
2909 3599 3092 3646 nostra
3116 3597 3478 3652 commendat.
3505 3597 3681 3656 Omni

2099 3689 2334 3746 namque
2373 3691 2600 3747 operum
2643 3679 2970 3735 sacriﬁcium
3029 3681 3084 3735 in
3133 3696 3424 3756 (onsper'tn
3470 3693 3689 3760 superni

2096 3765 2306 3824 Judicis
2336 3769 2562 3825 suavius
2609 3771 2874 3834 redditur,
2907 3772 2952 3825 si
2984 3773 3234 3829 contrita:
3281 3780 3476 3834 metuis
3519 3778 3696 3854 laet-y-

2099 3859 2203 3914 tnis
2232 3869 2576 3929 aspergatur.
2611 3861 2766 3916 Unde
2816 3861 2928 3918 illic
2979 3873 3106 3936 apte
3151 3867 3502 3938 subjtuggitur
3531 3888 3543 3924 :
3579 3891 3595 3921 ι
3631 3871 3696 3926 Et

2098 3951 2364 4005 Sacriﬁcia
2385 3990 2402 4017 ,
2436 3951 2644 4021 inquit,
2672 3968 2792 4023 quae
2823 3953 3076 4023 imposita
3109 3969 3294 4023 erant,
3317 3955 3480 4026 jussit
3512 3961 3695 4015 sacer-

2095 4044 2192 4097 dos
2220 4043 2511 4100 Nehemias
2547 4045 2761 4115 aspergi
2788 4061 2926 4118 aqua
2957 4047 3068 4113 ipsa
3088 4089 3102 4113 ,
3127 4057 3180 4102 ct
3213 4049 3352 4120 ligna
3386 4069 3504 4119 qum
3528 4064 3688 4108 erant

2094 4136 2459 4206 superposita.
2491 4156 2510 4190 ι
2536 4136 2791 4193 Protinus
2813 4139 3053 4195 historiae
3074 4142 3244 4196 series
3263 4143 3501 4198 addidit:
3524 4163 3541 4197 ι
3575 4145 3689 4203 Hoc

2094 4238 2152 4284 ut
2183 4229 2386 4285 factum
2409 4240 2530 4298 est,
2567 4241 2778 4303 tempus
2809 4232 3019 4302 adfuit,
3049 4251 3155 4306 quo
3185 4236 3268 4293 sol
3315 4237 3555 4305 refulsit,
3591 4244 3684 4312 qui

2091 4321 2243 4389 prius
2269 4321 2470 4377 eratin
2500 4321 2714 4387 nubilo;
2745 4332 2802 4378 et
2826 4339 3088 4382 accensus
3134 4337 3218 4382 est
3259 4329 3400 4398 ignis
3431 4349 3684 4404 tuagnns.

2093 4410 2165 4465 ita
2198 4422 2254 4466 ut
2281 4427 2470 4468 omnes
2491 4415 2839 4470 mirarentur.
2889 4437 2907 4468 ι
2959 4417 3280 4474 Audiviums
3321 4429 3510 4488 antea,
3557 4424 3686 4493 quia

401 4521 524 4576 cuni
552 4521 604 4574 in
631 4521 787 4574 electi
813 4517 1104 4586 cujuslibet
1133 4523 1314 4570 mente
1344 4512 1510 4568 divini
1540 4511 1743 4566 amoris
1771 4509 1986 4564 ﬂamma
2017 4504 2068 4563 Ι)
2095 4519 2236 4573 aqua
2265 4520 2364 4574 pro
2393 4504 2514 4574 igne
2545 4515 2758 4576 reperta
2789 4515 2902 4570 cSl;
2934 4523 3078 4562 nunc
3107 4510 3417 4565 econll‘aI'iO
3461 4513 3685 4576 dieillll‘.

400 4611 705 4680 concipitur
726 4618 890 4677 atque
915 4607 982 4662 ad
1005 4607 1229 4663 caeleste
1251 4603 1578 4660 desiderium
1602 4603 1751 4671 prius
1771 4603 1986 4656 animus

401 4702 790 4756 inﬂammatur.
821 4697 926 4752 Sed
958 4698 1046 4751 hic
1077 4697 1216 4765 ignis
1243 4695 1296 4748 in
1331 4707 1527 4762 aquam
1574 4691 1825 4755 vertitur,
1859 4691 1984 4761 quia

397 4811 464 4850 ex
496 4796 618 4866 igne
645 4790 810 4848 divini
838 4789 1040 4844 amoris
1063 4787 1424 4858 lacrytnarum
1451 4793 1736 4852 compunct
1749 4782 1800 4836 io
1817 4796 1986 4850 gene-

399 4897 574 4944 ratur.
609 4885 676 4940 Ει
701 4883 994 4938 notandum
1021 4881 1162 4951 quod
1200 4895 1304 4936 nou
1352 4895 1486 4949 pura
1517 4878 1786 4933 duntaxat
1810 4889 1946 4944 aqua
1971 4913 1986 4938 ,

401 4981 495 5035 sed
527 4993 711 5034 crassa
758 4991 897 5042 aqua
928 4983 1181 5028 narratur
1212 4973 1321 5028 illic
1365 4973 1533 5026 fuisse
1583 4979 1819 5040 reperta.
1849 4967 1988 5035 Quid

402 5069 550 5124 enim
583 5082 770 5124 crassa
813 5076 896 5120 est
939 5081 1076 5134 aqua
1113 5063 1212 5118 nisi
1246 5063 1609 5133 lacrymarum
1638 5059 1990 5130 compunctio

345 5173 350 5176 '
404 5165 602 5220 divina:
630 5164 816 5235 gratiae
863 5159 1187 5231 pinguedine
1235 5157 1517 5228 saginata?
1570 5156 1686 5223 Qua
1735 5153 1990 5212 videlicet

405 5255 642 5324 saginari
689 5252 1014 5324 pinguedine
1059 5249 1322 5304 :estuabat
1351 5247 1652 5315 Propheta,
1687 5261 1808 5298 cum
1837 5243 1985 5297 dice-

407 5358 529 5400 ret:
568 5363 584 5394 ι
625 5344 777 5406 Sicut
824 5343 980 5411 adipe
1026 5347 1082 5393 ct
1125 5336 1450 5410 pinguedine
1494 5335 1770 5404 repleatur
1805 5333 1985 5388 anima

407 5451 525 5490 mea
574 5433 746 5506 (Prol.
794 5437 948 5504 uti).
985 5453 1002 5483 ι
1053 5431 1122 5486 Et
1169 5446 1266 5501 per
1313 5429 1476 5484 alium
1522 5429 1838 5496 prophetam
1874 5427 1987 5480 haec

407 5527 595 5580 cariem
628 5524 960 5592 promittitur
1003 5521 1338 5584 crassitudo,
1370 5537 1490 5576 cum
1535 5519 1611 5572 ait
1640 5536 1652 5571 :
1695 5538 1710 5568 ι
1745 5517 1988 5572 Del-acta-

409 5614 555 5668 liitur
582 5615 634 5667 in
668 5614 1030 5668 crassitudine
1057 5615 1234 5669 anima
1265 5621 1445 5666 vestra
1489 5608 1644 5679 (Iani.
1678 5611 1786 5676 ω’).
1827 5631 1844 5656 ο
1877 5606 1986 5660 Nec

409 5705 840 5772 prietereuudum
865 5707 1004 5774 quod
1035 5704 1429 5761 abscottdentcs
1458 5702 1600 5756 hunc
1629 5700 1828 5771 ignem,
1858 5711 1989 5754 con-

2091 4587 2214 4654 quia
2249 4600 2344 4652 per
2376 4601 2750 4655 aspersrouem
2783 4602 2939 4656 aqua:
2975 4589 3114 4659 ignis
3155 4607 3384 4662 tnagnus
3418 4609 3682 4652 accensus

2087 4686 2190 4731 est.
2244 4675 2386 4746 Ergo
2433 4685 2486 4732 et
2531 4693 2596 4734 ex
2657 4677 2780 4746 igne
2827 4693 2966 4746 aqua
3027 4683 3290 4746 nasoitur,
3336 4691 3388 4738 et
3429 4700 3492 4740 ex
3536 4703 3676 4757 aqua

2088 4765 2227 4834 ignis
2266 4767 2494 4820 invicem
2525 4775 2865 4833 procreatur.
2905 4768 3040 4834 Quia
3071 4770 3321 4828 videlicet
3354 4783 3409 4828 et
3447 4788 3512 4830 ex
3553 4776 3678 4846 igne

2084 4859 2248 4912 divini
2282 4857 2484 4912 amoris
2511 4859 2682 4927 gratia
2715 4860 3146 4928 compunctionis
3171 4863 3364 4926 oritur,
3395 4873 3450 4928 et
3487 4881 3678 4922 rursus

2081 4967 2142 5003 ex
2175 4951 2594 5018 compunctione
2627 4950 2994 5022 lacrymarum
3030 4952 3286 5010 desiderii
3317 4956 3556 5014 cmlestis
3582 4975 3672 5012 ar-

2081 5043 2179 5096 dor
2205 5050 2452 5110 augetur.
2483 5041 2731 5098 Alterum
2764 5042 3032 5114 siquidem
3063 5044 3260 5120 pendet
3287 5061 3353 5104 ex
3385 5047 3586 5114 altero,
3618 5059 3674 5104 et

2077 5132 2290 5188 sibimet
2320 5140 2608 5204 utrumque
2639 5134 2870 5190 invicem
2897 5144 3139 5206 prarstat,
3163 5136 3288 5192 dum
3315 5148 3370 5198 et
3396 5155 3462 5194 ex
3485 5155 3670 5195 amore

2076 5227 2173 5284 Dei
2207 5225 2570 5296 Iacrymarum
2600 5227 2950 5296 compunctio
2980 5227 3224 5297 proﬂuit,
3261 5240 3314 5284 et
3351 5248 3540 5288 rursus
3573 5249 3670 5302 per

2075 5323 2347 5391 lacrymas
2389 5318 2458 5374 ad
2503 5334 2748 5374 amorem
2799 5319 2893 5376 Dei
2943 5335 3097 5375 mens
3147 5331 3330 5376 nostra
3371 5323 3668 5380 ferventius

2073 5412 2388 5468 inardescit.
2437 5411 2493 5465 In
2541 5425 2648 5482 qua
2685 5418 2867 5466 autem
2907 5421 3089 5467 mente
3133 5412 3290 5482 hujus
3339 5415 3666 5472 alternitatis

2070 5504 2352 5574 reciproca
2381 5503 2621 5558 varietas
2652 5503 2855 5572 agitur,
2890 5505 2958 5558 ab
2982 5505 3129 5560 omni
3153 5507 3338 5576 procul
3359 5508 3521 5564 dubio
3547 5526 3665 5572 rea-

2072 5607 2160 5652 tus
2196 5595 2278 5650 sui
2313 5594 2566 5664 squalore
2593 5600 2880 5664 purgatur.
2919 5594 3068 5651 Unde
3097 5595 3204 5652 illic
3234 5613 3338 5652 non
3371 5599 3668 5670 incongrue

2069 5701 2342 5762 postremo
2367 5687 2708 5766 subiungitur
2738 5707 2748 5742 :
2787 5707 2802 5736 ι
2845 5687 3142 5757 Appellavit
3167 5699 3344 5746 autem
3371 5689 3666 5748 Ncitcuuas
