4058 6178
319 313 460 371 M75

1402 301 1489 356 DE
1529 295 2004 354 PETITIONIBUS
2042 292 2432 358 LINCIDARII,
2474 290 2624 347 ETC.

3465 287 3601 342 HTE

328 431 479 486 hunc
526 425 738 488 locum,
794 398 1056 492 Ncpbtar,
1095 415 1236 488 quod
1286 416 1680 485 interpretatur
1729 410 1914 482 prtrift-
1946 417 1993 472 Α
2021 420 2072 464 et
2112 425 2291 463 arcam
2318 450 2332 474 ,
2383 419 2439 462 et
2465 405 2634 460 altare
2670 402 2872 457 incensi
2906 400 3085 455 intulit
3114 400 3238 455 illnc
3261 441 3276 464 ,
3314 409 3364 454 et
3399 403 3603 456 ostium

338 520 501 574 ratio.
537 535 553 567 ι
582 514 758 570 Locus
791 521 969 582 Itaque
993 518 1176 563 noster
1197 506 1285 561 ubi
1310 505 1636 561 sacrificium
1667 501 1914 565 offertur,

332 610 427 665 ubi
464 623 641 678 aquae,
661 621 762 661 nec
799 618 902 657 non
931 611 986 656 et
1014 599 1153 671 ignis
1174 641 1188 664 ,
1213 608 1273 653 ut
1301 599 1504 654 dictum
1536 604 1616 650 est
1636 635 1652 661 ,
1684 594 1920 649 varietas

329 675 658 758 alternatur,
693 692 862 748 fidelis
889 701 975 745 est
1002 693 1213 755 anima;
1247 704 1366 762 quze
1411 685 1656 758 profecto
1695 675 1919 738 nonin-

327 802 566 859 congruc
595 782 900 856 purificatio
933 781 1171 846 dicitur;
1201 779 1326 851 quia
1367 780 1493 834 dum
1523 792 1666 831 nunc
1698 774 1921 846 superni

330 878 532 936 amoris
562 875 728 950 269
771 874 898 944 igne
933 873 1278 941 decoquitur,
1307 884 1452 924 nunc
1497 867 1716 923 contriti
1745 864 1925 919 cordis

305 970 546 1027 ‘ﬂctibus
569 966 868 1024 inundatur
903 973 960 1022 et
990 965 1136 1020 velut
1160 963 1382 1019 secundi
1417 959 1672 1029 baptismi
1708 957 1927 1012 fluentis

331 1062 590 1117 abluitur.
616 1058 725 1114 Has
750 1067 931 1113 autem
969 1055 1376 1112 successionum
1419 1051 1807 1106 alternantium
1844 1048 1921 1102 vi-

333 1151 681 1208 cissitudines
721 1159 778 1206 et
824 1147 1182 1203 mutationum
1217 1143 1586 1215 spiritualium
1632 1141 1928 1194 varietates

335 1243 505 1298 lsaias
535 1239 802 1312 profunde
831 1244 1223 1309 perspexerat,
1255 1251 1375 1289 cum
1425 1233 1641 1287 dicebat
1672 1249 1684 1284 :
1725 1248 1742 1280 ‹
1780 1228 1930 1284 Orie-

341 1345 452 1400 tur,
526 1333 737 1403 inquit,
798 1331 853 1385 in
921 1328 1164 1384 tenebris
1229 1327 1321 1381 lux
1381 1337 1506 1389 tua,
1575 1332 1625 1377 et
1696 1320 1933 1375 tenebra:

343 1434 448 1478 tunc
473 1431 637 1479 erunt
663 1423 806 1477 sicut
833 1419 1114 1483 meridies,
1147 1426 1202 1473 et
1242 1417 1486 1487 requiem
1517 1413 1668 1468 dabit
1705 1412 1802 1466 tibi
1834 1410 1934 1465 Do.

345 1515 529 1570 minus
560 1528 796 1582 semper,
825 1520 881 1566 et
909 1509 1154 1580 implebit
1177 1507 1561 1579 spiendoribus
1587 1519 1708 1559 ossa
1745 1515 1852 1567 tua,
1883 1511 1932 1558 et

349 1606 590 1660 animam
626 1611 772 1658 tuam
803 1602 1060 1657 liberabit
1085 1598 1243 1672 (lsai.
1273 1598 1450 1668 Lvm').
1493 1616 1508 1649 ι
1546 1597 1688 1650 Ecce
1715 1595 1854 1665 ignis
1885 1593 1936 1646 in

2019 501 2290 558 obstruxit
2323 499 2405 571 (11
2460 497 2636 552 Mach.
2667 511 2739 559 tl;
2773 497 2928 549 Deut.
2978 492 3186 562 xxxrv).
3222 511 3240 543 ι
3276 490 3400 547 Haec
3445 492 3609 562 igitur

2024 596 2124 648 tria
2157 597 2520 654 sacramenta,
2554 587 2691 641 sicut
2721 585 2923 641 dictum
2953 592 3060 648 est,
3090 581 3354 637 Jeremias
3389 581 3440 634 in
3470 595 3610 650 pne-

2025 684 2134 738 fato
2164 683 2386 737 Abarim
2417 687 2601 734 monte
2624 675 2945 731 recondidit.
2985 674 3042 728 Si
3066 673 3193 743 quid
3219 680 3400 726 autem
3431 686 3496 726 ex
3525 671 3614 725 his

2026 779 2172 832 aliud
2211 774 2553 846 postmodum
2586 771 2786 824 factum
2816 767 2978 822 fuerit
3003 774 3095 820 aut
3124 774 3274 819 certe
3301 764 3382 818 sic
3409 763 3541 817 iutat
3555 772 3612 816 ta

2027 870 2445 942 permanserint,
2465 867 2586 938 quia
2611 879 2877 932 nusquam
2901 861 3178 931 Scriptura
3203 869 3612 922 commemorat,

2029 975 2211 1019 nostra
2254 975 2469 1031 quoque
2513 958 2818 1027 disquirere
2844 954 3133 1010 curiositas
3154 969 3260 1007 non
3299 961 3610 1022 prtesumat.

2102 1053 2372 1108 Delicatus
2410 1050 2676 1120 siquidem
2709 1047 2862 1102 miles
2887 1055 2970 1101 est
3003 1045 3095 1117 qui
3131 1054 3255 1100 ante
3283 1043 3401 1098 vult
3429 1042 3619 1098 trium-

2030 1145 2199 1213 pltare
2231 1156 2393 1211 quam
2424 1156 2574 1193 arma
2606 1153 2895 1192 conserere
2924 1178 2938 1200 ,
2985 1136 3137 1207 prius
3167 1136 3427 1191 triturare
3455 1149 3612 1202 quam

2036 1251 2161 1290 rura
2209 1233 2572 1302 proscindere.
2605 1229 2962 1284 Considerato
3011 1242 3200 1295 nempe
3244 1225 3436 1279 ordine
3476 1225 3618 1278 Scri-

2035 1339 2317 1398 pturarum
2345 1365 2358 1386 ,
2395 1324 2495 1377 rite
2522 1321 2874 1392 perpenditur
2924 1330 3228 1373 nostrarum
3261 1317 3429 1371 series
3453 1316 3621 1371 actio-

2038 1435 2165 1473 num
2199 1436 2210 1471 :
2242 1417 2393 1488 prius
2431 1415 2573 1468 enim
2608 1413 2692 1467 lex
2721 1454 2736 1477 ,
2774 1411 2968 1466 deinde
3009 1409 3271 1478 judicium
3299 1449 3314 1474 ,
3351 1399 3626 1477 postremo

2036 1508 2386 1580 subsequitur
2414 1506 2634 1561 hismria
2666 1519 2871 1574 regum.
2902 1501 3056 1557 Nunc
3094 1515 3224 1556 sane
3274 1516 3372 1554 nos
3409 1501 3626 1569 expedit

2041 1605 2241 1660 indicta
2274 1601 2430 1656 nobis
2458 1599 2652 1654 diviuze
2695 1596 2830 1666 legis
2871 1595 3124 1648 mandata
3151 1609 3402 1654 servare;
3443 1600 3633 1662 postea

352 1699 521 1773 puteo
571 1696 940 1753 absconditus.
998 1693 1103 1748 Sed
1153 1705 1308 1758 aunt,
1360 1691 1498 1762 ignis
1546 1689 1637 1744 hic
1672 1685 1940 1757 quomodo

2066 1695 2418 1766 Iompellintnr
2451 1701 2577 1746 ante
2627 1686 2860 1743 tribunal
2891 1684 3159 1788 trgaettdi
3202 1684 3410 1740 Judicis
3466 1684 3635 1738 ratio-

352 1799 605 1846 vcrtatur
631 1789 684 1843 in
715 1802 938 1858 aquam,
964 1785 1214 1856 protinus
1242 1784 1424 1838 subdit
1455 1800 1467 1836 :
1505 1800 1525 1832 ι
1558 1781 1623 1835 Et
1655 1781 1764 1833 eris
1790 1777 1944 1846 quasi

2066 1804 2176 1843 aem
2202 1788 2268 1841 de
2292 1784 2496 1840 nostris
2526 1782 2781 1851 operibus
2803 1775 3067 1843 reddeFe;
3106 1785 3383 1847 postremo
3419 1775 3640 1830 dabitur

350 1883 543 1939 hortus
574 1879 847 1948 inriguus,
877 1888 935 1931 et
961 1877 1103 1931 sicut
1126 1874 1253 1930 fons
1282 1887 1582 1943 aquarum,
1631 1869 1789 1940 cujus
1841 1882 1947 1921 non

355 1969 610 2024 deficient
652 1982 825 2038 aquae.
872 1986 892 2021 ι
933 1965 1218 2020 Postremo
1265 1973 1322 2019 ut
1375 1963 1624 2024 noveris.
1671 1963 1799 2032 quia
1836 1960 1952 2014 haec

357 2074 550 2114 rursus
567 2073 707 2128 aqua
733 2057 787 2112 in
812 2056 990 2127 ignem
1015 2055 1378 2119 convertitur,
1402 2062 1457 2108 et
1479 2068 1574 2121 per
1593 2052 1949 2126 Iacrymarum

359 2149 591 2219 gratiam
637 2147 805 2204 divini
855 2147 1060 2202 amoris
1110 2146 1276 2202 ardor
1324 2143 1624 2200 ferventius
1658 2143 1950 2204 excitatur,

359 2239 522 2309 paulo
560 2238 790 2294 inferius
821 2238 1078 2294 addidit:
1124 2256 1142 2289 ι
1187 2236 1339 2293 Tunc
1388 2233 1748 2290 delectaberis
1791 2245 1954 2302 super

359 2330 624 2396 Domino,
646 2337 702 2384 et
731 2329 1016 2386 sustollam
1053 2335 1108 2382 te
1137 2341 1304 2396 super
1331 2325 1678 2383 altitudinem
1709 2333 1891 2381 terrae.
1929 2342 1949 2378 ι

997 2438 1224 2494 CAPUT
1264 2438 1326 2494 ll.

691 2529 719 2586 Ι
727 2549 759 2585 ιι
789 2529 1006 2600 epistola
1038 2531 1108 2583 ad
1141 2529 1438 2584 Albericum
1465 2528 1617 2581 carJ.

435 2622 570 2678 illud
597 2629 907 2691 praeterea,
937 2619 1080 2689 quod
1119 2617 1318 2688 quaeris
1355 2617 1484 2686 quid
1528 2616 1754 2672 factum
1780 2614 1854 2671 sit
1894 2613 1960 2670 dc
2000 2669 2004 2672 .

365 2729 495 2769 arca
527 2711 738 2767 Domini
768 2719 825 2765 et
849 2707 1198 2764 tabernaculo
1247 2706 1474 2763 ftederis
1511 2721 1631 2775 qua:
1663 2705 1957 2762 fabrefacta

367 2812 495 2858 sunt
555 2802 610 2856 in
649 2802 898 2866 deserto;
953 2800 1093 2854 sicut
1145 2799 1303 2868 imjus
1351 2799 1426 2854 rei
1485 2813 1621 2874 pene
1679 2797 1756 2853 nil
1797 2797 1963 2853 officit

370 2891 678 2966 ignorantia
702 2931 718 2959 ,
751 2892 826 2946 ita
872 2892 962 2946 vix
992 2891 1194 2961 aliquid
1250 2891 1500 2946 utilitatis
1530 2891 1786 2962 probatur
1834 2908 1966 2946 con-

373 2985 517 3038 ferre
548 2984 760 3040 notitia.
810 2981 1199 3038 Verumtamen
1227 3023 1242 3047 ,
1287 2983 1430 3036 sicut
1459 2982 1754 3050 Scriptura:
1798 2982 1964 3038 tradit

375 3073 710 3141 auctoritas,
747 3072 802 3126 in
835 3079 1018 3126 monte
1059 3072 1281 3126 Abarim
1303 3111 1316 3136 ,
1345 3071 1436 3126 ubi
1486 3071 1696 3144 Moyses
1724 3071 1963 3141 sepultus

2055 1881 2110 1935 in
2148 1872 2235 1932 illa
2287 1890 2535 1946 superna:
2572 1870 2836 1926 claritatis
2879 1868 3050 1939 gloria
3087 1868 3205 1922 sine
3245 1865 3350 1920 fine
3385 1880 3636 1935 regnare.

2056 1971 2261 2028 Teneat
2281 1983 2411 2040 ergo
2437 1967 2680 2022 ordinem
2710 1963 2804 2033 qui
2836 1962 3006 2015 vitare
3032 1959 3145 2013 vult
3170 1957 3517 2028 Babylonem.
3543 1955 3643 2009 Illo

2057 2061 2312 2114 nimirum
2343 2059 2466 2111 vitae
2511 2070 2623 2108 sua:
2667 2052 2912 2108 ordinem
2941 2049 3171 2104 vivendo
3209 2046 3489 2101 confundit
3541 2045 3644 2114 qui

2057 2161 2181 2206 ante
2223 2149 2335 2204 vult
2377 2148 2554 2200 ridere
2599 2158 2757 2212 quam
2801 2140 2948 2196 flere.
2979 2138 3117 2195 Cum
3163 2136 3414 2192 Salomon
3444 2135 3643 2191 dicat:

2063 2264 2080 2296 ι
2116 2243 2348 2311 Tempus
2375 2239 2535 2294 flendi
2560 2246 2614 2291 et
2644 2246 2854 2304 tempus
2881 2233 3086 2288 ridendi
3121 2230 3317 2302 (Eccle.
3352 2229 3456 2299 ιιι).
3494 2248 3513 2282 ι
3545 2228 3646 2283 ille

2058 2339 2222 2393 etiam
2253 2336 2384 2390 recti
2416 2331 2621 2387 ordinis
2651 2329 2849 2384 lineam
2879 2326 3080 2381 deserit
3107 2324 3200 2393 qui
3241 2322 3441 2378 creatis
3483 2321 3647 2376 rebus

2059 2428 2372 2482 Creatorem
2404 2421 2646 2478 omnium
2685 2419 2738 2473 in
2789 2429 2974 2470 amore
3007 2413 3302 2483 postponit.
3347 2411 3496 2465 Sicut
3526 2425 3653 2479 per—

2060 2536 2219 2577 verso
2265 2517 2470 2572 homini
2519 2514 2696 2569 divina
2742 2526 2877 2566 voce
2932 2509 3174 2564 dicitur:
3217 2525 3233 2556 ι
3291 2503 3524 2559 Posuisti
3562 2517 3654 2556 me

2059 2625 2181 2686 post
2209 2628 2404 2682 corpus
2453 2617 2622 2664 tuum.
2651 2625 2670 2658 ι
2724 2603 3012 2659 Dominum
3067 2601 3263 2670 quippe
3311 2597 3474 2670 270
3526 2603 3651 2666 post

2061 2683 2259 2776 corpus
2295 2718 2452 2757 suum
2484 2698 2635 2769 ponit
2662 2695 2768 2768 qui
2813 2692 2984 2762 magis
3033 2690 3212 2746 studet
3254 2686 3514 2750 utilitati,
3564 2683 3649 2737 vel

2064 2795 2320 2866 voluptati
2348 2791 2530 2848 carnis
2574 2803 2686 2848 sua:
2730 2783 3012 2842 consulere
3055 2796 3216 2851 quam
3245 2779 3337 2833 Dei
3380 2784 3653 2848 praecepta

2065 2903 2303 2948 servare.
2345 2885 2484 2943 Hinc
2533 2889 2617 2936 est
2661 2877 2804 2949 quod
2843 2889 3036 2946 sponsa
3094 2871 3226 2926 dicit
3261 2871 3313 2922 in
3361 2866 3600 2923 Cauticis
3635 2883 3650 2917 :

2072 3003 2089 3035 ι
2124 2977 2406 3038 Ordiuavit
2435 2977 2488 3028 in
2521 2987 2605 3027 me
2636 2970 2964 3027 charitatem
2995 2964 3177 3034 (Cant.
3204 2962 3285 3029 ιι).
3319 2980 3337 3012 ι
3377 2957 3653 3025 Nusquam

2067 3078 2215 3129 certe
2255 3073 2582 3140 praeceptum
2614 3061 2667 3118 in
2703 3056 2918 3115 Veteris
2941 3050 3274 3113 Testamenti
3317 3045 3658 3103 czeremoniis

375 3165 713 3236 agnoscitur,
751 3163 1154 3218 tabernaculum
1201 3165 1363 3219 simul
1394 3181 1516 3219 eum
1549 3180 1674 3220 arca
1717 3180 1816 3220 nec
1857 3182 1960 3219 non

2070 3137 2343 3220 invenitur
2400 3167 2461 3215 ut
2507 3154 2612 3210 mel
2677 3149 2964 3213 sacrificiis
3014 3146 3324 3200 misceatur.
3364 3140 3466 3196 Per
3510 3137 3662 3206 quod

375 3265 432 3310 et
485 3255 661 3311 altare
717 3255 930 3328 incensi
986 3255 1326 3309 reconditum
1383 3254 1630 3312 Jeremize
1694 3256 1967 3324 propheta:

376 3343 629 3402 manibus
678 3344 970 3399 invenitur.
1022 3343 1176 3412 Quod
1224 3344 1460 3400 evidenti
1512 3344 1818 3400 declaratur
1883 3345 1968 3400 in-

378 3435 524 3496 dicio
547 3477 562 3500 ,
591 3435 636 3490 si
690 3435 913 3492 secundi
946 3435 1071 3492 libri
1102 3419 1545 3491 Machabacotum'
1564 3434 1850 3506 diligenter
1889 3442 1970 3487 at-

380 3529 632 3586 tendatur
671 3528 992 3582 exordium:
1037 3546 1054 3579 ι
1097 3526 1273 3592 Erat,
1307 3527 1478 3597 inquit
1509 3565 1524 3592 ,
1582 3526 1634 3581 iu
1664 3527 1778 3596 ipsa
1825 3523 1971 3579 Serio

381 3628 585 3690 ptura,
635 3618 904 3690 quomodo
968 3618 1373 3673 tabernaculum
1453 3627 1510 3672 et
1585 3631 1767 3672 arcam
1814 3614 1979 3683 jussit

382 3711 644 3780 prOphcta
676 3751 690 3776 ,
739 3709 920 3765 divino
961 3724 1220 3780 responso
1275 3709 1341 3762 ad
1381 3724 1440 3764 se
1491 3709 1675 3770 facto.
1729 3707 1973 3763 comitari

383 3815 595 3868 secum,
632 3817 914 3872 nsquequo
951 3801 1085 3857 exiit
1116 3801 1168 3856 in
1208 3810 1468 3865 montem,
1499 3801 1553 3855 in
1580 3815 1740 3869 quem
1771 3799 1980 3871 Moyses

391 3891 690 3956 ascendit,
739 3901 796 3946 et
838 3892 971 3946 vidit
1032 3890 1124 3945 Dei
1167 3889 1491 3960 claritatem.
1544 3890 1610 3944 Et
1656 3889 1876 3944 veniens
1909 3888 1981 3942 ibi

385 3984 679 4050 Jerctnias,
709 3986 916 4042 invenit
948 3985 1124 4041 locum
1154 3984 1442 4057 spcluncte,
1472 3994 1524 4040 et
1551 3984 1981 4048 tabernaculum,

1747 4147 2396 4171 _______.___..____—

2074 3254 2407 3323 intelligitur.
2451 3248 2575 3318 quia
2605 3245 2689 3300 his
2711 3286 2726 3308 ,
2759 3242 2850 3312 qui
2881 3241 3005 3294 vita:
3034 3252 3142 3293 suae
3192 3235 3299 3289 Deo
3328 3230 3662 3287 sacrificium

2075 3321 2330 3408 oderunt,
2360 3340 2564 3399 nullam
2601 3337 2741 3391 Deus
2769 3331 3041 3388 carnalem
3078 3327 3193 3383 vult
3216 3327 3391 3380 inesse
3419 3321 3665 3377 dulcedi-

2078 3455 2222 3500 nem,
2255 3434 2387 3492 nihil
2414 3434 2466 3487 in
2493 3431 2572 3485 eis
2596 3429 2776 3482 vivere
2804 3423 2948 3499 quod
2991 3421 3057 3476 ad
3087 3417 3362 3477 carnalem
3389 3413 3666 3485 pertineat

2076 3528 2430 3598 voluptatem.
2458 3521 2647 3576 Oleum
2679 3524 2861 3570 autem
2890 3513 3202 3582 frequenter
3231 3505 3562 3566 immittitur,
3603 3509 3666 3557 ut

2077 3593 2256 3675 omnis
2285 3623 2484 3671 nostra:
2513 3607 2845 3682 operationis
2873 3602 3074 3660 oblatio
3106 3598 3350 3655 hilariter
3379 3593 3664 3651 offeratur.

2085 3731 2100 3760 ι
2132 3708 2365 3765 Hilarem
2392 3703 2534 3758 enim
2580 3701 2824 3754 datorem
2862 3693 3037 3762 diligit
3067 3692 3208 3746 Deus
3239 3687 3321 3760 (fl
3353 3685 3476 3745 Car.
3509 3683 3610 3753 Ix).
3644 3701 3663 3731 ο

2082 3803 2136 3856 1η
2166 3799 2419 3854 omnibus
2458 3795 2620 3848 etiam
2653 3790 2728 3845 sai
2761 3787 3072 3858 prmcipitur
3107 3780 3392 3838 admisceri
3416 3785 3477 3832 ut
3503 3792 3671 3851 omne

2082 3892 2208 3948 boni
2257 3888 2438 3959 aperis
2483 3883 2807 3939 sacrificium
2843 3921 2857 3944 ,
2892 3878 3117 3933 rationis
3147 3918 3160 3938 ,
3216 3868 3558 3928 disrrctionis
3605 3882 3672 3919 ac

2085 3979 2321 4036 cmlesns
2351 3974 2628 4048 sapientia:
2656 3973 2727 4026 sit
2754 3970 2866 4025 sale
2895 3967 3196 4023 conditum.

3021 4123 3668 4143 ..___...___.-._——————

2399 4134 3018 4159 ________________....

827 4276 929 4336 DE
991 4273 1545 4336 PETITIONIBUS
1582 4267 2022 4331 LINCIDAIUI
2059 4263 2161 4326 ΕΤ
2197 4250 2866 4322 RESPONSIONIBUS
2905 4242 3281 4307 EJUSDE‘M.

1634 4411 1823 4492 (Opp.
1859 4419 2007 4471 tom.
2047 4406 2178 4480 III,
2219 4422 2433 4484 opusc.
2469 4400 2553 4479 3.)

468 4585 672 4657 Quaest.
718 4585 770 4638 1.
827 4580 886 4637 Si
915 4577 1164 4636 Christus
1198 4591 1303 4632 non
1350 4575 1495 4628 venit
1539 4571 1746 4628 solvere
1775 4570 1946 4642 legem
1965 4594 1985 4632 -,
2018 4571 2065 4630 Β
2093 4567 2224 4630 lere,
2258 4563 2300 4618 si
2335 4559 2585 4616 Christus
2621 4571 2724 4610 non
2770 4552 2916 4608 venit
2965 4550 3136 4620 legem
3169 4546 3401 4612 solvere,
3431 4545 3524 4600 sed
3573 4545 3682 4602 im-

401 4682 494 4736 τινά
512 4676 858 4748 implere,cur
872 4685 1036 4729 carne
1061 4685 1167 4725 non
1195 4667 1601 4724 circumciditur
1615 4661 1988 4719 Christianus?

425 4749 445 4768 ’
479 4770 732 4839 Respons.
775 4765 887 4820 imo
929 4766 1042 4832 jam
1088 4776 1146 4816 se
1192 4761 1314 4815 ideo
1353 4756 1696 4814 Christianus
1767 4753 1989 4808 minime

402 4858 780 4923 circumcidit;
810 4856 934 4926 quia
961 4855 1102 4922 quod
1125 4848 1538 4906 circumcisione
1565 4845 1991 4916 pmphetabazar

372 4955 653 5010 'Christus
683 4949 947 5020 implevit.
983 4943 1311 5014 Exspoliatio
1337 4942 1532 5010 quippe
1566 4940 1687 4993 vita:
1730 4937 1988 4998 carnalis,

405 5033 526 5117 qua!
564 5045 617 5098 in
664 5042 834 5096 veteri
869 5022 1188 5108 lege‘fuerat
1230 5033 1456 5102 figurata
1485 5071 1502 5096 ,
1549 5032 1605 5084 in
1645 5029 1846 5085 Christi
1877 5027 1988 5096 jam

404 5139 648 5196 cernitur
661 5131 1060 5191 resurrectione
1072 5125 1359 5195 completa;
1377 5133 1432 5177 et
1451 5123 1594 5192 quod
1615 5127 1994 5189 exspectamus

408 5234 464 5287 in
484 5236 671 5285 nostra
697 5220 1094 5281 resurrectione
1125 5217 1385 5277 futurum,
1408 5213 1520 5282 jam
1547 5214 1598 5268 in
1628 5211 1766 5266 sacri
1796 5208 1996 5279 baptis-

410 5325 575 5381 matis
614 5317 870 5392 mysterio
899 5311 1330 5370 conuucndatur.
1381 5305 1626 5362 Carnalis
1659 5305 1840 5372 itaque
1889 5302 1995 5356 cir-

409 5415 672 5470 cumcisio
704 5421 961 5478 tanquam
997 5401 1265 5474 superflua
1303 5401 1423 5470 jure
1453 5396 1838 5457 contemnitur,
1873 5407 1994 5446 cum

407 5507 521 5580 jam
586 5501 923 5574 spiritualis.
974 5503 1196 5566 propter
1244 5505 1404 5562 quam
1454 5485 1860 5560 significandam
1909 5482 1995 5536 illa

411 5603 790 5676 praecesserat,
815 5592 1098 5662 figuratur.

491 5686 692 5756 Qumst.
723 5686 776 5741 ‘2.
819 5685 927 5741 Cur
959 5681 1158 5739 omittit
1197 5677 1536 5735 Christianus
1565 5672 1856 5728 Sabbatum
1918 5682 2005 5722 co-

895 5823 920 5841 Δ,
936 5825 989 5841 λ-ιι

2091 4655 2276 4727 plere?
2760 4691 2782 4721 _.

2162 4747 2412 4815 Respons.
2447 4744 2490 4796 Α
2522 4740 2679 4796 nobis
2728 4737 3026 4793 Sabbatum
3075 4734 3196 4788 ideo
3241 4747 3348 4788 non
3381 4739 3638 4786 servatur
3671 4777 3688 4798 ,

2091 4839 2216 4909 quia
2241 4836 2384 4907 quod
2418 4845 2544 4888 tunc
2571 4841 2689 4887 erat
2723 4832 2776 4884 in
2804 4829 2972 4900 figura
3007 4825 3377 4896 prtemissum,
3410 4837 3506 4893 per
3529 4821 3686 4876 exhi-

2093 4934 2354 4991 bitionem
2409 4929 2486 4984 rei
2541 4927 2654 4996 jam
2705 4924 2950 4978 videmus
2994 4919 3293 4988 impletum.
3352 4916 3413 4972 in
3465 4913 3690 4970 Christo

2092 5027 2290 5096 quippe
2311 5036 2498 5076 verum
2523 5017 2824 5090 spiritualis
2845 5015 2940 5070 otii
2963 5012 3262 5067 Sabbatum
3283 5011 3532 5070 colimus.
3557 5024 3688 5062 cum

2094 5118 2150 5173 in
2173 5133 2238 5173 eo
2269 5115 2382 5169 solo
2421 5128 2570 5181 spem
2615 5109 2867 5180 ponimus
2894 5147 2909 5176 ,
2954 5115 3010 5160 et
3037 5105 3116 5159 sic
3150 5105 3202 5158 in
3237 5103 3328 5158 illo
3362 5113 3475 5157 toto
3499 5100 3691 5156 cordis

2102 5223 2287 5266 amore
2308 5221 2372 5260 ac
2395 5203 2678 5258 devotione
2703 5198 3052 5269 quiescimus,
3087 5205 3146 5249 ut
3167 5196 3235 5250 ab
3251 5193 3398 5248 omni
3427 5192 3690 5246 vitiorum

2101 5298 2282 5355 servili
2317 5311 2481 5366 Opere
2522 5309 2586 5346 ac
2618 5302 2958 5345 terrenarum
2992 5302 3174 5342 rerum
3219 5285 3518 5353 ambitione
3568 5299 3698 5337 ecs-

2103 5405 2304 5444 scmus.
2337 5387 2417 5440 Ad
2461 5383 2602 5452 quod
2653 5381 2948 5436 Sabbatum
2994 5376 3374 5433 celebrandum
3424 5374 3539 5444 ipse
3590 5387 3698 5428 nos

2102 5485 2361 5553 provocat
2395 5516 2409 5539 ,
2445 5476 2570 5528 dum
2621 5472 2816 5528 clamat
2853 5490 2863 5524 :
2904 5490 2921 5522 ‹
2967 5470 3158 5526 Venite
3187 5509 3201 5531 ,
3239 5467 3455 5536 inquit,
3482 5465 3548 5519 ad
3579 5479 3698 5528 me.

2109 5586 2298 5626 omnes
2335 5569 2425 5640 qui
2479 5565 2736 5624 laboratis
2777 5575 2830 5619 et
2877 5562 3085 5618 onerati
3119 5562 3272 5629 estis,
3329 5569 3383 5614 et
3431 5573 3532 5628 ego
3561 5557 3701 5611 reﬁ-

2114 5665 2254 5718 ('ialll
2288 5677 2398 5714 vos.
2431 5657 2620 5715 Tollite
2642 5655 2830 5726 jngunt
2864 5671 3040 5710 meum
3081 5667 3242 5724 super
3274 5662 3381 5717 vos,
3417 5659 3472 5706 et
3499 5648 3707 5709 discite
