4058 6178
383 301 404 356 Ι
423 301 514 356 177

1411 303 1498 358 DE
1543 302 2023 363 rs'rmomeus
2060 307 2459 368 LlNClDAltll.
2503 309 2652 365 E'I'C.
2725 276 2727 279 ’

3419 382 3433 396 δ
3517 322 3674 378 ιιῖυε

377 433 406 470 ιι
437 433 540 480 me,
565 415 690 484 quia
721 415 868 470 mitis
887 429 1006 470 sum
1033 423 1088 470 et
1117 414 1336 471 humilis
1358 418 1542 482 corde,
1565 429 1621 472 et
1665 418 1954 472 invenietis
1986 427 2028 482 Α
2058 417 2199 473 luna:
2235 419 2548 475 solemnitas
2605 436 2800 476 novam
2852 421 3098 494 designat
3140 423 3191 480 in
3248 425 3470 485 homine
3529 432 3648 489 lieri

379 507 620 576 requiem
664 507 947 562 animabus
990 507 1188 562 vestris
1219 507 1434 577 (Matth.
1461 525 1514 563 χι
1561 509 1603 580 ).
1641 528 1659 560 ι
1712 509 1958 564 Carnalis

375 611 504 671 ergo
537 599 760 655 Sabbati
781 599 980 654 cultum
1007 615 1398 668 supervacuum
1427 601 1679 662 dicimus.
1706 618 1826 655 cum
1844 601 1956 669 jam

378 691 506 745 illud
531 706 718 745 verum
754 700 807 746 et
839 689 1198 755 salutiferum,
1230 702 1452 761 propter
1479 693 1622 762 quod
1649 692 1956 748 institutmn

376 795 480 849 est,
501 784 856 840 celebramus.

450 876 652 942 Qumt.
691 875 744 929 5.
775 876 831 930 Si
867 867 1117 930 Christus
1155 891 1262 930 non
1298 876 1444 929 venit
1486 876 1658 944 legem
1703 877 1912 932 solvere
1939 915 1956 942 ,

374 968 470 1023 sed
498 967 744 1036 implere,
774 982 873 1020 cur
897 967 1242 1022 Christianus
1265 965 1487 1033 negligit
1514 966 1760 1020 ciborum
1802 965 1955 1020 dill‘c-

375 1059 605 1115 rentiam
632 1074 751 1127 quae
778 1058 830 1111 in
852 1057 967 1137 lege
994 1057 1306 1128 praecipitur
1329 1056 1645 1112 observari?

447 1150 704 1219 Rapum.
753 1150 866 1205 lmo
913 1149 1118 1206 idcirco
1181 1151 1296 1205 haec
1357 1165 1388 1203 a
1426 1149 1751 1204 Christianis
1809 1149 1958 1204 cibo-

376 1258 494 1296 rum
529 1241 834 1297 dill'erentia
867 1257 975 1295 non
1015 1240 1352 1303 admittitur;
1387 1241 1642 1310 quoniam
1678 1256 1709 1294 a
1739 1239 1958 1295 Christo

375 1332 518 1400 quod
563 1346 665 1408 per
709 1332 850 1386 hanc
897 1331 1232 1402 ﬁgurabatur
1276 1330 1548 1400 impletur.
1612 1328 1955 1384 [inmunditia

373 1423 595 1492 quippe,
627 1438 746 1494 qua:
777 1431 902 1477 tunc
925 1423 1220 1476 cavebatur
1249 1421 1301 1476 in
1333 1421 1500 1496 cibis,
1531 1435 1676 1475 nunc
1706 1421 1761 1474 in
1795 1419 1958 1473 mori-

373 1513 475 1568 bus
517 1514 839 1583 reprobatur
866 1512 1134 1567 humanis.
1170 1511 1320 1566 Sicut
1363 1511 1507 1566 enim
1536 1511 1709 1565 sancti
1758 1510 1958 1579 quique

374 1620 438 1658 ac
487 1606 616 1676 justi
651 1607 1055 1661 transferuntur
1085 1605 1138 1659 in
1168 1605 1326 1674 271
1366 1618 1565 1672 corpus
1610 1599 1848 1662 Christi;
1879 1601 1958 1656 sic

375 1695 444 1748 ab
492 1710 558 1750 eo
589 1695 802 1765 reprobi
839 1704 902 1750 et
941 1694 1110 1764 iniqui
1161 1707 1418 1763 tanquatn
1468 1692 1572 1747 cibi
1623 1691 1958 1762 repellantur

376 1789 663 1843 immundi.
697 1788 990 1858 Postquam
1031 1804 1160 1858 ergo
1191 1789 1303 1856 ipsa
1334 1787 1546 1841 Veritas
1579 1801 1698 1858 qute
1747 1785 1956 1856 signiﬁ-

371 1878 601 1933 cabatur
635 1878 855 1933 adveni:
886 1918 901 1944 ,
946 1879 1142 1934 merito
1183 1877 1592 1947 signiﬁcationis
1623 1877 1813 1932 umbra
1841 1892 1960 1932 ces-

373 1969 534 2024 savit.

446 2060 644 2127 Quiut.
678 2060 732 2115 4.
768 2060 824 2115 Si
860 2060 1108 2116 Christus
1149 2075 1253 2114 non
1301 2061 1446 2114 venit
1493 2059 1662 2128 legem
1697 2058 1908 2113 solvere
1942 2098 1956 2122 ,

371 2154 465 2210 sed
497 2153 746 2223 implere,
777 2167 876 2206 cur
900 2161 954 2206 et
993 2151 1308 2208 anitmlium
1345 2152 1600 2205 carnibus
1625 2153 1956 2206 sacriﬁcium

374 2245 484 2298 Deo
512 2242 856 2300 Christianus
884 2257 989 2295 non
1020 2249 1177 2295 curat
1207 2238 1442 2294 oll‘erre?

442 2333 693 2401 Respons.
741 2331 855 2388 lino
906 2331 1112 2385 idcirco
1169 2346 1198 2384 a
1256 2329 1588 2384 Christianis
1654 2327 1957 2396 huiusmodi

372 2423 702 2479 sacrilicittm
749 2437 856 2476 non
887 2419 1149 2487 oﬂ‘ertur;
1181 2420 1308 2490 quia
1334 2420 1597 2490 quidquid
1646 2419 1698 2473 in
1738 2419 1843 2472 illis
1871 2421 1962 2473 ho-

372 2515 491 2568 stiis
523 2513 696 2584 typice
721 2512 1009 2584 gerebatur
1033 2552 1048 2574 ,
1080 2521 1252 2566 totum
1284 2511 1336 2564 in
1371 2510 1742 2565 immolatione
1774 2509 1911 2580 Agni
1943 2550 1958 2573 ,

376 2625 396 2659 ι
431 2607 520 2676 qui
555 2605 694 2660 tollit
741 2612 963 2675 peccata
1023 2602 1206 2656 mundi
1252 2601 1438 2673 (Joan.
1495 2605 1631 2668 1-).»
1691 2601 1962 2654 veraciter

371 2695 742 2766 atlimplctur:
788 2702 844 2749 et
891 2692 1016 2763 quia
1073 2691 1252 2746 omnia
1306 2691 1395 2745 illa
1455 2690 1529 2744 nil
1568 2689 1713 2744 aliud
1769 2689 1960 2744 salutis

372 2785 666 2848 habebant,
696 2783 802 2838 nisi
830 2789 890 2836 ut
933 2783 1000 2836 ad
1030 2782 1134 2836 hoc
1171 2790 1416 2836 nostrum
1459 2779 1786 2836 sacrificium
1820 2795 1958 2834 una-

373 2878 593 2932 nimiter
625 2875 929 2940 tenderent,
959 2874 1063 2929 hoc
1097 2891 1265 2928 unum
1303 2873 1479 2928 omnis
1507 2874 1956 2945 ceremoniarum

373 2967 664 3022 diversitas
712 2967 1062 3037 designaret,
1116 2975 1400 3035 postquam
1450 2964 1626 3019 hostia
1668 2963 1959 3034 singularis

372 3057 586 3124 illuxit,
629 3057 908 3126 multiplex
957 3056 1144 3110 umbra
1187 3071 1305 3126 qua:
1341 3055 1679 3126 praecedebat
1711 3055 1952 3110 evanuit.

2067 521 2395 576 creaturam,
2422 512 2489 566 de
2517 529 2623 582 qtta
2665 513 2794 567 dicit
2820 514 3148 584 Apostolus:
3189 539 3206 570 ι
3241 518 3296 573 Si
3338 537 3444 590 qua
3489 524 3653 593 igitur

2065 603 2118 656 in
2161 603 2379 658 Christo
2429 621 2563 659 nova
2605 615 2855 661 creatura
2883 648 2898 672 ,
2943 618 3126 664 vetera
3171 619 3538 682 transierunt,
3597 628 3652 671 et

2065 707 2192 747 ecce
2229 692 2366 748 facta
2395 705 2522 748 sunt
2551 696 2730 749 omnia
2763 712 2901 750 nova
2929 696 3012 767 (II
3043 697 3166 752 Cor.
3199 700 3274 769 v).
3309 721 3326 752 ο

2142 784 2342 850 Qumi.
2376 786 2429 840 8.
2471 785 2526 841 Si
2558 787 2806 844 Christus
2838 804 2944 843 non
2983 791 3133 844 venit
3182 791 3352 862 legem
3402 795 3612 853 solvere
3637 841 3650 864 ,

2069 889 2166 928 cur
2191 873 2531 930 Christianus
2557 875 2644 930 illa
2687 876 3022 933 ahlutionum
3063 880 3389 950 baptismata
3418 901 3537 954 qua:
3565 886 3648 941 lex

2067 965 2311 1035 prarcipit
2337 982 2443 1021 non
2479 969 2771 1022 observat?

2142 1053 2399 1125 Respons.
2461 1056 2586 1111 Ideo
2654 1058 2769 1112 haec
2822 1057 3144 1116 Christiana:
3198 1079 3304 1117 non
3373 1077 3650 1122 merentur

2066 1145 2428 1202 observantia:
2467 1150 2674 1204 cultum
2708 1191 2722 1215 ,
2760 1133 2884 1219 quia
2929 1159 3058 1207 tunc
3088 1153 3295 1210 umbrae
3320 1155 3537 1212 fuerunt
3563 1159 3648 1212 [ιι-

2069 1245 2316 1292 turorum
2358 1254 2589 1308 quorum
2620 1257 2761 1295 nunc
2806 1241 3152 1310 perSpicuum
3196 1246 3534 1314 possidemus
3574 1254 3650 1306 elo

2065 1329 2285 1385 fectum.
2321 1350 2338 1382 ι
2376 1331 2686 1403 Conscpulti
2736 1335 2880 1388 enim
2930 1351 3118 1392 sumus
3173 1337 3390 1394 Christo
3432 1357 3526 1410 per
3558 1345 3645 1398 ha-

2064 1424 2321 1491 ptisrnum
2363 1425 2415 1479 in
2441 1435 2649 1488 morte;
2685 1436 2742 1480 ut
2769 1430 3038 1496 quomodo
3069 1434 3307 1487 surrexit
3331 1435 3582 1493 Christus
3620 1457 3650 1493 a

2066 1516 2295 1571 mortuis
2338 1532 2435 1586 per
2481 1518 2707 1589 gloriam
2751 1519 2949 1587 Patris,
2982 1522 3063 1578 sic
3101 1533 3156 1578 et
3199 1541 3297 1582 nos
3325 1526 3377 1582 in
3411 1532 3651 1589 novitate

2062 1610 2187 1665 vita:
2217 1612 2560 1666 ambulemus
2585 1613 2758 1684 (Rom.
2787 1617 2882 1684 vt).
2923 1635 2941 1669 ι

2136 1722 2336 1789 ρυιεει.
2358 1725 2410 1779 9.
2443 1725 2498 1780 Si
2525 1726 2608 1780 lex
2640 1741 2668 1779 a
2697 1726 2914 1781 Christo
2941 1728 3157 1798 impleta
3185 1740 3288 1796 est,
3316 1749 3422 1787 non
3453 1736 3652 1798 soluta,

1986 1801 2034 1860 Β
2063 1816 2190 1886 quid
2223 1817 2452 1870 rationis
2495 1818 2750 1886 oljicilur
2783 1829 2841 1872 ut
2887 1835 2918 1874 a
2966 1820 3290 1878 Christianis
3319 1831 3652 1897 scenoprg‘m

2062 1905 2380 1960 solemnitas
2408 1923 2512 1960 non
2541 1909 2795 1963 colatur?

2137 2017 2388 2090 Respons.
2435 2019 2866 2076 Tabernaeulmn
2911 2023 3006 2080 Dei
3058 2027 3293 2082 societas
3334 2038 3417 2084 est
3465 2031 3650 2101 populi

2059 2109 2375 2173 Christiani,
2403 2120 2455 2166 et
2483 2113 2735 2181 quoniam
2775 2114 2902 2169 illud
2951 2115 3359 2173 tabernaculum
3404 2129 3651 2176 sanctam

2061 2198 2443 2268 praeﬁgurahat
2479 2200 2774 2256 Ecclesiam
2803 2245 2816 2264 ,
2849 2207 3214 2262 contemnitur
3245 2209 3456 2279 signum
3503 2223 3646 2282 post-

2061 2305 2224 2359 qttam
2266 2290 2417 2343 venit
2459 2294 2602 2357 quod
2657 2295 2832 2347 fuerat
2881 2298 3286 2366 prarsignatum.
3353 2299 3463 2357 Nec
3506 2304 3652 2358 enim

2061 2381 2337 2435 diceretur
2367 2381 2774 2436 tabernaculum
2819 2385 3152 2451 testimonii,
3184 2389 3286 2442 nisi
3320 2390 3481 2462 272
3517 2402 3652 2447 atte-

2062 2480 2300 2527 staretur
2346 2471 2506 2528 alicui
2543 2489 2665 2542 qum
2706 2474 3030 2530 declaranda
3070 2487 3230 2532 erant
3263 2495 3361 2536 suo
3413 2491 3652 2554 tempore

2060 2565 2324 2620 veritatis.
2355 2565 2508 2632 Quod
2533 2567 2714 2635 itaque
2755 2575 2885 2621 tunc
2918 2569 3179 2638 agebatur
3208 2582 3482 2642 praecepto
3517 2574 3653 2646 ligu-

2062 2665 2285 2718 ratum,
2341 2669 2486 2710 nunc
2544 2657 2964 2726 prtesentialiter
3030 2661 3274 2716 cernitur
3342 2665 3653 2721 testimonio

2063 2748 2358 2803 revelatum
2392 2767 2406 2803 :
2435 2757 2490 2803 et
2527 2765 2647 2804 cum
2678 2748 2787 2819 iam
2824 2751 2875 2805 id
2907 2754 3052 2822 quod
3089 2753 3426 2824 ligurabatur
3457 2760 3652 2830 aspici-

2063 2857 2176 2905 tur,
2200 2841 2342 2910 quod
2376 2841 2640 2912 ﬁgurabat
2666 2843 2996 2914 superﬂuum
3031 2863 3124 2915 per
3147 2850 3332 2904 omnia
3349 2849 3650 2920 judicatur.

2135 2949 2334 3016 Quaest.
2364 2951 2447 3006 tO.
2485 2953 2542 3007 Si
2575 2953 2824 3009 Christus
2854 2954 3026 3026 legem
3066 2958 3276 3014 solvere
3318 2960 3526 3026 noluit,
3557 2965 3650 3018 scd

2066 3040 2314 3112 implere,
2369 3059 2537 3112 quare
2585 3043 2930 3101 Christianus
2974 3051 3264 3117 septimum
3314 3052 3652 3112 remissionis

373 3151 504 3218 Quis
550 3151 692 3206 enim
748 3151 954 3205 nesciat
981 3149 1168 3204 eadem
1207 3149 1474 3204 sacriﬁcia
1533 3149 1715 3218 potius
1754 3148 1954 3204 adhoc

2064 3148 2289 3200 annum,
2316 3135 2399 3189 vel
2421 3136 2584 3190 etiam
2605 3135 2886 3205 jubilzeum
2920 3139 3142 3212 negligit
3170 3143 3498 3200 observare?

372 3242 717 3321 inpbediendt
773 3239 1004 3311 populo,
1059 3255 1126 3294 ne
1164 3254 1285 3294 cum
1342 3240 1501 3294 idolis
1546 3239 1909 3294 fornicarctur
1938 3282 1952 3305 ,

371 3335 621 3405 imposita
657 3375 672 3399 ,
742 3351 904 3405 quam
961 3333 1071 3389 Deo
1126 3342 1384 3403 tanquam
1441 3334 1554 3403 ipse
1622 3334 1958 3390 desideraret

367 3427 583 3483 oblata?

442 3516 643 3582 Quaest.
679 3516 733 3571 5.
784 3515 838 3571 Si
889 3516 1138 3572 Christus
1170 3530 1277 3569 non
1307 3514 1455 3569 venit
1494 3513 1668 3584 legem
1700 3514 1910 3568 solvere
1938 3555 1952 3572 .

371 3609 465 3665 sed
509 3610 730 3680 implere
757 3650 772 3676 ,
821 3625 920 3665 cur
973 3609 1318 3664 Christianus
1359 3623 1605 3679 azymam
1651 3624 1813 3678 quam
1869 3609 1954 3663 lex

369 3700 610 3769 praecipit
636 3715 741 3753 non
764 3699 1051 3754 observat?

443 3789 695 3858 Respons.
726 3788 935 3843 Idcirco
962 3804 990 3842 a
1021 3787 1346 3844 Christianis
1373 3788 1602 3842 visibilis
1632 3787 1719 3842 illa
1753 3797 1808 3841 et
1837 3805 1955 3844 cor-

369 3878 573 3950 poralis
618 3892 806 3946 azyma
859 3875 1302 3946 ﬂoccipenditur;
1359 3877 1615 3946 quoniam
1656 3888 1954 3948 expurgato

368 3970 570 4026 veteris
598 3970 721 4023 vitae
748 3969 1034 4031 fermento,
1082 3983 1218 4023 nova
1250 3969 1570 4038 conspersio
1598 3969 1956 4039 spiritualiter

371 4061 716 4132 adimpletur.
751 4061 903 4116 Tunc
948 4061 1091 4116 enim
1123 4070 1242 4116 erat
1268 4061 1408 4132 legis
1451 4061 1720 4132 scriptura
1757 4077 1957 4130 prtece-

369 4163 539 4224 ptum,
568 4169 710 4207 nunc
743 4162 827 4207 est
865 4153 1231 4207 testimonium
1254 4194 1267 4217 ,
1300 4162 1354 4208 et
1381 4161 1664 4222 postquam
1712 4153 1765 4206 id
1809 4153 1952 4221 quod

367 4245 772 4318 signiﬁcabatur
816 4244 1063 4312 advenit,
1097 4245 1200 4300 hoc
1235 4245 1379 4316 quod
1419 4243 1760 4315 signiﬁcabat
1789 4244 1955 4299 inter-

370 4337 453 4390 iit.

435 4427 636 4494 Quml.
667 4427 719 4482 6.
763 4427 818 4484 Si
851 4427 1104 4483 Christus
1149 4426 1320 4498 legem
1367 4426 1513 4482 venit
1541 4425 1764 4496 implere
1790 4466 1805 4490 ,
1854 4441 1952 4480 cur

361 4517 708 4574 Christianus
734 4519 1005 4588 paschalis
1017 4519 1138 4588 agni
1157 4519 1418 4589 sanguine
1434 4516 1640 4572 Pascha
1673 4534 1782 4572 non
1809 4517 1946 4573 cele-

366 4611 508 4676 brat,
537 4625 659 4665 cum
686 4609 789 4663 hoc
817 4618 1095 4677 tantopere
1118 4609 1200 4662 lex
1236 4611 1350 4677 ipsa
1390 4609 1682 4663 decernat?

435 4699 686 4772 Respons.
741 4700 838 4754 llic
881 4699 1113 4768 idipsum
1166 4700 1600 4770 reSpondendum
1648 4700 1790 4769 quod
1833 4701 1946 4769 jam

366 4791 614 4862 superius
664 4789 866 4845 dictum
925 4798 1055 4855 est;
1113 4790 1236 4859 quia
1290 4800 1576 4861 postquam
1641 4805 1828 4856 verus,
1861 4793 1949 4845 ille

367 4888 555 4954 Agnus
577 4883 668 4952 qui
709 4882 1120 4952 signiﬁcabatur
1155 4882 1442 4936 advenisse
1471 4883 1835 4951 cognoscitur,
1863 4883 1948 4937 ille

365 4981 457 5046 qui
497 4975 838 5047 signiﬁcabat
881 4973 1183 5045 superﬂuus
1222 4974 1518 5044 judicatur.
1555 4974 1720 5042 Cujus
1763 4975 1948 5044 utique

365 5068 628 5136 sanguine
657 5081 765 5122 non
803 5066 916 5136 jam
960 5065 1165 5136 ligneas
1194 5065 1307 5118 sive
1350 5063 1589 5132 lapideas
1617 5063 1762 5118 fores
1793 5064 1949 5117 inun-

365 5162 566 5230 gimus,
592 5158 686 5216 sed
716 5157 991 5213 interioris
1039 5156 1215 5227 potius
1245 5155 1479 5210 hominis
1523 5155 1725 5210 viscera
1773 5155 1951 5210 consi-

365 5266 610 5321 gnamus.

438 5338 637 5404 Quaest.
664 5339 716 5394 7.
751 5337 807 5394 Si
857 5351 962 5392 non
989 5335 1146 5392 solvit
1176 5335 1346 5406 legem
1375 5335 1655 5400 Christus,
1701 5352 1799 5390 cur
1831 5335 1947 5407 lege

367 5431 677 5483 mandatam
706 5445 809 5483 ron
842 5429 1081 5484 celebrat
1105 5427 1443 5482 ncomeniam
1467 5426 1846 5481 Christianus?

441 5519 692 5588 Respons.
747 5518 975 5589 Propter
1018 5518 1120 5574 hoc
1178 5517 1340 5571 etiam
1406 5515 1748 5572 Christianus
1801 5515 1942 5570 cele-

365 5611 526 5670 brare
555 5610 882 5673 contemnit;
915 5611 1166 5680 quoniam
1213 5609 1263 5663 id
1295 5617 1490 5672 totum,
1543 5615 1762 5677 propter
1801 5610 1944 5676 quod

368 5701 495 5761 olim
522 5701 848 5756 celebratum
876 5710 987 5766 est,
1017 5699 1264 5755 Christus
1289 5699 1546 5771 implevit,
1576 5713 1725 5754 nera:
1748 5699 1945 5772 quippe

2135 3244 2387 3329 Respons.
2423 3247 2689 3312 Quoniam
2721 3248 2936 3304 Veritas
2965 3266 3028 3304 ac
3061 3251 3338 3320 Sapientia
3383 3255 3501 3322 Dei,
3529 3271 3650 3327 qua:

2060 3351 2181 3390 cum
2209 3337 2400 3392 doceat
2423 3337 2643 3407 angelos
2673 3339 2722 3391 in
2754 3339 2897 3393 coelo
2917 3380 2930 3399 .
2974 3341 3223 3398 homines
3257 3345 3424 3398 etiam
3450 3345 3648 3402 docere

2062 3428 2207 3481 venit
2242 3427 2295 3480 in
2339 3437 2501 3480 terra.
2535 3429 2686 3494 Quod
2731 3431 2882 3498 prius
2917 3429 3157 3498 jusserat
3195 3436 3496 3491 carnaliter
3547 3441 3647 3493 sub

2057 3518 2360 3588 aenigmatis
2422 3517 2610 3573 umbra
2671 3520 2920 3583 servari,
2975 3523 3319 3589 postmodum
3370 3525 3649 3596 discipulis

2059 3609 2171 3664 suis
2197 3608 2552 3676 spiritualiter
2600 3610 2879 3664 mandavit
2919 3610 3165 3682 intelligi.
3211 3612 3301 3667 Sic
3339 3614 3483 3668 enim
3530 3616 3648 3670 dies

2057 3701 2321 3771 septimus
2345 3700 2567 3756 feriatus
2597 3715 2716 3756 esse
2737 3703 3052 3773 praecipitur
3077 3714 3137 3760 ut
3161 3714 3364 3760 teterna
3397 3723 3494 3776 per
3520 3724 3646 3764 eum

2058 3793 2273 3862 requies
2293 3793 2625 3864 designetur.
2655 3793 2746 3849 Sic
2773 3805 2828 3850 et
2857 3796 2910 3850 in
2934 3812 3078 3852 anno
3117 3799 3370 3868 septimo,
3395 3803 3472 3856 sic
3510 3813 3564 3857 et
3593 3804 3654 3857 in

2056 3881 2284 3939 Jubilzeo
2305 3923 2320 3947 ,
2359 3885 2449 3954 qtti
2481 3900 2576 3953 per
2604 3900 2870 3940 annorum
2902 3867 3165 3943 circulum
3198 3893 3510 3959 septenario
3549 3911 3650 3949 nu-

2055 3987 2208 4026 mero
2255 3973 2455 4042 septies
2492 3972 2754 4043 replicata
2794 3983 2848 4029 et
2883 3977 3112 4032 mouade
3157 3981 3507 4047 superaddita
3539 4021 3556 4045 .
3593 3983 3644 4037 in

2057 4060 2584 4130 quinquagenarium
2627 4063 2881 4129 ducitur,
2924 4080 3114 4119 secura
3169 4067 3326 4136 quies
3372 4081 3646 4140 perpetuze

2056 4149 2412 4206 beatitudinis
2462 4153 2765 4208 intimatur.
2823 4153 3120 4224 Incipiente
3165 4158 3365 4226 quippe
3417 4159 3644 4215 ,Ιιιιιίιειειι

2059 4244 2200 4299 tubis
2254 4246 2470 4300 canitur
2495 4287 2509 4310 ,
2541 4261 2840 4318 omnesque
2884 4248 2950 4303 ad
2996 4251 3366 4319 possessiones
3397 4255 3648 4324 pr0prias

2056 4343 2424 4390 revertuntur.
2457 4336 2614 4403 Quia,
2643 4337 2781 4393 sicut
2827 4339 2958 4394 dicit
2982 4340 3272 4410 Apostolus
3299 4360 3310 4396 :
3343 4361 3360 4394 ι
3394 4344 3510 4414 Ipse
3543 4345 3647 4398 Do-

2056 4425 2237 4480 minus
2273 4426 2324 4479 in
2347 4425 2501 4494 jussu
2528 4468 2541 4490 ,
2585 4437 2632 4481 et
2682 4428 2736 4482 in
2780 4443 2910 4484 voce
2947 4430 3300 4500 archangeli,
3335 4441 3389 4488 et
3429 4435 3482 4489 in
3515 4436 3639 4490 tuba

1977 4490 2028 4548 D
2056 4518 2150 4572 Dei
2182 4519 2471 4573 descendet
2493 4520 2559 4574 de
2584 4520 2752 4583 coelo,
2783 4531 2942 4576 canet
2975 4522 3119 4576 enim
3150 4490 3291 4586 tuba,
3341 4534 3397 4580 ct
3443 4533 3641 4588 mortui

2056 4619 2342 4682 resurgent
2373 4611 2670 4678 incorrupti
2699 4610 2750 4681 (1
2783 4611 2962 4665 Thess.
2994 4612 3087 4682 tv).
3125 4632 3142 4664 ›
3170 4613 3250 4667 Ad
3273 4618 3648 4684 possessiones

2055 4711 2234 4756 autem
2281 4716 2408 4756 suas
2444 4699 2886 4771 unumquemque
2933 4703 3130 4766 redire,
3168 4713 3254 4757 est
3283 4722 3512 4775 corpora
3544 4724 3642 4764 sua

2053 4791 2304 4860 protinus
2333 4791 2644 4860 incorrupta
2667 4791 2926 4862 recipere.
2959 4793 3112 4848 Tunc
3141 4805 3442 4851 revertetur
3467 4799 3640 4854 Adam

2055 4883 2121 4936 ad
2162 4882 2438 4958 antiquam
2497 4882 2677 4937 carnis
2727 4898 2837 4938 suae
2897 4892 3096 4938 terram
3153 4886 3206 4938 in
3253 4902 3356 4957 qua
3394 4889 3642 4958 primitus

2056 4954 2423 5037 hahitavera‘t;
2457 4982 2584 5027 tunc
2616 4971 3060 5040 Noe,Ahraham,
3085 4954 3295 5048 Moyses
3323 4954 3646 5050 cunctisque-

2054 5063 2272 5132 propria
2303 5064 2570 5131 possessio
2602 5065 2845 5120 redditur
2869 5106 2882 5127 ,
2923 5066 3048 5120 dum
3088 5083 3286 5137 corpus
3320 5069 3424 5124 illis
3460 5071 3641 5126 incor-

2056 5152 2310 5221 ruptibile
2347 5151 2693 5208 reformatur.
2729 5154 3059 5224 Redemptor
3089 5156 3272 5226 itaque
3297 5166 3519 5224 noster,
3543 5160 3639 5229 qui

2057 5260 2075 5292 ι
2111 5242 2387 5312 discipulis
2414 5244 2626 5313 aperuit
2654 5254 2871 5299 sensum
2897 5285 2912 5308 ,
2958 5255 3016 5300 ut
3050 5247 3410 5316 intelligerent
3439 5260 3638 5321 myste-

2057 5333 2131 5385 ria
2187 5333 2590 5404 Scripturarunt
2619 5333 2772 5403 (Lar.
2803 5337 2974 5405 xxiv),
3013 5355 3032 5388 ι
3083 5339 3253 5393 noluit
3307 5339 3590 5396 .lubilrcutn
3621 5383 3635 5405 ,

2049 5424 2224 5478 noluit
2275 5427 2566 5494 septimum
2620 5427 2956 5482 remissionis
3003 5445 3203 5483 annum
3272 5430 3355 5483 vel
3405 5441 3635 5490 caeteras

2049 5513 2234 5584 legalis
2298 5515 2433 5570 ritus
2513 5517 2867 5572 cteremonias
2940 5517 3234 5573 carnaliter
3286 5518 3562 5575 observari
3619 5563 3643 5588 ,

2050 5617 2332 5676 postquam
2387 5607 2502 5664 haec
2536 5609 2718 5663 omnia
2774 5609 3129 5680 spiritualiter
3175 5609 3306 5667 fecit
3361 5612 3633 5683 intelligi:

2050 5711 2174 5755 tunc
2207 5701 2350 5757 enim
2401 5700 2650 5757 mandata
2695 5701 2884 5772 legalia
2917 5705 3185 5760 veraciter
3233 5705 3637 5788 adimplcntur.
