  <div class='ocr_page' id='page_1' title='image "/cluster/home/n/w/nwhite01/storage/ocr_20150623/145/hvd.32044048207542/597.png"; bbox 0 0 4058 6178; ppageno 0'>
   <div class='ocr_carea' id='block_1_1' title="bbox 403 272 539 328">
    <p class='ocr_par' dir='ltr' id='par_1_1' title="bbox 403 272 539 328">
     <span class='ocr_line' id='line_1_1' title="bbox 403 272 539 328; baseline 0.007 -1"><span class='ocrx_word' id='word_1_1' title='bbox 403 272 539 328; x_wconf 77' lang='lat'><strong>“79</strong></span> 
     </span>
    </p>
   </div>
   <div class='ocr_carea' id='block_1_2' title="bbox 1581 271 2566 330">
    <p class='ocr_par' dir='ltr' id='par_1_2' title="bbox 1581 271 2566 330">
     <span class='ocr_line' id='line_1_2' title="bbox 1581 271 2566 330; baseline -0.002 -3"><span class='ocrx_word' id='word_1_2' title='bbox 1581 273 1668 329; x_wconf 78' lang='lat' dir='ltr'><strong>DE</strong></span> <span class='ocrx_word' id='word_1_3' title='bbox 1710 274 1915 329; x_wconf 76' lang='lat' dir='ltr'><strong>.‘lelT.</strong></span> <span class='ocrx_word' id='word_1_4' title='bbox 1959 272 2043 329; x_wconf 73' lang='grc' dir='ltr'><strong>ΕΤ</strong></span> <span class='ocrx_word' id='word_1_5' title='bbox 2084 271 2401 330; x_wconf 70' lang='grc' dir='ltr'><strong>ΡΡιυΜιὸὃ.</strong></span> <span class='ocrx_word' id='word_1_6' title='bbox 2442 272 2566 328; x_wconf 70' lang='lat' dir='ltr'><strong>DEI.</strong></span> 
     </span>
    </p>
   </div>
   <div class='ocr_carea' id='block_1_3' title="bbox 3540 274 3682 326">
    <p class='ocr_par' dir='ltr' id='par_1_3' title="bbox 3540 274 3682 326">
     <span class='ocr_line' id='line_1_3' title="bbox 3540 274 3682 326; baseline -0.014 -1"><span class='ocrx_word' id='word_1_7' title='bbox 3540 274 3682 326; x_wconf 72' lang='lat' dir='ltr'><strong>llS&#39;J</strong></span> 
     </span>
    </p>
   </div>
   <div class='ocr_carea' id='block_1_4' title="bbox 400 382 3691 458">
    <p class='ocr_par' dir='ltr' id='par_1_4' title="bbox 400 382 3691 458">
     <span class='ocr_line' id='line_1_4' title="bbox 400 382 3691 458; baseline 0.001 -21"><span class='ocrx_word' id='word_1_8' title='bbox 400 404 524 440; x_wconf 81' lang='lat' dir='ltr'><strong>cum</strong></span> <span class='ocrx_word' id='word_1_9' title='bbox 557 426 572 450; x_wconf 93' lang='lat'><strong>,</strong></span> <span class='ocrx_word' id='word_1_10' title='bbox 610 384 762 452; x_wconf 85' lang='lat' dir='ltr'><strong>juxta</strong></span> <span class='ocrx_word' id='word_1_11' title='bbox 822 386 1156 455; x_wconf 89' lang='lat' dir='ltr'><strong>spiritualem</strong></span> <span class='ocrx_word' id='word_1_12' title='bbox 1210 385 1620 454; x_wconf 64' lang='lat' dir='ltr'><strong>intelligentiam</strong></span> <span class='ocrx_word' id='word_1_13' title='bbox 1681 388 1747 442; x_wconf 87' lang='lat' dir='ltr'><strong>ad</strong></span> <span class='ocrx_word' id='word_1_14' title='bbox 1825 405 1985 458; x_wconf 78' lang='lat' dir='ltr'><strong>quam</strong></span> <span class='ocrx_word' id='word_1_15' title='bbox 2020 396 2062 450; x_wconf 79' lang='grc' dir='ltr'><strong>Λ</strong></span> <span class='ocrx_word' id='word_1_16' title='bbox 2094 386 2333 449; x_wconf 85' lang='lat' dir='ltr'><strong>scilicet,</strong></span> <span class='ocrx_word' id='word_1_17' title='bbox 2370 397 2423 441; x_wconf 90' lang='lat' dir='ltr'><strong>et</strong></span> <span class='ocrx_word' id='word_1_18' title='bbox 2452 386 2629 456; x_wconf 92' lang='lat' dir='ltr'><strong>imago</strong></span> <span class='ocrx_word' id='word_1_19' title='bbox 2665 386 2763 448; x_wconf 91' lang='lat' dir='ltr'><strong>rei,</strong></span> <span class='ocrx_word' id='word_1_20' title='bbox 2800 400 2905 440; x_wconf 91' lang='lat' dir='ltr'><strong>nou</strong></span> <span class='ocrx_word' id='word_1_21' title='bbox 2934 385 3047 454; x_wconf 82' lang='lat' dir='ltr'><strong>ipsa</strong></span> <span class='ocrx_word' id='word_1_22' title='bbox 3079 401 3195 449; x_wconf 86' lang='lat' dir='ltr'><strong>res,</strong></span> <span class='ocrx_word' id='word_1_23' title='bbox 3229 402 3347 439; x_wconf 88' lang='lat' dir='ltr'><strong>cum</strong></span> <span class='ocrx_word' id='word_1_24' title='bbox 3387 382 3691 440; x_wconf 67' lang='lat' dir='ltr'><strong>carnaliter</strong></span> 
     </span>
    </p>
   </div>
   <div class='ocr_carea' id='block_1_5' title="bbox 402 475 1985 540">
    <p class='ocr_par' dir='ltr' id='par_1_5' title="bbox 402 475 1985 540">
     <span class='ocr_line' id='line_1_5' title="bbox 402 475 1985 540; baseline 0.004 -12"><span class='ocrx_word' id='word_1_25' title='bbox 402 475 644 530; x_wconf 86' lang='lat' dir='ltr'><strong>instituta</strong></span> <span class='ocrx_word' id='word_1_26' title='bbox 677 485 803 532; x_wconf 88' lang='lat' dir='ltr'><strong>sunt</strong></span> <span class='ocrx_word' id='word_1_27' title='bbox 832 517 846 540; x_wconf 84' lang='lat'><strong>,</strong></span> <span class='ocrx_word' id='word_1_28' title='bbox 877 477 1029 530; x_wconf 77' lang='lat' dir='ltr'><strong>fiunt.</strong></span> <span class='ocrx_word' id='word_1_29' title='bbox 1071 475 1203 530; x_wconf 81' lang='lat' dir='ltr'><strong>Nam</strong></span> <span class='ocrx_word' id='word_1_30' title='bbox 1242 485 1368 531; x_wconf 84' lang='lat' dir='ltr'><strong>tunc</strong></span> <span class='ocrx_word' id='word_1_31' title='bbox 1400 488 1554 532; x_wconf 87' lang='lat' dir='ltr'><strong>erant</strong></span> <span class='ocrx_word' id='word_1_32' title='bbox 1578 496 1764 539; x_wconf 82' lang='lat' dir='ltr'><strong>vacua.</strong></span> <span class='ocrx_word' id='word_1_33' title='bbox 1797 483 1985 535; x_wconf 60' lang='lat' dir='ltr'><strong>utnhra</strong></span> 
     </span>
    </p>
   </div>
   <div class='ocr_carea' id='block_1_6' title="bbox 2097 479 2473 533">
    <p class='ocr_par' dir='ltr' id='par_1_6' title="bbox 2097 479 2473 533">
     <span class='ocr_line' id='line_1_6' title="bbox 2097 479 2473 533; baseline -0.005 0"><span class='ocrx_word' id='word_1_34' title='bbox 2097 479 2319 533; x_wconf 83' lang='lat' dir='ltr'><strong>servaba</strong></span> <span class='ocrx_word' id='word_1_35' title='bbox 2329 494 2358 532; x_wconf 80' lang='grc' dir='ltr'><strong>ιι</strong></span> <span class='ocrx_word' id='word_1_36' title='bbox 2368 487 2419 533; x_wconf 84' lang='lat' dir='ltr'><strong>tu</strong></span> <span class='ocrx_word' id='word_1_37' title='bbox 2430 495 2473 531; x_wconf 94' lang='lat' dir='ltr'><strong>r.</strong></span> 
     </span>
    </p>
   </div>
   <div class='ocr_carea' id='block_1_7' title="bbox 1474 640 3667 663">
    <p class='ocr_par' dir='ltr' id='par_1_7' title="bbox 1474 640 3667 663">
     <span class='ocr_line' id='line_1_7' title="bbox 1474 640 3667 663; baseline 0.004 -6"><span class='ocrx_word' id='word_1_38' title='bbox 1474 640 3667 663; x_wconf 48' lang='lat' dir='ltr'><strong>mw.“</strong></span> 
     </span>
    </p>
   </div>
   <div class='ocr_carea' id='block_1_8' title="bbox 1066 753 1991 819">
    <p class='ocr_par' dir='ltr' id='par_1_8' title="bbox 1066 753 1991 816">
     <span class='ocr_line' id='line_1_8' title="bbox 1066 753 1991 816; baseline 0.006 -6"><span class='ocrx_word' id='word_1_39' title='bbox 1066 753 1169 810; x_wconf 85' lang='lat' dir='ltr'><strong>DE</strong></span> <span class='ocrx_word' id='word_1_40' title='bbox 1228 753 1893 816; x_wconf 67' lang='lat' dir='ltr'><strong>1i‘liNI&#39;l&#39;.~\&#39;l&#39;lONIBUS</strong></span> <span class='ocrx_word' id='word_1_41' title='bbox 1941 758 1991 815; x_wconf 87' lang='grc' dir='ltr'><strong><em>Ε</em></strong></span> 
     </span>
    </p>
   </div>
   <div class='ocr_carea' id='block_1_9' title="bbox 2101 753 2990 819">
    <p class='ocr_par' dir='ltr' id='par_1_9' title="bbox 2105 756 2990 819">
     <span class='ocr_line' id='line_1_9' title="bbox 2105 756 2990 819; baseline 0.005 -5"><span class='ocrx_word' id='word_1_42' title='bbox 2105 756 2769 819; x_wconf 80' lang='lat' dir='ltr'><strong>PROMISSIONIBUS</strong></span> <span class='ocrx_word' id='word_1_43' title='bbox 2830 758 2990 818; x_wconf 79' lang='lat' dir='ltr'><strong>DEI.</strong></span> 
     </span>
    </p>
   </div>
   <div class='ocr_carea' id='block_1_10' title="bbox 1622 897 2559 979">
    <p class='ocr_par' dir='ltr' id='par_1_10' title="bbox 1622 897 2559 979">
     <span class='ocr_line' id='line_1_10' title="bbox 1622 897 2559 979; baseline 0.004 -24"><span class='ocrx_word' id='word_1_44' title='bbox 1622 898 1821 977; x_wconf 63' lang='lat' dir='ltr'><strong>(Opp.</strong></span> <span class='ocrx_word' id='word_1_45' title='bbox 1860 906 2008 958; x_wconf 78' lang='lat' dir='ltr'><strong>(om.</strong></span> <span class='ocrx_word' id='word_1_46' title='bbox 2042 897 2179 970; x_wconf 89' lang='grc'><strong>111,</strong></span> <span class='ocrx_word' id='word_1_47' title='bbox 2222 917 2439 977; x_wconf 80' lang='lat' dir='ltr'><strong>opttsc.</strong></span> <span class='ocrx_word' id='word_1_48' title='bbox 2474 898 2559 979; x_wconf 51' lang='grc' dir='ltr'><strong>ἢ.)</strong></span> 
     </span>
    </p>
   </div>
   <div class='ocr_carea' id='block_1_11' title="bbox 474 1051 1987 1126">
    <p class='ocr_par' dir='ltr' id='par_1_11' title="bbox 474 1051 1987 1126">
     <span class='ocr_line' id='line_1_11' title="bbox 474 1051 1987 1126; baseline 0.001 -18"><span class='ocrx_word' id='word_1_49' title='bbox 474 1051 791 1109; x_wconf 80' lang='lat' dir='ltr'><strong>Nuilatenus</strong></span> <span class='ocrx_word' id='word_1_50' title='bbox 822 1053 1001 1109; x_wconf 93' lang='lat' dir='ltr'><strong>debuit</strong></span> <span class='ocrx_word' id='word_1_51' title='bbox 1038 1056 1313 1110; x_wconf 86' lang='lat' dir='ltr'><strong>immutari</strong></span> <span class='ocrx_word' id='word_1_52' title='bbox 1348 1059 1488 1125; x_wconf 87' lang='lat' dir='ltr'><strong>quod</strong></span> <span class='ocrx_word' id='word_1_53' title='bbox 1519 1057 1658 1126; x_wconf 79' lang='lat' dir='ltr'><strong>Papa</strong></span> <span class='ocrx_word' id='word_1_54' title='bbox 1698 1058 1987 1122; x_wconf 86' lang='lat' dir='ltr'><strong>concessit,</strong></span> 
     </span>
    </p>
   </div>
   <div class='ocr_carea' id='block_1_12' title="bbox 403 1147 1989 1219">
    <p class='ocr_par' dir='ltr' id='par_1_12' title="bbox 403 1147 1989 1219">
     <span class='ocr_line' id='line_1_12' title="bbox 403 1147 1989 1219; baseline 0.003 -22"><span class='ocrx_word' id='word_1_55' title='bbox 403 1147 545 1216; x_wconf 83' lang='lat' dir='ltr'><strong>quod</strong></span> <span class='ocrx_word' id='word_1_56' title='bbox 569 1147 785 1200; x_wconf 90' lang='lat' dir='ltr'><strong>decreto</strong></span> <span class='ocrx_word' id='word_1_57' title='bbox 808 1147 1083 1200; x_wconf 79' lang='lat' dir='ltr'><strong>constitui:</strong></span> <span class='ocrx_word' id='word_1_58' title='bbox 1104 1148 1255 1216; x_wconf 72' lang='lat' dir='ltr'><strong>(Per.</strong></span> <span class='ocrx_word' id='word_1_59' title='bbox 1279 1149 1411 1202; x_wconf 57' lang='lat' dir='ltr'><strong>Dan.</strong></span> <span class='ocrx_word' id='word_1_60' title='bbox 1432 1160 1553 1202; x_wconf 85' lang='lat' dir='ltr'><strong>tam.</strong></span> <span class='ocrx_word' id='word_1_61' title='bbox 1582 1150 1642 1202; x_wconf 91' lang='lat' dir='ltr'><strong>lll</strong></span> <span class='ocrx_word' id='word_1_62' title='bbox 1668 1191 1681 1212; x_wconf 92' lang='lat'><strong>,</strong></span> <span class='ocrx_word' id='word_1_63' title='bbox 1709 1167 1886 1219; x_wconf 71' lang='lat' dir='ltr'><strong>Opttsc.</strong></span> <span class='ocrx_word' id='word_1_64' title='bbox 1910 1151 1989 1217; x_wconf 71' lang='grc' dir='ltr'><strong>ιί.)</strong></span> 
     </span>
    </p>
   </div>
   <div class='ocr_carea' id='block_1_13' title="bbox 404 1235 1991 1309">
    <p class='ocr_par' dir='ltr' id='par_1_13' title="bbox 404 1235 1991 1309">
     <span class='ocr_line' id='line_1_13' title="bbox 404 1235 1991 1309; baseline 0.003 -18"><span class='ocrx_word' id='word_1_65' title='bbox 404 1237 545 1302; x_wconf 71' lang='lat' dir='ltr'><strong>Quid</strong></span> <span class='ocrx_word' id='word_1_66' title='bbox 590 1236 785 1291; x_wconf 87' lang='lat' dir='ltr'><strong>mirum</strong></span> <span class='ocrx_word' id='word_1_67' title='bbox 836 1237 880 1290; x_wconf 90' lang='lat' dir='ltr'><strong>si</strong></span> <span class='ocrx_word' id='word_1_68' title='bbox 932 1235 1179 1292; x_wconf 85' lang='lat' dir='ltr'><strong>homines</strong></span> <span class='ocrx_word' id='word_1_69' title='bbox 1218 1248 1419 1293; x_wconf 84' lang='lat' dir='ltr'><strong>statuta</strong></span> <span class='ocrx_word' id='word_1_70' title='bbox 1473 1248 1720 1302; x_wconf 87' lang='lat' dir='ltr'><strong>mutant,</strong></span> <span class='ocrx_word' id='word_1_71' title='bbox 1775 1241 1991 1309; x_wconf 77' lang='lat' dir='ltr'><strong>quando</strong></span> 
     </span>
    </p>
   </div>
   <div class='ocr_carea' id='block_1_14' title="bbox 403 1324 1992 1399">
    <p class='ocr_par' dir='ltr' id='par_1_14' title="bbox 403 1324 1992 1399">
     <span class='ocr_line' id='line_1_14' title="bbox 403 1324 1992 1399; baseline 0.003 -21"><span class='ocrx_word' id='word_1_72' title='bbox 403 1326 748 1392; x_wconf 86' lang='lat' dir='ltr'><strong>omnipotens</strong></span> <span class='ocrx_word' id='word_1_73' title='bbox 802 1324 945 1380; x_wconf 79' lang='lat' dir='ltr'><strong>Deus</strong></span> <span class='ocrx_word' id='word_1_74' title='bbox 1006 1341 1068 1381; x_wconf 89' lang='lat' dir='ltr'><strong>ea</strong></span> <span class='ocrx_word' id='word_1_75' title='bbox 1125 1343 1340 1396; x_wconf 87' lang='lat' dir='ltr'><strong>quoque</strong></span> <span class='ocrx_word' id='word_1_76' title='bbox 1372 1369 1386 1393; x_wconf 92' lang='lat'><strong>,</strong></span> <span class='ocrx_word' id='word_1_77' title='bbox 1440 1345 1559 1397; x_wconf 73' lang='lat' dir='ltr'><strong>quce</strong></span> <span class='ocrx_word' id='word_1_78' title='bbox 1610 1345 1637 1381; x_wconf 93' lang='lat' dir='ltr'><strong>a</strong></span> <span class='ocrx_word' id='word_1_79' title='bbox 1699 1329 1992 1399; x_wconf 88' lang='lat' dir='ltr'><strong>semetipso</strong></span> 
     </span>
    </p>
   </div>
   <div class='ocr_carea' id='block_1_15' title="bbox 403 1413 1997 1489">
    <p class='ocr_par' dir='ltr' id='par_1_15' title="bbox 403 1413 1997 1489">
     <span class='ocr_line' id='line_1_15' title="bbox 403 1413 1997 1489; baseline 0.004 -22"><span class='ocrx_word' id='word_1_80' title='bbox 403 1413 825 1479; x_wconf 83' lang='lat' dir='ltr'><strong>constituuntur,</strong></span> <span class='ocrx_word' id='word_1_81' title='bbox 858 1414 1140 1469; x_wconf 84' lang='lat' dir='ltr'><strong>immutat?</strong></span> <span class='ocrx_word' id='word_1_82' title='bbox 1175 1416 1309 1470; x_wconf 85' lang='lat' dir='ltr'><strong>Nam</strong></span> <span class='ocrx_word' id='word_1_83' title='bbox 1340 1434 1405 1473; x_wconf 82' lang='lat' dir='ltr'><strong>ex</strong></span> <span class='ocrx_word' id='word_1_84' title='bbox 1442 1435 1525 1481; x_wconf 87' lang='lat' dir='ltr'><strong>eo,</strong></span> <span class='ocrx_word' id='word_1_85' title='bbox 1562 1420 1701 1488; x_wconf 88' lang='lat' dir='ltr'><strong>quod</strong></span> <span class='ocrx_word' id='word_1_86' title='bbox 1730 1421 1997 1489; x_wconf 77' lang='lat' dir='ltr'><strong>promitzit</strong></span> 
     </span>
    </p>
   </div>
   <div class='ocr_carea' id='block_1_16' title="bbox 406 1504 2000 1576">
    <p class='ocr_par' dir='ltr' id='par_1_16' title="bbox 406 1504 2000 1576">
     <span class='ocr_line' id='line_1_16' title="bbox 406 1504 2000 1576; baseline 0.006 -21"><span class='ocrx_word' id='word_1_87' title='bbox 406 1504 697 1573; x_wconf 72' lang='lat' dir='ltr'><strong>aliquando</strong></span> <span class='ocrx_word' id='word_1_88' title='bbox 730 1505 968 1571; x_wconf 89' lang='lat' dir='ltr'><strong>minuit,</strong></span> <span class='ocrx_word' id='word_1_89' title='bbox 1021 1507 1102 1560; x_wconf 96' lang='lat' dir='ltr'><strong>vel</strong></span> <span class='ocrx_word' id='word_1_90' title='bbox 1135 1508 1297 1562; x_wconf 88' lang='lat' dir='ltr'><strong>etiam</strong></span> <span class='ocrx_word' id='word_1_91' title='bbox 1350 1519 1518 1563; x_wconf 91' lang='lat' dir='ltr'><strong>totum</strong></span> <span class='ocrx_word' id='word_1_92' title='bbox 1568 1511 1862 1576; x_wconf 73' lang='lat' dir='ltr'><strong>subtrahit;</strong></span> <span class='ocrx_word' id='word_1_93' title='bbox 1898 1511 2000 1564; x_wconf 88' lang='lat' dir='ltr'><strong>ali-</strong></span> 
     </span>
    </p>
   </div>
   <div class='ocr_carea' id='block_1_17' title="bbox 404 1596 1992 1670">
    <p class='ocr_par' dir='ltr' id='par_1_17' title="bbox 404 1596 1992 1670">
     <span class='ocr_line' id='line_1_17' title="bbox 404 1596 1992 1670; baseline 0.005 -23"><span class='ocrx_word' id='word_1_94' title='bbox 404 1597 623 1663; x_wconf 77' lang='lat' dir='ltr'><strong>quando</strong></span> <span class='ocrx_word' id='word_1_95' title='bbox 659 1596 797 1649; x_wconf 88' lang='lat' dir='ltr'><strong>mala</strong></span> <span class='ocrx_word' id='word_1_96' title='bbox 825 1598 1084 1657; x_wconf 86' lang='lat' dir='ltr'><strong>minatur,</strong></span> <span class='ocrx_word' id='word_1_97' title='bbox 1116 1606 1170 1653; x_wconf 93' lang='lat' dir='ltr'><strong>et</strong></span> <span class='ocrx_word' id='word_1_98' title='bbox 1201 1615 1306 1652; x_wconf 84' lang='lat' dir='ltr'><strong>non</strong></span> <span class='ocrx_word' id='word_1_99' title='bbox 1336 1599 1542 1669; x_wconf 80' lang='lat' dir='ltr'><strong>inﬂigit.</strong></span> <span class='ocrx_word' id='word_1_100' title='bbox 1580 1600 1715 1665; x_wconf 87' lang='lat' dir='ltr'><strong>Quid</strong></span> <span class='ocrx_word' id='word_1_101' title='bbox 1747 1610 1827 1655; x_wconf 88' lang='lat' dir='ltr'><strong>est</strong></span> <span class='ocrx_word' id='word_1_102' title='bbox 1851 1601 1992 1670; x_wconf 90' lang='lat' dir='ltr'><strong>quod</strong></span> 
     </span>
    </p>
   </div>
   <div class='ocr_carea' id='block_1_18' title="bbox 408 1686 1991 1757">
    <p class='ocr_par' dir='ltr' id='par_1_18' title="bbox 408 1686 1991 1757">
     <span class='ocr_line' id='line_1_18' title="bbox 408 1686 1991 1757; baseline 0.004 -18"><span class='ocrx_word' id='word_1_103' title='bbox 408 1686 551 1741; x_wconf 85' lang='lat' dir='ltr'><strong>Deus</strong></span> <span class='ocrx_word' id='word_1_104' title='bbox 576 1703 850 1757; x_wconf 89' lang='lat' dir='ltr'><strong>nunquam</strong></span> <span class='ocrx_word' id='word_1_105' title='bbox 884 1689 1152 1757; x_wconf 82' lang='lat' dir='ltr'><strong>promisit,</strong></span> <span class='ocrx_word' id='word_1_106' title='bbox 1184 1698 1240 1744; x_wconf 90' lang='lat' dir='ltr'><strong>et</strong></span> <span class='ocrx_word' id='word_1_107' title='bbox 1272 1692 1500 1744; x_wconf 87' lang='lat' dir='ltr'><strong>minuit?</strong></span> <span class='ocrx_word' id='word_1_108' title='bbox 1534 1691 1589 1746; x_wconf 89' lang='lat' dir='ltr'><strong>Si</strong></span> <span class='ocrx_word' id='word_1_109' title='bbox 1617 1708 1721 1744; x_wconf 89' lang='lat' dir='ltr'><strong>non</strong></span> <span class='ocrx_word' id='word_1_110' title='bbox 1746 1692 1947 1747; x_wconf 78' lang='lat' dir='ltr'><strong>excidit</strong></span> <span class='ocrx_word' id='word_1_111' title='bbox 1977 1733 1991 1756; x_wconf 92' lang='lat'><strong>,</strong></span> 
     </span>
    </p>
   </div>
   <div class='ocr_carea' id='block_1_19' title="bbox 411 1778 1991 1851">
    <p class='ocr_par' dir='ltr' id='par_1_19' title="bbox 411 1778 1991 1851">
     <span class='ocr_line' id='line_1_19' title="bbox 411 1778 1991 1851; baseline 0.008 -22"><span class='ocrx_word' id='word_1_112' title='bbox 411 1778 684 1833; x_wconf 90' lang='lat' dir='ltr'><strong>reminisci</strong></span> <span class='ocrx_word' id='word_1_113' title='bbox 716 1788 891 1848; x_wconf 87' lang='lat' dir='ltr'><strong>potes,</strong></span> <span class='ocrx_word' id='word_1_114' title='bbox 931 1781 1055 1851; x_wconf 93' lang='lat' dir='ltr'><strong>quia</strong></span> <span class='ocrx_word' id='word_1_115' title='bbox 1085 1782 1221 1835; x_wconf 81' lang='lat' dir='ltr'><strong>dixit</strong></span> <span class='ocrx_word' id='word_1_116' title='bbox 1250 1783 1510 1837; x_wconf 89' lang='lat' dir='ltr'><strong>Dominus</strong></span> <span class='ocrx_word' id='word_1_117' title='bbox 1542 1785 1606 1837; x_wconf 91' lang='lat' dir='ltr'><strong>ad</strong></span> <span class='ocrx_word' id='word_1_118' title='bbox 1633 1784 1744 1839; x_wconf 71' lang='lat' dir='ltr'><strong>Noe</strong></span> <span class='ocrx_word' id='word_1_119' title='bbox 1776 1802 1790 1838; x_wconf 90' lang='lat'><strong>:</strong></span> <span class='ocrx_word' id='word_1_120' title='bbox 1820 1805 1838 1837; x_wconf 87' lang='grc'><strong><em>‹</em></strong></span> <span class='ocrx_word' id='word_1_121' title='bbox 1876 1786 1991 1841; x_wconf 80' lang='lat' dir='ltr'><strong>Non</strong></span> 
     </span>
    </p>
   </div>
   <div class='ocr_carea' id='block_1_20' title="bbox 409 1873 1992 1943">
    <p class='ocr_par' dir='ltr' id='par_1_20' title="bbox 409 1873 1992 1943">
     <span class='ocr_line' id='line_1_20' title="bbox 409 1873 1992 1943; baseline 0.006 -21"><span class='ocrx_word' id='word_1_122' title='bbox 409 1873 745 1938; x_wconf 85' lang='lat' dir='ltr'><strong>permanebit</strong></span> <span class='ocrx_word' id='word_1_123' title='bbox 791 1874 1013 1942; x_wconf 92' lang='lat' dir='ltr'><strong>spiritus</strong></span> <span class='ocrx_word' id='word_1_124' title='bbox 1058 1890 1210 1928; x_wconf 89' lang='lat' dir='ltr'><strong>meus</strong></span> <span class='ocrx_word' id='word_1_125' title='bbox 1242 1875 1294 1928; x_wconf 91' lang='lat' dir='ltr'><strong>in</strong></span> <span class='ocrx_word' id='word_1_126' title='bbox 1336 1876 1552 1931; x_wconf 91' lang='lat' dir='ltr'><strong>homine</strong></span> <span class='ocrx_word' id='word_1_127' title='bbox 1589 1878 1640 1929; x_wconf 93' lang='lat' dir='ltr'><strong>in</strong></span> <span class='ocrx_word' id='word_1_128' title='bbox 1690 1886 1953 1934; x_wconf 66' lang='lat' dir='ltr'><strong>aeternum</strong></span> <span class='ocrx_word' id='word_1_129' title='bbox 1978 1920 1992 1943; x_wconf 93' lang='lat'><strong>,</strong></span> 
     </span>
    </p>
   </div>
   <div class='ocr_carea' id='block_1_21' title="bbox 409 1958 1992 2039">
    <p class='ocr_par' dir='ltr' id='par_1_21' title="bbox 409 1958 1992 2039">
     <span class='ocr_line' id='line_1_21' title="bbox 409 1958 1992 2039; baseline 0.008 -28"><span class='ocrx_word' id='word_1_130' title='bbox 409 1958 535 2027; x_wconf 87' lang='lat' dir='ltr'><strong>quia</strong></span> <span class='ocrx_word' id='word_1_131' title='bbox 566 1974 695 2015; x_wconf 83' lang='lat' dir='ltr'><strong>caro</strong></span> <span class='ocrx_word' id='word_1_132' title='bbox 720 1971 842 2026; x_wconf 88' lang='lat' dir='ltr'><strong>est,</strong></span> <span class='ocrx_word' id='word_1_133' title='bbox 881 1973 1146 2031; x_wconf 87' lang='lat' dir='ltr'><strong>eruntque</strong></span> <span class='ocrx_word' id='word_1_134' title='bbox 1198 1965 1312 2039; x_wconf 75' lang='lat' dir='ltr'><strong>dies</strong></span> <span class='ocrx_word' id='word_1_135' title='bbox 1356 1964 1499 2021; x_wconf 88' lang='lat' dir='ltr'><strong>illius</strong></span> <span class='ocrx_word' id='word_1_136' title='bbox 1540 1977 1757 2021; x_wconf 84' lang='lat' dir='ltr'><strong>centum</strong></span> <span class='ocrx_word' id='word_1_137' title='bbox 1805 1969 1992 2039; x_wconf 86' lang='lat' dir='ltr'><strong>viginti</strong></span> 
     </span>
    </p>
   </div>
   <div class='ocr_carea' id='block_1_22' title="bbox 410 2050 1996 2131">
    <p class='ocr_par' dir='ltr' id='par_1_22' title="bbox 410 2050 1996 2131">
     <span class='ocr_line' id='line_1_22' title="bbox 410 2050 1996 2131; baseline 0.008 -30"><span class='ocrx_word' id='word_1_138' title='bbox 410 2066 673 2105; x_wconf 89' lang='lat' dir='ltr'><strong>annorum</strong></span> <span class='ocrx_word' id='word_1_139' title='bbox 731 2050 884 2120; x_wconf 84' lang='lat' dir='ltr'><strong>(Gen.</strong></span> <span class='ocrx_word' id='word_1_140' title='bbox 920 2054 1014 2121; x_wconf 78' lang='lat' dir='ltr'><strong>vi).</strong></span> <span class='ocrx_word' id='word_1_141' title='bbox 1056 2073 1074 2106; x_wconf 73' lang='grc' dir='ltr'><strong>ι</strong></span> <span class='ocrx_word' id='word_1_142' title='bbox 1112 2053 1215 2110; x_wconf 86' lang='lat' dir='ltr'><strong>Sed</strong></span> <span class='ocrx_word' id='word_1_143' title='bbox 1266 2071 1389 2131; x_wconf 81' lang='lat' dir='ltr'><strong>eum</strong></span> <span class='ocrx_word' id='word_1_144' title='bbox 1424 2056 1706 2127; x_wconf 81' lang='lat' dir='ltr'><strong>Scriptura</strong></span> <span class='ocrx_word' id='word_1_145' title='bbox 1756 2074 1996 2114; x_wconf 86' lang='lat' dir='ltr'><strong>comme-</strong></span> 
     </span>
    </p>
   </div>
   <div class='ocr_carea' id='block_1_23' title="bbox 410 2132 1992 2211">
    <p class='ocr_par' dir='ltr' id='par_1_23' title="bbox 410 2132 1992 2211">
     <span class='ocr_line' id='line_1_23' title="bbox 410 2132 1992 2211; baseline 0.006 -20"><span class='ocrx_word' id='word_1_146' title='bbox 410 2148 587 2194; x_wconf 89' lang='lat' dir='ltr'><strong>moret</strong></span> <span class='ocrx_word' id='word_1_147' title='bbox 610 2141 1029 2211; x_wconf 82' lang='lat' dir='ltr'><strong>quingentorum</strong></span> <span class='ocrx_word' id='word_1_148' title='bbox 1063 2152 1187 2199; x_wconf 89' lang='lat' dir='ltr'><strong>tunc</strong></span> <span class='ocrx_word' id='word_1_149' title='bbox 1212 2132 1477 2200; x_wconf 82' lang='lat' dir='ltr'><strong>annorum</strong></span> <span class='ocrx_word' id='word_1_150' title='bbox 1524 2147 1801 2200; x_wconf 82' lang='lat' dir='ltr'><strong>exstitisse</strong></span> <span class='ocrx_word' id='word_1_151' title='bbox 1845 2148 1992 2208; x_wconf 69' lang='lat' dir='ltr'><strong>Noe,</strong></span> 
     </span>
    </p>
   </div>
   <div class='ocr_carea' id='block_1_24' title="bbox 408 2230 1993 2304">
    <p class='ocr_par' dir='ltr' id='par_1_24' title="bbox 408 2230 1993 2304">
     <span class='ocr_line' id='line_1_24' title="bbox 408 2230 1993 2304; baseline 0.004 -23"><span class='ocrx_word' id='word_1_152' title='bbox 408 2230 629 2297; x_wconf 85' lang='lat' dir='ltr'><strong>quando</strong></span> <span class='ocrx_word' id='word_1_153' title='bbox 696 2232 807 2285; x_wconf 78' lang='lat' dir='ltr'><strong>luet:</strong></span> <span class='ocrx_word' id='word_1_154' title='bbox 863 2232 963 2287; x_wconf 89' lang='lat' dir='ltr'><strong>sibi</strong></span> <span class='ocrx_word' id='word_1_155' title='bbox 1032 2234 1291 2288; x_wconf 87' lang='lat' dir='ltr'><strong>Dominus</strong></span> <span class='ocrx_word' id='word_1_156' title='bbox 1344 2235 1699 2304; x_wconf 88' lang='lat' dir='ltr'><strong>loquebatur;</strong></span> <span class='ocrx_word' id='word_1_157' title='bbox 1765 2251 1993 2290; x_wconf 78' lang='lat' dir='ltr'><strong>sexcen-</strong></span> 
     </span>
    </p>
   </div>
   <div class='ocr_carea' id='block_1_25' title="bbox 409 2323 1994 2397">
    <p class='ocr_par' dir='ltr' id='par_1_25' title="bbox 409 2323 1994 2397">
     <span class='ocr_line' id='line_1_25' title="bbox 409 2323 1994 2397; baseline 0.005 -25"><span class='ocrx_word' id='word_1_158' title='bbox 409 2329 585 2375; x_wconf 87' lang='lat' dir='ltr'><strong>torutn</strong></span> <span class='ocrx_word' id='word_1_159' title='bbox 634 2337 765 2376; x_wconf 89' lang='lat' dir='ltr'><strong>vero</strong></span> <span class='ocrx_word' id='word_1_160' title='bbox 803 2333 932 2376; x_wconf 90' lang='lat' dir='ltr'><strong>tunc</strong></span> <span class='ocrx_word' id='word_1_161' title='bbox 982 2323 1093 2391; x_wconf 88' lang='lat' dir='ltr'><strong>jam</strong></span> <span class='ocrx_word' id='word_1_162' title='bbox 1144 2339 1264 2378; x_wconf 87' lang='lat' dir='ltr'><strong>esse</strong></span> <span class='ocrx_word' id='word_1_163' title='bbox 1296 2340 1417 2378; x_wconf 91' lang='lat' dir='ltr'><strong>cum</strong></span> <span class='ocrx_word' id='word_1_164' title='bbox 1478 2324 1839 2397; x_wconf 83' lang='lat' dir='ltr'><strong>cataclysmus</strong></span> <span class='ocrx_word' id='word_1_165' title='bbox 1868 2342 1994 2381; x_wconf 84' lang='lat' dir='ltr'><strong>eru-</strong></span> 
     </span>
    </p>
   </div>
   <div class='ocr_carea' id='block_1_26' title="bbox 404 2412 1996 2487">
    <p class='ocr_par' dir='ltr' id='par_1_26' title="bbox 404 2412 1996 2487">
     <span class='ocr_line' id='line_1_26' title="bbox 404 2412 1996 2487; baseline 0.004 -22"><span class='ocrx_word' id='word_1_166' title='bbox 404 2414 528 2482; x_wconf 91' lang='lat' dir='ltr'><strong>pit,</strong></span> <span class='ocrx_word' id='word_1_167' title='bbox 590 2412 796 2482; x_wconf 89' lang='lat' dir='ltr'><strong>liquido</strong></span> <span class='ocrx_word' id='word_1_168' title='bbox 857 2424 1006 2485; x_wconf 85' lang='lat' dir='ltr'><strong>patet</strong></span> <span class='ocrx_word' id='word_1_169' title='bbox 1075 2415 1265 2483; x_wconf 76' lang='lat' dir='ltr'><strong>viginti</strong></span> <span class='ocrx_word' id='word_1_170' title='bbox 1331 2430 1502 2471; x_wconf 90' lang='lat' dir='ltr'><strong>annos</strong></span> <span class='ocrx_word' id='word_1_171' title='bbox 1559 2417 1624 2471; x_wconf 91' lang='lat' dir='ltr'><strong>de</strong></span> <span class='ocrx_word' id='word_1_172' title='bbox 1697 2418 1996 2487; x_wconf 68' lang='lat' dir='ltr'><strong>prtcscripti</strong></span> 
     </span>
    </p>
   </div>
   <div class='ocr_carea' id='block_1_27' title="bbox 406 2502 1997 2578">
    <p class='ocr_par' dir='ltr' id='par_1_27' title="bbox 406 2502 1997 2578">
     <span class='ocr_line' id='line_1_27' title="bbox 406 2502 1997 2578; baseline 0.003 -22"><span class='ocrx_word' id='word_1_173' title='bbox 406 2502 570 2573; x_wconf 73' lang='lat'><strong>273</strong></span> <span class='ocrx_word' id='word_1_174' title='bbox 606 2505 815 2558; x_wconf 89' lang='lat' dir='ltr'><strong>numeri</strong></span> <span class='ocrx_word' id='word_1_175' title='bbox 847 2505 1023 2573; x_wconf 89' lang='lat' dir='ltr'><strong>spatio</strong></span> <span class='ocrx_word' id='word_1_176' title='bbox 1055 2503 1222 2559; x_wconf 79' lang='lat' dir='ltr'><strong>fuisse</strong></span> <span class='ocrx_word' id='word_1_177' title='bbox 1264 2505 1591 2561; x_wconf 88' lang='lat' dir='ltr'><strong>subtractos.</strong></span> <span class='ocrx_word' id='word_1_178' title='bbox 1642 2507 1774 2561; x_wconf 71' lang='lat' dir='ltr'><strong>Vita:</strong></span> <span class='ocrx_word' id='word_1_179' title='bbox 1814 2508 1997 2578; x_wconf 85' lang='lat' dir='ltr'><strong>itaque</strong></span> 
     </span>
    </p>
   </div>
   <div class='ocr_carea' id='block_1_28' title="bbox 405 2593 1992 2667">
    <p class='ocr_par' dir='ltr' id='par_1_28' title="bbox 405 2593 1992 2667">
     <span class='ocr_line' id='line_1_28' title="bbox 405 2593 1992 2667; baseline 0.002 -21"><span class='ocrx_word' id='word_1_180' title='bbox 405 2593 639 2662; x_wconf 75' lang='lat' dir='ltr'><strong>Spatium</strong></span> <span class='ocrx_word' id='word_1_181' title='bbox 670 2594 812 2662; x_wconf 89' lang='lat' dir='ltr'><strong>quod</strong></span> <span class='ocrx_word' id='word_1_182' title='bbox 852 2595 1088 2648; x_wconf 89' lang='lat' dir='ltr'><strong>lnuuano</strong></span> <span class='ocrx_word' id='word_1_183' title='bbox 1118 2595 1300 2666; x_wconf 82' lang='lat' dir='ltr'><strong>generi</strong></span> <span class='ocrx_word' id='word_1_184' title='bbox 1342 2596 1482 2650; x_wconf 89' lang='lat' dir='ltr'><strong>Deus</strong></span> <span class='ocrx_word' id='word_1_185' title='bbox 1522 2596 1775 2667; x_wconf 84' lang='lat' dir='ltr'><strong>promisit</strong></span> <span class='ocrx_word' id='word_1_186' title='bbox 1812 2596 1992 2649; x_wconf 91' lang='lat' dir='ltr'><strong>immi-</strong></span> 
     </span>
    </p>
   </div>
   <div class='ocr_carea' id='block_1_29' title="bbox 408 2682 1995 2753">
    <p class='ocr_par' dir='ltr' id='par_1_29' title="bbox 408 2682 1995 2753">
     <span class='ocr_line' id='line_1_29' title="bbox 408 2682 1995 2753; baseline 0.003 -16"><span class='ocrx_word' id='word_1_187' title='bbox 408 2682 546 2745; x_wconf 85' lang='lat' dir='ltr'><strong>nuit,</strong></span> <span class='ocrx_word' id='word_1_188' title='bbox 577 2684 700 2752; x_wconf 87' lang='lat' dir='ltr'><strong>quia</strong></span> <span class='ocrx_word' id='word_1_189' title='bbox 734 2685 1106 2753; x_wconf 87' lang='lat' dir='ltr'><strong>perversitatis</strong></span> <span class='ocrx_word' id='word_1_190' title='bbox 1134 2702 1321 2740; x_wconf 73' lang='lat' dir='ltr'><strong>eorum</strong></span> <span class='ocrx_word' id='word_1_191' title='bbox 1356 2696 1535 2742; x_wconf 79' lang='lat' dir='ltr'><strong>reatus</strong></span> <span class='ocrx_word' id='word_1_192' title='bbox 1564 2688 1822 2743; x_wconf 76' lang='lat' dir='ltr'><strong>excrevit.</strong></span> <span class='ocrx_word' id='word_1_193' title='bbox 1846 2686 1995 2742; x_wconf 67' lang='lat' dir='ltr'><strong>Iuda:</strong></span> 
     </span>
    </p>
   </div>
   <div class='ocr_carea' id='block_1_30' title="bbox 407 2774 1987 2846">
    <p class='ocr_par' dir='ltr' id='par_1_30' title="bbox 407 2774 1987 2846">
     <span class='ocr_line' id='line_1_30' title="bbox 407 2774 1987 2846; baseline 0.006 -23"><span class='ocrx_word' id='word_1_194' title='bbox 407 2786 623 2841; x_wconf 87' lang='lat' dir='ltr'><strong>quoque</strong></span> <span class='ocrx_word' id='word_1_195' title='bbox 644 2787 741 2842; x_wconf 90' lang='lat' dir='ltr'><strong>per</strong></span> <span class='ocrx_word' id='word_1_196' title='bbox 760 2788 821 2827; x_wconf 92' lang='lat' dir='ltr'><strong>os</strong></span> <span class='ocrx_word' id='word_1_197' title='bbox 854 2774 1175 2841; x_wconf 76' lang='lat' dir='ltr'><strong>patriarcha:</strong></span> <span class='ocrx_word' id='word_1_198' title='bbox 1202 2776 1449 2845; x_wconf 88' lang='lat' dir='ltr'><strong>promisit</strong></span> <span class='ocrx_word' id='word_1_199' title='bbox 1472 2775 1709 2846; x_wconf 87' lang='lat' dir='ltr'><strong>Spiritus</strong></span> <span class='ocrx_word' id='word_1_200' title='bbox 1744 2787 1987 2843; x_wconf 65' lang='lat' dir='ltr'><strong>sanctus,</strong></span> 
     </span>
    </p>
   </div>
   <div class='ocr_carea' id='block_1_31' title="bbox 407 2862 1988 2934">
    <p class='ocr_par' dir='ltr' id='par_1_31' title="bbox 407 2862 1988 2934">
     <span class='ocr_line' id='line_1_31' title="bbox 407 2862 1988 2934; baseline 0.005 -20"><span class='ocrx_word' id='word_1_201' title='bbox 407 2863 594 2915; x_wconf 90' lang='lat' dir='ltr'><strong>dicens</strong></span> <span class='ocrx_word' id='word_1_202' title='bbox 624 2881 636 2915; x_wconf 91' lang='lat'><strong>:</strong></span> <span class='ocrx_word' id='word_1_203' title='bbox 677 2882 694 2913; x_wconf 81' lang='grc' dir='ltr'><strong>ι</strong></span> <span class='ocrx_word' id='word_1_204' title='bbox 727 2862 839 2917; x_wconf 81' lang='lat' dir='ltr'><strong>Non</strong></span> <span class='ocrx_word' id='word_1_205' title='bbox 866 2865 1141 2918; x_wconf 81' lang='lat' dir='ltr'><strong>auferetur</strong></span> <span class='ocrx_word' id='word_1_206' title='bbox 1182 2875 1454 2934; x_wconf 82' lang='lat' dir='ltr'><strong>sceptrum</strong></span> <span class='ocrx_word' id='word_1_207' title='bbox 1488 2867 1552 2921; x_wconf 91' lang='lat' dir='ltr'><strong>de</strong></span> <span class='ocrx_word' id='word_1_208' title='bbox 1578 2866 1746 2928; x_wconf 81' lang='lat' dir='ltr'><strong>Juda,</strong></span> <span class='ocrx_word' id='word_1_209' title='bbox 1790 2880 1842 2922; x_wconf 86' lang='lat' dir='ltr'><strong>et</strong></span> <span class='ocrx_word' id='word_1_210' title='bbox 1885 2869 1988 2922; x_wconf 73' lang='lat' dir='ltr'><strong>dus</strong></span> 
     </span>
    </p>
   </div>
   <div class='ocr_carea' id='block_1_32' title="bbox 408 2952 1987 3029">
    <p class='ocr_par' dir='ltr' id='par_1_32' title="bbox 408 2952 1987 3029">
     <span class='ocr_line' id='line_1_32' title="bbox 408 2952 1987 3029; baseline 0.004 -24"><span class='ocrx_word' id='word_1_211' title='bbox 408 2952 475 3006; x_wconf 90' lang='lat' dir='ltr'><strong>de</strong></span> <span class='ocrx_word' id='word_1_212' title='bbox 506 2952 710 3007; x_wconf 77' lang='lat' dir='ltr'><strong>letttore</strong></span> <span class='ocrx_word' id='word_1_213' title='bbox 738 2953 873 3021; x_wconf 75' lang='lat' dir='ltr'><strong>ejus,</strong></span> <span class='ocrx_word' id='word_1_214' title='bbox 903 2956 1075 3007; x_wconf 86' lang='lat' dir='ltr'><strong>donec</strong></span> <span class='ocrx_word' id='word_1_215' title='bbox 1106 2958 1281 3007; x_wconf 77' lang='lat' dir='ltr'><strong>veniat</strong></span> <span class='ocrx_word' id='word_1_216' title='bbox 1305 2957 1393 3024; x_wconf 87' lang='lat' dir='ltr'><strong>qui</strong></span> <span class='ocrx_word' id='word_1_217' title='bbox 1420 2957 1715 3012; x_wconf 73' lang='lat' dir='ltr'><strong>mittendus</strong></span> <span class='ocrx_word' id='word_1_218' title='bbox 1737 2956 1987 3029; x_wconf 65' lang='lat' dir='ltr'><strong>est((-‘eu.</strong></span> 
     </span>
    </p>
   </div>
   <div class='ocr_carea' id='block_1_33' title="bbox 2097 1054 3675 1134">
    <p class='ocr_par' dir='ltr' id='par_1_33' title="bbox 2097 1054 3675 1134">
     <span class='ocr_line' id='line_1_33' title="bbox 2097 1054 3675 1134; baseline 0.01 -29"><span class='ocrx_word' id='word_1_219' title='bbox 2097 1054 2291 1125; x_wconf 83' lang='lat' dir='ltr'><strong>legitur</strong></span> <span class='ocrx_word' id='word_1_220' title='bbox 2318 1056 2384 1110; x_wconf 88' lang='lat' dir='ltr'><strong>ab</strong></span> <span class='ocrx_word' id='word_1_221' title='bbox 2412 1057 2527 1126; x_wconf 81' lang='lat' dir='ltr'><strong>ejus</strong></span> <span class='ocrx_word' id='word_1_222' title='bbox 2553 1058 2778 1113; x_wconf 77' lang='lat' dir='ltr'><strong>vinculis</strong></span> <span class='ocrx_word' id='word_1_223' title='bbox 2806 1058 3104 1114; x_wconf 88' lang='lat' dir='ltr'><strong>absolutus.</strong></span> <span class='ocrx_word' id='word_1_224' title='bbox 3137 1059 3293 1115; x_wconf 80' lang='lat' dir='ltr'><strong>Justo</strong></span> <span class='ocrx_word' id='word_1_225' title='bbox 3320 1078 3444 1130; x_wconf 75' lang='lat' dir='ltr'><strong>ergo</strong></span> <span class='ocrx_word' id='word_1_226' title='bbox 3466 1064 3675 1134; x_wconf 85' lang='lat' dir='ltr'><strong>judicio</strong></span> 
     </span>
    </p>
   </div>
   <div class='ocr_carea' id='block_1_34' title="bbox 2096 1148 3675 1224">
    <p class='ocr_par' dir='ltr' id='par_1_34' title="bbox 2096 1148 3675 1224">
     <span class='ocr_line' id='line_1_34' title="bbox 2096 1148 3675 1224; baseline 0.008 -25"><span class='ocrx_word' id='word_1_227' title='bbox 2096 1148 2367 1200; x_wconf 79' lang='lat' dir='ltr'><strong>subtraxit</strong></span> <span class='ocrx_word' id='word_1_228' title='bbox 2402 1149 2542 1202; x_wconf 89' lang='lat' dir='ltr'><strong>Deus</strong></span> <span class='ocrx_word' id='word_1_229' title='bbox 2588 1149 2790 1203; x_wconf 87' lang='lat' dir='ltr'><strong>homini</strong></span> <span class='ocrx_word' id='word_1_230' title='bbox 2826 1163 3207 1219; x_wconf 83' lang='lat' dir='ltr'><strong>noonunquam</strong></span> <span class='ocrx_word' id='word_1_231' title='bbox 3235 1150 3372 1205; x_wconf 87' lang='lat' dir='ltr'><strong>bona</strong></span> <span class='ocrx_word' id='word_1_232' title='bbox 3402 1168 3519 1222; x_wconf 69' lang='lat' dir='ltr'><strong>quae</strong></span> <span class='ocrx_word' id='word_1_233' title='bbox 3552 1173 3675 1224; x_wconf 87' lang='lat' dir='ltr'><strong>pro-</strong></span> 
     </span>
    </p>
   </div>
   <div class='ocr_carea' id='block_1_35' title="bbox 2100 1238 3678 1301">
    <p class='ocr_par' dir='ltr' id='par_1_35' title="bbox 2100 1238 3678 1301">
     <span class='ocr_line' id='line_1_35' title="bbox 2100 1238 3678 1301; baseline 0.008 -12"><span class='ocrx_word' id='word_1_234' title='bbox 2100 1238 2267 1300; x_wconf 80' lang='lat' dir='ltr'><strong>misit,</strong></span> <span class='ocrx_word' id='word_1_235' title='bbox 2319 1251 2440 1290; x_wconf 89' lang='lat' dir='ltr'><strong>cum</strong></span> <span class='ocrx_word' id='word_1_236' title='bbox 2480 1238 2694 1293; x_wconf 87' lang='lat' dir='ltr'><strong>rebellis</strong></span> <span class='ocrx_word' id='word_1_237' title='bbox 2751 1239 2913 1295; x_wconf 88' lang='lat' dir='ltr'><strong>homo</strong></span> <span class='ocrx_word' id='word_1_238' title='bbox 2964 1240 3106 1294; x_wconf 91' lang='lat' dir='ltr'><strong>illius</strong></span> <span class='ocrx_word' id='word_1_239' title='bbox 3162 1255 3383 1295; x_wconf 87' lang='lat' dir='ltr'><strong>servare</strong></span> <span class='ocrx_word' id='word_1_240' title='bbox 3423 1245 3678 1301; x_wconf 77' lang='lat' dir='ltr'><strong>mandata</strong></span> 
     </span>
    </p>
   </div>
   <div class='ocr_carea' id='block_1_36' title="bbox 2098 1329 2442 1396">
    <p class='ocr_par' dir='ltr' id='par_1_36' title="bbox 2098 1329 2442 1396">
     <span class='ocr_line' id='line_1_36' title="bbox 2098 1329 2442 1396; baseline -0.003 -14"><span class='ocrx_word' id='word_1_241' title='bbox 2098 1329 2442 1396; x_wconf 58' lang='lat' dir='ltr'><strong>contempsit.</strong></span> 
     </span>
    </p>
   </div>
   <div class='ocr_carea' id='block_1_37' title="bbox 2172 1402 3683 1491">
    <p class='ocr_par' dir='ltr' id='par_1_37' title="bbox 2172 1402 3683 1491">
     <span class='ocr_line' id='line_1_37' title="bbox 2172 1402 3683 1491; baseline 0.007 -22"><span class='ocrx_word' id='word_1_242' title='bbox 2172 1417 2506 1486; x_wconf 84' lang='lat' dir='ltr'><strong>Prosequere</strong></span> <span class='ocrx_word' id='word_1_243' title='bbox 2544 1417 2707 1472; x_wconf 90' lang='lat' dir='ltr'><strong>etiam</strong></span> <span class='ocrx_word' id='word_1_244' title='bbox 2729 1458 2744 1483; x_wconf 88' lang='lat'><strong>,</strong></span> <span class='ocrx_word' id='word_1_245' title='bbox 2791 1402 3059 1487; x_wconf 81' lang='lat' dir='ltr'><strong>quoniodo</strong></span> <span class='ocrx_word' id='word_1_246' title='bbox 3091 1420 3231 1475; x_wconf 85' lang='lat' dir='ltr'><strong>Deus</strong></span> <span class='ocrx_word' id='word_1_247' title='bbox 3270 1424 3414 1491; x_wconf 89' lang='lat' dir='ltr'><strong>quod</strong></span> <span class='ocrx_word' id='word_1_248' title='bbox 3446 1425 3683 1480; x_wconf 79' lang='lat' dir='ltr'><strong>minatus</strong></span> 
     </span>
    </p>
   </div>
   <div class='ocr_carea' id='block_1_38' title="bbox 2099 1506 2579 1577">
    <p class='ocr_par' dir='ltr' id='par_1_38' title="bbox 2099 1506 2579 1577">
     <span class='ocr_line' id='line_1_38' title="bbox 2099 1506 2579 1577; baseline 0.002 -17"><span class='ocrx_word' id='word_1_249' title='bbox 2099 1517 2179 1560; x_wconf 85' lang='lat' dir='ltr'><strong>est</strong></span> <span class='ocrx_word' id='word_1_250' title='bbox 2212 1521 2315 1559; x_wconf 88' lang='lat' dir='ltr'><strong>non</strong></span> <span class='ocrx_word' id='word_1_251' title='bbox 2346 1506 2579 1577; x_wconf 79' lang='lat' dir='ltr'><strong>inﬂigit?</strong></span> 
     </span>
    </p>
   </div>
   <div class='ocr_carea' id='block_1_39' title="bbox 2176 1598 3683 1671">
    <p class='ocr_par' dir='ltr' id='par_1_39' title="bbox 2176 1598 3683 1671">
     <span class='ocr_line' id='line_1_39' title="bbox 2176 1598 3683 1671; baseline 0.005 -21"><span class='ocrx_word' id='word_1_252' title='bbox 2176 1598 2342 1652; x_wconf 81' lang='lat' dir='ltr'><strong>Nemo</strong></span> <span class='ocrx_word' id='word_1_253' title='bbox 2365 1599 2454 1667; x_wconf 86' lang='lat' dir='ltr'><strong>qui</strong></span> <span class='ocrx_word' id='word_1_254' title='bbox 2488 1598 2649 1652; x_wconf 91' lang='lat' dir='ltr'><strong>limen</strong></span> <span class='ocrx_word' id='word_1_255' title='bbox 2676 1598 2930 1653; x_wconf 69' lang='lat' dir='ltr'><strong>Ecclesite</strong></span> <span class='ocrx_word' id='word_1_256' title='bbox 2959 1599 3081 1653; x_wconf 91' lang='lat' dir='ltr'><strong>terit</strong></span> <span class='ocrx_word' id='word_1_257' title='bbox 3113 1600 3323 1671; x_wconf 82' lang='lat' dir='ltr'><strong>ignorat</strong></span> <span class='ocrx_word' id='word_1_258' title='bbox 3360 1602 3483 1671; x_wconf 88' lang='lat' dir='ltr'><strong>quia</strong></span> <span class='ocrx_word' id='word_1_259' title='bbox 3513 1602 3683 1657; x_wconf 82' lang='lat' dir='ltr'><strong>Jonas</strong></span> 
     </span>
    </p>
   </div>
   <div class='ocr_carea' id='block_1_40' title="bbox 2103 1687 3677 1754">
    <p class='ocr_par' dir='ltr' id='par_1_40' title="bbox 2103 1687 3677 1754">
     <span class='ocr_line' id='line_1_40' title="bbox 2103 1687 3677 1754; baseline 0.003 -13"><span class='ocrx_word' id='word_1_260' title='bbox 2103 1690 2168 1741; x_wconf 89' lang='lat' dir='ltr'><strong>ad</strong></span> <span class='ocrx_word' id='word_1_261' title='bbox 2203 1687 2429 1742; x_wconf 81' lang='lat' dir='ltr'><strong>Niniven</strong></span> <span class='ocrx_word' id='word_1_262' title='bbox 2478 1706 2507 1743; x_wconf 91' lang='lat' dir='ltr'><strong>a</strong></span> <span class='ocrx_word' id='word_1_263' title='bbox 2556 1689 2784 1743; x_wconf 87' lang='lat' dir='ltr'><strong>Domino</strong></span> <span class='ocrx_word' id='word_1_264' title='bbox 2814 1689 3010 1742; x_wconf 84' lang='lat' dir='ltr'><strong>missus</strong></span> <span class='ocrx_word' id='word_1_265' title='bbox 3038 1690 3389 1754; x_wconf 72' lang='lat' dir='ltr'><strong>exclamavit,</strong></span> <span class='ocrx_word' id='word_1_266' title='bbox 3442 1692 3629 1746; x_wconf 83' lang='lat' dir='ltr'><strong>dicens</strong></span> <span class='ocrx_word' id='word_1_267' title='bbox 3664 1710 3677 1745; x_wconf 90' lang='lat'>:</span> 
     </span>
    </p>
   </div>
   <div class='ocr_carea' id='block_1_41' title="bbox 2104 1778 3683 1849">
    <p class='ocr_par' dir='ltr' id='par_1_41' title="bbox 2104 1778 3683 1849">
     <span class='ocr_line' id='line_1_41' title="bbox 2104 1778 3683 1849; baseline 0.004 -20"><span class='ocrx_word' id='word_1_268' title='bbox 2104 1796 2121 1829; x_wconf 76' lang='lat' dir='ltr'><strong>t</strong></span> <span class='ocrx_word' id='word_1_269' title='bbox 2165 1779 2353 1833; x_wconf 73' lang='lat' dir='ltr'><strong>Adhuc</strong></span> <span class='ocrx_word' id='word_1_270' title='bbox 2400 1779 2757 1849; x_wconf 80' lang='lat' dir='ltr'><strong>quadraginta</strong></span> <span class='ocrx_word' id='word_1_271' title='bbox 2796 1778 2942 1839; x_wconf 87' lang='lat' dir='ltr'><strong>dies,</strong></span> <span class='ocrx_word' id='word_1_272' title='bbox 2989 1788 3042 1833; x_wconf 90' lang='lat' dir='ltr'><strong>et</strong></span> <span class='ocrx_word' id='word_1_273' title='bbox 3094 1778 3285 1833; x_wconf 71' lang='grc' dir='ltr'>Νῆιιίνο</span> <span class='ocrx_word' id='word_1_274' title='bbox 3336 1780 3683 1836; x_wconf 80' lang='lat' dir='ltr'><strong>subvertetur</strong></span> 
     </span>
    </p>
   </div>
   <div class='ocr_carea' id='block_1_42' title="bbox 2102 1869 3682 1939">
    <p class='ocr_par' dir='ltr' id='par_1_42' title="bbox 2102 1869 3682 1939">
     <span class='ocr_line' id='line_1_42' title="bbox 2102 1869 3682 1939; baseline 0.004 -17"><span class='ocrx_word' id='word_1_275' title='bbox 2102 1869 2259 1939; x_wconf 85' lang='lat' dir='ltr'><strong>(Jan.</strong></span> <span class='ocrx_word' id='word_1_276' title='bbox 2289 1886 2346 1924; x_wconf 86' lang='lat' dir='ltr'><strong>nt</strong></span> <span class='ocrx_word' id='word_1_277' title='bbox 2374 1869 2412 1937; x_wconf 92' lang='lat'><strong>).</strong></span> <span class='ocrx_word' id='word_1_278' title='bbox 2453 1888 2469 1920; x_wconf 73' lang='grc' dir='ltr'><strong>ι</strong></span> <span class='ocrx_word' id='word_1_279' title='bbox 2510 1870 2614 1924; x_wconf 87' lang='lat' dir='ltr'><strong>Sed</strong></span> <span class='ocrx_word' id='word_1_280' title='bbox 2640 1871 2762 1938; x_wconf 88' lang='lat' dir='ltr'><strong>quia</strong></span> <span class='ocrx_word' id='word_1_281' title='bbox 2792 1871 2984 1925; x_wconf 78' lang='lat' dir='ltr'><strong>civitas</strong></span> <span class='ocrx_word' id='word_1_282' title='bbox 3015 1870 3100 1924; x_wconf 89' lang='lat' dir='ltr'><strong>illa</strong></span> <span class='ocrx_word' id='word_1_283' title='bbox 3131 1872 3198 1924; x_wconf 78' lang='lat' dir='ltr'><strong>ad</strong></span> <span class='ocrx_word' id='word_1_284' title='bbox 3236 1871 3518 1926; x_wconf 85' lang='lat' dir='ltr'><strong>Dominum</strong></span> <span class='ocrx_word' id='word_1_285' title='bbox 3565 1882 3682 1928; x_wconf 87' lang='lat' dir='ltr'><strong>toto</strong></span> 
     </span>
    </p>
   </div>
   <div class='ocr_carea' id='block_1_43' title="bbox 2100 1963 3681 2033">
    <p class='ocr_par' dir='ltr' id='par_1_43' title="bbox 2100 1963 3681 2033">
     <span class='ocr_line' id='line_1_43' title="bbox 2100 1963 3681 2033; baseline 0.004 -16"><span class='ocrx_word' id='word_1_286' title='bbox 2100 1971 2183 2017; x_wconf 89' lang='lat' dir='ltr'><strong>est</strong></span> <span class='ocrx_word' id='word_1_287' title='bbox 2206 1963 2367 2017; x_wconf 90' lang='lat' dir='ltr'><strong>corde</strong></span> <span class='ocrx_word' id='word_1_288' title='bbox 2393 1978 2679 2027; x_wconf 86' lang='lat' dir='ltr'><strong>conversa,</strong></span> <span class='ocrx_word' id='word_1_289' title='bbox 2710 1980 3051 2033; x_wconf 85' lang='lat' dir='ltr'><strong>nequaquam</strong></span> <span class='ocrx_word' id='word_1_290' title='bbox 3088 1963 3242 2031; x_wconf 84' lang='lat' dir='ltr'><strong>juxta</strong></span> <span class='ocrx_word' id='word_1_291' title='bbox 3283 1968 3544 2022; x_wconf 86' lang='lat' dir='ltr'><strong>minacem</strong></span> <span class='ocrx_word' id='word_1_292' title='bbox 3577 1967 3681 2023; x_wconf 79' lang='lat' dir='ltr'><strong>Do-</strong></span> 
     </span>
    </p>
   </div>
   <div class='ocr_carea' id='block_1_44' title="bbox 2103 2052 3681 2113">
    <p class='ocr_par' dir='ltr' id='par_1_44' title="bbox 2103 2052 3681 2113">
     <span class='ocr_line' id='line_1_44' title="bbox 2103 2052 3681 2113; baseline 0.005 -9"><span class='ocrx_word' id='word_1_293' title='bbox 2103 2052 2230 2105; x_wconf 88' lang='lat' dir='ltr'><strong>ntiui</strong></span> <span class='ocrx_word' id='word_1_294' title='bbox 2262 2054 2587 2108; x_wconf 90' lang='lat' dir='ltr'><strong>sententiam</strong></span> <span class='ocrx_word' id='word_1_295' title='bbox 2616 2055 2808 2108; x_wconf 88' lang='lat' dir='ltr'><strong>excidii</strong></span> <span class='ocrx_word' id='word_1_296' title='bbox 2854 2065 2937 2109; x_wconf 89' lang='lat' dir='ltr'><strong>est</strong></span> <span class='ocrx_word' id='word_1_297' title='bbox 2974 2057 3260 2110; x_wconf 88' lang='lat' dir='ltr'><strong>eversione</strong></span> <span class='ocrx_word' id='word_1_298' title='bbox 3301 2057 3494 2111; x_wconf 85' lang='lat' dir='ltr'><strong>deleta.</strong></span> <span class='ocrx_word' id='word_1_299' title='bbox 3542 2060 3681 2113; x_wconf 79' lang='lat' dir='ltr'><strong>Cum</strong></span> 
     </span>
    </p>
   </div>
   <div class='ocr_carea' id='block_1_45' title="bbox 2101 2143 3682 2219">
    <p class='ocr_par' dir='ltr' id='par_1_45' title="bbox 2101 2143 3682 2219">
     <span class='ocr_line' id='line_1_45' title="bbox 2101 2143 3682 2219; baseline 0.008 -26"><span class='ocrx_word' id='word_1_300' title='bbox 2101 2157 2228 2209; x_wconf 71' lang='lat' dir='ltr'><strong>ergo</strong></span> <span class='ocrx_word' id='word_1_301' title='bbox 2259 2143 2398 2196; x_wconf 85' lang='lat' dir='ltr'><strong>Deus</strong></span> <span class='ocrx_word' id='word_1_302' title='bbox 2426 2145 2769 2213; x_wconf 90' lang='lat' dir='ltr'><strong>omnipotens</strong></span> <span class='ocrx_word' id='word_1_303' title='bbox 2798 2160 2901 2198; x_wconf 91' lang='lat' dir='ltr'><strong>non</strong></span> <span class='ocrx_word' id='word_1_304' title='bbox 2930 2146 3087 2199; x_wconf 91' lang='lat' dir='ltr'><strong>modo</strong></span> <span class='ocrx_word' id='word_1_305' title='bbox 3119 2162 3280 2200; x_wconf 83' lang='lat' dir='ltr'><strong>verax</strong></span> <span class='ocrx_word' id='word_1_306' title='bbox 3301 2188 3315 2207; x_wconf 89' lang='lat'><strong>.</strong></span> <span class='ocrx_word' id='word_1_307' title='bbox 3347 2149 3438 2201; x_wconf 81' lang='lat' dir='ltr'><strong>sed</strong></span> <span class='ocrx_word' id='word_1_308' title='bbox 3478 2160 3534 2202; x_wconf 85' lang='lat' dir='ltr'><strong>et</strong></span> <span class='ocrx_word' id='word_1_309' title='bbox 3560 2152 3682 2219; x_wconf 86' lang='lat' dir='ltr'><strong>ipsa</strong></span> 
     </span>
    </p>
   </div>
   <div class='ocr_carea' id='block_1_46' title="bbox 2101 2236 3680 2309">
    <p class='ocr_par' dir='ltr' id='par_1_46' title="bbox 2101 2236 3680 2309">
     <span class='ocr_line' id='line_1_46' title="bbox 2101 2236 3680 2309; baseline 0.005 -21"><span class='ocrx_word' id='word_1_310' title='bbox 2101 2236 2173 2288; x_wconf 87' lang='lat' dir='ltr'><strong>sit</strong></span> <span class='ocrx_word' id='word_1_311' title='bbox 2202 2236 2423 2298; x_wconf 90' lang='lat' dir='ltr'><strong>veritas,</strong></span> <span class='ocrx_word' id='word_1_312' title='bbox 2456 2236 2713 2291; x_wconf 89' lang='lat' dir='ltr'><strong>inviolato</strong></span> <span class='ocrx_word' id='word_1_313' title='bbox 2738 2237 2949 2292; x_wconf 82' lang='lat' dir='ltr'><strong>consilii</strong></span> <span class='ocrx_word' id='word_1_314' title='bbox 2973 2238 3055 2290; x_wconf 90' lang='lat' dir='ltr'><strong>sui</strong></span> <span class='ocrx_word' id='word_1_315' title='bbox 3089 2249 3338 2294; x_wconf 89' lang='lat' dir='ltr'><strong>manente</strong></span> <span class='ocrx_word' id='word_1_316' title='bbox 3366 2243 3643 2309; x_wconf 84' lang='lat' dir='ltr'><strong>proposito</strong></span> <span class='ocrx_word' id='word_1_317' title='bbox 3664 2284 3680 2306; x_wconf 94' lang='lat'><strong>,</strong></span> 
     </span>
    </p>
   </div>
   <div class='ocr_carea' id='block_1_47' title="bbox 2101 2326 3679 2397">
    <p class='ocr_par' dir='ltr' id='par_1_47' title="bbox 2101 2326 3679 2397">
     <span class='ocr_line' id='line_1_47' title="bbox 2101 2326 3679 2397; baseline 0.004 -18"><span class='ocrx_word' id='word_1_318' title='bbox 2101 2326 2591 2395; x_wconf 86' lang='lat' dir='ltr'><strong>cxteriorisjndicii</strong></span> <span class='ocrx_word' id='word_1_319' title='bbox 2623 2328 2704 2381; x_wconf 92' lang='lat' dir='ltr'><strong>sui</strong></span> <span class='ocrx_word' id='word_1_320' title='bbox 2746 2342 2886 2397; x_wconf 73' lang='lat' dir='ltr'><strong>smpe</strong></span> <span class='ocrx_word' id='word_1_321' title='bbox 2913 2328 3086 2381; x_wconf 78' lang='lat' dir='ltr'><strong>variat</strong></span> <span class='ocrx_word' id='word_1_322' title='bbox 3112 2329 3355 2395; x_wconf 80' lang='lat' dir='ltr'><strong>ordinem</strong></span> <span class='ocrx_word' id='word_1_323' title='bbox 3376 2330 3531 2396; x_wconf 80' lang='lat' dir='ltr'><strong>juxta</strong></span> <span class='ocrx_word' id='word_1_324' title='bbox 3583 2333 3679 2386; x_wconf 82' lang='lat' dir='ltr'><strong>litt-</strong></span> 
     </span>
    </p>
   </div>
   <div class='ocr_carea' id='block_1_48' title="bbox 2104 2417 3678 2489">
    <p class='ocr_par' dir='ltr' id='par_1_48' title="bbox 2104 2417 3678 2489">
     <span class='ocr_line' id='line_1_48' title="bbox 2104 2417 3678 2489; baseline 0.004 -20"><span class='ocrx_word' id='word_1_325' title='bbox 2104 2417 2246 2470; x_wconf 89' lang='lat' dir='ltr'><strong>mani</strong></span> <span class='ocrx_word' id='word_1_326' title='bbox 2266 2457 2278 2476; x_wconf 90' lang='lat'><strong>.</strong></span> <span class='ocrx_word' id='word_1_327' title='bbox 2310 2417 2420 2470; x_wconf 87' lang='lat' dir='ltr'><strong>sive</strong></span> <span class='ocrx_word' id='word_1_328' title='bbox 2450 2417 2635 2488; x_wconf 89' lang='lat' dir='ltr'><strong>probi,</strong></span> <span class='ocrx_word' id='word_1_329' title='bbox 2680 2418 2793 2472; x_wconf 87' lang='lat' dir='ltr'><strong>sive</strong></span> <span class='ocrx_word' id='word_1_330' title='bbox 2838 2419 3067 2488; x_wconf 87' lang='lat' dir='ltr'><strong>improbi</strong></span> <span class='ocrx_word' id='word_1_331' title='bbox 3099 2420 3277 2473; x_wconf 89' lang='lat' dir='ltr'><strong>meriti</strong></span> <span class='ocrx_word' id='word_1_332' title='bbox 3316 2421 3634 2489; x_wconf 87' lang='lat' dir='ltr'><strong>qualitatem</strong></span> <span class='ocrx_word' id='word_1_333' title='bbox 3664 2442 3678 2483; x_wconf 87' lang='lat'><strong>;</strong></span> 
     </span>
    </p>
   </div>
   <div class='ocr_carea' id='block_1_49' title="bbox 2101 2506 3679 2578">
    <p class='ocr_par' dir='ltr' id='par_1_49' title="bbox 2101 2506 3679 2578">
     <span class='ocr_line' id='line_1_49' title="bbox 2101 2506 3679 2578; baseline 0.006 -23"><span class='ocrx_word' id='word_1_334' title='bbox 2101 2514 2366 2573; x_wconf 82' lang='lat' dir='ltr'><strong>quatenus</strong></span> <span class='ocrx_word' id='word_1_335' title='bbox 2395 2515 2449 2559; x_wconf 91' lang='lat' dir='ltr'><strong>et</strong></span> <span class='ocrx_word' id='word_1_336' title='bbox 2474 2522 2502 2558; x_wconf 91' lang='lat' dir='ltr'><strong>a</strong></span> <span class='ocrx_word' id='word_1_337' title='bbox 2530 2506 2798 2573; x_wconf 84' lang='lat' dir='ltr'><strong>pravitate</strong></span> <span class='ocrx_word' id='word_1_338' title='bbox 2827 2516 3139 2572; x_wconf 82' lang='lat' dir='ltr'><strong>correctus,</strong></span> <span class='ocrx_word' id='word_1_339' title='bbox 3183 2510 3324 2578; x_wconf 88' lang='lat' dir='ltr'><strong>quod</strong></span> <span class='ocrx_word' id='word_1_340' title='bbox 3356 2511 3493 2564; x_wconf 86' lang='lat' dir='ltr'><strong>Deus</strong></span> <span class='ocrx_word' id='word_1_341' title='bbox 3530 2510 3679 2578; x_wconf 87' lang='lat' dir='ltr'><strong>juste</strong></span> 
     </span>
    </p>
   </div>
   <div class='ocr_carea' id='block_1_50' title="bbox 2102 2596 3683 2670">
    <p class='ocr_par' dir='ltr' id='par_1_50' title="bbox 2102 2596 3683 2670">
     <span class='ocr_line' id='line_1_50' title="bbox 2102 2596 3683 2670; baseline 0.004 -21"><span class='ocrx_word' id='word_1_342' title='bbox 2102 2596 2358 2655; x_wconf 87' lang='lat' dir='ltr'><strong>tninatur.</strong></span> <span class='ocrx_word' id='word_1_343' title='bbox 2382 2597 2573 2649; x_wconf 90' lang='lat' dir='ltr'><strong>evadat</strong></span> <span class='ocrx_word' id='word_1_344' title='bbox 2600 2612 2614 2649; x_wconf 88' lang='lat'>:</span> <span class='ocrx_word' id='word_1_345' title='bbox 2638 2606 2693 2651; x_wconf 87' lang='lat' dir='ltr'><strong>et</strong></span> <span class='ocrx_word' id='word_1_346' title='bbox 2718 2596 2998 2667; x_wconf 82' lang='lat' dir='ltr'><strong>prolapsus</strong></span> <span class='ocrx_word' id='word_1_347' title='bbox 3026 2598 3077 2653; x_wconf 91' lang='lat' dir='ltr'><strong>in</strong></span> <span class='ocrx_word' id='word_1_348' title='bbox 3105 2599 3338 2670; x_wconf 89' lang='lat' dir='ltr'><strong>culpam,</strong></span> <span class='ocrx_word' id='word_1_349' title='bbox 3372 2600 3683 2657; x_wconf 78' lang='lat' dir='ltr'><strong>nullatenus</strong></span> 
     </span>
    </p>
   </div>
   <div class='ocr_carea' id='block_1_51' title="bbox 2101 2686 3685 2761">
    <p class='ocr_par' dir='ltr' id='par_1_51' title="bbox 2101 2686 3685 2761">
     <span class='ocr_line' id='line_1_51' title="bbox 2101 2686 3685 2761; baseline 0.006 -24"><span class='ocrx_word' id='word_1_350' title='bbox 2101 2703 2220 2754; x_wconf 75' lang='lat' dir='ltr'><strong>qum</strong></span> <span class='ocrx_word' id='word_1_351' title='bbox 2242 2688 2525 2755; x_wconf 89' lang='lat' dir='ltr'><strong>pollicetur</strong></span> <span class='ocrx_word' id='word_1_352' title='bbox 2554 2686 2693 2742; x_wconf 90' lang='lat' dir='ltr'><strong>bona</strong></span> <span class='ocrx_word' id='word_1_353' title='bbox 2725 2689 3011 2759; x_wconf 87' lang='lat' dir='ltr'><strong>percipiat.</strong></span> <span class='ocrx_word' id='word_1_354' title='bbox 3065 2689 3202 2744; x_wconf 87' lang='lat' dir='ltr'><strong>Hinc</strong></span> <span class='ocrx_word' id='word_1_355' title='bbox 3254 2700 3336 2745; x_wconf 93' lang='lat' dir='ltr'><strong>est</strong></span> <span class='ocrx_word' id='word_1_356' title='bbox 3387 2692 3530 2761; x_wconf 88' lang='lat' dir='ltr'><strong>quod</strong></span> <span class='ocrx_word' id='word_1_357' title='bbox 3584 2708 3685 2761; x_wconf 80' lang='lat' dir='ltr'><strong>per</strong></span> 
     </span>
    </p>
   </div>
   <div class='ocr_carea' id='block_1_52' title="bbox 2099 2777 3679 2835">
    <p class='ocr_par' dir='ltr' id='par_1_52' title="bbox 2099 2777 3679 2835">
     <span class='ocr_line' id='line_1_52' title="bbox 2099 2777 3679 2835; baseline 0.003 -4"><span class='ocrx_word' id='word_1_358' title='bbox 2099 2777 2388 2833; x_wconf 80' lang='lat' dir='ltr'><strong>Jercmiam</strong></span> <span class='ocrx_word' id='word_1_359' title='bbox 2413 2778 2571 2832; x_wconf 88' lang='lat' dir='ltr'><strong>dicit:</strong></span> <span class='ocrx_word' id='word_1_360' title='bbox 2603 2798 2619 2830; x_wconf 85' lang='grc'><strong><em>‹</em></strong></span> <span class='ocrx_word' id='word_1_361' title='bbox 2654 2778 2830 2833; x_wconf 88' lang='lat' dir='ltr'><strong>Bonas</strong></span> <span class='ocrx_word' id='word_1_362' title='bbox 2855 2779 3016 2833; x_wconf 75' lang='lat' dir='ltr'><strong>facile</strong></span> <span class='ocrx_word' id='word_1_363' title='bbox 3042 2778 3157 2833; x_wconf 87' lang='lat' dir='ltr'><strong>vias</strong></span> <span class='ocrx_word' id='word_1_364' title='bbox 3181 2790 3388 2834; x_wconf 81' lang='lat' dir='ltr'><strong>vestras</strong></span> <span class='ocrx_word' id='word_1_365' title='bbox 3424 2790 3478 2835; x_wconf 90' lang='lat' dir='ltr'><strong>et</strong></span> <span class='ocrx_word' id='word_1_366' title='bbox 3500 2783 3679 2835; x_wconf 77' lang='lat' dir='ltr'><strong>studia</strong></span> 
     </span>
    </p>
   </div>
   <div class='ocr_carea' id='block_1_53' title="bbox 2102 2867 3682 2939">
    <p class='ocr_par' dir='ltr' id='par_1_53' title="bbox 2102 2867 3682 2939">
     <span class='ocr_line' id='line_1_53' title="bbox 2102 2867 3682 2939; baseline 0.003 -21"><span class='ocrx_word' id='word_1_367' title='bbox 2102 2878 2299 2924; x_wconf 84' lang='lat' dir='ltr'><strong>vestra.</strong></span> <span class='ocrx_word' id='word_1_368' title='bbox 2334 2878 2387 2922; x_wconf 91' lang='lat' dir='ltr'><strong>ct</strong></span> <span class='ocrx_word' id='word_1_369' title='bbox 2414 2869 2596 2922; x_wconf 85' lang='lat' dir='ltr'><strong>audite</strong></span> <span class='ocrx_word' id='word_1_370' title='bbox 2620 2882 2805 2922; x_wconf 86' lang='lat' dir='ltr'><strong>vocem</strong></span> <span class='ocrx_word' id='word_1_371' title='bbox 2838 2868 3047 2923; x_wconf 89' lang='lat' dir='ltr'><strong>Domini</strong></span> <span class='ocrx_word' id='word_1_372' title='bbox 3074 2867 3168 2924; x_wconf 90' lang='lat' dir='ltr'><strong>Dei</strong></span> <span class='ocrx_word' id='word_1_373' title='bbox 3207 2870 3395 2935; x_wconf 88' lang='lat' dir='ltr'><strong>vestri,</strong></span> <span class='ocrx_word' id='word_1_374' title='bbox 3422 2879 3477 2924; x_wconf 90' lang='lat' dir='ltr'><strong>et</strong></span> <span class='ocrx_word' id='word_1_375' title='bbox 3503 2872 3682 2939; x_wconf 65' lang='lat' dir='ltr'><strong>parui-</strong></span> 
     </span>
    </p>
   </div>
   <div class='ocr_carea' id='block_1_54' title="bbox 2102 2946 3677 3030">
    <p class='ocr_par' dir='ltr' id='par_1_54' title="bbox 2102 2946 3677 3030">
     <span class='ocr_line' id='line_1_54' title="bbox 2102 2946 3677 3030; baseline 0.003 -21"><span class='ocrx_word' id='word_1_376' title='bbox 2102 2959 2232 3011; x_wconf 87' lang='lat' dir='ltr'><strong>tebit</strong></span> <span class='ocrx_word' id='word_1_377' title='bbox 2262 2958 2546 3013; x_wconf 88' lang='lat' dir='ltr'><strong>Dominum</strong></span> <span class='ocrx_word' id='word_1_378' title='bbox 2591 2958 2749 3023; x_wconf 87' lang='lat' dir='ltr'><strong>mali,</strong></span> <span class='ocrx_word' id='word_1_379' title='bbox 2796 2946 2938 3030; x_wconf 70' lang='lat' dir='ltr'><strong>quod</strong></span> <span class='ocrx_word' id='word_1_380' title='bbox 2991 2960 3203 3015; x_wconf 88' lang='lat' dir='ltr'><strong>locutus</strong></span> <span class='ocrx_word' id='word_1_381' title='bbox 3254 2970 3338 3015; x_wconf 88' lang='lat' dir='ltr'><strong>est</strong></span> <span class='ocrx_word' id='word_1_382' title='bbox 3389 2962 3677 3016; x_wconf 87' lang='lat' dir='ltr'><strong>adversum</strong></span> 
     </span>
    </p>
   </div>
   <div class='ocr_carea' id='block_1_55' title="bbox 409 3021 3682 3122">
    <p class='ocr_par' dir='ltr' id='par_1_55' title="bbox 409 3021 3682 3122">
     <span class='ocr_line' id='line_1_55' title="bbox 409 3021 3682 3122; baseline 0.003 -27"><span class='ocrx_word' id='word_1_383' title='bbox 409 3042 592 3109; x_wconf 78' lang='lat' dir='ltr'><strong>xux);</strong></span> <span class='ocrx_word' id='word_1_384' title='bbox 630 3062 647 3094; x_wconf 79' lang='grc' dir='ltr'><strong>ι</strong></span> <span class='ocrx_word' id='word_1_385' title='bbox 683 3053 736 3096; x_wconf 87' lang='lat' dir='ltr'><strong>et</strong></span> <span class='ocrx_word' id='word_1_386' title='bbox 764 3053 941 3099; x_wconf 91' lang='lat' dir='ltr'><strong>tamen</strong></span> <span class='ocrx_word' id='word_1_387' title='bbox 973 3062 1071 3100; x_wconf 88' lang='lat' dir='ltr'><strong>nec</strong></span> <span class='ocrx_word' id='word_1_388' title='bbox 1114 3049 1447 3115; x_wconf 49' lang='lat' dir='ltr'><strong>temporibus</strong></span> <span class='ocrx_word' id='word_1_389' title='bbox 1481 3048 1729 3102; x_wconf 85' lang='lat' dir='ltr'><strong>.ludicutn</strong></span> <span class='ocrx_word' id='word_1_390' title='bbox 1765 3050 1993 3120; x_wconf 89' lang='lat' dir='ltr'><strong>legimus</strong></span> <span class='ocrx_word' id='word_1_391' title='bbox 2023 3021 2067 3082; x_wconf 56' lang='grc' dir='ltr'><strong>(ἶ</strong></span> <span class='ocrx_word' id='word_1_392' title='bbox 2102 3064 2195 3105; x_wconf 84' lang='lat' dir='ltr'><strong>vos</strong></span> <span class='ocrx_word' id='word_1_393' title='bbox 2224 3048 2545 3119; x_wconf 58' lang='lat' dir='ltr'><strong>(Jenxsvn).</strong></span> <span class='ocrx_word' id='word_1_394' title='bbox 2584 3072 2601 3101; x_wconf 73' lang='grc' dir='ltr'><strong>ι</strong></span> <span class='ocrx_word' id='word_1_395' title='bbox 2639 3050 2772 3107; x_wconf 91' lang='lat' dir='ltr'><strong>llinc</strong></span> <span class='ocrx_word' id='word_1_396' title='bbox 2801 3060 2882 3106; x_wconf 85' lang='lat' dir='ltr'><strong>est</strong></span> <span class='ocrx_word' id='word_1_397' title='bbox 2912 3051 3054 3120; x_wconf 88' lang='lat' dir='ltr'><strong>quod</strong></span> <span class='ocrx_word' id='word_1_398' title='bbox 3085 3053 3150 3107; x_wconf 86' lang='lat' dir='ltr'><strong>ad</strong></span> <span class='ocrx_word' id='word_1_399' title='bbox 3184 3050 3301 3106; x_wconf 84' lang='lat' dir='ltr'><strong>Heli</strong></span> <span class='ocrx_word' id='word_1_400' title='bbox 3336 3068 3547 3122; x_wconf 86' lang='lat' dir='ltr'><strong>quoque</strong></span> <span class='ocrx_word' id='word_1_401' title='bbox 3579 3068 3682 3121; x_wconf 86' lang='lat' dir='ltr'><strong>per</strong></span> 
     </span>
    </p>
   </div>
   <div class='ocr_carea' id='block_1_56' title="bbox 409 3136 1993 3209">
    <p class='ocr_par' dir='ltr' id='par_1_56' title="bbox 409 3136 1993 3209">
     <span class='ocr_line' id='line_1_56' title="bbox 409 3136 1993 3209; baseline 0.006 -22"><span class='ocrx_word' id='word_1_402' title='bbox 409 3137 557 3191; x_wconf 89' lang='lat' dir='ltr'><strong>viros</strong></span> <span class='ocrx_word' id='word_1_403' title='bbox 588 3136 654 3190; x_wconf 89' lang='lat' dir='ltr'><strong>de</strong></span> <span class='ocrx_word' id='word_1_404' title='bbox 683 3137 821 3191; x_wconf 90' lang='lat' dir='ltr'><strong>tribu</strong></span> <span class='ocrx_word' id='word_1_405' title='bbox 856 3136 991 3193; x_wconf 81' lang='lat' dir='ltr'><strong>Juda</strong></span> <span class='ocrx_word' id='word_1_406' title='bbox 1048 3154 1263 3208; x_wconf 87' lang='lat' dir='ltr'><strong>semper</strong></span> <span class='ocrx_word' id='word_1_407' title='bbox 1317 3156 1477 3209; x_wconf 87' lang='lat' dir='ltr'><strong>super</strong></span> <span class='ocrx_word' id='word_1_408' title='bbox 1530 3140 1699 3195; x_wconf 84' lang='lat' dir='ltr'><strong>Israel</strong></span> <span class='ocrx_word' id='word_1_409' title='bbox 1755 3143 1993 3197; x_wconf 88' lang='lat' dir='ltr'><strong>tenuisse</strong></span> 
     </span>
    </p>
   </div>
   <div class='ocr_carea' id='block_1_57' title="bbox 407 3227 1990 3303">
    <p class='ocr_par' dir='ltr' id='par_1_57' title="bbox 407 3227 1990 3303">
     <span class='ocr_line' id='line_1_57' title="bbox 407 3227 1990 3303; baseline 0.006 -24"><span class='ocrx_word' id='word_1_410' title='bbox 407 3227 698 3292; x_wconf 84' lang='lat' dir='ltr'><strong>ducatum;</strong></span> <span class='ocrx_word' id='word_1_411' title='bbox 752 3243 853 3283; x_wconf 90' lang='lat' dir='ltr'><strong>nec</strong></span> <span class='ocrx_word' id='word_1_412' title='bbox 887 3246 1039 3300; x_wconf 86' lang='lat' dir='ltr'><strong>reges</strong></span> <span class='ocrx_word' id='word_1_413' title='bbox 1090 3246 1155 3284; x_wconf 79' lang='lat' dir='ltr'><strong>ex</strong></span> <span class='ocrx_word' id='word_1_414' title='bbox 1204 3230 1392 3286; x_wconf 86' lang='lat' dir='ltr'><strong>eadem</strong></span> <span class='ocrx_word' id='word_1_415' title='bbox 1440 3232 1582 3285; x_wconf 88' lang='lat' dir='ltr'><strong>tribu</strong></span> <span class='ocrx_word' id='word_1_416' title='bbox 1627 3234 1990 3303; x_wconf 84' lang='lat' dir='ltr'><strong>principatum</strong></span> 
     </span>
    </p>
   </div>
   <div class='ocr_carea' id='block_1_58' title="bbox 414 3322 1989 3401">
    <p class='ocr_par' dir='ltr' id='par_1_58' title="bbox 414 3322 1989 3401">
     <span class='ocr_line' id='line_1_58' title="bbox 414 3322 1989 3401; baseline 0.004 -28"><span class='ocrx_word' id='word_1_417' title='bbox 414 3322 650 3378; x_wconf 86' lang='lat' dir='ltr'><strong>tenuisse</strong></span> <span class='ocrx_word' id='word_1_418' title='bbox 691 3338 858 3393; x_wconf 87' lang='lat' dir='ltr'><strong>usque</strong></span> <span class='ocrx_word' id='word_1_419' title='bbox 906 3323 972 3377; x_wconf 91' lang='lat' dir='ltr'><strong>ad</strong></span> <span class='ocrx_word' id='word_1_420' title='bbox 1026 3322 1227 3378; x_wconf 81' lang='lat' dir='ltr'><strong>Christi</strong></span> <span class='ocrx_word' id='word_1_421' title='bbox 1284 3326 1629 3393; x_wconf 89' lang='lat' dir='ltr'><strong>reperiuntur</strong></span> <span class='ocrx_word' id='word_1_422' title='bbox 1675 3329 1989 3401; x_wconf 81' lang='lat' dir='ltr'><strong>adventum.</strong></span> 
     </span>
    </p>
   </div>
   <div class='ocr_carea' id='block_1_59' title="bbox 410 3416 1992 3487">
    <p class='ocr_par' dir='ltr' id='par_1_59' title="bbox 410 3416 1992 3487">
     <span class='ocr_line' id='line_1_59' title="bbox 410 3416 1992 3487; baseline 0.002 -19"><span class='ocrx_word' id='word_1_423' title='bbox 410 3416 637 3470; x_wconf 72' lang='lat' dir='ltr'><strong>(Iousrat</strong></span> <span class='ocrx_word' id='word_1_424' title='bbox 681 3432 810 3486; x_wconf 79' lang='lat' dir='ltr'><strong>ergo</strong></span> <span class='ocrx_word' id='word_1_425' title='bbox 861 3416 986 3485; x_wconf 90' lang='lat' dir='ltr'><strong>quia</strong></span> <span class='ocrx_word' id='word_1_426' title='bbox 1039 3432 1182 3487; x_wconf 59' lang='lat' dir='ltr'><strong>saepe</strong></span> <span class='ocrx_word' id='word_1_427' title='bbox 1236 3416 1377 3471; x_wconf 89' lang='lat' dir='ltr'><strong>Deus</strong></span> <span class='ocrx_word' id='word_1_428' title='bbox 1439 3419 1783 3486; x_wconf 86' lang='lat' dir='ltr'><strong>omnipotens</strong></span> <span class='ocrx_word' id='word_1_429' title='bbox 1849 3420 1992 3487; x_wconf 73' lang='lat' dir='ltr'><strong>(ptod</strong></span> 
     </span>
    </p>
   </div>
   <div class='ocr_carea' id='block_1_60' title="bbox 416 3506 1994 3579">
    <p class='ocr_par' dir='ltr' id='par_1_60' title="bbox 416 3506 1994 3579">
     <span class='ocr_line' id='line_1_60' title="bbox 416 3506 1994 3579; baseline 0.004 -22"><span class='ocrx_word' id='word_1_430' title='bbox 416 3506 618 3559; x_wconf 90' lang='lat' dir='ltr'><strong>homini</strong></span> <span class='ocrx_word' id='word_1_431' title='bbox 648 3508 896 3576; x_wconf 88' lang='lat' dir='ltr'><strong>promisit</strong></span> <span class='ocrx_word' id='word_1_432' title='bbox 928 3508 1197 3561; x_wconf 90' lang='lat' dir='ltr'><strong>innninuit</strong></span> <span class='ocrx_word' id='word_1_433' title='bbox 1216 3549 1229 3570; x_wconf 95' lang='lat'><strong>,</strong></span> <span class='ocrx_word' id='word_1_434' title='bbox 1252 3508 1507 3577; x_wconf 89' lang='lat' dir='ltr'><strong>quoniam</strong></span> <span class='ocrx_word' id='word_1_435' title='bbox 1536 3509 1697 3564; x_wconf 90' lang='lat' dir='ltr'><strong>homo</strong></span> <span class='ocrx_word' id='word_1_436' title='bbox 1718 3510 1860 3579; x_wconf 90' lang='lat' dir='ltr'><strong>quod</strong></span> <span class='ocrx_word' id='word_1_437' title='bbox 1886 3510 1994 3564; x_wconf 89' lang='lat' dir='ltr'><strong>Deo</strong></span> 
     </span>
    </p>
   </div>
   <div class='ocr_carea' id='block_1_61' title="bbox 412 3595 1107 3666">
    <p class='ocr_par' dir='ltr' id='par_1_61' title="bbox 412 3595 1107 3666">
     <span class='ocr_line' id='line_1_61' title="bbox 412 3595 1107 3666; baseline 0.004 -18"><span class='ocrx_word' id='word_1_438' title='bbox 412 3595 675 3652; x_wconf 85' lang='lat' dir='ltr'><strong>debuerat</strong></span> <span class='ocrx_word' id='word_1_439' title='bbox 702 3613 808 3651; x_wconf 90' lang='lat' dir='ltr'><strong>non</strong></span> <span class='ocrx_word' id='word_1_440' title='bbox 848 3597 1107 3666; x_wconf 88' lang='lat' dir='ltr'><strong>implevit.</strong></span> 
     </span>
    </p>
   </div>
   <div class='ocr_carea' id='block_1_62' title="bbox 482 3686 1995 3763">
    <p class='ocr_par' dir='ltr' id='par_1_62' title="bbox 482 3686 1995 3763">
     <span class='ocr_line' id='line_1_62' title="bbox 482 3686 1995 3763; baseline 0.004 -22"><span class='ocrx_word' id='word_1_441' title='bbox 482 3686 582 3741; x_wconf 90' lang='lat' dir='ltr'><strong>Ubi</strong></span> <span class='ocrx_word' id='word_1_442' title='bbox 620 3688 762 3742; x_wconf 86' lang='lat' dir='ltr'><strong>Deus</strong></span> <span class='ocrx_word' id='word_1_443' title='bbox 806 3689 1055 3758; x_wconf 90' lang='lat' dir='ltr'><strong>promisit</strong></span> <span class='ocrx_word' id='word_1_444' title='bbox 1083 3690 1283 3743; x_wconf 90' lang='lat' dir='ltr'><strong>bonum</strong></span> <span class='ocrx_word' id='word_1_445' title='bbox 1313 3691 1557 3759; x_wconf 75' lang='lat' dir='ltr'><strong>aliquod,</strong></span> <span class='ocrx_word' id='word_1_446' title='bbox 1589 3701 1641 3746; x_wconf 89' lang='lat' dir='ltr'><strong>et</strong></span> <span class='ocrx_word' id='word_1_447' title='bbox 1675 3709 1779 3747; x_wconf 92' lang='lat' dir='ltr'><strong>non</strong></span> <span class='ocrx_word' id='word_1_448' title='bbox 1810 3694 1995 3763; x_wconf 87' lang='lat' dir='ltr'><strong>imple-</strong></span> 
     </span>
    </p>
   </div>
   <div class='ocr_carea' id='block_1_63' title="bbox 412 3776 1992 3849">
    <p class='ocr_par' dir='ltr' id='par_1_63' title="bbox 412 3776 1992 3849">
     <span class='ocr_line' id='line_1_63' title="bbox 412 3776 1992 3849; baseline 0.006 -21"><span class='ocrx_word' id='word_1_449' title='bbox 412 3776 535 3830; x_wconf 76' lang='lat' dir='ltr'><strong>vit?</strong></span> <span class='ocrx_word' id='word_1_450' title='bbox 575 3776 914 3840; x_wconf 83' lang='lat' dir='ltr'><strong>Recordare,</strong></span> <span class='ocrx_word' id='word_1_451' title='bbox 959 3780 1087 3849; x_wconf 91' lang='lat' dir='ltr'><strong>quia</strong></span> <span class='ocrx_word' id='word_1_452' title='bbox 1120 3780 1254 3834; x_wconf 87' lang='lat' dir='ltr'><strong>dixit</strong></span> <span class='ocrx_word' id='word_1_453' title='bbox 1291 3781 1551 3836; x_wconf 89' lang='lat' dir='ltr'><strong>Dominus</strong></span> <span class='ocrx_word' id='word_1_454' title='bbox 1581 3782 1647 3837; x_wconf 91' lang='lat' dir='ltr'><strong>ad</strong></span> <span class='ocrx_word' id='word_1_455' title='bbox 1675 3782 1876 3838; x_wconf 82' lang='lat' dir='ltr'><strong>Josiam</strong></span> <span class='ocrx_word' id='word_1_456' title='bbox 1908 3800 1992 3838; x_wconf 84' lang='lat' dir='ltr'><strong>re-</strong></span> 
     </span>
    </p>
   </div>
   <div class='ocr_carea' id='block_1_64' title="bbox 408 3864 1993 3941">
    <p class='ocr_par' dir='ltr' id='par_1_64' title="bbox 408 3864 1993 3941">
     <span class='ocr_line' id='line_1_64' title="bbox 408 3864 1993 3941; baseline 0.006 -22"><span class='ocrx_word' id='word_1_457' title='bbox 408 3880 535 3934; x_wconf 75' lang='lat' dir='ltr'><strong>gem</strong></span> <span class='ocrx_word' id='word_1_458' title='bbox 562 3864 697 3922; x_wconf 66' lang='lat' dir='ltr'><strong>Iuda</strong></span> <span class='ocrx_word' id='word_1_459' title='bbox 731 3886 743 3921; x_wconf 96' lang='lat'>:</span> <span class='ocrx_word' id='word_1_460' title='bbox 782 3886 800 3919; x_wconf 74' lang='grc' dir='ltr'><strong>ι</strong></span> <span class='ocrx_word' id='word_1_461' title='bbox 833 3868 939 3923; x_wconf 85' lang='lat' dir='ltr'><strong>Pro</strong></span> <span class='ocrx_word' id='word_1_462' title='bbox 972 3884 1058 3932; x_wconf 88' lang='lat' dir='ltr'><strong>eo,</strong></span> <span class='ocrx_word' id='word_1_463' title='bbox 1090 3870 1283 3939; x_wconf 88' lang='lat' dir='ltr'><strong>inquit,</strong></span> <span class='ocrx_word' id='word_1_464' title='bbox 1329 3873 1471 3941; x_wconf 90' lang='lat' dir='ltr'><strong>quod</strong></span> <span class='ocrx_word' id='word_1_465' title='bbox 1501 3873 1681 3927; x_wconf 82' lang='lat' dir='ltr'><strong>vidisti</strong></span> <span class='ocrx_word' id='word_1_466' title='bbox 1704 3874 1864 3928; x_wconf 80' lang='lat' dir='ltr'><strong>verba</strong></span> <span class='ocrx_word' id='word_1_467' title='bbox 1896 3890 1993 3928; x_wconf 84' lang='lat' dir='ltr'><strong>vo-</strong></span> 
     </span>
    </p>
   </div>
   <div class='ocr_carea' id='block_1_65' title="bbox 410 3954 1994 4030">
    <p class='ocr_par' dir='ltr' id='par_1_65' title="bbox 410 3954 1994 4030">
     <span class='ocr_line' id='line_1_65' title="bbox 410 3954 1994 4030; baseline 0.009 -22"><span class='ocrx_word' id='word_1_468' title='bbox 410 3954 653 4022; x_wconf 82' lang='lat' dir='ltr'><strong>luminis,</strong></span> <span class='ocrx_word' id='word_1_469' title='bbox 682 3967 737 4012; x_wconf 91' lang='lat' dir='ltr'><strong>et</strong></span> <span class='ocrx_word' id='word_1_470' title='bbox 766 3962 1116 4030; x_wconf 84' lang='lat' dir='ltr'><strong>perterritum</strong></span> <span class='ocrx_word' id='word_1_471' title='bbox 1148 3973 1231 4017; x_wconf 89' lang='lat' dir='ltr'><strong>est</strong></span> <span class='ocrx_word' id='word_1_472' title='bbox 1259 3980 1354 4018; x_wconf 92' lang='lat' dir='ltr'><strong>cor</strong></span> <span class='ocrx_word' id='word_1_473' title='bbox 1393 3976 1561 4030; x_wconf 92' lang='lat' dir='ltr'><strong>tuum,</strong></span> <span class='ocrx_word' id='word_1_474' title='bbox 1591 3975 1645 4020; x_wconf 92' lang='lat' dir='ltr'><strong>et</strong></span> <span class='ocrx_word' id='word_1_475' title='bbox 1677 3966 1994 4023; x_wconf 89' lang='lat' dir='ltr'><strong>humiliatus</strong></span> 
     </span>
    </p>
   </div>
   <div class='ocr_carea' id='block_1_66' title="bbox 406 4050 1993 4116">
    <p class='ocr_par' dir='ltr' id='par_1_66' title="bbox 406 4050 1993 4116">
     <span class='ocr_line' id='line_1_66' title="bbox 406 4050 1993 4116; baseline 0.007 -15"><span class='ocrx_word' id='word_1_476' title='bbox 406 4064 471 4101; x_wconf 83' lang='lat' dir='ltr'><strong>es</strong></span> <span class='ocrx_word' id='word_1_477' title='bbox 495 4064 676 4102; x_wconf 90' lang='lat' dir='ltr'><strong>coram</strong></span> <span class='ocrx_word' id='word_1_478' title='bbox 711 4050 957 4116; x_wconf 88' lang='lat' dir='ltr'><strong>Domino,</strong></span> <span class='ocrx_word' id='word_1_479' title='bbox 987 4054 1185 4108; x_wconf 86' lang='lat' dir='ltr'><strong>auditis</strong></span> <span class='ocrx_word' id='word_1_480' title='bbox 1217 4057 1555 4109; x_wconf 87' lang='lat' dir='ltr'><strong>sermonibus</strong></span> <span class='ocrx_word' id='word_1_481' title='bbox 1590 4068 1782 4111; x_wconf 89' lang='lat' dir='ltr'><strong>contra</strong></span> <span class='ocrx_word' id='word_1_482' title='bbox 1814 4056 1993 4112; x_wconf 79' lang='lat' dir='ltr'><strong>locum</strong></span> 
     </span>
    </p>
   </div>
   <div class='ocr_carea' id='block_1_67' title="bbox 411 4140 1992 4215">
    <p class='ocr_par' dir='ltr' id='par_1_67' title="bbox 411 4140 1992 4215">
     <span class='ocr_line' id='line_1_67' title="bbox 411 4140 1992 4215; baseline 0.007 -22"><span class='ocrx_word' id='word_1_483' title='bbox 411 4141 574 4195; x_wconf 87' lang='lat' dir='ltr'><strong>istum</strong></span> <span class='ocrx_word' id='word_1_484' title='bbox 626 4150 680 4196; x_wconf 87' lang='lat' dir='ltr'><strong>et</strong></span> <span class='ocrx_word' id='word_1_485' title='bbox 734 4140 1064 4201; x_wconf 85' lang='lat' dir='ltr'><strong>habitatores</strong></span> <span class='ocrx_word' id='word_1_486' title='bbox 1097 4147 1243 4215; x_wconf 86' lang='lat' dir='ltr'><strong>ejus;</strong></span> <span class='ocrx_word' id='word_1_487' title='bbox 1300 4158 1354 4204; x_wconf 90' lang='lat' dir='ltr'><strong>et</strong></span> <span class='ocrx_word' id='word_1_488' title='bbox 1408 4150 1615 4205; x_wconf 87' lang='lat' dir='ltr'><strong>scidisti</strong></span> <span class='ocrx_word' id='word_1_489' title='bbox 1668 4151 1992 4205; x_wconf 87' lang='lat' dir='ltr'><strong>vestimenta</strong></span> 
     </span>
    </p>
   </div>
   <div class='ocr_carea' id='block_1_68' title="bbox 412 4234 1993 4313">
    <p class='ocr_par' dir='ltr' id='par_1_68' title="bbox 412 4234 1993 4313">
     <span class='ocr_line' id='line_1_68' title="bbox 412 4234 1993 4313; baseline 0.008 -30"><span class='ocrx_word' id='word_1_490' title='bbox 412 4241 591 4297; x_wconf 88' lang='lat' dir='ltr'><strong>tua,et</strong></span> <span class='ocrx_word' id='word_1_491' title='bbox 607 4234 798 4289; x_wconf 84' lang='lat' dir='ltr'><strong>ﬂevisti</strong></span> <span class='ocrx_word' id='word_1_492' title='bbox 818 4252 999 4291; x_wconf 87' lang='lat' dir='ltr'><strong>coram</strong></span> <span class='ocrx_word' id='word_1_493' title='bbox 1026 4254 1131 4302; x_wconf 87' lang='lat' dir='ltr'><strong>me,</strong></span> <span class='ocrx_word' id='word_1_494' title='bbox 1152 4240 1352 4295; x_wconf 89' lang='lat' dir='ltr'><strong>idcirco</strong></span> <span class='ocrx_word' id='word_1_495' title='bbox 1374 4241 1621 4310; x_wconf 85' lang='lat' dir='ltr'><strong>colligam</strong></span> <span class='ocrx_word' id='word_1_496' title='bbox 1651 4253 1702 4297; x_wconf 85' lang='lat' dir='ltr'><strong>te</strong></span> <span class='ocrx_word' id='word_1_497' title='bbox 1723 4244 1788 4296; x_wconf 89' lang='lat' dir='ltr'><strong>ad</strong></span> <span class='ocrx_word' id='word_1_498' title='bbox 1809 4255 1993 4313; x_wconf 82' lang='lat' dir='ltr'><strong>patres</strong></span> 
     </span>
    </p>
   </div>
   <div class='ocr_carea' id='block_1_69' title="bbox 413 4326 1991 4402">
    <p class='ocr_par' dir='ltr' id='par_1_69' title="bbox 413 4326 1991 4402">
     <span class='ocr_line' id='line_1_69' title="bbox 413 4326 1991 4402; baseline 0.006 -25"><span class='ocrx_word' id='word_1_499' title='bbox 413 4332 557 4387; x_wconf 89' lang='lat' dir='ltr'><strong>tuos,</strong></span> <span class='ocrx_word' id='word_1_500' title='bbox 587 4333 643 4379; x_wconf 84' lang='lat' dir='ltr'><strong>et</strong></span> <span class='ocrx_word' id='word_1_501' title='bbox 670 4326 939 4397; x_wconf 81' lang='lat' dir='ltr'><strong>colligeris</strong></span> <span class='ocrx_word' id='word_1_502' title='bbox 960 4330 1025 4383; x_wconf 91' lang='lat' dir='ltr'><strong>ad</strong></span> <span class='ocrx_word' id='word_1_503' title='bbox 1054 4331 1359 4399; x_wconf 86' lang='lat' dir='ltr'><strong>sepulcrum</strong></span> <span class='ocrx_word' id='word_1_504' title='bbox 1397 4340 1543 4386; x_wconf 90' lang='lat' dir='ltr'><strong>tuum</strong></span> <span class='ocrx_word' id='word_1_505' title='bbox 1573 4333 1622 4386; x_wconf 92' lang='lat' dir='ltr'><strong>in</strong></span> <span class='ocrx_word' id='word_1_506' title='bbox 1647 4349 1813 4402; x_wconf 87' lang='lat' dir='ltr'><strong>pace;</strong></span> <span class='ocrx_word' id='word_1_507' title='bbox 1853 4352 1871 4385; x_wconf 74' lang='grc' dir='ltr'><strong>ι</strong></span> <span class='ocrx_word' id='word_1_508' title='bbox 1934 4342 1991 4387; x_wconf 90' lang='lat' dir='ltr'><strong>et</strong></span> 
     </span>
    </p>
   </div>
   <div class='ocr_carea' id='block_1_70' title="bbox 2099 3142 3683 3211">
    <p class='ocr_par' dir='ltr' id='par_1_70' title="bbox 2099 3142 3683 3211">
     <span class='ocr_line' id='line_1_70' title="bbox 2099 3142 3683 3211; baseline 0.003 -17"><span class='ocrx_word' id='word_1_509' title='bbox 2099 3144 2272 3197; x_wconf 84' lang='lat' dir='ltr'><strong>virum</strong></span> <span class='ocrx_word' id='word_1_510' title='bbox 2310 3142 2398 3195; x_wconf 91' lang='lat' dir='ltr'><strong>Dei</strong></span> <span class='ocrx_word' id='word_1_511' title='bbox 2441 3144 2698 3197; x_wconf 88' lang='lat' dir='ltr'><strong>Dominus</strong></span> <span class='ocrx_word' id='word_1_512' title='bbox 2721 3144 2834 3196; x_wconf 89' lang='lat' dir='ltr'><strong>ait:</strong></span> <span class='ocrx_word' id='word_1_513' title='bbox 2879 3161 2897 3193; x_wconf 75' lang='grc' dir='ltr'><strong>ι</strong></span> <span class='ocrx_word' id='word_1_514' title='bbox 2936 3142 3185 3211; x_wconf 83' lang='lat' dir='ltr'><strong>Loquens</strong></span> <span class='ocrx_word' id='word_1_515' title='bbox 3209 3142 3422 3198; x_wconf 88' lang='lat' dir='ltr'><strong>locutus</strong></span> <span class='ocrx_word' id='word_1_516' title='bbox 3448 3159 3592 3207; x_wconf 89' lang='lat' dir='ltr'><strong>sum,</strong></span> <span class='ocrx_word' id='word_1_517' title='bbox 3621 3154 3683 3198; x_wconf 80' lang='lat' dir='ltr'><strong>ut.</strong></span> 
     </span>
    </p>
   </div>
   <div class='ocr_carea' id='block_1_71' title="bbox 2101 3236 3677 3305">
    <p class='ocr_par' dir='ltr' id='par_1_71' title="bbox 2101 3236 3677 3305">
     <span class='ocr_line' id='line_1_71' title="bbox 2101 3236 3677 3305; baseline -0.002 -15"><span class='ocrx_word' id='word_1_518' title='bbox 2101 3239 2291 3290; x_wconf 89' lang='lat' dir='ltr'><strong>doums</strong></span> <span class='ocrx_word' id='word_1_519' title='bbox 2324 3247 2438 3300; x_wconf 86' lang='lat' dir='ltr'><strong>tua,</strong></span> <span class='ocrx_word' id='word_1_520' title='bbox 2468 3245 2521 3291; x_wconf 90' lang='lat' dir='ltr'><strong>et</strong></span> <span class='ocrx_word' id='word_1_521' title='bbox 2548 3237 2738 3299; x_wconf 82' lang='lat' dir='ltr'><strong>domus</strong></span> <span class='ocrx_word' id='word_1_522' title='bbox 2771 3236 2937 3305; x_wconf 90' lang='lat' dir='ltr'><strong>patris</strong></span> <span class='ocrx_word' id='word_1_523' title='bbox 2972 3236 3044 3289; x_wconf 85' lang='grc' dir='ltr'>ιιιί</span> <span class='ocrx_word' id='word_1_524' title='bbox 3073 3236 3407 3290; x_wconf 86' lang='lat' dir='ltr'><strong>ministraret</strong></span> <span class='ocrx_word' id='word_1_525' title='bbox 3450 3237 3505 3289; x_wconf 92' lang='lat' dir='ltr'><strong>in</strong></span> <span class='ocrx_word' id='word_1_526' title='bbox 3542 3251 3677 3291; x_wconf 86' lang='lat' dir='ltr'><strong>coo-</strong></span> 
     </span>
    </p>
   </div>
   <div class='ocr_carea' id='block_1_72' title="bbox 2100 3323 3675 3397">
    <p class='ocr_par' dir='ltr' id='par_1_72' title="bbox 2100 3323 3675 3397">
     <span class='ocr_line' id='line_1_72' title="bbox 2100 3323 3675 3397; baseline -0.002 -16"><span class='ocrx_word' id='word_1_527' title='bbox 2100 3338 2285 3396; x_wconf 77' lang='lat' dir='ltr'><strong>spcczu</strong></span> <span class='ocrx_word' id='word_1_528' title='bbox 2318 3341 2437 3380; x_wconf 91' lang='lat' dir='ltr'><strong>meo</strong></span> <span class='ocrx_word' id='word_1_529' title='bbox 2463 3342 2634 3397; x_wconf 80' lang='lat' dir='ltr'><strong>usque</strong></span> <span class='ocrx_word' id='word_1_530' title='bbox 2664 3326 2714 3380; x_wconf 88' lang='lat' dir='ltr'><strong>in</strong></span> <span class='ocrx_word' id='word_1_531' title='bbox 2746 3323 3133 3395; x_wconf 80' lang='lat' dir='ltr'><strong>sempiternum</strong></span> <span class='ocrx_word' id='word_1_532' title='bbox 3167 3342 3181 3379; x_wconf 90' lang='lat'>:</span> <span class='ocrx_word' id='word_1_533' title='bbox 3219 3341 3359 3381; x_wconf 89' lang='lat' dir='ltr'><strong>nunc</strong></span> <span class='ocrx_word' id='word_1_534' title='bbox 3387 3334 3562 3380; x_wconf 86' lang='lat' dir='ltr'><strong>autem</strong></span> <span class='ocrx_word' id='word_1_535' title='bbox 3595 3327 3675 3379; x_wconf 83' lang='lat' dir='ltr'><strong>di-</strong></span> 
     </span>
    </p>
   </div>
   <div class='ocr_carea' id='block_1_73' title="bbox 2099 3416 3684 3488">
    <p class='ocr_par' dir='ltr' id='par_1_73' title="bbox 2099 3416 3684 3488">
     <span class='ocr_line' id='line_1_73' title="bbox 2099 3416 3684 3488; baseline 0.001 -18"><span class='ocrx_word' id='word_1_536' title='bbox 2099 3416 2173 3471; x_wconf 90' lang='lat' dir='ltr'><strong>cit</strong></span> <span class='ocrx_word' id='word_1_537' title='bbox 2203 3417 2459 3471; x_wconf 89' lang='lat' dir='ltr'><strong>Dominus</strong></span> <span class='ocrx_word' id='word_1_538' title='bbox 2490 3435 2500 3469; x_wconf 93' lang='lat'>:</span> <span class='ocrx_word' id='word_1_539' title='bbox 2529 3417 2684 3471; x_wconf 72' lang='lat' dir='ltr'><strong>Absit</strong></span> <span class='ocrx_word' id='word_1_540' title='bbox 2726 3417 2827 3471; x_wconf 89' lang='lat' dir='ltr'><strong>hoc</strong></span> <span class='ocrx_word' id='word_1_541' title='bbox 2855 3433 2882 3469; x_wconf 91' lang='lat' dir='ltr'><strong>a</strong></span> <span class='ocrx_word' id='word_1_542' title='bbox 2916 3434 3020 3480; x_wconf 83' lang='lat' dir='ltr'><strong>nte,</strong></span> <span class='ocrx_word' id='word_1_543' title='bbox 3054 3416 3146 3471; x_wconf 90' lang='lat' dir='ltr'><strong>sed</strong></span> <span class='ocrx_word' id='word_1_544' title='bbox 3177 3418 3485 3488; x_wconf 87' lang='lat' dir='ltr'><strong>quicunque</strong></span> <span class='ocrx_word' id='word_1_545' title='bbox 3516 3417 3684 3488; x_wconf 57' lang='grc'><strong>274</strong></span> 
     </span>
    </p>
   </div>
   <div class='ocr_carea' id='block_1_74' title="bbox 2100 3507 3679 3578">
    <p class='ocr_par' dir='ltr' id='par_1_74' title="bbox 2100 3507 3679 3578">
     <span class='ocr_line' id='line_1_74' title="bbox 2100 3507 3679 3578; baseline 0 -18"><span class='ocrx_word' id='word_1_546' title='bbox 2100 3507 2479 3578; x_wconf 76' lang='lat' dir='ltr'><strong>glorificaverit</strong></span> <span class='ocrx_word' id='word_1_547' title='bbox 2502 3522 2607 3571; x_wconf 89' lang='lat' dir='ltr'><strong>tne,</strong></span> <span class='ocrx_word' id='word_1_548' title='bbox 2627 3507 2938 3577; x_wconf 83' lang='lat' dir='ltr'><strong>gloriﬂcabo</strong></span> <span class='ocrx_word' id='word_1_549' title='bbox 2964 3524 3085 3562; x_wconf 90' lang='lat' dir='ltr'><strong>eum</strong></span> <span class='ocrx_word' id='word_1_550' title='bbox 3102 3525 3117 3562; x_wconf 89' lang='lat'>:</span> <span class='ocrx_word' id='word_1_551' title='bbox 3133 3508 3221 3577; x_wconf 90' lang='lat' dir='ltr'><strong>qui</strong></span> <span class='ocrx_word' id='word_1_552' title='bbox 3240 3517 3419 3562; x_wconf 89' lang='lat' dir='ltr'><strong>autem</strong></span> <span class='ocrx_word' id='word_1_553' title='bbox 3438 3519 3679 3563; x_wconf 86' lang='lat' dir='ltr'><strong>contem-</strong></span> 
     </span>
    </p>
   </div>
   <div class='ocr_carea' id='block_1_75' title="bbox 2102 3595 3247 3667">
    <p class='ocr_par' dir='ltr' id='par_1_75' title="bbox 2102 3595 3247 3667">
     <span class='ocr_line' id='line_1_75' title="bbox 2102 3595 3247 3667; baseline -0.003 -16"><span class='ocrx_word' id='word_1_554' title='bbox 2102 3606 2229 3651; x_wconf 89' lang='lat' dir='ltr'><strong>nunt</strong></span> <span class='ocrx_word' id='word_1_555' title='bbox 2258 3612 2363 3661; x_wconf 84' lang='lat' dir='ltr'><strong>me,</strong></span> <span class='ocrx_word' id='word_1_556' title='bbox 2391 3605 2550 3651; x_wconf 88' lang='lat' dir='ltr'><strong>erunt</strong></span> <span class='ocrx_word' id='word_1_557' title='bbox 2582 3597 2842 3667; x_wconf 83' lang='lat' dir='ltr'><strong>ignobiles</strong></span> <span class='ocrx_word' id='word_1_558' title='bbox 2868 3595 2914 3667; x_wconf 84' lang='grc' dir='ltr'><strong>(Ι</strong></span> <span class='ocrx_word' id='word_1_559' title='bbox 2950 3596 3071 3667; x_wconf 80' lang='lat' dir='ltr'><strong>Reg.</strong></span> <span class='ocrx_word' id='word_1_560' title='bbox 3099 3598 3182 3666; x_wconf 86' lang='grc' dir='ltr'>ιι).</span> <span class='ocrx_word' id='word_1_561' title='bbox 3226 3616 3247 3647; x_wconf 71' lang='grc' dir='ltr'><strong>ι</strong></span> 
     </span>
    </p>
   </div>
   <div class='ocr_carea' id='block_1_76' title="bbox 2172 3690 3685 3760">
    <p class='ocr_par' dir='ltr' id='par_1_76' title="bbox 2172 3690 3685 3760">
     <span class='ocr_line' id='line_1_76' title="bbox 2172 3690 3685 3760; baseline -0.001 -16"><span class='ocrx_word' id='word_1_562' title='bbox 2172 3692 2339 3745; x_wconf 78' lang='lat' dir='ltr'><strong>Recte</strong></span> <span class='ocrx_word' id='word_1_563' title='bbox 2394 3690 2552 3759; x_wconf 87' lang='lat' dir='ltr'><strong>plane</strong></span> <span class='ocrx_word' id='word_1_564' title='bbox 2596 3699 2795 3743; x_wconf 91' lang='lat' dir='ltr'><strong>cuncta</strong></span> <span class='ocrx_word' id='word_1_565' title='bbox 2844 3705 2962 3759; x_wconf 72' lang='lat' dir='ltr'><strong>qua:</strong></span> <span class='ocrx_word' id='word_1_566' title='bbox 3000 3694 3685 3760; x_wconf 70' lang='lat' dir='ltr'><strong>proposueras‘persplcuts</strong></span> 
     </span>
    </p>
   </div>
   <div class='ocr_carea' id='block_1_77' title="bbox 2103 3777 3683 3847">
    <p class='ocr_par' dir='ltr' id='par_1_77' title="bbox 2103 3777 3683 3847">
     <span class='ocr_line' id='line_1_77' title="bbox 2103 3777 3683 3847; baseline 0.001 -15"><span class='ocrx_word' id='word_1_567' title='bbox 2103 3780 2369 3834; x_wconf 89' lang='lat' dir='ltr'><strong>roborasti</strong></span> <span class='ocrx_word' id='word_1_568' title='bbox 2402 3778 2722 3833; x_wconf 90' lang='lat' dir='ltr'><strong>testimoniis</strong></span> <span class='ocrx_word' id='word_1_569' title='bbox 2758 3777 3191 3847; x_wconf 86' lang='lat' dir='ltr'><strong>Scripturarum.</strong></span> <span class='ocrx_word' id='word_1_570' title='bbox 3231 3794 3372 3833; x_wconf 89' lang='lat' dir='ltr'><strong>nunc</strong></span> <span class='ocrx_word' id='word_1_571' title='bbox 3403 3786 3583 3834; x_wconf 85' lang='lat' dir='ltr'><strong>autem</strong></span> <span class='ocrx_word' id='word_1_572' title='bbox 3614 3780 3683 3833; x_wconf 88' lang='lat' dir='ltr'><strong>de</strong></span> 
     </span>
    </p>
   </div>
   <div class='ocr_carea' id='block_1_78' title="bbox 2102 3869 3373 3939">
    <p class='ocr_par' dir='ltr' id='par_1_78' title="bbox 2102 3869 3373 3939">
     <span class='ocr_line' id='line_1_78' title="bbox 2102 3869 3373 3939; baseline -0.001 -15"><span class='ocrx_word' id='word_1_573' title='bbox 2102 3870 2312 3924; x_wconf 91' lang='lat' dir='ltr'><strong>Domini</strong></span> <span class='ocrx_word' id='word_1_574' title='bbox 2346 3869 2449 3923; x_wconf 88' lang='lat' dir='ltr'><strong>mei</strong></span> <span class='ocrx_word' id='word_1_575' title='bbox 2481 3869 2623 3939; x_wconf 81' lang='lat' dir='ltr'><strong>regis</strong></span> <span class='ocrx_word' id='word_1_576' title='bbox 2654 3869 2849 3936; x_wconf 86' lang='lat' dir='ltr'><strong>injuria</strong></span> <span class='ocrx_word' id='word_1_577' title='bbox 2884 3869 3149 3923; x_wconf 89' lang='lat' dir='ltr'><strong>rationem</strong></span> <span class='ocrx_word' id='word_1_578' title='bbox 3191 3870 3373 3923; x_wconf 87' lang='lat' dir='ltr'><strong>redde.</strong></span> 
     </span>
    </p>
   </div>
   <div class='ocr_carea' id='block_1_79' title="bbox 2171 3959 3685 4030">
    <p class='ocr_par' dir='ltr' id='par_1_79' title="bbox 2171 3959 3685 4030">
     <span class='ocr_line' id='line_1_79' title="bbox 2171 3959 3685 4030; baseline 0 -15"><span class='ocrx_word' id='word_1_579' title='bbox 2171 3961 2419 4016; x_wconf 85' lang='lat' dir='ltr'><strong>Glorioso</strong></span> <span class='ocrx_word' id='word_1_580' title='bbox 2448 3960 2582 4029; x_wconf 86' lang='lat' dir='ltr'><strong>regi,</strong></span> <span class='ocrx_word' id='word_1_581' title='bbox 2617 3960 2772 4014; x_wconf 87' lang='lat' dir='ltr'><strong>nobis</strong></span> <span class='ocrx_word' id='word_1_582' title='bbox 2797 3959 3045 4030; x_wconf 85' lang='lat' dir='ltr'><strong>eligendo</strong></span> <span class='ocrx_word' id='word_1_583' title='bbox 3077 3960 3409 4027; x_wconf 78' lang='lat' dir='ltr'><strong>pontiﬁcem,</strong></span> <span class='ocrx_word' id='word_1_584' title='bbox 3436 3960 3578 4013; x_wconf 80' lang='lat' dir='ltr'><strong>absit</strong></span> <span class='ocrx_word' id='word_1_585' title='bbox 3623 3972 3685 4015; x_wconf 87' lang='lat' dir='ltr'><strong>ut</strong></span> 
     </span>
    </p>
   </div>
   <div class='ocr_carea' id='block_1_80' title="bbox 2103 4051 3681 4123">
    <p class='ocr_par' dir='ltr' id='par_1_80' title="bbox 2103 4051 3681 4123">
     <span class='ocr_line' id='line_1_80' title="bbox 2103 4051 3681 4123; baseline -0.004 -13"><span class='ocrx_word' id='word_1_586' title='bbox 2103 4071 2200 4111; x_wconf 85' lang='lat' dir='ltr'><strong>nos</strong></span> <span class='ocrx_word' id='word_1_587' title='bbox 2247 4054 2613 4110; x_wconf 88' lang='lat' dir='ltr'><strong>intulissemus</strong></span> <span class='ocrx_word' id='word_1_588' title='bbox 2642 4052 2923 4123; x_wconf 88' lang='lat' dir='ltr'><strong>injuriam;</strong></span> <span class='ocrx_word' id='word_1_589' title='bbox 2953 4066 3074 4105; x_wconf 91' lang='lat' dir='ltr'><strong>cum</strong></span> <span class='ocrx_word' id='word_1_590' title='bbox 3100 4051 3165 4103; x_wconf 91' lang='lat' dir='ltr'><strong>ad</strong></span> <span class='ocrx_word' id='word_1_591' title='bbox 3196 4051 3297 4103; x_wconf 75' lang='lat' dir='ltr'><strong>hoc</strong></span> <span class='ocrx_word' id='word_1_592' title='bbox 3321 4066 3418 4105; x_wconf 87' lang='lat' dir='ltr'><strong>nos</strong></span> <span class='ocrx_word' id='word_1_593' title='bbox 3446 4053 3681 4105; x_wconf 73' lang='lat' dir='ltr'><strong>necessi.</strong></span> 
     </span>
    </p>
   </div>
   <div class='ocr_carea' id='block_1_81' title="bbox 2104 4141 3685 4216">
    <p class='ocr_par' dir='ltr' id='par_1_81' title="bbox 2104 4141 3685 4216">
     <span class='ocr_line' id='line_1_81' title="bbox 2104 4141 3685 4216; baseline -0.004 -14"><span class='ocrx_word' id='word_1_594' title='bbox 2104 4160 2183 4202; x_wconf 85' lang='lat' dir='ltr'><strong>tas</strong></span> <span class='ocrx_word' id='word_1_595' title='bbox 2215 4146 2517 4216; x_wconf 86' lang='lat' dir='ltr'><strong>impulerit,</strong></span> <span class='ocrx_word' id='word_1_596' title='bbox 2561 4160 2667 4197; x_wconf 88' lang='lat' dir='ltr'><strong>non</strong></span> <span class='ocrx_word' id='word_1_597' title='bbox 2718 4144 2924 4213; x_wconf 89' lang='lat' dir='ltr'><strong>rapina.</strong></span> <span class='ocrx_word' id='word_1_598' title='bbox 2965 4141 3045 4195; x_wconf 77' lang='lat' dir='ltr'><strong>Ad</strong></span> <span class='ocrx_word' id='word_1_599' title='bbox 3105 4142 3242 4205; x_wconf 90' lang='lat' dir='ltr'><strong>hoc,</strong></span> <span class='ocrx_word' id='word_1_600' title='bbox 3291 4142 3543 4210; x_wconf 85' lang='lat' dir='ltr'><strong>inquam,</strong></span> <span class='ocrx_word' id='word_1_601' title='bbox 3582 4157 3685 4196; x_wconf 77' lang='lat' dir='ltr'><strong>nos</strong></span> 
     </span>
    </p>
   </div>
   <div class='ocr_carea' id='block_1_82' title="bbox 2102 4232 3679 4305">
    <p class='ocr_par' dir='ltr' id='par_1_82' title="bbox 2102 4232 3679 4305">
     <span class='ocr_line' id='line_1_82' title="bbox 2102 4232 3679 4305; baseline -0.004 -10"><span class='ocrx_word' id='word_1_602' title='bbox 2102 4242 2297 4296; x_wconf 86' lang='lat' dir='ltr'><strong>invitos</strong></span> <span class='ocrx_word' id='word_1_603' title='bbox 2320 4239 2544 4294; x_wconf 88' lang='lat' dir='ltr'><strong>attraxit</strong></span> <span class='ocrx_word' id='word_1_604' title='bbox 2570 4238 2856 4291; x_wconf 89' lang='lat' dir='ltr'><strong>iuuninens</strong></span> <span class='ocrx_word' id='word_1_605' title='bbox 2879 4234 3174 4305; x_wconf 86' lang='lat' dir='ltr'><strong>perieulum</strong></span> <span class='ocrx_word' id='word_1_606' title='bbox 3194 4233 3373 4288; x_wconf 87' lang='lat' dir='ltr'><strong>civilis</strong></span> <span class='ocrx_word' id='word_1_607' title='bbox 3399 4232 3541 4297; x_wconf 85' lang='lat' dir='ltr'><strong>belli,</strong></span> <span class='ocrx_word' id='word_1_608' title='bbox 3569 4249 3679 4288; x_wconf 86' lang='lat' dir='ltr'><strong>non</strong></span> 
     </span>
    </p>
   </div>
   <div class='ocr_carea' id='block_1_83' title="bbox 2098 4327 2753 4399">
    <p class='ocr_par' dir='ltr' id='par_1_83' title="bbox 2098 4327 2753 4399">
     <span class='ocr_line' id='line_1_83' title="bbox 2098 4327 2753 4399; baseline -0.014 -11"><span class='ocrx_word' id='word_1_609' title='bbox 2098 4333 2325 4388; x_wconf 78' lang='lat' dir='ltr'><strong>hedendi</strong></span> <span class='ocrx_word' id='word_1_610' title='bbox 2351 4332 2489 4385; x_wconf 90' lang='lat' dir='ltr'><strong>livor</strong></span> <span class='ocrx_word' id='word_1_611' title='bbox 2521 4327 2753 4399; x_wconf 89' lang='lat' dir='ltr'><strong>imperii.</strong></span> 
     </span>
    </p>
   </div>
   <div class='ocr_carea' id='block_1_84' title="bbox 420 4408 3681 4493">
    <p class='ocr_par' dir='ltr' id='par_1_84' title="bbox 420 4408 3681 4493">
     <span class='ocr_line' id='line_1_84' title="bbox 420 4408 3681 4493; baseline 0.001 -27"><span class='ocrx_word' id='word_1_612' title='bbox 420 4424 599 4469; x_wconf 85' lang='lat' dir='ltr'><strong>tamen</strong></span> <span class='ocrx_word' id='word_1_613' title='bbox 633 4417 793 4486; x_wconf 87' lang='lat' dir='ltr'><strong>paulo</strong></span> <span class='ocrx_word' id='word_1_614' title='bbox 818 4428 940 4487; x_wconf 87' lang='lat' dir='ltr'><strong>post</strong></span> <span class='ocrx_word' id='word_1_615' title='bbox 971 4421 1255 4490; x_wconf 89' lang='lat' dir='ltr'><strong>Scriptura</strong></span> <span class='ocrx_word' id='word_1_616' title='bbox 1287 4425 1418 4477; x_wconf 89' lang='lat' dir='ltr'><strong>dicit</strong></span> <span class='ocrx_word' id='word_1_617' title='bbox 1450 4443 1463 4478; x_wconf 90' lang='lat'><strong>:</strong></span> <span class='ocrx_word' id='word_1_618' title='bbox 1502 4444 1521 4476; x_wconf 73' lang='grc' dir='ltr'><strong>ι</strong></span> <span class='ocrx_word' id='word_1_619' title='bbox 1559 4425 1615 4478; x_wconf 82' lang='lat' dir='ltr'><strong>In</strong></span> <span class='ocrx_word' id='word_1_620' title='bbox 1644 4426 1831 4480; x_wconf 82' lang='lat' dir='ltr'><strong>diebus</strong></span> <span class='ocrx_word' id='word_1_621' title='bbox 1877 4426 1993 4493; x_wconf 84' lang='lat' dir='ltr'><strong>ejus</strong></span> <span class='ocrx_word' id='word_1_622' title='bbox 2022 4408 2073 4466; x_wconf 80' lang='lat' dir='ltr'><strong>D</strong></span> <span class='ocrx_word' id='word_1_623' title='bbox 2175 4422 2311 4489; x_wconf 87' lang='lat' dir='ltr'><strong>Quid</strong></span> <span class='ocrx_word' id='word_1_624' title='bbox 2338 4420 2467 4473; x_wconf 89' lang='lat' dir='ltr'><strong>mihi</strong></span> <span class='ocrx_word' id='word_1_625' title='bbox 2496 4419 2675 4473; x_wconf 88' lang='lat' dir='ltr'><strong>omnia</strong></span> <span class='ocrx_word' id='word_1_626' title='bbox 2708 4416 2855 4471; x_wconf 79' lang='lat' dir='ltr'><strong>bzec?</strong></span> <span class='ocrx_word' id='word_1_627' title='bbox 2883 4415 3009 4470; x_wconf 91' lang='lat' dir='ltr'><strong>dum</strong></span> <span class='ocrx_word' id='word_1_628' title='bbox 3033 4423 3243 4469; x_wconf 88' lang='lat' dir='ltr'><strong>constet</strong></span> <span class='ocrx_word' id='word_1_629' title='bbox 3263 4414 3388 4483; x_wconf 85' lang='lat' dir='ltr'><strong>quia</strong></span> <span class='ocrx_word' id='word_1_630' title='bbox 3417 4414 3681 4483; x_wconf 85' lang='lat' dir='ltr'><strong>quidquid</strong></span> 
     </span>
    </p>
   </div>
   <div class='ocr_carea' id='block_1_85' title="bbox 415 4506 1991 4584">
    <p class='ocr_par' dir='ltr' id='par_1_85' title="bbox 415 4506 1991 4584">
     <span class='ocr_line' id='line_1_85' title="bbox 415 4506 1991 4584; baseline 0.007 -27"><span class='ocrx_word' id='word_1_631' title='bbox 415 4506 657 4560; x_wconf 84' lang='lat' dir='ltr'><strong>ascendit</strong></span> <span class='ocrx_word' id='word_1_632' title='bbox 708 4506 919 4562; x_wconf 81' lang='lat' dir='ltr'><strong>Pharao</strong></span> <span class='ocrx_word' id='word_1_633' title='bbox 954 4508 1173 4566; x_wconf 80' lang='lat' dir='ltr'><strong>Nechao</strong></span> <span class='ocrx_word' id='word_1_634' title='bbox 1207 4527 1300 4566; x_wconf 87' lang='lat' dir='ltr'><strong>rex</strong></span> <span class='ocrx_word' id='word_1_635' title='bbox 1342 4513 1557 4584; x_wconf 56' lang='lat' dir='ltr'><strong>{Egypti</strong></span> <span class='ocrx_word' id='word_1_636' title='bbox 1587 4523 1776 4568; x_wconf 92' lang='lat' dir='ltr'><strong>contra</strong></span> <span class='ocrx_word' id='word_1_637' title='bbox 1811 4530 1991 4581; x_wconf 83' lang='lat' dir='ltr'><strong>regem</strong></span> 
     </span>
    </p>
   </div>
   <div class='ocr_carea' id='block_1_86' title="bbox 411 4597 1989 4673">
    <p class='ocr_par' dir='ltr' id='par_1_86' title="bbox 411 4597 1989 4673">
     <span class='ocr_line' id='line_1_86' title="bbox 411 4597 1989 4673; baseline 0.009 -25"><span class='ocrx_word' id='word_1_638' title='bbox 411 4597 755 4667; x_wconf 76' lang='lat' dir='ltr'><strong>Assyriorum</strong></span> <span class='ocrx_word' id='word_1_639' title='bbox 790 4600 855 4653; x_wconf 92' lang='lat' dir='ltr'><strong>ad</strong></span> <span class='ocrx_word' id='word_1_640' title='bbox 882 4600 1079 4656; x_wconf 83' lang='lat' dir='ltr'><strong>ﬂumen</strong></span> <span class='ocrx_word' id='word_1_641' title='bbox 1111 4604 1462 4673; x_wconf 87' lang='lat' dir='ltr'><strong>Euphratem,</strong></span> <span class='ocrx_word' id='word_1_642' title='bbox 1490 4616 1543 4661; x_wconf 93' lang='lat' dir='ltr'><strong>et</strong></span> <span class='ocrx_word' id='word_1_643' title='bbox 1570 4606 1701 4661; x_wconf 88' lang='lat' dir='ltr'><strong>abiit</strong></span> <span class='ocrx_word' id='word_1_644' title='bbox 1727 4604 1904 4662; x_wconf 80' lang='lat' dir='ltr'><strong>Josias</strong></span> <span class='ocrx_word' id='word_1_645' title='bbox 1936 4608 1989 4662; x_wconf 90' lang='lat' dir='ltr'><strong>in</strong></span> 
     </span>
    </p>
   </div>
   <div class='ocr_carea' id='block_1_87' title="bbox 409 4690 1993 4769">
    <p class='ocr_par' dir='ltr' id='par_1_87' title="bbox 409 4690 1993 4769">
     <span class='ocr_line' id='line_1_87' title="bbox 409 4690 1993 4769; baseline 0.008 -28"><span class='ocrx_word' id='word_1_646' title='bbox 409 4705 702 4745; x_wconf 89' lang='lat' dir='ltr'><strong>occursum</strong></span> <span class='ocrx_word' id='word_1_647' title='bbox 733 4690 869 4761; x_wconf 88' lang='lat' dir='ltr'><strong>ejus,</strong></span> <span class='ocrx_word' id='word_1_648' title='bbox 901 4705 951 4748; x_wconf 89' lang='lat' dir='ltr'><strong>et</strong></span> <span class='ocrx_word' id='word_1_649' title='bbox 980 4696 1194 4751; x_wconf 90' lang='lat' dir='ltr'><strong>occisus</strong></span> <span class='ocrx_word' id='word_1_650' title='bbox 1223 4708 1305 4753; x_wconf 87' lang='lat' dir='ltr'><strong>est</strong></span> <span class='ocrx_word' id='word_1_651' title='bbox 1337 4698 1387 4752; x_wconf 87' lang='lat' dir='ltr'><strong>itt</strong></span> <span class='ocrx_word' id='word_1_652' title='bbox 1420 4697 1709 4769; x_wconf 81' lang='lat' dir='ltr'><strong>Mageddo,</strong></span> <span class='ocrx_word' id='word_1_653' title='bbox 1762 4715 1884 4753; x_wconf 90' lang='lat' dir='ltr'><strong>cum</strong></span> <span class='ocrx_word' id='word_1_654' title='bbox 1915 4701 1993 4753; x_wconf 88' lang='lat' dir='ltr'><strong>vi-</strong></span> 
     </span>
    </p>
   </div>
   <div class='ocr_carea' id='block_1_88' title="bbox 411 4780 1991 4862">
    <p class='ocr_par' dir='ltr' id='par_1_88' title="bbox 411 4780 1991 4862">
     <span class='ocr_line' id='line_1_88' title="bbox 411 4780 1991 4862; baseline 0.009 -29"><span class='ocrx_word' id='word_1_655' title='bbox 411 4780 579 4835; x_wconf 90' lang='lat' dir='ltr'><strong>disset</strong></span> <span class='ocrx_word' id='word_1_656' title='bbox 598 4798 719 4837; x_wconf 90' lang='lat' dir='ltr'><strong>eum</strong></span> <span class='ocrx_word' id='word_1_657' title='bbox 750 4784 858 4855; x_wconf 87' lang='lat' dir='ltr'><strong>(IV</strong></span> <span class='ocrx_word' id='word_1_658' title='bbox 891 4785 1015 4857; x_wconf 79' lang='lat' dir='ltr'><strong>Reg.</strong></span> <span class='ocrx_word' id='word_1_659' title='bbox 1046 4790 1226 4860; x_wconf 81' lang='lat' dir='ltr'><strong>xxm).</strong></span> <span class='ocrx_word' id='word_1_660' title='bbox 1263 4810 1280 4841; x_wconf 73' lang='grc' dir='ltr'><strong>ι</strong></span> <span class='ocrx_word' id='word_1_661' title='bbox 1320 4791 1399 4844; x_wconf 79' lang='lat' dir='ltr'><strong>Ad</strong></span> <span class='ocrx_word' id='word_1_662' title='bbox 1433 4790 1751 4845; x_wconf 82' lang='lat' dir='ltr'><strong>Sedecltiam</strong></span> <span class='ocrx_word' id='word_1_663' title='bbox 1776 4807 1991 4862; x_wconf 88' lang='lat' dir='ltr'><strong>quoque</strong></span> 
     </span>
    </p>
   </div>
   <div class='ocr_carea' id='block_1_89' title="bbox 412 4871 1991 4949">
    <p class='ocr_par' dir='ltr' id='par_1_89' title="bbox 412 4871 1991 4949">
     <span class='ocr_line' id='line_1_89' title="bbox 412 4871 1991 4949; baseline 0.009 -28"><span class='ocrx_word' id='word_1_664' title='bbox 412 4886 592 4940; x_wconf 77' lang='lat' dir='ltr'><strong>regem</strong></span> <span class='ocrx_word' id='word_1_665' title='bbox 618 4871 754 4927; x_wconf 79' lang='lat' dir='ltr'><strong>Juda</strong></span> <span class='ocrx_word' id='word_1_666' title='bbox 779 4890 876 4944; x_wconf 90' lang='lat' dir='ltr'><strong>per</strong></span> <span class='ocrx_word' id='word_1_667' title='bbox 895 4876 1186 4933; x_wconf 79' lang='lat' dir='ltr'><strong>Jeremiatn</strong></span> <span class='ocrx_word' id='word_1_668' title='bbox 1218 4880 1447 4934; x_wconf 91' lang='lat' dir='ltr'><strong>dicitur:</strong></span> <span class='ocrx_word' id='word_1_669' title='bbox 1469 4880 1605 4935; x_wconf 86' lang='lat' dir='ltr'><strong>Audi</strong></span> <span class='ocrx_word' id='word_1_670' title='bbox 1636 4882 1857 4949; x_wconf 70' lang='lat' dir='ltr'><strong>verbum</strong></span> <span class='ocrx_word' id='word_1_671' title='bbox 1885 4881 1991 4936; x_wconf 91' lang='lat' dir='ltr'><strong>Do-</strong></span> 
     </span>
    </p>
   </div>
   <div class='ocr_carea' id='block_1_90' title="bbox 412 4959 1988 5027">
    <p class='ocr_par' dir='ltr' id='par_1_90' title="bbox 412 4959 1988 5027">
     <span class='ocr_line' id='line_1_90' title="bbox 412 4959 1988 5027; baseline 0.008 -16"><span class='ocrx_word' id='word_1_672' title='bbox 412 4959 565 5027; x_wconf 87' lang='lat' dir='ltr'><strong>mini,</strong></span> <span class='ocrx_word' id='word_1_673' title='bbox 598 4960 862 5017; x_wconf 86' lang='lat' dir='ltr'><strong>Sedeeltia</strong></span> <span class='ocrx_word' id='word_1_674' title='bbox 894 4981 983 5019; x_wconf 88' lang='lat' dir='ltr'><strong>rex</strong></span> <span class='ocrx_word' id='word_1_675' title='bbox 1012 4965 1148 5022; x_wconf 84' lang='lat' dir='ltr'><strong>Juda</strong></span> <span class='ocrx_word' id='word_1_676' title='bbox 1174 4984 1189 5021; x_wconf 86' lang='lat'><strong>:</strong></span> <span class='ocrx_word' id='word_1_677' title='bbox 1220 4969 1341 5023; x_wconf 66' lang='lat' dir='ltr'><strong>llazc</strong></span> <span class='ocrx_word' id='word_1_678' title='bbox 1368 4970 1497 5024; x_wconf 90' lang='lat' dir='ltr'><strong>dicit</strong></span> <span class='ocrx_word' id='word_1_679' title='bbox 1526 4970 1784 5026; x_wconf 85' lang='lat' dir='ltr'><strong>Dominus</strong></span> <span class='ocrx_word' id='word_1_680' title='bbox 1808 4973 1873 5025; x_wconf 87' lang='lat' dir='ltr'><strong>ad</strong></span> <span class='ocrx_word' id='word_1_681' title='bbox 1900 4980 1951 5026; x_wconf 91' lang='lat' dir='ltr'><strong>te</strong></span> <span class='ocrx_word' id='word_1_682' title='bbox 1976 4991 1988 5024; x_wconf 90' lang='lat'><strong>:</strong></span> 
     </span>
    </p>
   </div>
   <div class='ocr_carea' id='block_1_91' title="bbox 416 5049 1990 5130">
    <p class='ocr_par' dir='ltr' id='par_1_91' title="bbox 416 5049 1990 5130">
     <span class='ocr_line' id='line_1_91' title="bbox 416 5049 1990 5130; baseline 0.01 -28"><span class='ocrx_word' id='word_1_683' title='bbox 416 5070 433 5099; x_wconf 71' lang='lat' dir='ltr'><strong><em>c</em></strong></span> <span class='ocrx_word' id='word_1_684' title='bbox 458 5049 573 5106; x_wconf 83' lang='lat' dir='ltr'><strong>Non</strong></span> <span class='ocrx_word' id='word_1_685' title='bbox 605 5055 856 5110; x_wconf 82' lang='lat' dir='ltr'><strong>morieris</strong></span> <span class='ocrx_word' id='word_1_686' title='bbox 879 5058 931 5111; x_wconf 93' lang='lat' dir='ltr'><strong>in</strong></span> <span class='ocrx_word' id='word_1_687' title='bbox 964 5058 1171 5129; x_wconf 82' lang='lat' dir='ltr'><strong>gladio,</strong></span> <span class='ocrx_word' id='word_1_688' title='bbox 1211 5061 1305 5115; x_wconf 88' lang='lat' dir='ltr'><strong>sed</strong></span> <span class='ocrx_word' id='word_1_689' title='bbox 1344 5062 1394 5115; x_wconf 91' lang='lat' dir='ltr'><strong>in</strong></span> <span class='ocrx_word' id='word_1_690' title='bbox 1432 5076 1564 5130; x_wconf 89' lang='lat' dir='ltr'><strong>pace</strong></span> <span class='ocrx_word' id='word_1_691' title='bbox 1590 5063 1870 5125; x_wconf 88' lang='lat' dir='ltr'><strong>morieris,</strong></span> <span class='ocrx_word' id='word_1_692' title='bbox 1899 5064 1990 5118; x_wconf 88' lang='lat' dir='ltr'><strong>sed</strong></span> 
     </span>
    </p>
   </div>
   <div class='ocr_carea' id='block_1_92' title="bbox 411 5144 1987 5227">
    <p class='ocr_par' dir='ltr' id='par_1_92' title="bbox 411 5144 1987 5227">
     <span class='ocr_line' id='line_1_92' title="bbox 411 5144 1987 5227; baseline 0.008 -30"><span class='ocrx_word' id='word_1_693' title='bbox 411 5144 708 5198; x_wconf 84' lang='lat' dir='ltr'><strong>secundum</strong></span> <span class='ocrx_word' id='word_1_694' title='bbox 763 5150 1166 5207; x_wconf 87' lang='lat' dir='ltr'><strong>combustiones</strong></span> <span class='ocrx_word' id='word_1_695' title='bbox 1223 5154 1435 5223; x_wconf 87' lang='lat' dir='ltr'><strong>patrum</strong></span> <span class='ocrx_word' id='word_1_696' title='bbox 1491 5164 1749 5221; x_wconf 88' lang='lat' dir='ltr'><strong>tuorum,</strong></span> <span class='ocrx_word' id='word_1_697' title='bbox 1805 5173 1987 5227; x_wconf 78' lang='lat' dir='ltr'><strong>regum</strong></span> 
     </span>
    </p>
   </div>
   <div class='ocr_carea' id='block_1_93' title="bbox 412 5235 1987 5311">
    <p class='ocr_par' dir='ltr' id='par_1_93' title="bbox 412 5235 1987 5311">
     <span class='ocr_line' id='line_1_93' title="bbox 412 5235 1987 5311; baseline 0.012 -28"><span class='ocrx_word' id='word_1_698' title='bbox 412 5235 675 5302; x_wconf 90' lang='lat' dir='ltr'><strong>priorum,</strong></span> <span class='ocrx_word' id='word_1_699' title='bbox 707 5238 799 5306; x_wconf 91' lang='lat' dir='ltr'><strong>qui</strong></span> <span class='ocrx_word' id='word_1_700' title='bbox 848 5238 1070 5297; x_wconf 82' lang='lat' dir='ltr'><strong>fuerunt</strong></span> <span class='ocrx_word' id='word_1_701' title='bbox 1115 5253 1240 5297; x_wconf 90' lang='lat' dir='ltr'><strong>ante</strong></span> <span class='ocrx_word' id='word_1_702' title='bbox 1294 5253 1379 5310; x_wconf 90' lang='lat' dir='ltr'><strong>te,</strong></span> <span class='ocrx_word' id='word_1_703' title='bbox 1430 5245 1507 5299; x_wconf 87' lang='lat' dir='ltr'><strong>sic</strong></span> <span class='ocrx_word' id='word_1_704' title='bbox 1550 5248 1865 5301; x_wconf 87' lang='lat' dir='ltr'><strong>comburent</strong></span> <span class='ocrx_word' id='word_1_705' title='bbox 1903 5260 1987 5311; x_wconf 91' lang='lat' dir='ltr'><strong>te;</strong></span> 
     </span>
    </p>
   </div>
   <div class='ocr_carea' id='block_1_94' title="bbox 410 5329 1990 5405">
    <p class='ocr_par' dir='ltr' id='par_1_94' title="bbox 410 5329 1990 5405">
     <span class='ocr_line' id='line_1_94' title="bbox 410 5329 1990 5405; baseline 0.009 -28"><span class='ocrx_word' id='word_1_706' title='bbox 410 5329 536 5395; x_wconf 88' lang='lat' dir='ltr'><strong>quia</strong></span> <span class='ocrx_word' id='word_1_707' title='bbox 564 5330 786 5383; x_wconf 86' lang='lat' dir='ltr'><strong>verbum</strong></span> <span class='ocrx_word' id='word_1_708' title='bbox 827 5346 929 5388; x_wconf 91' lang='lat' dir='ltr'><strong>noe</strong></span> <span class='ocrx_word' id='word_1_709' title='bbox 960 5351 1059 5405; x_wconf 80' lang='lat' dir='ltr'><strong>ego</strong></span> <span class='ocrx_word' id='word_1_710' title='bbox 1092 5338 1302 5394; x_wconf 91' lang='lat' dir='ltr'><strong>locutus</strong></span> <span class='ocrx_word' id='word_1_711' title='bbox 1342 5355 1460 5394; x_wconf 90' lang='lat' dir='ltr'><strong>sum</strong></span> <span class='ocrx_word' id='word_1_712' title='bbox 1484 5381 1498 5403; x_wconf 96' lang='lat'><strong>,</strong></span> <span class='ocrx_word' id='word_1_713' title='bbox 1552 5339 1685 5394; x_wconf 88' lang='lat' dir='ltr'><strong>dicit</strong></span> <span class='ocrx_word' id='word_1_714' title='bbox 1735 5339 1990 5393; x_wconf 88' lang='lat' dir='ltr'><strong>Dominus</strong></span> 
     </span>
    </p>
   </div>
   <div class='ocr_carea' id='block_1_95' title="bbox 413 5416 1994 5504">
    <p class='ocr_par' dir='ltr' id='par_1_95' title="bbox 413 5416 1994 5504">
     <span class='ocr_line' id='line_1_95' title="bbox 413 5416 1994 5504; baseline 0.01 -35"><span class='ocrx_word' id='word_1_715' title='bbox 413 5416 546 5481; x_wconf 70' lang='lat' dir='ltr'><strong>(lor.</strong></span> <span class='ocrx_word' id='word_1_716' title='bbox 588 5422 792 5493; x_wconf 81' lang='lat' dir='ltr'><strong>xxxiv).</strong></span> <span class='ocrx_word' id='word_1_717' title='bbox 843 5443 859 5475; x_wconf 78' lang='grc' dir='ltr'><strong>ι</strong></span> <span class='ocrx_word' id='word_1_718' title='bbox 922 5426 1074 5494; x_wconf 89' lang='lat' dir='ltr'><strong>Quod</strong></span> <span class='ocrx_word' id='word_1_719' title='bbox 1130 5432 1385 5487; x_wconf 89' lang='lat' dir='ltr'><strong>nimirum</strong></span> <span class='ocrx_word' id='word_1_720' title='bbox 1436 5433 1707 5504; x_wconf 89' lang='lat' dir='ltr'><strong>quomodo</strong></span> <span class='ocrx_word' id='word_1_721' title='bbox 1758 5432 1994 5502; x_wconf 87' lang='lat' dir='ltr'><strong>potuerit</strong></span> 
     </span>
    </p>
   </div>
   <div class='ocr_carea' id='block_1_96' title="bbox 417 5506 1991 5592">
    <p class='ocr_par' dir='ltr' id='par_1_96' title="bbox 417 5506 1991 5592">
     <span class='ocr_line' id='line_1_96' title="bbox 417 5506 1991 5592; baseline 0.011 -33"><span class='ocrx_word' id='word_1_722' title='bbox 417 5506 553 5592; x_wconf 73' lang='lat' dir='ltr'><strong>lit-ri,</strong></span> <span class='ocrx_word' id='word_1_723' title='bbox 582 5510 671 5574; x_wconf 84' lang='lat' dir='ltr'><strong>qui</strong></span> <span class='ocrx_word' id='word_1_724' title='bbox 697 5513 893 5568; x_wconf 87' lang='lat' dir='ltr'><strong>seriem</strong></span> <span class='ocrx_word' id='word_1_725' title='bbox 919 5528 1193 5575; x_wconf 90' lang='lat' dir='ltr'><strong>scrutatur</strong></span> <span class='ocrx_word' id='word_1_726' title='bbox 1216 5522 1457 5577; x_wconf 66' lang='lat' dir='ltr'><strong>historia:</strong></span> <span class='ocrx_word' id='word_1_727' title='bbox 1484 5539 1757 5592; x_wconf 89' lang='lat' dir='ltr'><strong>nunquam</strong></span> <span class='ocrx_word' id='word_1_728' title='bbox 1795 5523 1991 5592; x_wconf 84' lang='lat' dir='ltr'><strong>poterit</strong></span> 
     </span>
    </p>
   </div>
   <div class='ocr_carea' id='block_1_97' title="bbox 418 5591 1994 5683">
    <p class='ocr_par' dir='ltr' id='par_1_97' title="bbox 418 5591 1994 5683">
     <span class='ocr_line' id='line_1_97' title="bbox 418 5591 1994 5683; baseline 0.015 -41"><span class='ocrx_word' id='word_1_729' title='bbox 418 5591 682 5649; x_wconf 88' lang='lat' dir='ltr'><strong>invenire.</strong></span> <span class='ocrx_word' id='word_1_730' title='bbox 718 5598 849 5655; x_wconf 82' lang='lat' dir='ltr'><strong>Nam</strong></span> <span class='ocrx_word' id='word_1_731' title='bbox 880 5616 1161 5677; x_wconf 88' lang='lat' dir='ltr'><strong>postquam</strong></span> <span class='ocrx_word' id='word_1_732' title='bbox 1194 5628 1221 5665; x_wconf 90' lang='lat' dir='ltr'><strong>a</strong></span> <span class='ocrx_word' id='word_1_733' title='bbox 1249 5628 1375 5683; x_wconf 76' lang='lat' dir='ltr'><strong>rege</strong></span> <span class='ocrx_word' id='word_1_734' title='bbox 1404 5612 1691 5683; x_wconf 68' lang='lat' dir='ltr'><strong>Babylonis</strong></span> <span class='ocrx_word' id='word_1_735' title='bbox 1719 5614 1880 5667; x_wconf 75' lang='lat' dir='ltr'><strong>SCtucl</strong></span> <span class='ocrx_word' id='word_1_736' title='bbox 1912 5624 1994 5666; x_wconf 81' lang='lat' dir='ltr'><strong>est</strong></span> 
     </span>
    </p>
   </div>
   <div class='ocr_carea' id='block_1_98' title="bbox 413 5688 1989 5775">
    <p class='ocr_par' dir='ltr' id='par_1_98' title="bbox 413 5688 1989 5775">
     <span class='ocr_line' id='line_1_98' title="bbox 413 5688 1989 5775; baseline 0.016 -41"><span class='ocrx_word' id='word_1_737' title='bbox 413 5694 621 5754; x_wconf 70' lang='lat' dir='ltr'><strong>capitis,</strong></span> <span class='ocrx_word' id='word_1_738' title='bbox 645 5688 1100 5771; x_wconf 59' lang='lat' dir='ltr'><strong>Dabyloriamque</strong></span> <span class='ocrx_word' id='word_1_739' title='bbox 1127 5706 1438 5774; x_wconf 73' lang='lat' dir='ltr'><strong>translatus,</strong></span> <span class='ocrx_word' id='word_1_740' title='bbox 1464 5708 1689 5761; x_wconf 78' lang='lat' dir='ltr'><strong>ulterius</strong></span> <span class='ocrx_word' id='word_1_741' title='bbox 1719 5722 1989 5775; x_wconf 87' lang='lat' dir='ltr'><strong>nunquam</strong></span> 
     </span>
    </p>
   </div>
   <div class='ocr_carea' id='block_1_99' title="bbox 2098 4505 3681 4579">
    <p class='ocr_par' dir='ltr' id='par_1_99' title="bbox 2098 4505 3681 4579">
     <span class='ocr_line' id='line_1_99' title="bbox 2098 4505 3681 4579; baseline -0.004 -13"><span class='ocrx_word' id='word_1_742' title='bbox 2098 4513 2399 4576; x_wconf 83' lang='lat' dir='ltr'><strong>accideret,</strong></span> <span class='ocrx_word' id='word_1_743' title='bbox 2432 4510 2579 4564; x_wconf 91' lang='lat' dir='ltr'><strong>nullo</strong></span> <span class='ocrx_word' id='word_1_744' title='bbox 2607 4520 2767 4579; x_wconf 91' lang='lat' dir='ltr'><strong>pacto</strong></span> <span class='ocrx_word' id='word_1_745' title='bbox 2795 4508 2967 4562; x_wconf 89' lang='lat' dir='ltr'><strong>sancti</strong></span> <span class='ocrx_word' id='word_1_746' title='bbox 3006 4521 3158 4577; x_wconf 69' lang='lat' dir='ltr'><strong>papae</strong></span> <span class='ocrx_word' id='word_1_747' title='bbox 3205 4506 3534 4560; x_wconf 86' lang='lat' dir='ltr'><strong>sententiam</strong></span> <span class='ocrx_word' id='word_1_748' title='bbox 3578 4505 3681 4561; x_wconf 82' lang='lat' dir='ltr'><strong>de-</strong></span> 
     </span>
    </p>
   </div>
   <div class='ocr_carea' id='block_1_100' title="bbox 2096 4598 3682 4674">
    <p class='ocr_par' dir='ltr' id='par_1_100' title="bbox 2096 4598 3682 4674">
     <span class='ocr_line' id='line_1_100' title="bbox 2096 4598 3682 4674; baseline -0.004 -15"><span class='ocrx_word' id='word_1_749' title='bbox 2096 4606 2255 4659; x_wconf 82' lang='lat' dir='ltr'><strong>buisti</strong></span> <span class='ocrx_word' id='word_1_750' title='bbox 2308 4603 2634 4674; x_wconf 79' lang='lat' dir='ltr'><strong>infringere;</strong></span> <span class='ocrx_word' id='word_1_751' title='bbox 2693 4601 2837 4655; x_wconf 89' lang='lat' dir='ltr'><strong>nulla</strong></span> <span class='ocrx_word' id='word_1_752' title='bbox 2893 4600 3102 4656; x_wconf 85' lang='lat' dir='ltr'><strong>ratione</strong></span> <span class='ocrx_word' id='word_1_753' title='bbox 3152 4599 3429 4669; x_wconf 67' lang='lat' dir='ltr'><strong>synodali:</strong></span> <span class='ocrx_word' id='word_1_754' title='bbox 3473 4598 3682 4653; x_wconf 79' lang='lat' dir='ltr'><strong>decreti</strong></span> 
     </span>
    </p>
   </div>
   <div class='ocr_carea' id='block_1_101' title="bbox 2095 4689 3684 4760">
    <p class='ocr_par' dir='ltr' id='par_1_101' title="bbox 2095 4689 3684 4760">
     <span class='ocr_line' id='line_1_101' title="bbox 2095 4689 3684 4760; baseline -0.006 -8"><span class='ocrx_word' id='word_1_755' title='bbox 2095 4698 2412 4760; x_wconf 75' lang='lat' dir='ltr'><strong>mysterium</strong></span> <span class='ocrx_word' id='word_1_756' title='bbox 2466 4695 2615 4749; x_wconf 88' lang='lat' dir='ltr'><strong>licuit</strong></span> <span class='ocrx_word' id='word_1_757' title='bbox 2674 4694 2913 4748; x_wconf 79' lang='lat' dir='ltr'><strong>violare?</strong></span> <span class='ocrx_word' id='word_1_758' title='bbox 2978 4690 3131 4747; x_wconf 88' lang='lat' dir='ltr'><strong>Sicut</strong></span> <span class='ocrx_word' id='word_1_759' title='bbox 3192 4691 3336 4745; x_wconf 91' lang='lat' dir='ltr'><strong>eniut</strong></span> <span class='ocrx_word' id='word_1_760' title='bbox 3395 4689 3684 4759; x_wconf 78' lang='lat' dir='ltr'><strong>Scriptura</strong></span> 
     </span>
    </p>
   </div>
   <div class='ocr_carea' id='block_1_102' title="bbox 2097 4781 3679 4859">
    <p class='ocr_par' dir='ltr' id='par_1_102' title="bbox 2097 4781 3679 4859">
     <span class='ocr_line' id='line_1_102' title="bbox 2097 4781 3679 4859; baseline -0.006 -16"><span class='ocrx_word' id='word_1_761' title='bbox 2097 4790 2382 4859; x_wconf 87' lang='lat' dir='ltr'><strong>perhibet:</strong></span> <span class='ocrx_word' id='word_1_762' title='bbox 2425 4805 2441 4832; x_wconf 76' lang='grc' dir='ltr'><strong>ι</strong></span> <span class='ocrx_word' id='word_1_763' title='bbox 2485 4786 2671 4840; x_wconf 73' lang='lat' dir='ltr'><strong>Melius</strong></span> <span class='ocrx_word' id='word_1_764' title='bbox 2715 4794 2798 4839; x_wconf 86' lang='lat' dir='ltr'><strong>est</strong></span> <span class='ocrx_word' id='word_1_765' title='bbox 2826 4793 2883 4838; x_wconf 93' lang='lat' dir='ltr'><strong>ut</strong></span> <span class='ocrx_word' id='word_1_766' title='bbox 2908 4783 3121 4839; x_wconf 90' lang='lat' dir='ltr'><strong>oriatur</strong></span> <span class='ocrx_word' id='word_1_767' title='bbox 3152 4781 3465 4838; x_wconf 86' lang='lat' dir='ltr'><strong>scandalum</strong></span> <span class='ocrx_word' id='word_1_768' title='bbox 3509 4796 3679 4849; x_wconf 81' lang='lat' dir='ltr'><strong>quam</strong></span> 
     </span>
    </p>
   </div>
   <div class='ocr_carea' id='block_1_103' title="bbox 2095 4872 3681 4947">
    <p class='ocr_par' dir='ltr' id='par_1_103' title="bbox 2095 4872 3681 4947">
     <span class='ocr_line' id='line_1_103' title="bbox 2095 4872 3681 4947; baseline -0.004 -14"><span class='ocrx_word' id='word_1_769' title='bbox 2095 4890 2153 4933; x_wconf 86' lang='grc' dir='ltr'><strong>ιιι</strong></span> <span class='ocrx_word' id='word_1_770' title='bbox 2176 4883 2373 4934; x_wconf 88' lang='lat' dir='ltr'><strong>veritas</strong></span> <span class='ocrx_word' id='word_1_771' title='bbox 2400 4878 2754 4947; x_wconf 88' lang='lat' dir='ltr'><strong>relinquatur.</strong></span> <span class='ocrx_word' id='word_1_772' title='bbox 2792 4896 2807 4928; x_wconf 77' lang='grc' dir='ltr'><strong>ι</strong></span> <span class='ocrx_word' id='word_1_773' title='bbox 2864 4874 2998 4929; x_wconf 75' lang='lat' dir='ltr'><strong>Nam</strong></span> <span class='ocrx_word' id='word_1_774' title='bbox 3025 4875 3069 4929; x_wconf 92' lang='lat' dir='ltr'><strong>si</strong></span> <span class='ocrx_word' id='word_1_775' title='bbox 3104 4875 3204 4929; x_wconf 90' lang='lat' dir='ltr'><strong>hoc</strong></span> <span class='ocrx_word' id='word_1_776' title='bbox 3234 4872 3433 4929; x_wconf 81' lang='lat' dir='ltr'><strong>bellum</strong></span> <span class='ocrx_word' id='word_1_777' title='bbox 3466 4872 3681 4927; x_wconf 81' lang='lat' dir='ltr'><strong>timuis-</strong></span> 
     </span>
    </p>
   </div>
   <div class='ocr_carea' id='block_1_104' title="bbox 2096 4963 3685 5038">
    <p class='ocr_par' dir='ltr' id='par_1_104' title="bbox 2096 4963 3685 5038">
     <span class='ocr_line' id='line_1_104' title="bbox 2096 4963 3685 5038; baseline -0.004 -14"><span class='ocrx_word' id='word_1_778' title='bbox 2096 4980 2216 5025; x_wconf 91' lang='lat' dir='ltr'><strong>sent</strong></span> <span class='ocrx_word' id='word_1_779' title='bbox 2237 4969 2379 5024; x_wconf 87' lang='lat' dir='ltr'><strong>beati</strong></span> <span class='ocrx_word' id='word_1_780' title='bbox 2412 4978 2700 5038; x_wconf 87' lang='lat' dir='ltr'><strong>martyres,</strong></span> <span class='ocrx_word' id='word_1_781' title='bbox 2726 4967 2913 5021; x_wconf 82' lang='lat' dir='ltr'><strong>tierent</strong></span> <span class='ocrx_word' id='word_1_782' title='bbox 2937 4965 3125 5035; x_wconf 87' lang='lat' dir='ltr'><strong>procul</strong></span> <span class='ocrx_word' id='word_1_783' title='bbox 3150 4965 3316 5021; x_wconf 85' lang='lat' dir='ltr'><strong>dubio</strong></span> <span class='ocrx_word' id='word_1_784' title='bbox 3345 4972 3549 5019; x_wconf 67' lang='lat' dir='ltr'><strong>sancta:</strong></span> <span class='ocrx_word' id='word_1_785' title='bbox 3575 4963 3685 5018; x_wconf 58' lang='lat' dir='ltr'><strong>tsi-</strong></span> 
     </span>
    </p>
   </div>
   <div class='ocr_carea' id='block_1_105' title="bbox 2096 5062 2578 5117">
    <p class='ocr_par' dir='ltr' id='par_1_105' title="bbox 2096 5062 2578 5117">
     <span class='ocr_line' id='line_1_105' title="bbox 2096 5062 2578 5117; baseline -0.004 -2"><span class='ocrx_word' id='word_1_786' title='bbox 2096 5062 2223 5116; x_wconf 67' lang='lat' dir='ltr'><strong>litize</strong></span> <span class='ocrx_word' id='word_1_787' title='bbox 2252 5064 2578 5117; x_wconf 83' lang='lat' dir='ltr'><strong>desertores.</strong></span> 
     </span>
    </p>
   </div>
   <div class='ocr_carea' id='block_1_106' title="bbox 2169 5149 3679 5222">
    <p class='ocr_par' dir='ltr' id='par_1_106' title="bbox 2169 5149 3679 5222">
     <span class='ocr_line' id='line_1_106' title="bbox 2169 5149 3679 5222; baseline -0.003 -18"><span class='ocrx_word' id='word_1_788' title='bbox 2169 5152 2281 5205; x_wconf 82' lang='lat' dir='ltr'><strong>Non</strong></span> <span class='ocrx_word' id='word_1_789' title='bbox 2311 5152 2525 5222; x_wconf 80' lang='lat' dir='ltr'><strong>ignoras</strong></span> <span class='ocrx_word' id='word_1_790' title='bbox 2547 5149 2688 5218; x_wconf 89' lang='lat' dir='ltr'><strong>quod</strong></span> <span class='ocrx_word' id='word_1_791' title='bbox 2722 5149 2864 5203; x_wconf 88' lang='lat' dir='ltr'><strong>inter</strong></span> <span class='ocrx_word' id='word_1_792' title='bbox 2893 5162 3082 5201; x_wconf 86' lang='lat' dir='ltr'><strong>omnes</strong></span> <span class='ocrx_word' id='word_1_793' title='bbox 3123 5156 3343 5201; x_wconf 84' lang='lat' dir='ltr'><strong>sanctos</strong></span> <span class='ocrx_word' id='word_1_794' title='bbox 3373 5156 3642 5217; x_wconf 82' lang='lat' dir='ltr'><strong>martyres</strong></span> <span class='ocrx_word' id='word_1_795' title='bbox 3663 5185 3679 5205; x_wconf 89' lang='lat'><strong>.</strong></span> 
     </span>
    </p>
   </div>
   <div class='ocr_carea' id='block_1_107' title="bbox 2097 5237 3685 5312">
    <p class='ocr_par' dir='ltr' id='par_1_107' title="bbox 2097 5237 3685 5312">
     <span class='ocr_line' id='line_1_107' title="bbox 2097 5237 3685 5312; baseline -0.006 -13"><span class='ocrx_word' id='word_1_796' title='bbox 2097 5245 2288 5299; x_wconf 83' lang='lat' dir='ltr'><strong>Petrus</strong></span> <span class='ocrx_word' id='word_1_797' title='bbox 2310 5252 2363 5297; x_wconf 89' lang='lat' dir='ltr'><strong>et</strong></span> <span class='ocrx_word' id='word_1_798' title='bbox 2385 5243 2585 5296; x_wconf 88' lang='lat' dir='ltr'><strong>Paulus</strong></span> <span class='ocrx_word' id='word_1_799' title='bbox 2612 5242 2664 5295; x_wconf 90' lang='lat' dir='ltr'><strong>in</strong></span> <span class='ocrx_word' id='word_1_800' title='bbox 2692 5240 2969 5312; x_wconf 85' lang='lat' dir='ltr'><strong>apostolici</strong></span> <span class='ocrx_word' id='word_1_801' title='bbox 3000 5249 3221 5293; x_wconf 90' lang='lat' dir='ltr'><strong>senatus</strong></span> <span class='ocrx_word' id='word_1_802' title='bbox 3242 5237 3477 5292; x_wconf 88' lang='lat' dir='ltr'><strong>culmine</strong></span> <span class='ocrx_word' id='word_1_803' title='bbox 3506 5238 3685 5307; x_wconf 82' lang='lat' dir='ltr'><strong>possi-</strong></span> 
     </span>
    </p>
   </div>
   <div class='ocr_carea' id='block_1_108' title="bbox 2096 5326 3687 5402">
    <p class='ocr_par' dir='ltr' id='par_1_108' title="bbox 2096 5326 3687 5402">
     <span class='ocr_line' id='line_1_108' title="bbox 2096 5326 3687 5402; baseline -0.006 -14"><span class='ocrx_word' id='word_1_804' title='bbox 2096 5336 2256 5389; x_wconf 88' lang='lat' dir='ltr'><strong>deant</strong></span> <span class='ocrx_word' id='word_1_805' title='bbox 2285 5333 2666 5402; x_wconf 79' lang='lat' dir='ltr'><strong>principatum.</strong></span> <span class='ocrx_word' id='word_1_806' title='bbox 2694 5331 2890 5384; x_wconf 84' lang='lat' dir='ltr'><strong>Eornm</strong></span> <span class='ocrx_word' id='word_1_807' title='bbox 2914 5340 3039 5383; x_wconf 87' lang='lat' dir='ltr'><strong>sunt</strong></span> <span class='ocrx_word' id='word_1_808' title='bbox 3069 5327 3226 5381; x_wconf 86' lang='lat' dir='ltr'><strong>nobis</strong></span> <span class='ocrx_word' id='word_1_809' title='bbox 3256 5326 3484 5381; x_wconf 89' lang='lat' dir='ltr'><strong>tenenda</strong></span> <span class='ocrx_word' id='word_1_810' title='bbox 3511 5326 3687 5381; x_wconf 81' lang='lat' dir='ltr'><strong>vesti-</strong></span> 
     </span>
    </p>
   </div>
   <div class='ocr_carea' id='block_1_109' title="bbox 2094 5418 3677 5496">
    <p class='ocr_par' dir='ltr' id='par_1_109' title="bbox 2094 5418 3677 5496">
     <span class='ocr_line' id='line_1_109' title="bbox 2094 5418 3677 5496; baseline -0.003 -18"><span class='ocrx_word' id='word_1_811' title='bbox 2094 5427 2201 5496; x_wconf 80' lang='lat' dir='ltr'><strong>gia,</strong></span> <span class='ocrx_word' id='word_1_812' title='bbox 2232 5439 2421 5479; x_wconf 90' lang='lat' dir='ltr'><strong>eorum</strong></span> <span class='ocrx_word' id='word_1_813' title='bbox 2470 5422 2640 5475; x_wconf 80' lang='lat' dir='ltr'><strong>forma</strong></span> <span class='ocrx_word' id='word_1_814' title='bbox 2691 5421 2891 5475; x_wconf 88' lang='lat' dir='ltr'><strong>nostris</strong></span> <span class='ocrx_word' id='word_1_815' title='bbox 2921 5429 3005 5475; x_wconf 89' lang='lat' dir='ltr'><strong>est</strong></span> <span class='ocrx_word' id='word_1_816' title='bbox 3041 5419 3250 5474; x_wconf 82' lang='lat' dir='ltr'><strong>actibus</strong></span> <span class='ocrx_word' id='word_1_817' title='bbox 3277 5418 3632 5487; x_wconf 80' lang='lat' dir='ltr'><strong>imprimenda</strong></span> <span class='ocrx_word' id='word_1_818' title='bbox 3663 5434 3677 5473; x_wconf 82' lang='lat'><strong>;</strong></span> 
     </span>
    </p>
   </div>
   <div class='ocr_carea' id='block_1_110' title="bbox 2096 5508 3537 5583">
    <p class='ocr_par' dir='ltr' id='par_1_110' title="bbox 2096 5508 3537 5583">
     <span class='ocr_line' id='line_1_110' title="bbox 2096 5508 3537 5583; baseline -0.008 -13"><span class='ocrx_word' id='word_1_819' title='bbox 2096 5516 2196 5571; x_wconf 90' lang='lat' dir='ltr'><strong>sub</strong></span> <span class='ocrx_word' id='word_1_820' title='bbox 2221 5529 2411 5569; x_wconf 89' lang='lat' dir='ltr'><strong>eorum</strong></span> <span class='ocrx_word' id='word_1_821' title='bbox 2442 5514 2701 5583; x_wconf 83' lang='lat' dir='ltr'><strong>magistra</strong></span> <span class='ocrx_word' id='word_1_822' title='bbox 2727 5512 2989 5566; x_wconf 88' lang='lat' dir='ltr'><strong>debemus</strong></span> <span class='ocrx_word' id='word_1_823' title='bbox 3020 5509 3201 5563; x_wconf 83' lang='lat' dir='ltr'><strong>vivere</strong></span> <span class='ocrx_word' id='word_1_824' title='bbox 3229 5508 3537 5577; x_wconf 85' lang='lat' dir='ltr'><strong>disciplina.</strong></span> 
     </span>
    </p>
   </div>
   <div class='ocr_carea' id='block_1_111' title="bbox 2168 5603 2850 5673">
    <p class='ocr_par' dir='ltr' id='par_1_111' title="bbox 2168 5603 2850 5673">
     <span class='ocr_line' id='line_1_111' title="bbox 2168 5603 2850 5673; baseline -0.006 -15"><span class='ocrx_word' id='word_1_825' title='bbox 2168 5605 2279 5659; x_wconf 90' lang='lat' dir='ltr'><strong>lloc</strong></span> <span class='ocrx_word' id='word_1_826' title='bbox 2305 5604 2491 5673; x_wconf 89' lang='lat' dir='ltr'><strong>utique</strong></span> <span class='ocrx_word' id='word_1_827' title='bbox 2521 5603 2723 5657; x_wconf 83' lang='lat' dir='ltr'><strong>clarum</strong></span> <span class='ocrx_word' id='word_1_828' title='bbox 2753 5610 2850 5655; x_wconf 90' lang='lat' dir='ltr'><strong>est.</strong></span> 
     </span>
    </p>
   </div>
   <div class='ocr_carea' id='block_1_112' title="bbox 2168 5687 3689 5765">
    <p class='ocr_par' dir='ltr' id='par_1_112' title="bbox 2168 5687 3689 5765">
     <span class='ocr_line' id='line_1_112' title="bbox 2168 5687 3689 5765; baseline -0.007 -16"><span class='ocrx_word' id='word_1_829' title='bbox 2168 5697 2305 5751; x_wconf 71' lang='lat' dir='ltr'><strong>Audi</strong></span> <span class='ocrx_word' id='word_1_830' title='bbox 2333 5712 2461 5765; x_wconf 75' lang='lat' dir='ltr'><strong>ergo</strong></span> <span class='ocrx_word' id='word_1_831' title='bbox 2490 5694 2709 5753; x_wconf 79' lang='lat' dir='ltr'><strong>l’aulum</strong></span> <span class='ocrx_word' id='word_1_832' title='bbox 2740 5694 2803 5747; x_wconf 89' lang='lat' dir='ltr'><strong>dc</strong></span> <span class='ocrx_word' id='word_1_833' title='bbox 2840 5690 3149 5762; x_wconf 69' lang='lat' dir='ltr'><strong>t&#39;oapostolo</strong></span> <span class='ocrx_word' id='word_1_834' title='bbox 3188 5704 3289 5745; x_wconf 89' lang='lat' dir='ltr'><strong>suo</strong></span> <span class='ocrx_word' id='word_1_835' title='bbox 3330 5687 3493 5743; x_wconf 80' lang='lat' dir='ltr'><strong>Petro</strong></span> <span class='ocrx_word' id='word_1_836' title='bbox 3524 5700 3689 5741; x_wconf 59' lang='lat' dir='ltr'><strong>fera-</strong></span> 
     </span>
    </p>
   </div>
  </div>
