4058 6178
280 227 412 288 “81

1419 226 1510 284 DE
1545 225 1756 286 MiNlT.
1796 227 1882 282 ΕΤ
1925 225 2245 285 PROMISS.
2280 227 2414 285 DEI.

3406 235 3541 290 “89.

275 343 413 402 citer
439 341 808 414 pcrhibentetn
836 357 852 397 :
889 359 910 394 ε
940 339 1292 411 Priusquam,
1321 339 1430 406 ait,
1459 343 1708 396 venirent
1727 337 1846 408 qui-
1876 341 1922 400 Α
1953 345 2006 391 te
2026 377 2042 403 ,
2075 337 2218 408 quod
2248 335 2638 394 dissensionem
2669 335 2866 394 doceas
2896 351 2924 392 a
2954 337 3135 412 Moyse
3171 355 3359 397 eorum
3390 385 3403 406 ,
3446 359 3536 414 qui

275 435 452 490 damn
480 432 705 496 Iacobo,
755 448 876 488 cum
924 431 1176 504 gentibus
1223 431 1458 498 edebat;
1503 446 1626 486 cum
1673 438 1852 482 autem

275 522 568 584 venissent.
598 522 948 576 subtrahebat
971 537 1030 578 se
1071 531 1123 576 et
1149 522 1486 591 segregabat,
1521 521 1717 576 timens
1761 533 1854 572 eos

271 613 364 684 qui
393 628 462 669 ex
491 614 910 672 circumcisione
958 623 1112 667 erant
1152 611 1352 684 (Gulat.
1386 614 1468 680 ιι).
1507 632 1525 664 ι
1569 612 1854 668 Cernimus

271 724 402 779 ergo
427 709 650 764 Petrum
684 723 790 766 non
819 710 1084 780 rigidum,
1123 691 1216 762 sed
1243 708 1536 762 discretum
1572 723 1584 758 :
1628 705 1854 758 timebat

271 803 414 858 enim
435 801 652 859 Jndatos
677 819 744 858 ne
767 820 860 873 per
885 803 1227 858 occasionem
1251 801 1487 871 gentium
1514 815 1544 852 a
1575 798 1678 852 ﬁde
1705 813 1854 852 rece-

271 891 461 946 derent
488 891 924 948 Christianorum
951 910 966 957 ;
1008 901 1068 948 ct
1097 907 1164 946 ne
1192 891 1444 959 perderet
1485 904 1702 960 gregem
1735 903 1856 957 per-

271 982 464 1047 ditum,
484 983 606 1038 boni
631 983 862 1053 pastoris
887 992 970 1038 est
993 983 1233 1040 imitatus
1255 980 1592 1050 exemplum:
1617 999 1634 1030 ι
1655 978 1856 1032 Factus

270 1079 355 1126 est
379 1073 521 1128 enim
545 1071 746 1128 Judaeis
773 1081 1022 1142 tanquam
1047 1073 1296 1138 Iudaeus,
1321 1081 1380 1126 ut
1399 1071 1614 1128 Judaeos
1638 1069 1855 1124 lucrifa-
1891 1147 1894 1150 Α

269 1171 449 1228 ceret;
481 1182 500 1210 ι
531 1163 672 1218 sicut
694 1151 941 1218 Christus
963 1165 1214 1234 apparuit
1240 1164 1292 1218 in
1318 1163 1487 1218 forma
1519 1163 1698 1216 carnis
1727 1178 1850 1230 pec-

271 1251 403 1318 cati,
434 1263 544 1308 uta
571 1255 809 1323 peccatis
835 1255 1110 1310 hominem
1137 1255 1420 1318 liberaret;
1451 1263 1505 1308 et
1529 1270 1650 1308 cum
1679 1252 1852 1322 legem

271 1341 442 1415 Moysi
473 1359 578 1398 non
607 1345 906 1416 ambigeret
953 1346 1302 1408 abolendam,
1347 1345 1634 1404 consulens
1675 1353 1852 1397 tamen

272 1435 453 1491 adhuc
484 1437 709 1492 rudibus
733 1446 790 1492 et
827 1437 1057 1492 inﬁrmis
1086 1419 1375 1498 fratribus,
1415 1439 1586 1492 tenuit
1613 1436 1676 1490 ad
1721 1445 1855 1490 tem-

227 1541 232 1546 ‘
273 1541 376 1596 pus
399 1527 650 1580 umbram
673 1526 808 1598 legis
839 1536 900 1582 ut
924 1543 1018 1583 eos
1059 1529 1382 1596 quandoque
1417 1527 1740 1596 proveheret
1787 1525 1853 1578 ad

273 1619 511 1689 perfecte
537 1621 864 1676 noscendam
897 1621 1286 1691 plenitudinem
1327 1619 1594 1675 veritatis.
1641 1619 1697 1672 ln
1753 1619 1854 1672 hoc

1959 445 2058 499 per
2079 440 2266 500 gentes
2293 438 2418 486 sunt
2446 429 2774 495 Judteorum,
2813 431 2996 487 dicens
3027 452 3040 487 :
3073 433 3186 488 Non
3229 437 3427 494 debere
3447 453 3542 494 eos

1962 521 2349 576 circumcidere
2379 521 2517 576 ﬁlios
2542 536 2694 586 suos,
2721 537 2896 590 neque
2927 523 3223 576 secundum
3255 535 3512 594 consuetu

1962 611 2138 666 dinem
2169 613 2392 682 ingredi.
2428 612 2564 678 Quid
2592 627 2720 682 ergo
2751 613 2870 668 est?
2894 614 3075 682 utique
3103 625 3312 682 oportet
3347 631 3541 669 (onve-

1961 701 2077 754 nire.
2102 701 2531 766 multitudinem;
2569 701 2856 756 audierunt
2892 703 3033 756 enim
3062 711 3110 756 te
3141 705 3536 772 supervenisse.

1962 792 2074 850 Hoc
2116 809 2245 864 ergo
2287 793 2374 848 fac
2424 795 2566 862 quod
2615 796 2710 850 tibi
2749 796 3022 850 dicimus:
3064 777 3188 850 sunt
3233 797 3387 852 nobis
3439 799 3538 852 viri

1959 897 2191 956 quatuor
2219 897 2402 942 votum
2439 887 2702 942 habentes
2741 903 2904 956 super
2953 903 3052 952 se;
3095 889 3178 944 his
3226 891 3537 960 assumptis,

1961 979 2238 1034 sanctiﬁca
2265 987 2316 1036 te
2341 994 2461 1034 cum
2490 979 2620 1048 ipsis
2645 996 2656 1030 :
2690 991 2745 1032 et
2773 979 3018 1050 impende
3045 980 3094 1034 in
3125 995 3239 1038 eos.
3268 991 3326 1034 ut
3349 984 3543 1035 radaut

1961 1073 2136 1142 capita
2175 1081 2232 1127 et
2253 1072 2427 1128 sciant
2472 1087 2686 1136 omnes,
2717 1073 2838 1142 quia
2880 1088 2997 1142 qum
3029 1073 3094 1128 de
3137 1083 3185 1128 le
3224 1075 3542 1138 audierunt,
3585 1141 3590 1144 _

1961 1163 2090 1217 falsa
2119 1173 2276 1230 sunt;
2307 1165 2402 1220 sed
2447 1163 2692 1220 ambulas
2728 1173 2781 1220 et
2829 1165 2943 1234 ipse
2993 1167 3300 1220 custodiens
3348 1167 3540 1238 legem.

1959 1253 2111 1308 Tunc
2136 1253 2333 1310 Paulus
2361 1255 2650 1324 assumptis
2676 1255 2824 1316 viris,
2858 1255 3142 1323 posteriori
3173 1257 3257 1312 dic
3287 1258 3548 1332 puriﬁcag

1961 1355 2046 1401 tus
2072 1363 2194 1400 eum
2226 1345 2328 1400 illis
2357 1347 2582 1401 intravit
2611 1347 2662 1400 in
2705 1348 2962 1418 templum
2997 1347 3134 1418 (Act.
3165 1349 3300 1418 XXI).
3336 1371 3354 1400 ι

2031 1436 2171 1490 Nulli
2201 1437 2356 1491 liceat
2383 1437 2636 1508 ignorare
2663 1455 2675 1490 :
2710 1435 2884 1492 Omne
2911 1438 3054 1508 quod
3085 1438 3315 1493 Domino
3344 1455 3538 1495 conse—

1959 1543 2161 1596 cretur,
2189 1534 2301 1587 sive
2330 1533 2494 1587 fuerit
2525 1531 2840 1596 homo,'sive
2871 1532 3091 1596 animal,
3121 1532 3235 1586 sive
3267 1548 3414 1601 ager,
3457 1534 3539 1586 vel

1959 1625 2214 1696 quidquid
2241 1625 2407 1680 semel
2435 1625 2600 1700 fuerit
2618 1633 3016 1682 consecratum.
3045 1623 3302 1678 Sanctum
3327 1633 3542 1678 sancto-

269 1726 404 1782 Bl'go
437 1711 497 1765 Β.
546 1711 738 1765 Petrus
783 1711 1134 1767 discrelionis
1183 1712 1338 1766 ηοὶὶὶε
1383 1711 1622 1781 regulam
1667 1710 1852 1773 dedit.
1889 1721 1930 1776 Β
1959 1734 2078 1772 rum
2103 1717 2208 1772 erit
2231 1717 2480 1779 Domino,
2527 1726 2582 1770 et
2625 1715 2690 1770 ad
2737 1715 2826 1783 ius
2878 1715 3110 1784 pertinet
3152 1715 3536 1778 sacerdotum;

269 1809 539 1870 quatenus
553 1802 970 1872 aliquando.ubi
992 1811 1170 1857 tamen
1191 1816 1298 1855 non
1324 1801 1612 1870 plurimum
1641 1809 1852 1867 noceat,

271 1889 601 1947 declinemus
629 1892 1020 1960 aliquantulum
1061 1907 1091 1944 a
1141 1892 1360 1950 tramite
1402 1892 1744 1947 rectitudinis
1797 1900 1855 1944 ut

270 1981 551 2038 consulere
572 1981 848 2036 valeamus
881 1981 1131 2036 inﬁrmis.

341 2074 440 2143 Qui
469 2074 626 2140 dicis,
654 2077 798 2146 quod
827 2075 1022 2128 Petrus
1051 2074 1341 2142 aliquando
1367 2074 1538 2142 legem
1570 2071 1850 2128 Iudaicam

269 2167 476 2232 tenuit;
502 2183 602 2223 cur
631 2183 736 2222 non
769 2167 936 2220 etiam
963 2165 1102 2223 dicis
1131 2164 1273 2235 quod
1307 2165 1359 2218 in
1392 2165 1580 2218 eadem
1615 2161 1850 2234 Epistula

267 2257 506 2330 legitur:
543 2257 831 2322 Nimirum,
863 2249 1046 2326 quia't
1085 2256 1282 2311 Paulus
1308 2271 1430 2310 eum
1464 2255 1515 2309 in
1551 2253 1748 2310 facient
1770 2269 1854 2308 rc-

266 2349 598 2422 prchendit?
634 2349 688 2405 ln
713 2347 928 2414 faciem,
961 2349 1155 2418 inquit,
1182 2347 1229 2403 ei
1261 2347 1468 2412 restiti,
1499 2347 1626 2416 quia
1670 2353 1858 2416 repre-’

265 2437 554 2498 hensibilis
578 2449 719 2506 erat,
744 2441 902 2510 eique
930 2441 1040 2494 dixi
1074 2458 1087 2493 :
1123 2438 1180 2494 Si
1220 2449 1273 2495 tu
1321 2455 1442 2495 cum
1479 2439 1554 2494 sis
1591 2437 1809 2494 Iudaeus
1835 2479 1851 2504 ,

265 2531 564 2604 gentiliter,
584 2541 768 2590 etnon
798 2534 1022 2590 Judaice
1049 2533 1207 2597 vivis.
1244 2533 1517 2603 quomodo
1539 2535 1689 2605 cogis
1722 2548 1852 2606 gen-

265 2633 350 2679 tes
372 2622 655 2691 judaizare
676 2625 700 2679 ?
737 2644 754 2676 ι

337 2715 490 2784 Quod
521 2716 714 2772 Petrus
751 2718 858 2788 egit
899 2717 1276 2786 compassione
1305 2718 1721 2782 misericortlim,
1745 2719 1850 2774 hoc

263 2805 466 2862 Paulus
508 2808 690 2879 arguit
727 2823 824 2877 pro
872 2810 1187 2880 magisterio
1233 2809 1550 2879 disciplinae.
1601 2810 1691 2864 llle
1744 2810 1848 2866 hoc

266 2895 396 2954 fecit
443 2897 808 2970 dispensative
844 2909 902 2952 ut
952 2900 1182 2954 inﬁrmis
1237 2900 1448 2954 tolleret
1496 2901 1844 2966 scandalum;

264 2987 372 3042 hoc
404 2985 509 3044 iste
552 2988 817 3058 corripuit
870 3005 938 3046 ne
988 2989 1318 3046 indiscretus
1370 2991 1594 3060 quilibet
1642 2993 1844 3062 passim

265 3081 560 3136 adduceret
587 3080 641 3135 in
669 3081 995 3151 exemplum.
1023 3081 1079 3136 ln
1104 3081 1268 3138 Petro
1297 3083 1592 3148 discamus,
1619 3093 1677 3138 ut
1700 3083 1842 3152 peri-
1874 3069 1916 3127 (Σ

265 3171 388 3228 culo
417 3172 587 3229 simus
615 3173 930 3228 imminente
965 3175 1205 3230 discreti.
1234 3173 1292 3230 in
1325 3173 1473 3230 Pauli
1503 3174 1848 3231 sermonibus

265 3263 624 3328 instruamur,
661 3274 720 3320 ut
746 3265 893 3320 sanis
920 3265 1080 3321 rebus
1105 3266 1214 3320 vita
1244 3277 1428 3322 nostra
1473 3267 1621 3321 nicre
1668 3268 1850 3319 desvr-

263 3355 381 3410 vial
403 3355 890 3412 rectitudiui.Autli
913 3357 1078 3414 etiam
1107 3366 1502 3426 consequenter
1517 3366 1571 3411 et
1600 3357 1846 3418 Paulum,

265 3447 610 3504 discretionis
627 3463 806 3503 aurea:
829 3448 1024 3504 lineam
1049 3450 1252 3504 nostris
1271 3450 1444 3504 oculis
1463 3459 1848 3519 opponentem,

261 3536 616 3607 ejusdemque
669 3538 1048 3607 dispensativzc
1104 3540 1494 3609 compassionis
1546 3551 1848 3596 auctorem.

264 3629 428 3700 275
483 3629 635 3685 Sicut
671 3631 816 3684 enim
862 3619 1279 3700 apostolicurtim
1333 3634 1564 3687 Actuum
1620 3643 1852 3688 testatur

264 3720 490 3776 historia
513 3739 526 3774 :
555 3742 572 3774 ι
604 3720 1021 3778 Perambulabat
1043 3723 1241 3777 Paulus
1263 3723 1476 3794 Syriam
1498 3734 1552 3779 et
1579 3725 1844 3788 Ciliciam,

261 3813 594 3868 euulirntans
655 3812 965 3873 Ecclesias.
1024 3815 1376 3884 pervenitque
1425 3815 1480 3868 in
1535 3814 1744 3870 Derbcn
1796 3826 1849 3870 et

259 3903 550 3977 Lystram,
579 3915 636 3962 et
675 3921 804 3962 ecce
835 3907 1130 3976 discipulus
1171 3908 1390 3976 quidam
1431 3919 1584 3973 erat,
1629 3908 1848 3962 nomine

264 3993 604 4063 Timotheus,
636 3997 776 4054 ﬁlius
805 3998 1046 4052 mulieris
1078 3999 1249 4054 vidua:
1270 3999 1463 4062 ﬁdelis,
1489 4008 1640 4067 patre
1666 4009 1846 4053 autem

260 4089 445 4159 gentili
479 4091 619 4160 (Act.
649 4089 783 4158 xvi).
816 4109 834 4140 ι
880 4089 1033 4144 liunc
1067 4104 1227 4160 ergo,
1271 4100 1329 4144 ut
1363 4091 1430 4144 ad
1469 4091 1848 4160 compendium

261 4179 570 4242 veniamus,
601 4178 886 4250 Apostolus
910 4181 1282 4246 circumcidit;
1308 4182 1564 4251 quoniam
1592 4181 1806 4237 Indicos
1831 4223 1846 4247 ,

259 4266 370 4324 imo
387 4267 608 4333 Judaeis,
643 4269 734 4340 qui
763 4269 814 4322 in
842 4269 946 4324 illis
971 4279 1128 4325 erant
1159 4272 1466 4343 regionibus
1497 4272 1692 4326 timuit.
1737 4273 1848 4328 Cur

263 4360 445 4428 itaque
477 4360 818 4416 circumcidit
855 4359 1064 4417 ﬁdelem
1101 4363 1372 4419 hominem
1417 4381 1526 4418 non
1564 4363 1806 4422 Judaeum
1829 4407 1842 4424 .

1956 1815 2178 1876 propter
2207 1807 2348 1874 quod
2383 1805 2768 1860 inexcusabilis
2792 1806 2896 1859 erit
2917 1805 3094 1859 omnis
3127 1809 3222 1872 qui
3253 1821 3280 1858 a
3314 1805 3554 1858 Dominu'

1955 1905 2008 1952 et
2037 1895 2274 1952 Ecclesia
2307 1897 2478 1950 civem
2507 1895 2664 1964 petit,
2695 1893 2891 1962 aufert,
2919 1903 3128 1960 vastat,
3180 1895 3412 1958 invadit,
3463 1895 3542 1948 vel

1955 1989 2196 2057 eripitut
2221 1987 2514 2058 sacrilegus
2548 1987 2896 2057 dijudicetur,
2935 1996 2988 2042 et
3034 1987 3076 2044 si
3122 1987 3413 2044 emendare
3441 2003 3542 2041 no-

1953 2079 2114 2133 luerit
2153 2079 2678 2134 excommunicctur.
2707 2078 2807 2146 Qui
2841 2077 3121 2132 abstulerit
3149 2078 3349 2148 aliquid
3377 2079 3540 2149 patri,

1954 2168 2238 2224 homicida:
2283 2168 2562 2237 particeps
2617 2178 2719 2223 est.
2773 2167 2937 2224 Pater
2982 2179 3167 2224 noster
3211 2170 3328 2226 sine
3381 2169 3544 2226 dubio

1956 2256 2098 2310 Deus
2122 2263 2206 2310 est
2231 2257 2322 2325 qui
2354 2272 2451 2311 nos
2473 2257 2716 2318 creavit;
2758 2268 2932 2310 mater
2958 2274 3088 2312 vero
3117 2269 3299 2332 nostra
3355 2268 3540 2314 sancta

1953 2345 2198 2401 Ecclesia
2225 2363 2345 2416 quze
2372 2363 2470 2402 nos
2495 2348 2546 2400 in
2584 2347 2854 2416 baptismo
2885 2349 3246 2416 regeneravit.
3287 2350 3429 2420 Ergo
3451 2353 3542 2420 qui

1953 2435 2154 2492 Christi
2187 2437 2493 2512 pecuniam
2551 2448 2605 2492 et
2656 2437 2952 2494 Ecclesium
3005 2439 3204 2504 aufert,
3257 2442 3400 2512 rapit
3449 2451 3542 2495 aut

1956 2509 2478 2587 frandal.,'homicida
2503 2540 2586 2584 est
2607 2539 2769 2600 atque
2795 2541 2921 2586 ante
2944 2532 3231 2588 Dominum
3267 2533 3536 2590 homicida

1953 2616 2262 2688 deputatur.
2294 2619 2392 2685 Qui
2422 2620 2566 2673 enim
2595 2635 2684 2674 res
2712 2619 2970 2675 Ecclesia:
2991 2620 3292 2686 abstulerit,
3323 2623 3540 2677 sacrile-

1949 2707 2097 2776 gium
2133 2707 2261 2762 facit
2290 2717 2345 2763 et
2377 2717 2436 2764 ut
2474 2709 2772 2780 sacrilegus
2811 2709 3134 2778 judicandus
3172 2721 3275 2766 est.
3331 2711 3398 2768 Ut
3441 2727 3538 2768 nos

1950 2815 2081 2871 ergo
2103 2811 2292 2855 contra
2325 2801 2591 2872 malignos
2628 2802 2850 2872 spiritus
2889 2801 3187 2872 spiritualis
3224 2803 3540 2858 certaminis

1950 2892 2122 2948 aciem
2152 2893 2419 2962 ponimus,
2449 2908 2795 2964 summopere
2825 2909 3050 2950 necesse
3074 2895 3238 2966 276
3259 2906 3340 2950 est
3365 2903 3423 2950 ut
3443 2912 3540 2966 per

1950 2981 2271 3038 charitatem
2294 2998 2507 3054 semper
2530 2984 2666 3039 uniti
2687 2994 2850 3056 atque
2867 2987 3240 3052 constricti,et
3262 3001 3536 3056 nunquam

1951 3083 2232 3154 interrupti
2260 3099 2357 3154 per
2378 3084 2701 3138 discordiam
2729 3084 3104 3150 inveniamur;
3132 3085 3255 3156 quia
3282 3084 3538 3154 qumlibct

1953 3177 2090 3231 bona
2125 3175 2176 3230 in
2202 3175 2358 3230 nobis
2386 3190 2548 3244 opera
2585 3175 2819 3242 fuerint,
2851 3175 2895 3229 si
2931 3175 3169 3229 charitas
3219 3175 3388 3238 desit,
3436 3189 3536 3244 per

1950 3263 2149 3317 malum
2182 3264 2465 3319 discordia:
2494 3265 2647 3320 locus
2669 3265 2912 3334 aperitur
2940 3265 2992 3318 in
3025 3265 3160 3330 acie,
3191 3265 3334 3320 unde
3354 3265 3422 3320 ad
3453 3265 3532 3320 fe-

1955 3355 2171 3408 riendus
2200 3371 2298 3410 nos
2321 3355 2497 3410 valeat
2527 3356 2697 3410 hostis
2729 3355 2954 3410 intrare.
2979 3356 3250 3424 Autiquus
3277 3371 3404 3410 vero
3435 3356 3536 3410 ini-

1954 3443 2127 3498 micus
2152 3445 2460 3500 castitatem
2495 3446 2546 3500 in
2583 3446 2768 3510 nobis,
2801 3445 2847 3500 si
2878 3445 2995 3499 sine
3031 3445 3294 3498 charitate
3333 3443 3534 3508 fuerit,

1954 3549 2059 3589 non
2085 3535 2265 3600 timet;
2295 3537 2420 3604 quia
2457 3536 2572 3604 ipse
2597 3551 2696 3590 nec
2727 3536 2991 3605 premitur
3017 3549 3180 3590 carne
3217 3543 3276 3588 ut
3309 3532 3426 3602 ejus
3454 3535 3534 3589 lti-

1953 3626 2105 3679 xuria
2131 3627 2471 3680 dissolvatur.
2499 3629 2894 3683 Abstinentiam
2925 3643 3030 3682 non
3065 3627 3236 3693 timet,
3267 3628 3392 3696 quia
3421 3629 3536 3696 ipse

1952 3717 2076 3773 cibo
2097 3735 2205 3772 non
2239 3719 2430 3784 utitur,
2459 3720 2582 3790 quia
2612 3721 2934 3778 necessitate
2963 3719 3208 3792 corporis
3239 3736 3344 3776 non
3377 3737 3538 3792 urge-

1954 3821 2058 3865 tttr.
2093 3811 2536 3868 DistributiOncm
2564 3823 2901 3868 terrenarum
2927 3830 3107 3869 rerum
3139 3829 3246 3868 non
3275 3815 3458 3878 timet,
3488 3814 3532 3868 si

1951 3902 2126 3956 eidem
2155 3903 2302 3971 operi
2328 3903 2570 3957 charitas
2595 3903 2766 3968 desit;
2797 3904 2920 3973 quia
2947 3905 3256 3960 divitiarum
3277 3904 3537 3960 subsidiis

1955 4007 2052 4047 nec
2104 3991 2219 4061 ipse
2242 4001 2381 4062 eget.
2411 3993 2576 4047 Valde
2598 4001 2775 4046 autem
2807 3994 2858 4046 in
2887 3993 3041 4048 nobis
3077 3993 3398 4048 charitatem
3441 4008 3534 4046 vc-

1955 4099 2091 4148 ram,
2125 4085 2250 4138 item
2285 4100 2526 4139 amorem
2576 4085 2854 4150 humilem,
2902 4099 3058 4154 quem
3091 4085 3246 4140 nobis
3293 4083 3531 4140 vicissim

1955 4176 2338 4247 impendimus,
2369 4177 2541 4241 timet,
2569 4191 2624 4232 et
2655 4177 2816 4230 nimis
2840 4177 3143 4232 concordiae
3172 4186 3370 4231 nostra:
3395 4175 3534 4229 invi-

1953 4269 2082 4331 det;
2115 4270 2240 4338 quia
2272 4269 2411 4323 hanc
2451 4285 2548 4324 nos
2592 4279 2837 4326 tenemus
2889 4270 2940 4324 in
2994 4277 3160 4328 terra.
3209 4284 3373 4339 quam
3420 4268 3534 4338 ipse

1958 4369 2142 4414 tenere
2187 4361 2376 4415 nolens
2426 4361 2606 4414 amisit
2655 4361 2706 4413 in
2754 4359 2914 4414 coelo.
2962 4359 3108 4415 Bene
3135 4375 3264 4430 ergo
3291 4359 3530 4414 dicitur:

261 4450 356 4520 qui
384 4451 631 4506 videlicet
683 4453 1096 4508 incircumcisus
1145 4465 1290 4520 erat,
1331 4457 1424 4511 sed
1461 4457 1680 4510 natione
1713 4473 1844 4527 gen-
1884 4436 1926 4492 θ
1960 4467 1976 4496 ι
2030 4447 2306 4506 Terribilis
2360 4459 2417 4504 υἱ
2472 4459 2772 4506 ωεινυτιιιιι
2827 4451 2974 4504 aCiCS
3021 4437 3300 4516 δτάίηειῑδῖ
3328 4439 3356 4503 ἰ
3407 4450 3532 4521 quia

264 4536 410 4595 tilem
424 4540 450 4594 1'
475 4541 578 4594 nisi
598 4549 654 4594 ut
683 4541 1028 4596 discretionis
1051 4543 1230 4600 studio
1249 4547 1568 4611 deserviret,
1591 4561 1658 4598 ne
1676 4543 1843 4599 Judzei

260 4629 448 4684 ﬁdeles
475 4630 527 4686 in
557 4629 876 4684 scandalum
907 4641 1226 4686 corruentes
1274 4647 1305 4685 a
1358 4634 1463 4687 ﬁde
1508 4634 1841 4688 recederent.

262 4719 377 4776 lloe
399 4721 566 4776 etiam
601 4736 744 4776 nunc
771 4721 838 4776 ad
873 4722 1196 4776 memoriam
1225 4723 1394 4790 redit;
1450 4727 1706 4793 quoniam
1743 4728 1843 4781 ali-

260 4813 474 4881 quando
505 4811 658 4883 juxta
698 4827 902 4868 morem
935 4811 1316 4868 Nazartcorum
1354 4831 1566 4870 comam
1605 4834 1672 4872 es
1722 4829 1844 4874 voto

183 4953 186 4956 ί
265 4907 520 4970 nutrivit;
551 4917 605 4962 et
634 4917 916 4976 postquam
945 4907 1255 4978 navigasset
1281 4908 1333 4962 in
1359 4909 1592 4980 Syriam,
1627 4912 1678 4964 in
1703 4912 1844 4966 Ceu-

263 4996 411 5050 chris
445 4997 674 5066 positus,
725 5008 886 5064 caput
929 4997 1084 5066 juxta
1141 4996 1274 5066 legis
1319 4999 1570 5054 mandata
1619 5001 1850 5056 totondit

262 5085 403 5154 (Act.
469 5087 642 5157 svnt).
709 5085 895 5142 Refer:
946 5089 1120 5142 adhuc
1163 5087 1338 5142 Lucas
1394 5103 1562 5143 sacrae
1619 5092 1852 5160 scriptor

265 5175 542 5230 historiae:
576 5193 595 5225 ι
633 5175 766 5230 Cum
795 5177 1148 5238 venissemus,
1177 5177 1370 5248 inquit,
1401 5177 1846 5250 Hierosolymam,

262 5263 494 5322 libenter
529 5278 884 5337 susceperunt
911 5283 1008 5323 nos
1033 5269 1263 5334 fratres;
1296 5279 1350 5322 et
1376 5272 1620 5338 sequenti
1655 5271 1741 5326 die
1763 5270 1852 5325 Ja-

265 5359 432 5418 (obus
475 5370 528 5414 et
573 5376 764 5416 omnes
793 5363 1035 5420 seniores
1065 5361 1155 5431 qui
1203 5379 1324 5418 cum
1361 5379 1428 5418 eo
1458 5372 1646 5426 erant,
1675 5363 1850 5418 Evan-

265 5449 410 5522 gelio
433 5450 578 5506 illius
618 5453 984 5524 comprobato,
1017 5453 1266 5509 dixerunt
1301 5455 1348 5511 ei
1377 5473 1390 5510 :
1425 5455 1586 5510 Vides
1609 5495 1623 5520 ,
1660 5455 1848 5520 frater,

267 5549 398 5606 quot
433 5541 598 5598 millia
625 5550 748 5598 sunt
777 5543 828 5596 in
849 5543 1056 5608 Judtea,
1079 5545 1172 5614 qui
1199 5545 1480 5602 credidere
1520 5545 1572 5600 in
1607 5544 1850 5609 Christo,

268 5641 324 5700 et
353 5631 388 5686 ii
416 5647 604 5686 omnes
635 5631 974 5688 :ernulatores
1011 5634 1162 5705 legis.
1201 5637 1501 5695 Audierant
1553 5647 1732 5693 autem
1788 5639 1851 5690 de

1953 4540 2248 4594 electorum
2277 4540 2671 4594 multitudinem
2696 4555 2762 4595 eo
2789 4541 3005 4608 maligni
3035 4542 3255 4610 spiritus
3279 4542 3534 4612 pertime-

1952 4642 2128 4696 scunt,
2151 4648 2258 4700 quo
2278 4647 2372 4687 eos
2393 4647 2487 4700 per
2509 4631 2795 4686 charitatis
2821 4633 3168 4686 concordiam
3195 4633 3374 4686 unitos
3404 4647 3534 4686 con-

1955 4733 2037 4777 tra
2069 4739 2126 4778 se
2157 4733 2212 4777 et
2249 4723 2602 4790 conglobatos
2645 4722 2936 4791 aspiciunt.
2974 4721 3184 4788 Quanta
3233 4730 3411 4774 autem
3462 4721 3534 4772 sit

1953 4815 2256 4870 concordiae
2283 4815 2474 4880 virtus,
2506 4813 2830 4878 ostenditur,
2863 4828 2986 4866 cum
3036 4815 3151 4866 sine
3199 4813 3282 4864 illa
3313 4811 3534 4881 reliquae

1951 4909 2198 4972 virtutes,
2230 4907 2461 4961 virtutes
2481 4922 2585 4960 non
2609 4921 2730 4960 esse
2755 4914 3141 4960 monstrantur.
3174 4904 3358 4975 Magna
3384 4904 3528 4958 enim

1951 5011 2033 5054 est
2063 5001 2234 5054 virtus
2262 4999 2604 5056 abstinentia:
2629 5016 2644 5063 ;
2693 4997 2788 5052 sed
2835 4997 2878 5050 si
2915 4998 3034 5067 quis
3062 4997 3136 5050 ita
3166 4996 3233 5052 ab
3261 4997 3530 5051 alimentis

1953 5089 2242 5152 abstineat,
2276 5097 2333 5142 ut
2363 5099 2587 5142 caeteros
2619 5088 2670 5140 in
2697 5087 2820 5140 cibo
2849 5085 3144 5156 dijnd-icet;
3189 5095 3246 5140 et
3271 5085 3528 5140 alimenta

1951 5179 2170 5244 eadem,
2201 5194 2320 5248 qum
2350 5177 2489 5231 Deus
2536 5178 2744 5231 ereavit
2796 5173 2888 5234 ad
2915 5175 3360 5246 percipiendum,
3412 5191 3534 5230 cum

1955 5269 2250 5337 gratiarum
2283 5269 2498 5324 actione
2535 5267 2784 5322 ﬁdelibus
2809 5267 3060 5331 damnet;
3089 5266 3216 5336 quid
3265 5266 3388 5321 huic
3429 5265 3536 5320 vir-

1956 5371 2041 5414 tus
2067 5360 2407 5416 abstinentiae
2427 5359 2568 5414 facta
2600 5366 2706 5422 cst,
2744 5357 2846 5412 nisi
2876 5356 3097 5424 laqueus
3118 5354 3328 5426 culpae?
3377 5353 3535 5409 Unde

1959 5453 2244 5507 Psalmista
2297 5467 2514 5522 quoque
2570 5450 2770 5504 nullam
2823 5465 2945 5505 esse
2990 5449 3371 5504 abstinentiam
3421 5448 3540 5502 sine

1956 5543 2246 5598 concordia
2281 5543 2604 5614 designans,
2649 5541 2723 5596 ait
2754 5557 2768 5594 :
2809 5559 2826 5593 ι
2861 5541 3100 5596 Laudate
3134 5555 3258 5596 cum
3301 5539 3354 5594 in
3399 5547 3537 5610 tym—

1960 5649 2096 5704 pano
2126 5643 2179 5688 ct
2205 5635 2388 5688 choro.
2431 5653 2446 5684 ι
2495 5633 2548 5687 lo
2600 5643 2853 5703 tympano
2901 5633 3042 5688 enim
3084 5629 3290 5686 corium
3323 5629 3538 5686 ciccum
