1856 3061
160 113 192 149 ll
755 111 923 142 MATTILE

1035 113 1170 145 STARlS
1754 122 1784 154 12

157 174 240 202 etiam
264 177 373 201 suntet
398 170 539 204 mulieres,
570 177 630 206 qua:
654 168 778 197 ecclesiis
805 168 848 197 vel
867 177 928 197 sacr

1035 171 1167 204 ιυῖδικῶν,
1184 172 1283 204 εὐθέως
1299 172 1463 208 καθῄρηται.
1482 173 1614 201 Τοιοῦταί
1633 176 1686 202 είσι
1698 179 1742 204 καὶ
1756 180 1784 205 αί

158 220 327 256 imaginibus
353 218 476 247 assident
501 223 528 245 et
554 225 588 245 ex
617 216 658 244 Itis
683 224 713 244 se
735 216 826 244 futura
852 223 953 250 cogno-

157 275 236 295 scere
262 274 340 300 atque
365 273 397 293 ac
409 264 556 300 praedicere
569 263 716 296 aﬂirmant,
743 271 797 290 non
817 270 898 291 secus
920 270 952 291 ac

158 322 219 349 qua:
231 313 294 339 olim
310 311 442 347 Pythonis
455 311 580 346 spiritum
597 311 761 338 habuerunt.
781 310 819 337 De
833 310 876 338 his
893 317 952 337 om-

159 360 239 386 nibus
253 359 317 386 tlicit
332 358 440 385 divinus
461 355 678 391 Chrysostomus
690 375 697 388 ,
716 355 824 382 etiamsi
848 359 950 382 sancta:

159 405 302 433 Trinitatis
317 411 415 431 nomen
427 402 560 438 ejusmodi
574 401 729 429 actionibus
754 400 947 432 admisceatur.

157 452 208 480 etsi
229 451 313 479 sancti
341 450 422 477 etiam
438 449 611 480 invocentur,
628 451 654 474 et
669 446 777 482 signum
795 446 886 473 cruris
908 445 949 472 in-

157 505 239 531 super
255 497 458 531 interponatur,
486 494 582 529 fugere
600 498 691 520 tamen
716 499 747 520 ea
771 499 821 519 nos
847 491 948 518 debere

156 548 184 570 et
197 542 316 570 aversari
333 550 339 568 :
361 546 388 568 ct
411 541 439 568 in
459 540 491 567 21
510 539 632 571 homilia,
648 538 718 573 libril
729 537 768 565 De
784 537 946 567 simulat-ris,

154 589 186 615 tit
196 593 222 615 et
237 589 263 614 in
276 587 292 615 6
308 591 404 614 contra
417 585 526 614 Iudaeos
540 584 665 617 humilia,
677 591 732 612 non
754 583 842 610 obiter
857 582 890 610 de
904 582 946 610 his

152 633 323 668 triumphum
340 631 405 667 agit.

190 745 345 774 Vicesimus
361 747 475 780 quartus
499 744 653 780 Ancyranat
680 742 777 779 synodi
791 742 945 778 quinquen-

153 794 194 821 nii
210 800 298 828 paenae
315 791 427 826 subiicit
443 798 492 818 eos
511 790 558 825 qui
583 790 704 825 gentium
727 789 942 817 consuetudines

1003 219 1062 250 ταῖς
1085 219 1246 254 ἐκκλησίαις
1261 220 1276 254 ἢ
1305 221 1364 250 ταῖς
1380 220 1471 253 ἁγίαις
1487 221 1574 247 εἰκόσι
1590 222 1784 256 προσεδρεύοω

1003 272 1049 305 σαι
1069 265 1209 298 γυναῖκες,
1226 265 1280 291 κάκ
1294 265 1397 292 τούτων
1414 265 1621 300 ίσχυριζόμεναι
1643 267 1783 300 γινώσκειν

1000 308 1082 342 δῆθεν
1098 309 1133 335 τὰ
1153 309 1283 343 μέλλοντα
1307 310 1355 336 καὶ
1377 309 1535 344 προλέγειν,
1553 311 1625 337 κατὰ
1641 312 1690 342 τὰς
1705 312 1782 338 πάλαι

1000 353 1110 389 πνεῦμα
1136 354 1262 386 Πύθωνος
1293 355 1418 390 ἐχούσας.
1451 356 1519 391 Περὶ
1542 355 1648 383 τούτων
1678 358 1782 385 πάντων

1001 401 1084 434 φησιν
1112 400 1126 426 ὁ
1153 399 1225 432 θεῖος
1256 401 1462 435 Χρυσόστομος,
1488 402 1540 434 ὅτι,
1569 402 1622 428 κᾶν
1641 402 1690 436 τῆς
1705 403 1782 435 ἁγίας

1000 445 1115 480 Τριάδος
1129 446 1214 480 ὄνομα
1227 446 1389 481 ὲπιλέγηται
1407 448 1464 479 τοῖς
1477 448 1620 479 τοιούτοις.
1634 449 1686 475 κᾶν
1702 449 1782 482 ἁγίων

999 491 1128 526 γίνωνται
1152 493 1322 527 ἐπικλήσεις,
1352 493 1404 520 κᾶν
1420 494 1450 521 τὺ
1472 496 1586 529 σημεῖον
1601 495 1650 521 τοῦ
1665 496 1780 530 σταυροῦ

997 538 1146 574 ἑπάγηται,
1164 540 1277 574 φεύγειν
1287 540 1327 566 δεῖ
1339 541 1374 566 τὰ
1385 540 1550 568 τοιαῦτακαὶ
1562 542 1762 576 ἀποτρέπεσθαι
1774 552 1781 560 ν

997 583 1064 610 ἀλλὰ
1079 585 1126 611 καὶ
1152 586 1180 611 ἐν
1192 585 1230 620 τῷ
1251 586 1365 620 εἰκοστῷ
1392 587 1493 622 πρώτῳ
1523 587 1596 622 λόγῳ
1613 588 1660 614 τοῦ
1682 587 1781 622 βιϐλίον

995 628 1057 655 τῶν
1066 629 1262 663 ἀνδριάντων,
1279 631 1317 657 ἔτι
1333 631 1361 657 δὲ
1378 633 1425 658 καὶ
1440 632 1469 658 ὲν
1482 632 1521 668 τῷ
1536 636 1555 658 ε’
1567 634 1622 659 τῶν
1637 633 1704 667 πρδς
1718 633 1781 660 Ἰου-

995 674 1087 707 δαίους
1102 674 1199 709 λόγων,
1218 676 1248 701 οὐ
1266 676 1410 711 παρέργως
1440 676 1602 712 θριαμϐεύει
1621 677 1655 704 τὰ
1671 677 1780 704 τούτων.

1037 742 1065 769 '0
1079 742 1107 769 δὲ
1130 742 1170 769 κδ’
1188 742 1239 778 τῆς
1261 743 1290 769 ὲν
1308 744 1431 780 Ἀγκύρᾳ
1457 745 1570 772 συνόδου
1602 746 1650 772 ἐπὶ
1671 755 1781 773 πενταε-

994 788 1055 816 τίαν
1068 789 1196 824 ἐπιτιμᾷ,
1209 789 1234 816 οἳ
1247 789 1278 823 δὴ
1292 791 1353 821 ταῖς
1372 790 1428 817 τῶν
1444 791 1530 817 ἐθνῶν
1546 792 1707 826 συνηθείαις
1721 793 1780 818 ἀλο-

159 840 218 867 siue
237 838 316 874 174
343 837 448 865 ratione
477 841 632 871 sequentes,
657 836 684 864 in
710 844 774 863 suas
798 836 870 863 aedes
895 842 928 862 va

1035 843 1093 866 mu:
1108 834 1332 867 ἀκολουθοῦντες,
1347 836 1388 867 εις
1400 837 1464 867 τοὺς
1480 837 1584 864 ἑαυτῶν
1599 838 1693 868 οἴκους
1710 838 1778 873 μάν-

157 891 199 913 tes
224 885 256 912 ad
275 885 395 919 magicas
420 888 493 911 artes
516 887 544 910 et
558 882 757 910 medicamenta
782 881 944 909 lnvenienda

155 930 352 961 introducunt.
374 936 390 956 a
414 928 460 955 tali
483 928 686 955 ahominatione
708 928 820 955 domum
843 934 872 953 se
898 934 946 953 ex-

156 978 276 1012 piaturos
301 974 485 1010 promittendo
503 984 509 1002 :
523 974 586 1009 quia
600 979 716 1009 :egrmos
731 981 763 1001 ex
779 973 821 1000 his
834 981 863 1000 se
880 972 937 1000 licri

155 1024 341 1058 suspicantur,
357 1026 384 1049 et
409 1021 506 1049 morbo
525 1021 656 1049 diuturno
679 1020 791 1054 subjici,
805 1019 848 1046 vel
861 1019 946 1046 amis-

155 1077 185 1098 sa
204 1068 327 1104 quaedam
357 1067 478 1095 indicare
509 1074 601 1101 posse.
626 1065 723 1093 Iisdem
749 1066 837 1100 pinnis
860 1064 947 1099 sultji-
973 1096 978 1104 I

156 1115 265 1143 ciuntur
279 1114 326 1148 qui
350 1112 574 1140 incantatricibus
601 1112 678 1139 ﬁdem
696 1111 838 1143 adhibent,
858 1115 885 1137 et
912 1109 946 1137 iis

156 1162 201 1196 qui
220 1168 251 1188 ex
266 1159 367 1187 hordeo
383 1159 519 1186 divinant.

191 1264 269 1291 Hunc
285 1271 347 1291 can.
364 1262 498 1290 verbatim
514 1262 610 1289 recitat
625 1260 708 1288 etiam
731 1261 765 1288 83
788 1260 878 1294 magni
891 1259 943 1286 Ba-

157 1309 209 1338 silii
223 1315 328 1341 canon;
344 1307 389 1334 hic
403 1312 492 1333 autem
505 1306 537 1333 ad
551 1305 713 1333 sexennium
731 1311 818 1340 usque
829 1304 874 1331 tali
888 1312 944 1331 tua-

157 1356 183 1383 lo
193 1354 380 1389 deprehensos
392 1351 534 1384 extendit;
563 1350 626 1385 quia
642 1350 688 1385 qui
705 1349 788 1378 semel
802 1354 941 1383 errarunt,

156 1405 250 1436 pOstea
258 1405 324 1426 vero
347 1405 362 1425 a
379 1397 451 1439 malo
462 1396 606 1428 desistunt,
625 1395 715 1422 minus
733 1394 888 1429 punientur.

189 1510 357 1538 Tricesimus
375 1512 468 1535 sextus
491 1505 602 1533 Laodic.
625 1513 685 1541 syn.
709 1504 875 1536 sacerdotes,
892 1503 938 1539 qui

156 1563 219 1585 sunt
242 1555 326 1590 magi,
351 1559 376 1582 et
393 1553 585 1583 iucantatores,
608 1556 655 1578 attt
676 1550 874 1582 mathematici,
892 1554 940 1577 aut
954 1549 976 1563 ν

156 1600 299 1636 astrologi,
326 1603 373 1626 aut
396 1605 456 1633 qua).
480 1597 609 1624 dicuntur
633 1596 799 1631 phylacteria
823 1595 939 1626 faciunt,

156 1646 269 1675 omnino
292 1652 324 1672 cx
337 1643 450 1671 ecclesia
465 1641 526 1677 ejici
542 1641 674 1668 decernit.
692 1641 723 1667 Et
744 1640 813 1674 magi
829 1639 938 1674 quidem

156 1696 230 1725 sunt,
246 1691 292 1725 qui
316 1690 464 1720 daemones,
478 1687 614 1714 beneﬁcos
629 1686 743 1716 scilicet.
762 1686 890 1712 iuverant
905 1684 938 1711 ad

157 1738 220 1766 boui
243 1736 358 1771 alicujus
377 1733 561 1767 operationem
576 1753 583 1765 ,
610 1739 670 1759 cum
695 1738 791 1758 omnes
817 1731 870 1757 sint
892 1729 941 1756 ho-

158 1783 263 1810 micidte
280 1785 306 1808 et
331 1780 396 1807 mali
410 1786 546 1806 suasores.
562 1777 747 1804 lucautatores
765 1780 854 1802 autem
877 1778 941 1802 sunt

157 1827 377 1864 pnestigiatorcs,
393 1824 443 1861 qui.
455 1831 501 1858 per
525 1823 722 1849 incantationes
740 1821 877 1847 dwmones
906 1820 939 1846 ad

157 1882 234 1902 suam
254 1873 419 1900 voluntatem
435 1870 564 1901 trahunt;
588 1875 619 1894 ac
643 1867 714 1894 ferus
739 1867 819 1894 ctiam
840 1871 864 1893 et
879 1873 940 1901 rep-

157 1921 213 1947 tilia
233 1917 400 1948 devinciunt,
418 1916 487 1942 adeo
500 1918 528 1940 ut
543 1913 665 1946 jumento
683 1911 749 1939 foris
769 1912 938 1946 pcrnoctauti

158 1965 306 2001 perniciem
321 1963 418 1989 utl'et're
441 1968 495 1988 non
522 1959 638 1994 possint.
660 1957 744 1984 Porro
766 1962 793 1984 et
812 1957 857 1984 alii
883 1964 940 1984 ser-

157 2016 251 2047 pentes
269 2011 422 2039 incantant,
455 2013 524 2041 quos
552 2005 633 2032 etiam
663 2004 791 2031 manibus
822 2007 940 2030 tractan-

155 2063 197 2085 tes
212 2057 272 2083 sine
288 2062 381 2082 morsu
398 2053 432 2080 ab
451 2052 504 2079 illis
519 2056 545 2078 et
562 2051 640 2078 malis
663 2050 826 2084 itnpatibiles
851 2057 941 2076 rema-

156 2108 240 2136 nent;
265 2099 448 2129 mathematici
468 2097 576 2129 deinde,
598 2097 644 2131 qui
658 2096 804 2131 opinantur
825 2103 938 2130 corpOra

155 2150 277 2179 ccelestia
295 2148 393 2175 habere
417 2144 536 2173 universi
551 2143 776 2174 dominationem,
794 2143 939 2176 omniaque

155 2201 250 2225 nostra
265 2195 299 2222 ab
314 2200 408 2221 eorum
429 2194 503 2218 motu
521 2188 718 2216 administrari.
749 2187 937 2215 Mathematica
956 2210 978 2238 Β

154 2239 268 2268 scientia
285 2239 313 2266 itt
338 2238 395 2264 htrc
413 2237 466 2263 duo
484 2234 624 2265 dividilur,
643 2234 837 2261 astronomiam
867 2233 939 2261 scili-

155 2290 238 2315 cetet
254 2283 439 2319 astrologiam.
464 2281 497 2309 Et
511 2283 557 2308 illa
572 2280 682 2316 quidctn
707 2279 810 2307 sanctis
832 2286 941 2314 quoque

155 2339 285 2361 concessa
294 2335 346 2363 est,
357 2337 416 2365 qua:
425 2328 576 2357 cmlestium
589 2328 712 2354 omnium
728 2326 892 2361 positionem
914 2329 941 2353 et

154 2385 260 2408 motum
278 2377 368 2410 docet,
394 2380 424 2403 ut
438 2376 521 2403 etiam
546 2374 701 2402 ordinatum
719 2380 814 2401 eorum
831 2377 941 2400 contex-

155 2432 213 2453 tum
226 2429 253 2452 et
264 2423 432 2452 distantiam.
447 2421 601 2456 Astrologia
616 2424 718 2453 autem,
736 2420 788 2448 hoc
798 2423 850 2452 est,
861 2419 940 2447 exin-

155 2470 188 2497 de
205 2468 356 2505 praedictio,
371 2467 434 2495 coeli
450 2467 606 2494 mansiones
620 2465 766 2500 percurrit,
779 2469 807 2492 et
817 2463 939 2492 futurum

154 2521 334 2549 cognoscens.
357 2519 529 2547 nequaquam
545 2511 648 2538 sanctis
671 2510 797 2539 Patribus
813 2510 942 2539 concedi-

155 2566 210 2593 tur,
220 2561 283 2595 quia
297 2558 476 2593 simpliciores
487 2557 605 2584 maxime
617 2565 709 2585 errare
721 2557 796 2590 facit,
809 2562 834 2584 et
848 2556 941 2592 genesi

154 2614 180 2634 et
198 2606 252 2633 fato
263 2605 402 2632 conlidere
413 2604 475 2632 illos
486 2604 635 2639 compellit.
648 2604 782 2639 Astrologi
797 2608 886 2630 autem
898 2604 941 2631 di-

155 2656 254 2679 cuntur
264 2651 309 2685 qui
321 2649 477 2676 daemonum
491 2649 595 2676 auxilio
609 2648 695 2682 adjuti
707 2657 740 2676 ex
753 2649 835 2677 astris
848 2653 876 2676 ut
888 2648 940 2676 diis

154 2698 288 2726 divinant.
313 2696 435 2730 Quatuor
463 2701 554 2723 autem
581 2700 645 2723 sunt
667 2695 727 2723 libri
757 2695 940 2722 mathematici

155 2743 323 2777 nuncupati,
358 2741 528 2769 arithmetica
544 2761 552 2774 ,
577 2742 699 2773 musica.
725 2741 892 2776 geometria,
915 2745 941 2768 et

154 2789 335 2818 astrouOmia.
347 2789 408 2816 Non
426 2789 486 2816 illos
499 2789 580 2824 igitur
592 2789 680 2824 legere
693 2794 765 2815 vetat
777 2797 876 2819 canon,
894 2788 940 2814 sed

155 2834 268 2862 nimium
281 2834 308 2861 in
323 2834 481 2862 iissludittm
498 2833 638 2866 adhibere;
660 2839 759 2860 etcum
788 2834 940 2861 caelestium

995 889 1052 912 τεις
1071 881 1229 914 εἰσάγουσιν
1249 881 1295 908 ἐπὶ
1317 881 1459 917 ἀναιρέσει
1483 882 1565 917 δῆθεν
1586 884 1710 917 μαγειῶν
1736 885 1780 910 καὶ

996 927 1189 961 φαρμακειῶν,
1201 926 1240 958 ὡς
1262 927 1294 953 ἂν
1307 926 1354 953 τοῦ
1370 927 1493 954 τοιούτου
1509 928 1613 964 μύσους
1630 930 1779 965 ἐκκαθᾶραι

995 972 1041 999 τδν
1054 971 1128 999 οἶκον
1144 973 1378 1008 ὑπισχνουμένους
1389 981 1396 989 ·
1413 970 1459 1000 οἷα
1479 974 1649 1007 κλινοπετεῖς
1670 977 1779 1008 ἑαυτοὺς

996 1020 1028 1045 ὲκ
1040 1018 1143 1045 τούτων
1169 1019 1372 1052 ὑποπτεύοντες
1392 1021 1545 1054 γεγονέναι,
1570 1023 1618 1048 καὶ
1637 1023 1708 1057 νόσῳ
1722 1031 1780 1057 χρο-

996 1063 1042 1099 νίιςι⁴
1057 1064 1289 1100 κατεργασθῆναι,
1306 1066 1322 1101 ἢ
1339 1066 1386 1092 καί
1397 1074 1459 1093 τινα
1471 1066 1525 1093 τῶν
1539 1067 1725 1102 ἀπωλομένων
1735 1068 1781 1094 δυ-

996 1110 1130 1144 ναμένους
1146 1110 1345 1145 καταμηνύειν.
1367 1111 1430 1143 Τοῖς
1449 1112 1541 1143 αὐτοῖς
1556 1113 1707 1147 ἐπιτιμίοις
1720 1113 1781 1139 ὑπό-

995 1164 1101 1182 κεινται
1117 1156 1165 1182 καὶ
1180 1157 1204 1182 oi
1216 1156 1408 1192 γοητευτρίαις
1420 1158 1649 1193 προσερχόμενοι,
1663 1159 1709 1185 καὶ
1724 1160 1781 1190 ταῖς

996 1203 1065 1236 μετὰ
1082 1202 1184 1237 κριθῶν
1199 1204 1430 1238 μαντευομέναις.

1033 1259 1133 1286 Τοῦτον
1149 1259 1219 1285 κατὰ
1238 1259 1316 1295 ῥῆμα
1335 1261 1382 1287 τὸν
1398 1261 1499 1288 κανόνα
1510 1261 1624 1295 διέξεισι
1642 1263 1715 1289 καὶὸ
1731 1263 1779 1289 τοῦ

997 1305 1114 1340 μεγάλου
1132 1306 1272 1332 Βασιλείου
1287 1305 1332 1341 πγ¹
1341 1316 1347 1322 ·
1359 1307 1428 1343 πλὴν
1442 1306 1520 1340 οὗτος
1534 1309 1581 1335 καὶ
1598 1310 1695 1345 μέχρις
1707 1310 1780 1343 ἑξαε-

994 1352 1054 1383 τίας
1071 1353 1133 1384 τοὺς
1150 1353 1416 1388 καταχρησαμένους
1425 1354 1464 1389 τῷ
1477 1355 1590 1391 τοιούτῳ
1601 1355 1680 1391 κακῷ
1694 1365 1779 1390 παρα-

993 1399 1085 1429 τείνει,
1106 1399 1177 1426 ὥστε
1199 1400 1223 1425 οἱ
1250 1400 1324 1432 ἅπαξ
1340 1400 1534 1436 πλανηθέντες,
1558 1400 1617 1429 εἶτα
1632 1402 1679 1429 τοῦ
1695 1400 1777 1429 κακοῦ

993 1444 1173 1476 ἀποστάντες,
1186 1445 1334 1476 ἐλαττόνως
1347 1446 1605 1482 ὲπιτιμηθήσονται,

1036 1501 1065 1528 '0
1079 1502 1107 1528 δὲ
1123 1503 1172 1537 τῆς
1195 1503 1225 1528 ὲν
1251 1503 1400 1539 Λαοδικείᾳ
1422 1503 1467 1536 λς’
1484 1504 1646 1540 κληρωτοὺς,
1678 1506 1777 1540 μάγους

994 1548 1085 1579 ὖντας.
1102 1550 1150 1575 καὶ
1166 1549 1319 1580 ἐπαοιδοὺς,
1337 1549 1353 1584 ἦ
1373 1550 1593 1585 μαθηματικοὺς,
1612 1551 1628 1586 ἢ
1648 1550 1776 1586 ἀστρολό-

993 1603 1068 1628 γους,
1083 1594 1099 1628 ἢ
1114 1595 1148 1620 τὰ
1161 1595 1297 1630 λεγόμενα
1312 1594 1459 1626 ποιοῦντας
1474 1595 1664 1632 φυλακτήρια,
1683 1597 1779 1623 παντά-

994 1650 1061 1667 πασι
1078 1641 1126 1676 τῆς
1141 1642 1287 1677 ἐκκλησίας
1311 1643 1529 1679 ἀπορρίπτεσθαι
1553 1644 1721 1680 διορίζεται·
1736 1645 1779 1671 καὶ

995 1688 1078 1721 μάγοι
1099 1688 1150 1722 μέν
1165 1689 1234 1715 εἰσιν
1249 1689 1272 1715 ol
1280 1689 1415 1724 δαίμονας
1428 1689 1613 1723 ἀγαθοποιοὺς
1626 1691 1708 1726 δῆθεν
1723 1692 1778 1717 ἐπι-

994 1733 1157 1768 καλούμενοι
1185 1734 1253 1769 πρδς
1279 1735 1384 1768 ἀγαθοῦ
1412 1744 1485 1768 τινος
1512 1737 1657 1769 σύστασιν,
1691 1737 1777 1764 καίτοι

995 1780 1153 1814 μιαιφόνους
1169 1780 1274 1812 πάντας
1295 1782 1341 1806 καὶ
1355 1781 1509 1817 ἀλάστορας
1531 1783 1612 1814 ὄντας
1628 1785 1661 1819 τῇ
1685 1792 1777 1819 πριαι-

994 1825 1079 1860 ρέσει.
1100 1825 1238 1852 Ἐπαοιδοὶ
1260 1826 1299 1858 δὲ,
1313 1826 1337 1852 oi
1353 1827 1462 1861 γόητες,
1484 1828 1509 1854 οἱ
1528 1829 1562 1855 δι’
1587 1830 1699 1865 ἐπῳδῶν
1717 1829 1776 1858 τοὺς

993 1871 1123 1906 δαίμονας
1133 1871 1314 1906 ἐφελκόμενοι
1331 1872 1398 1909 πρὸς
1412 1874 1445 1900 τὰ
1458 1874 1547 1900 οἰκεῖα
1564 1875 1714 1911 θελήματα,
1732 1876 1776 1902 καὶ

994 1916 1078 1952 θηρία
1089 1917 1325 1953 καταδεσμοῦντες
1339 1921 1388 1945 καὶ
1400 1919 1503 1954 ἑρπετὰ
1517 1921 1584 1956 πρὸς
1594 1922 1625 1948 τὸ
1641 1922 1678 1957 μὴ
1692 1922 1779 1956 λυμή-⁴

992 1962 1090 1989 νασθαι
1105 1963 1136 1989 τὸ
1149 1963 1246 1998 κτῆνος
1261 1964 1353 1999 τυχὸν.
1375 1964 1428 1997 ἔξω
1451 1974 1502 1992 που
1517 1967 1616 1999 νυκτὸς
1635 1967 1775 2002 αὐλιζόμε-

993 2017 1038 2036 νον
1052 2017 1060 2026 ο
1080 2009 1149 2036 ἀλλὰ
1162 2009 1209 2036 καὶ
1232 2009 1308 2045 ὄφεις
1324 2011 1414 2046 ἕτεροι
1443 2013 1707 2047 καταγοητεύουσιν,
1731 2012 1775 2043 οὓς

994 2063 1047 2091 περ
1060 2055 1150 2091 δήκαὶ
1165 2057 1432 2093 μεταχειριζόμενοι,
1453 2058 1566 2093 ἀδηκτοι
1584 2059 1613 2091 ἐξ
1631 2060 1718 2086 αὐτῶν
1731 2059 1774 2085 καὶ

993 2102 1108 2134 ἀπαθεῖς
1121 2102 1215 2129 κακῶν
1241 2103 1411 2138 διαμένουσι.
1439 2105 1634 2140 Μαθηματικοὶ
1652 2106 1692 2139 δὲ,
1707 2106 1729 2132 oi
1743 2105 1775 2131 τὰ

992 2147 1105 2182 οὐράνια
1121 2147 1237 2183 σώματα
1258 2148 1416 2182 δοξάζοντες
1438 2151 1511 2185 ἔχειν
1534 2152 1584 2184 τὴν
1605 2151 1654 2178 τοῦ
1679 2150 1774 2181 παντὸς

993 2194 1153 2230 κυριότητα,
1171 2195 1218 2221 καὶ
1235 2195 1306 2222 κατὰ
1317 2196 1366 2231 τὴν
1381 2196 1487 2231 κίνησιν
1501 2197 1604 2224 τούτων
1620 2197 1775 2226 διοικεῖαθαι

992 2240 1025 2266 τὰ
1039 2241 1189 2275 καθ’ἡμᾶς.
1206 2240 1246 2267 Τὰ
1261 2241 1289 2268 δὲ
1297 2241 1345 2276 τῆς
1361 2242 1558 2277 μαθηματικῆς
1570 2243 1725 2279 ἐπιστήμης
1738 2243 1775 2274 εἰς

991 2284 1037 2311 δύο
1055 2285 1142 2312 ταῦτα
1151 2285 1289 2322 διῄρηται,
1305 2287 1489 2323 ἀστρονομίαν
1517 2288 1564 2315 καὶ
1578 2288 1772 2324 ἀστρολογίαν

991 2331 1067 2367 καὶὴ
1086 2332 1135 2367 μὲν
1150 2334 1200 2358 καὶ
1215 2333 1269 2364 τοῖς
1286 2333 1374 2367 ἁγίοις
1385 2334 1477 2365 αὐτοῖς
1488 2334 1708 2371 συγκεχώρηται,
1728 2334 1773 2360 ἇτε

991 2377 1040 2413 τὴν
1061 2377 1116 2404 τῶν
1133 2378 1266 2414 οὐρανίων
1282 2379 1410 2406 ἀπάντων
1426 2380 1589 2407 διδάσκουσα
1604 2382 1679 2408 θέσιν
1686 2389 1715 2407 τε
1730 2379 1774 2406 καὶ

991 2424 1109 2458 κίνησιν,
1118 2425 1166 2450 καὶ
1173 2424 1222 2459 τὴν
1231 2423 1362 2452 εὔτακτον
1370 2425 1447 2457 αὖθις
1457 2426 1547 2453 αὐτῶν
1561 2427 1720 2462 συμπὶοιιὴν
1729 2425 1774 2452 καὶ

991 2467 1146 2495 διάστασιν·
1162 2469 1179 2504 ἠ
1192 2468 1219 2495 δὲ
1231 2469 1406 2504 ἀστρολογία,
1415 2472 1555 2498 τουτέστιν
1567 2473 1583 2508 ἡ
1594 2472 1699 2499 ἐκεῖθεν
1711 2478 1774 2506 προ-

994 2514 1152 2549 μάντευσις,
1182 2515 1230 2542 καὶ
1255 2515 1317 2542 καθ’
1347 2517 1444 2552 εἱρμὸν
1468 2517 1551 2553 δῆθεν
1565 2518 1621 2544 τῶν
1643 2516 1774 2554 οὐρανίων

992 2561 1168 2593 ὲκὸαίνουσα,
1195 2562 1243 2588 καὶ
1268 2562 1299 2588 τὸ
1329 2563 1427 2597 μέλλον
1451 2564 1633 2599 γνωρίζουσα,
1658 2561 1772 2596 οὐδαμοῦ

991 2608 1047 2640 τοῖς
1062 2607 1204 2642 Πατράσιν
1225 2608 1377 2642 ἐκδέδοται,
1403 2609 1451 2636 ἅτε
1481 2610 1544 2641 τοὺς
1572 2608 1772 2644 ἁπλουστέρους

991 2655 1100 2689 γενέσει
1126 2663 1155 2681 τε
1183 2656 1230 2682 καὶ
1256 2655 1413 2693 εἱμαρμένῃ
1436 2656 1581 2692 προσέχειν
1602 2653 1773 2689 καταναγκά-

992 2701 1093 2734 ζουσα·
1124 2701 1172 2728 καὶ
1202 2702 1382 2736 ἀστρολόγοι,
1411 2703 1435 2729 oi.
1465 2703 1610 2738 συνεργειᾳ
1641 2701 1772 2737 δαιμόνων

994 2747 1190 2783 μαντευόμενοι
1218 2748 1252 2774 δι’
1269 2749 1404 2784 ἀστέρων,
1433 2749 1480 2776 καὶ
1509 2746 1554 2775 οἷα
1583 2749 1654 2780 θεοῖς
1673 2746 1774 2775 τούτοις

992 2793 1181 2828 προσέχοντες.
1208 2794 1337 2829 Τέσσαρα
1360 2795 1388 2821 δέ
1404 2796 1458 2821 εισι
1473 2795 1507 2822 τὰ
1533 2795 1672 2830 λεγόμενα
1687 2792 1774 2828 μαθη-

995 2838 1097 2873 μιτικὰ
1118 2838 1225 2872 βιϐλία·
1246 2840 1427 2875 ἀριθμητικὴ,
1450 2841 1580 2876 μουσικὴ.
1609 2836 1772 2874 γεωμετρία»
