1856 3061
162 219 197 253 19

757 225 940 255 MATTH/El
964 226 1174 256 BLASTARIS

1744 226 1776 258 ΞΟ

158 277 308 305 ostendunt
331 286 339 305 :
358 278 401 305 vel
413 278 447 305 de
469 278 560 312 rigore
581 286 678 307 rursus
693 286 750 307 non
765 280 881 307 omnino
902 288 946 308 re-

1038 282 1171 318 ιστροφὴν
1185 282 1421 316 ἐπιδεικνυμένοις
1433 290 1440 300 ·
1455 282 1469 318 ἢ
1488 281 1538 316 τῆς
1553 282 1693 318 άκριῧείας
1707 281 1777 314 αὖθις

159 323 278 356 mittere,
297 323 320 351 si
333 325 497 360 castigatum
515 324 705 354 indiﬂ'erenter
719 331 748 354 et
762 327 880 354 remisse
898 334 948 361 per

157 371 358 399 correctionem
380 372 544 407 dispositum
554 381 615 401 esse
624 374 849 401 animadverterit
867 381 947 401 :cum

157 417 231 444 t-ttiltt
256 425 306 452 pro
327 417 416 446 l'orma
442 419 588 447 ecclesiam
604 419 768 454 ingreditur,
791 419 888 448 salutis
902 427 949 446 ex-

157 471 220 498 pers
251 469 334 499 atque
362 464 399 491 ita
414 464 514 499 dignus
537 469 580 492 est
599 462 645 500 qui
663 473 678 492 a
695 465 820 494 lldelibus
837 465 947 500 quidem

157 515 312 545 separetur,
331 518 393 538 eum
407 511 617 539 catecliumenis
632 519 697 539 vero
709 516 736 539 et
750 512 909 544 stationem,
921 516 949 538 et

155 564 170 583 e
184 557 284 591 templo
304 557 491 592 egressionem
509 565 687 586 communem
701 557 811 586 haheat.

192 647 294 674 Eadem
322 646 407 674 etiam
436 646 453 672 2
482 646 584 681 Ancyr.
602 654 665 682 svn.
692 653 782 674 canon
810 645 945 680 decernit,

157 697 321 728 potestatem
338 693 478 727 episcopis
492 692 659 725 concedens,
672 692 748 727 juxta
758 692 946 726 atllictionem,

156 744 184 767 et
212 739 408 772 humilitatem,
432 743 459 767 et
484 739 725 767 mansuetudinem
756 738 945 773 pcenitentiam

156 785 274 821 agentis,
300 785 342 813 vel
374 785 462 820 poenis
480 786 581 813 addere
605 785 648 813 vel
666 785 785 813 auferre.
812 785 899 812 Porro
921 789 949 813 et

156 832 273 867 quintus
289 837 318 859 ut
337 836 365 860 et
381 832 516 866 septimus
533 832 671 867 episcopis
696 836 860 867 potestatem
881 839 948 859 con-

156 876 241 910 cedit,
262 877 470 912 paenitentibus
497 877 633 912 supplicia
660 877 700 904 vel
733 876 873 904 remittere
905 876 948 903 vel

157 924 318 954 extendere.
337 923 522 951 ardentiorem
541 923 678 957 videlicet-,
700 923 782 958 178
795 923 836 950 vel
854 923 946 950 remis-

157 970 260 997 siorem
296 970 488 1005 pmuilenliant
523 969 753 1002 ostendentibus,
791 957 986 997 anteactamB

157 1024 269 1051 quoque
289 1024 397 1049 eorum,
417 1022 445 1044 et
464 1025 524 1050 quae
542 1021 637 1052 postea
665 1021 815 1045 consecuta
831 1022 884 1048 est,
908 1015 948 1042 vi-

156 1063 237 1090 vendi
255 1063 389 1091 rationem
407 1062 561 1097 inspicere;
588 1070 654 1090 num
669 1067 755 1094 caste,
772 1062 814 1089 vel
833 1061 949 1089 remisse

157 1115 182 1136 et
200 1109 263 1136 laxe
278 1110 361 1137 vitam
377 1110 495 1144 egerint,
511 1114 539 1137 et
553 1108 596 1137 sic
610 1108 782 1136 clementiam
806 1115 871 1143 erga
887 1108 948 1135 illos

157 1156 292 1184 adhibere
306 1156 395 1190 jubet.

193 1202 369 1230 Centesimus
390 1203 529 1231 secundus
546 1207 631 1231 sextae
650 1211 711 1239 syn.
734 1210 824 1231 canon
841 1222 848 1235 ,
867 1202 948 1234 Eum,

158 1249 259 1284 inquit,
285 1250 332 1284 qui
349 1249 472 1277 solvendi
499 1252 527 1277 et
543 1250 645 1285 ligandi
669 1253 831 1284 potestatem
854 1255 869 1275 a
893 1247 949 1274 Deo

157 1295 274 1330 accepit,
288 1297 394 1330 peccati
410 1296 571 1331 qualitatem
588 1295 768 1324 considerare
781 1299 902 1330 oportet.
921 1298 949 1321 et

156 1340 218 1374 ejus
237 1341 283 1376 qui
301 1342 423 1376 peccavit
451 1342 484 1370 ad
513 1342 722 1369 conversionem
740 1341 876 1372 studium,
891 1340 949 1367 sive

156 1391 253 1421 vergat
268 1388 300 1415 ad
317 1388 475 1421 sanitatem,
497 1388 556 1416 sive
571 1393 666 1415 contra
687 1386 807 1422 propriis
824 1385 948 1413 moribus

156 1431 183 1458 in
197 1440 227 1459 se
241 1439 373 1468 provocet
396 1434 535 1466 morbum,
559 1438 587 1462 et
603 1435 643 1461 sic
657 1433 763 1460 vulneri
779 1431 949 1460 convenien-

155 1481 213 1508 tem
240 1480 337 1507 alTerre
369 1481 550 1513 medicinam;
578 1488 612 1507 ne
642 1480 665 1507 si
697 1480 724 1507 in
755 1484 871 1512 utroque
895 1479 948 1504 iIn-

157 1527 348 1555 moderatione
382 1532 486 1557 ulutttt',
505 1527 539 1556 ab
557 1527 616 1561 ejus
648 1526 694 1560 qui
721 1526 829 1553 laborat
860 1525 949 1551 salute

157 1572 269 1601 etcidat
292 1581 298 1598 :
326 1571 417 1600 varius
435 1571 508 1599 enim
532 1576 559 1600 ct
583 1571 761 1601 multiformis
780 1575 823 1598 est
844 1569 947 1605 peccati

157 1618 283 1648 morbus.
310 1617 426 1646 Omnem
441 1616 513 1643 enim
530 1616 664 1643 rationem
690 1616 741 1643 init
767 1616 849 1647 Deus.
870 1615 948 1649 isque

157 1663 358 1698 cuipastoralis
375 1662 494 1692 traditus
507 1667 550 1691 est
565 1662 746 1697 principatus,
764 1666 791 1688 ut
809 1666 946 1691 errantem

155 1718 236 1740 ovem
254 1711 378 1740 reducat,
397 1715 424 1736 et
444 1709 468 1736 ei
485 1717 546 1744 quae
563 1713 605 1737 est
622 1716 636 1734 a
652 1712 779 1742 serpente
792 1707 946 1739 vulnerata,

156 1754 311 1787 medeatur,
334 1759 361 1782 et
379 1761 468 1789 neque
496 1761 545 1788 per
569 1753 769 1788 desperationis
797 1752 949 1787 praecipitia

157 1800 291 1834 impellat,
309 1808 359 1829 nec
373 1800 406 1828 ad
421 1801 484 1829 vita:
496 1799 707 1827 dissolutionem
719 1803 746 1826 et
759 1802 948 1834 contemptum

156 1847 233 1874 frena
255 1847 368 1878 relaxet,
398 1845 444 1873 sed
466 1853 520 1872 uno
538 1845 631 1877 modo,
648 1844 706 1872 sive
730 1852 779 1879 per
800 1844 903 1871 acriora
923 1849 950 1871 et

135 1902 138 1907 δ
157 1893 348 1927 astringentia,
374 1892 432 1919 sive
448 1899 497 1926 per
514 1891 638 1918 molliora
654 1895 681 1918 et
706 1891 811 1917 leniora
828 1889 950 1917 medica-

159 1943 251 1967 tueuta
283 1938 420 1968 aﬂ‘ectioni
439 1937 561 1969 resistat,
581 1942 608 1964 et
631 1937 665 1964 ad
683 1937 784 1964 ulceris
806 1936 950 1963 obductio-

159 1992 221 2013 ncm
239 1984 390 2016 adnitatur,
412 1983 518 2012 fructus
538 1984 706 2018 pmnitentite
732 1983 906 2014 exalttinaus,
923 1986 950 2008 et

160 2030 300 2066 sapienter
314 2029 478 2064 dispensans
500 2034 529 2058 et
551 2029 710 2064 gubernans
729 2029 879 2061 hominem,
903 2028 950 2063 qui

160 2078 193 2106 all
222 2078 392 2112 superiorem
417 2076 647 2105 illuminationem
668 2081 796 2104 vocatur.
828 2075 951 2110 Utraque

161 2124 246 2159 igitur
278 2123 351 2151 scire
374 2128 491 2159 oportet,
508 2128 536 2152 et
570 2131 630 2158 qua
661 2129 726 2151 sunt
752 2122 851 2150 summi
868 2122 949 2157 juris,

160 2175 188 2199 et
211 2179 272 2206 qua:
297 2175 362 2198 sunt
383 2169 594 2198 consuetudinis
619 2170 662 2198 vel
681 2169 846 2202 aﬂectionis;
873 2174 900 2196 et
924 2170 951 2196 in

160 2217 205 2248 iis.
238 2224 299 2251 qua:
315 2221 437 2244 extrema
457 2224 510 2245 non
529 2216 690 2249 admittunt,
709 2216 865 2246 atl'ectiouis
893 2223 952 2244 mo-

160 2262 196 2289 do
229 2263 280 2294 uti,
296 2262 368 2290 sicut
382 2267 495 2291 sanctus
519 2267 546 2296 et,
568 2269 686 2297 magnus
708 2262 788 2290 docet
818 2262 950 2289 Basilius.

159 2309 187 2336 lu
215 2309 297 2337 tertio
321 2309 394 2337 enim
423 2308 482 2344 ejus
511 2316 633 2340 canone,
650 2308 678 2335 lu
702 2315 822 2341 summa,
851 2308 952 2343 inquit,

161 2356 252 2383 verior
268 2361 310 2382 est
324 2355 419 2390 lapsus
431 2355 536 2382 medela
554 2362 568 2381 a
587 2358 697 2389 peccato
710 2361 846 2386 recessus,
864 2358 890 2381 et
904 2361 953 2388 per

160 2403 371 2436 temperantiam
387 2406 414 2428 et
433 2399 606 2427 atllictionem
623 2408 733 2428 carnem
749 2401 774 2427 in
791 2400 951 2428 seriitutem

162 2448 287 2482 redigere
305 2452 333 2474 et
351 2446 461 2482 spiritui
479 2446 634 2480 subjicere;
656 2446 694 2473 ita
709 2446 782 2475 enim
801 2447 848 2481 qui
864 2446 954 2482 pinni-

159 2494 273 2520 tentiam
293 2493 360 2528 agit,
376 2493 528 2528 perfectum
545 2493 698 2520 curationis
723 2500 781 2521 sua:
801 2493 954 2520 documen-

160 2547 218 2567 tum
233 2539 313 2567 nobis
334 2539 486 2567 exhibebit.
499 2539 603 2567 Debent
616 2547 680 2567 vero
695 2539 851 2567 animarum
870 2547 952 2567 cura-

161 2593 235 2613 t0res
254 2590 372 2621 utraque
388 2593 481 2617 nosse,
498 2590 525 2612 et
540 2593 602 2620 qua
622 2590 687 2613 sunt
701 2585 803 2612 summi
817 2585 900 2621 juris,
925 2591 953 2613 et

159 2641 220 2667 qua:
237 2638 303 2660 sunt
319 2632 542 2660 consuetudinis.
567 2631 600 2659 E1.
615 2632 638 2659 si
662 2631 786 2668 quidem.
811 2639 873 2667 quae
887 2636 953 2659 sunt

160 2679 262 2707 summi
290 2679 373 2714 juris,
390 2679 537 2706 admittant
553 2679 591 2706 illi
620 2679 667 2715 qui
682 2679 804 2707 confessi
825 2683 900 2712 sunt,
917 2686 951 2706 ex

160 2727 220 2760 ejus
240 2726 402 2762 praescripto
419 2733 482 2753 cum
501 2726 568 2760 ipsis
585 2734 665 2762 agere
683 2735 690 2754 :
707 2727 748 2754 sin
768 2731 860 2753 autem
873 2726 953 2754 oblu-

160 2778 279 2805 cteutur,
290 2773 366 2808 sequi
375 2773 554 2801 dcmissionis
565 2774 794 2801 consuetudinem
805 2773 951 2800 debebunt.

961 1630 985 1659 ϐ

1001 327 1124 362 μηδόλως
1143 328 1284 363 ὑφίεσθαι,
1305 328 1330 354 εί
1352 328 1509 363 ἀδιαφόρως
1524 328 1598 363 όρῲη
1615 327 1663 354 καὶ
1680 329 1779 363 ἀνειμέ-

1001 381 1055 405 νως
1068 374 1114 400 τὸν
1130 375 1333 410 ἐπιτιμηθέντα
1345 375 1415 410 πρὸς
1437 374 1488 410 τὴν
1504 374 1665 412 ἐπιτίμησιν
1684 374 1779 402 διακεί-

1001 427 1094 455 μενον,
1125 420 1173 446 καὶ
1199 420 1239 456 τῷ
1262 421 1383 457 σχήματι
1414 421 1487 456 μόνῳ
1507 421 1559 456 τῆς
1583 421 1623 453 είς
1650 420 1694 448 τὸν
1715 420 1779 449 νεὼν

1001 465 1119 500 παρόδου
1133 466 1319 502 ἀρκούμενον,
1335 467 1382 493 καὶ
1395 467 1444 493 οὐκ
1457 466 1611 501 ἀνιώμενον
1627 467 1673 493 καὶ
1683 467 1782 500 ἀναξιοο

1000 510 1152 544 παθοῦντα,
1180 513 1221 538 ὅτι
1244 512 1300 539 τῶν
1327 512 1377 548 μὲν
1404 512 1509 539 πιστῶν
1536 513 1780 546 ἀποδιαστέλλεται,

999 556 1056 587 τοῖς
1071 556 1100 585 δὲ
1128 557 1356 593 κατηχουμένοις,
1382 557 1431 592 τῆς
1450 566 1480 584 τε
1507 559 1629 590 στάσεως
1656 559 1780 591 κοινωνεῖ,

1000 602 1048 629 καὶ
1061 602 1110 636 τῆς
1123 603 1155 631 ὲκ
1172 603 1218 629 τοῦ
1237 603 1289 629 νεὼ
1307 604 1527 638 ἀποφοιτήσεως.

1036 648 1130 675 Ταῦτα
1153 650 1200 676 καὶ
1220 650 1233 675 ὁ
1251 651 1300 684 τῆς
1326 650 1354 676 ὲν
1375 650 1498 685 Ἀγκύρᾳ
1519 649 1541 685 β’
1567 649 1720 684 διορίζεται,
1734 649 1782 684 τὴν

1000 694 1125 726 ἐξουσίαν
1143 697 1198 726 τοῖς
1229 696 1391 727 ὲπισὴὸποις
1415 696 1566 729 ἀνατιθείς,
1591 696 1663 723 κατά
1689 704 1717 730 γε
1739 696 1784 724 τὸν

1000 741 1136 776 κάματον,
1165 742 1213 769 καὶ
1240 742 1272 768 ea
1291 742 1421 770 ταπεινὸν
1441 741 1488 768 τοῦ
1520 741 1712 777 μετανοοῦντος
1737 741 1786 768 καὶ

1000 788 1131 822 πρᾶον,ἢ
1159 787 1348 821 προστιθέναι,
1367 787 1383 822 ἥ
1410 788 1539 823 ἀφαιρεῖν
1561 788 1616 815 τῶν
1634 787 1784 822 ἐπιτιμίων.

1006 833 1086 859 Ἀλλὰ
1102 833 1176 861 καὶὸ
1194 833 1213 861 ε’
1232 833 1273 860 ἔτι
1296 833 1343 861 καὶ
1362 835 1374 860 ό
1389 834 1411 866 ζ’
1425 835 1482 866 τοῖς
1503 834 1664 866 ἐπισκόποις
1682 833 1786 869 ἐπιτρέ-

1000 887 1047 905 πει
1063 879 1113 914 τὴν
1136 879 1274 912 ἐξουσίαν,
1289 879 1305 915 ἦ
1322 880 1427 907 ἀνεῖναι
1442 881 1459 916 ἦ
1476 881 1613 907 ἐπιτεῖναι
1640 881 1692 911 τοῖς
1706 887 1787 914 μετα-

999 926 1090 952 νοοῦσι
1115 927 1148 953 τὰ
1165 926 1305 961 ἐπιτίμια,
1332 926 1500 962 θερμότερον
1523 926 1654 962 δηλαδὴῆ
1674 926 1788 961 ῥᾳθυμό-

999 980 1079 1007 τερον
1094 972 1144 1007 τὴν
1173 972 1320 1007 μετάνοιαν
1349 971 1601 1006 ἐπιδεικνυμένοις·
1629 971 1735 997 σκοπεῖν
1759 970 1788 997 δὲ

1000 1018 1047 1044 καὶ
1060 1018 1106 1044 τὴν
1120 1017 1222 1053 προτοῦ
1237 1017 1293 1053 βίον
1314 1017 1428 1049 τούτων,
1445 1018 1493 1044 καὶ
1508 1017 1552 1043 τὸν
1568 1016 1717 1049 είσέπειτα,
1731 1015 1787 1042 εἴτε

1000 1063 1147 1098 σωφρόνως
1161 1084 1169 1096 ,
1185 1063 1240 1090 εἴτε
1258 1063 1410 1098 ἀνειμένως
1430 1062 1497 1095 ζῶσι
1518 1062 1565 1089 καὶ
1589 1062 1707 1098 χαύνως,
1739 1063 1789 1089 καὶ

1000 1109 1071 1136 οὕτω
1088 1111 1138 1142 τὴν
1167 1109 1374 1145 φιλανθρωπίαν
1393 1110 1563 1145 ἐπιμετρεῖν.

1041 1201 1069 1228 ’0
1083 1201 1111 1226 δὲ
1129 1199 1170 1236 ρβ’
1198 1200 1247 1234 τῆς
1265 1199 1291 1233 ς’
1318 1199 1430 1226 συνόδου
1457 1198 1560 1230 κανὼν,
1577 1197 1630 1224 Τὸν
1657 1196 1791 1229 ἐξουσίαν,

1001 1246 1094 1281 φησὶν,
1119 1243 1250 1281 εἰληφότα
1274 1245 1350 1279 παρὰ
1369 1243 1439 1271 Θεοῦ
1453 1243 1530 1270 λύειν
1546 1252 1575 1269 τε
1601 1242 1648 1268 καί
1665 1242 1790 1276 δεσμεῖν,

1002 1293 1115 1319 σκοπεῖν
1132 1301 1161 1318 τε
1174 1292 1224 1324 τὴν
1240 1292 1289 1326 τῆς
1305 1291 1445 1326 ἁμαρτίας
1458 1290 1590 1323 ποιότητα
1602 1288 1667 1324 χρὴ,
1680 1289 1724 1314 καὶ
1740 1288 1794 1322 τὴν

999 1339 1046 1366 τοῦ
1069 1338 1266 1374 ἡμαρτηκότος
1292 1338 1361 1373 πρὸς
1391 1336 1441 1372 τὴν
1468 1335 1636 1370 ἐπιστροφὴν
1660 1334 1794 1367 διάθεσιν,

1000 1385 1054 1411 εἴτε
1072 1384 1140 1419 προς
1156 1384 1205 1418 τὴν
1222 1383 1329 1417 ὑγίειαν
1346 1383 1449 1414 νεύσει,
1465 1383 1482 1417 ἢ
1508 1380 1662 1408 τούναντίον
1680 1380 1722 1407 διὰ
1736 1380 1795 1406 τῶν

999 1430 1110 1459 οἰκείων
1126 1429 1236 1464 τρόπων
1254 1428 1452 1464 προσκαλεῖται
1467 1428 1528 1454 καθ’
1545 1426 1643 1453 ἑαυτοῦ
1656 1426 1685 1452 τὺ
1702 1425 1798 1460 sese.

1000 1484 1105 1511 στημα,
1122 1475 1169 1501 καὶ
1183 1474 1254 1501 οὕτω
1266 1474 1435 1508 κατάλληλον
1449 1474 1565 1508 ἐπάγειν
1580 1474 1631 1507 τὴν
1643 1472 1798 1507 θεραπείαν

999 1523 1037 1557 τῷ
1061 1523 1211 1558 τραύματι,
1240 1521 1283 1547 ἴνα
1302 1522 1351 1556 μὴ,
1370 1522 1403 1556 τῇ
1421 1521 1542 1556 ἀμετρίᾳ
1571 1520 1635 1546 καθ’
1661 1520 1800 1554 ἑκάτερον

1000 1569 1160 1604 χρώμενος,
1189 1567 1364 1603 ἀποσφαλείη
1392 1567 1461 1602 πρὸς
1492 1567 1542 1602 τὴν
1578 1566 1715 1601 σωτηρίαν
1747 1565 1801 1592 τοῦ

1001 1616 1168 1650 κάμνοντος·
1187 1615 1332 1650 πολυειδὴς
1351 1615 1407 1650 γὰρ
1433 1614 1481 1641 καὶ
1502 1613 1613 1645 ποικίλη
1636 1613 1684 1647 τῆς
1701 1613 1800 1647 ἁμαρ-

998 1661 1059 1693 τίας
1083 1662 1100 1696 ἡ
1125 1662 1213 1692 νόσος.
1238 1662 1295 1692 Πᾶς
1313 1661 1406 1695 μέντοι
1426 1660 1507 1694 λόγος
1532 1659 1593 1693 Θεῷ
1614 1659 1662 1685 καὶ
1689 1657 1729 1692 τῷ
1745 1658 1804 1692 τὴν

1001 1707 1184 1743 ποιμαντικὴν
1202 1707 1353 1741 ἡγεμονίαν
1371 1705 1583 1741 ὲγχειρισθέντι,
1600 1705 1630 1731 τὸ
1648 1703 1805 1739 πλανώμε-

999 1762 1045 1780 νον
1070 1753 1207 1788 πρόὸατον
1223 1754 1421 1786 ἐπαναγαγεῖν,
1435 1753 1483 1779 καὶ
1505 1752 1535 1778 τὸ
1550 1751 1654 1786 τρωθὲν
1677 1751 1731 1778 ὑπὸ
1750 1751 1805 1777 τοῦ

1000 1799 1090 1833 δφεως
1105 1799 1279 1832 ἐξιάσασθαι,
1298 1799 1345 1828 καὶ
1368 1799 1437 1834 μήτε
1456 1798 1528 1825 κατά
1546 1796 1671 1832 κρημνοῦ
1686 1797 1806 1831 ὼθῆσαι

1000 1845 1051 1879 τῆς
1076 1845 1270 1879 ἀπογνώσεως,
1287 1846 1357 1880 μήτε
1381 1844 1415 1871 τὰ
1438 1843 1538 1879 χαλινὰ
1563 1843 1706 1870 ἐπιδοῦναι
1725 1844 1806 1878 πρὺς

1000 1892 1050 1926 τὴν
1064 1892 1111 1918 τοῦ
1129 1891 1188 1926 βίου
1203 1891 1315 1918 ἔκλυσιν
1330 1899 1360 1918 τε
1374 1891 1421 1917 καὶ
1438 1890 1645 1925 καταφρόνησιν
1657 1897 1663 1904 ·
1681 1889 1744 1916 ἀλλ’
1758 1889 1809 1918 ἐνί

1001 1946 1032 1972 γε
1046 1937 1085 1973 τῷ
1110 1938 1216 1972 τρόπῳ,
1234 1938 1290 1963 εἴτε
1307 1936 1351 1963 διὰ
1371 1937 1426 1963 τῶν
1441 1936 1654 1971 αὑστηροτέρων
1669 1935 1720 1962 καὶ
1737 1944 1813 1962 στυ-

1002 1985 1119 2019 φόντων,
1137 1984 1191 2011 εἴτε
1204 1984 1248 2011 διὰ
1259 1984 1313 2010 τῶν
1330 1982 1516 2018 ἁπαλωτέρων
1529 1991 1557 2008 τε
1572 1982 1619 2009 καὶ
1633 1982 1813 2016 πραοτέρων

1004 2031 1171 2068 φαρμάκων,
1187 2030 1260 2057 κατὰ
1275 2029 1321 2056 τοῦ
1346 2029 1449 2060 πάθους
1465 2029 1572 2063 στῆναι,
1592 2028 1640 2054 καὶ
1663 2027 1738 2062 πρὸς
1752 2028 1816 2063 τὴν

1004 2077 1172 2105 συνούλωσιν
1196 2076 1244 2105 τοῦ
1264 2076 1360 2108 ἕλκους
1387 2074 1639 2109 ἀνταγωνίσασθαι,
1664 2074 1733 2105 τοὺς
1754 2076 1818 2108 τῆς

1005 2124 1150 2160 μετανοίας
1168 2123 1295 2159 καρποὺς
1319 2120 1506 2157 δοκιμάζοντι,
1533 2120 1582 2151 καὶ
1607 2120 1819 2158 οίκονομοῦντι

1003 2171 1095 2202 καλῶς
1113 2170 1160 2197 τὸν
1177 2169 1244 2205 πρὸς
1262 2169 1312 2203 τὴν
1339 2168 1396 2195 ἅνω
1418 2167 1604 2203 λαμπρότητα
1617 2166 1822 2201 ζκαλούμενον

1003 2217 1159 2251 ἄνθρωπον.
1169 2215 1330 2250 Ἀμφότερα
1345 2214 1437 2241 τοίνυν
1448 2213 1548 2240 εἰδέναι
1562 2212 1628 2249 χρὴ,
1641 2213 1692 2239 καὶ
1705 2212 1746 2239 τὰ
1756 2213 1824 2248 τῆς

1003 2262 1161 2297 ἀκριϐείας,
1174 2262 1222 2289 καὶ
1235 2262 1270 2288 τὰ
1282 2262 1332 2297 τῆς
1346 2260 1503 2296 συνηθείας,
1516 2260 1533 2295 ἢ
1548 2259 1743 2295 συμπαθείας,
1761 2261 1826 2287 καὶ

969 2306 992 2334 ι)
1007 2310 1055 2336 ἐπὶ
1069 2309 1124 2336 τῶν
1141 2309 1179 2344 μὴ
1193 2307 1421 2343 καταδεχομένων
1444 2305 1495 2342 τὴν
1519 2306 1670 2341 ἀκρότητα,
1687 2305 1733 2340 τῷ
1758 2306 1827 2341 τῆς

1006 2354 1184 2390 συμπαθείας
1199 2353 1278 2388 τύπῳ
1296 2352 1465 2388 κεχρῆσθαι,
1479 2351 1517 2383 ὡς
1534 2353 1548 2379 ὁ
1562 2352 1634 2388 ίερδς
1650 2352 1701 2378 καὶ
1718 2351 1831 2386 μέγας

1004 2401 1126 2428 διδάσκει
1153 2399 1306 2429 Βασίλειος.
1331 2398 1375 2425 Ἐν
1401 2398 1456 2433 γὰρ
1478 2397 1518 2433 τῷ
1538 2400 1562 2431 γ’
1582 2396 1667 2434 αὑτοῦ
1696 2397 1833 2429 κανόνι,

1008 2447 1143 2479 Καθόλου,
1161 2447 1240 2482 φησὶ.
1259 2445 1446 2481 ἀληθέστερον
1465 2445 1534 2479 ῐαμα
1551 2443 1599 2470 τοῦ
1623 2443 1833 2478 σφάλματος,

1006 2496 1022 2529 ἡ
1041 2496 1091 2530 τῆς
1108 2493 1249 2529 ἁμαρτίας
1264 2493 1451 2528 ἀναχώρησις,
1467 2493 1515 2519 καὶ
1536 2493 1566 2518 τὸ
1581 2491 1614 2518 δι’
1633 2492 1836 2527 ἐγκρατείας

1005 2543 1054 2568 καὶ
1065 2540 1254 2572 κακοπαθείας
1267 2540 1317 2575 τὴν
1329 2540 1419 2574 σάρκα
1432 2538 1657 2573 δουλαγωγῆσαι,
1670 2539 1729 2565 καὶ
1746 2538 1836 2565 ὑπο-

1006 2588 1086 2622 τάξαι
1102 2588 1141 2623 τῷ
1155 2587 1294 2622 πνεύματι
1306 2595 1313 2603 ·
1330 2586 1403 2613 οὕτω
1422 2586 1478 2620 γὰρ
1498 2586 1606 2613 τελείαν
1620 2587 1694 2620 ἡμῖν
1724 2586 1742 2612 ὁ
1763 2595 1836 2620 με-

1007 2635 1113 2662 τανοῶν
1130 2634 1246 2670 παρέξει
1261 2634 1312 2669 τῆς
1335 2633 1505 2669 ίατρεύσεως
1519 2632 1604 2659 αὑτοῦ
1621 2633 1674 2668 τὴν
1690 2632 1836 2659 ἀπόδει-

1008 2682 1059 2715 ξιν.
1074 2682 1120 2708 Δεῖ
1134 2681 1162 2708 δὲ
1179 2681 1242 2712 τοὺς
1258 2680 1313 2706 τῶν
1340 2679 1437 2715 ψυχῶν
1456 2678 1619 2713 οἰκονόμους
1652 2678 1836 2713 ἀμφότερα

1007 2729 1120 2761 εἰδέναι,
1143 2728 1191 2754 καὶ
1215 2726 1250 2754 τὰ
1271 2727 1321 2761 τῆς
1339 2725 1497 2762 ἀκριϐείας,
1521 2725 1571 2752 καὶ
1586 2724 1621 2751 τὰ
1645 2724 1701 2759 τῆς
1727 2732 1836 2759 συνη-

1008 2775 1098 2806 θείας·
1117 2775 1166 2801 καὶ
1189 2774 1214 2800 εί
1243 2774 1292 2809 μὲν
1319 2773 1516 2807 καταδέχονται
1539 2771 1589 2807 τὴν
1608 2771 1777 2806 ὰκρίὸειαν
1802 2774 1836 2797 ot

159 2820 412 2855 ἐξομολογούμενοι,
432 2820 494 2846 κατ’
516 2820 625 2855 ἐκείνην
648 2821 803 2854 οἰκονομεῖν
828 2820 947 2852 αὐτούς’
970 2822 994 2847 εί
1010 2821 1037 2848 δὲ
1058 2821 1265 2856 σκληρύνοιντο,
1280 2820 1397 2846 ἕπεσθαι
1421 2820 1455 2854 τῇ
1492 2818 1624 2854 συνηθείᾳ
1648 2817 1705 2852 τῆς
1749 2826 1836 2853 συγ-

159 2868 352 2900 καταὸάσεως.

196 2916 223 2942 In
254 2915 288 2942 74
312 2923 377 2943 vero
392 2922 456 2943 can.
476 2916 536 2951 ejus
562 2924 568 2942 :
593 2915 645 2948 Qui
663 2915 763 2950 ligandi
780 2920 807 2942 et
822 2915 948 2942 solvendi

160 2966 323 2991 ‘mtcstatem
338 2970 353 2990 a
370 2962 423 2990 Deo
438 2967 616 2997 acceperunt,
634 2961 674 2990 eis
690 2970 744 2990 non
760 2962 876 2990 cst-vitio
893 2970 953 2989 ver-

1051 2915 1095 2941 Ἐν
1111 2913 1140 2941 δὲ
1150 2913 1189 2949 τῷ
1209 2913 1256 2945 οδ¹,
1274 2913 1305 2939 υἱ
1321 2912 1434 2947 δεσμεῖν
1456 2912 1504 2939 καὶ
1521 2911 1597 2938 λύειν
1616 2911 1767 2943 ἐξουσίαν
1792 2914 1829 2938 ει

1008 2962 1125 2997 ληφότες
1141 2959 1218 2995 παρὰ
1235 2959 1316 2993 Θεοῦ,
1334 2959 1470 2995 μεμπτέοι
1493 2959 1544 2985 οὐκ
1560 2958 1593 2987 ἂν
1611 2956 1683 2990 είεν,
1700 2958 1747 2992 εἰ,
1770 2958 1828 2987 τῶ
