1856 3061
84 177 108 208 Pi
579 177 782 207 SYNTAGMA
803 175 1112 206 ALPHABETICUM.
1134 186 1168 192 --
1188 172 1227 204 Μ.
1683 170 1721 204 92

83 235 336 271 ἐξομολογουμένων
369 237 529 264 σπουδαίαν
557 238 604 264 καὶ
633 238 806 273 θερμοτέραν
830 237 879 272 τὴν

981 237 1041 262 dum
1056 235 1078 261 si
1093 232 1289 261 cuuﬁtentibus
1300 231 1398 268 serviam
1407 230 1624 258 etardenliorem
1635 229 1716 264 poeni-

86 282 217 315 petavstav
248 282 518 318 ἐπιδεικνυμένων.
547 284 638 315 αὐτοῖς
664 284 790 318 ἀρέσειεν
805 285 882 310 ἐλατ-

84 329 158 354 τῶσαι
171 330 236 360 τοῖς
265 329 437 363 ὁρισθέντας
451 330 508 356 τῶν
532 330 677 365 ἐπιτιμίων
690 331 816 365 χρόνους,
833 330 883 364 τῆς

86 376 173 406 hui;
200 375 340 410 Γραφαίς
358 376 486 411 ἱστορίας
509 376 689 412 ὲγγυωμένης
716 377 793 411 ἡμῖν,
819 376 883 407 τοὺς

87 418 146 450 μετὰ
161 419 296 452 μείζονος
315 420 592 456 ἐξομολογουμένους
606 422 699 452 πόνου,
715 420 814 447 θᾶττον
833 419 884 455 τὴν

86 463 124 490 τοῦ
137 464 205 490 Θεοῦ
223 465 446 500 φιλανθρωπίαν
467 467 705 501 καταλαμϐάνειν.

121 510 178 536 Ἐπὶ
193 511 224 537 δὲ
242 512 296 537 τοῦ
312 512 474 546 ἀγιωτάτου
489 514 664 548 πατριάρχου
678 514 773 540 Λουκᾶ
799 522 884 548 στρα-

87 555 160 590 τιώτῃ
177 556 235 582 τινὶ
261 557 350 591 φόνον
373 557 502 584 ἑκούσιον
517 559 657 593 δράταντι,
677 558 827 591 ἐπίσκοπός
842 568 885 590 τις

89 603 128 628 ἐπὶ
137 604 245 638 μετρίῳ
255 604 336 630 πάνυ
350 605 440 639 καιρῷ
451 606 600 640 ἐγγράφως
609 606 683 641 αὑτῷ
698 606 748 642 τὴν
759 607 886 634 ἀθὼωσιν

86 647 186 677 δέδωκε.
216 649 271 674 καὶ
292 650 508 684 ἐγκαλούμενος
531 651 607 686 παρὰ
624 651 675 686 τῆς
698 652 822 684 συνόδου,
841 652 887 678 τὸν

84 693 200 726 παρόντα
217 694 332 720 κανόνα
348 696 511 729 προέτεινον
524 703 532 712 θ
553 696 610 722 ἀλλ’
627 697 756 731 ἤκουσεν.
772 698 815 723 ὅτι
831 699 888 729 τοῖς

83 738 261 773 ἀρχιερεῦσιν
277 740 364 775 ἐδόθη
392 741 443 774 μὲν
465 740 561 773 αὒξειν
576 750 605 768 τε
625 743 672 768 καὶ
695 742 790 778 μειοῦν
808 743 842 769 τὰ
857 743 889 769 ὲκ

80 785 127 810 τῶν
136 785 269 812 κανόνων
288 786 434 821 ἐπιτίμια,
446 787 477 813 οὗ
492 787 546 823 μὴν
559 787 730 823 ἀνεξετάστῳ
745 788 793 815 καὶ
807 789 891 824 ὑπερ-

79 831 213 866 ειὶὶοὺσῃ
246 832 382 866 χρῆσθαι
413 834 632 867 συγκαταϐάσει.
655 834 736 861 Ὅθεν
764 835 811 861 τὸν
842 834 890 869 μὲν

76 879 255 912 στρατιώτην
273 880 337 910 τοῖς
357 882 390 905 ἐκ
405 880 462 905 τῶν
480 881 604 906 κανόνων
629 881 781 916 ἂπιτιμίοις
795 882 811 916 ἡ
827 882 889 908 σύν-

73 925 129 954 ὠος
143 925 341 951 ιαθυπέϐαλε
352 934 360 940 ·
377 926 424 952 τὸν
437 926 467 952 δὲ
487 927 620 961 ἀρχιερέα
648 927 728 959 δίκας
749 928 888 963 ἀπῄτησε,

75 971 122 1004 τὴν
139 972 170 997 ὲν
186 971 352 1007 ὡρισμένῳ
370 973 461 1008 καιρῷ
474 973 524 1008 τῆς
535 974 710 1010 λειτουργίας
733 975 889 1010 ἐπίσχεσιν.

91 1089 94 1093 ,
117 1062 148 1088 '0
161 1062 190 1088 δὲ
207 1063 332 1096 Νύασης
357 1064 447 1098 μέγας
463 1064 627 1100 Γρηγοριος,
644 1072 672 1091 εν
690 1074 728 1100 τῳ
741 1066 767 1100 γ’
785 1067 889 1097 κανόνι.

89 1108 148 1134 Ἐπὶ
161 1109 217 1134 τῶν
235 1110 452 1146 απουδαιοτέρᾳ.
467 1111 659 1146 κεχρημένων,
682 1113 760 1147 φησὶ,
776 1114 809 1148 τῇ
828 1113 888 1140 ἑπι-

92 1156 196 1189 στροφῇ,
215 1157 269 1181 καὶ
288 1155 330 1190 τῷ
343 1156 395 1191 βίῳ
408 1156 579 1183 δεικνύντων
594 1157 644 1193 τὴν
657 1159 726 1194 πρδς
745 1159 775 1186 τὺ
787 1159 892 1193 ἀγαθὸν

92 1200 224 1234 ἃτ-ἱιηξιον,
240 1201 337 1234 ἔξεστι
352 1201 393 1236 τῷ
407 1203 599 1237 οἰκονομοῦντι
615 1204 682 1238 πρὸς
703 1205 733 1231 τὺ
749 1205 891 1240 συμφέρον

93 1247 230 1279 sanguis
243 1246 296 1272 τὸν
311 1246 425 1281 χρόνον,
444 1248 494 1273 καὶ
508 1248 601 1282 τάχιον
616 1248 766 1276 ἀποδοῦναι
782 1250 892 1283 τούτοις

93 1292 138 1324 τὴν
154 1293 315 1325 κοινωνίαν,
329 1294 409 1325 ὅπως
426 1294 461 1320 ἂν
477 1293 528 1329 τὴν
541 1295 587 1320 τοῦ
609 1294 831 1331 θεραπευομένου
843 1305 893 1324 κα.-

93 1338 223 1365 τᾱστασιν
249 1339 449 1374 δοκιμάσειεν.
467 1340 649 1376 Ὠσπερίγὰρ
665 1341 696 1368 τδ
717 1343 774 1374 τοῖς
790 1343 893 1379 χοίροις

95 1384 199 1417 ῥίπτειν
222 1386 291 1417 τοὺς
313 1386 495 1421 μαργαρίτας
508 1387 667 1421 ἀπείρηται.
691 1387 762 1415 οὕτω
782 1389 812 1415 τὸ
827 1390 894 1417 ἁπο-

95 1430 199 1461 στερείν
222 1429 271 1456 τοῦ
288 1431 386 1463 τιμίου
403 1433 576 1465 μαργαρίτου
602 1432 649 1459 τὸν
671 1433 721 1468 ἤδη
748 1433 894 1470 ἄνθρωπον

94 1473 138 1499 δια
152 1475 202 1508 τῆς
224 1476 425 1511 καθαρότητός
444 1485 475 1503 τε
494 1478 540 1504 καὶ
557 1477 607 1513 τῆς
629 1479 762 1511 ἀπαθείας
780 1489 894 1515 γενομε-

96 1528 150 1552 vos,
167 1522 222 1547 τῶν
248 1522 364 1549 ἀτόπων
386 1523 457 1550 ἐστί.
486 1524 627 1560 Πανταχοῦ
640 1526 696 1561 γὰρ
719 1527 748 1553 ὲν
765 1527 894 1563 πλημμε-

96 1565 217 1601 ὶὴματος
231 1568 300 1595 εῖδει
319 1569 403 1596 τοῦτο
419 1570 541 1605 καθορᾷν
556 1573 689 1607 προσήκει
708 1574 762 1608 πρὸ
774 1574 894 1605 πάντων.

97 1613 141 1639 οἷα
157 1615 232 1640 ἐστὶν
257 1615 275 1650 ἠ
294 1615 345 1641 τοῦ
374 1615 604 1651 θεραπευομένου
630 1618 764 1651 διάθεσις.
792 1621 838 1647 καὶ
859 1621 896 1656 μὴ

99 1658 142 1684 τὸν
158 1661 258 1694 χῴνον
277 1661 387 1688 οἴεσθαι
403 1662 475 1698 πρὸς
490 1663 641 1699 θεραπείαν
652 1665 759 1700 ἀρκεῖν,
773 1666 826 1701 (τίς
843 1668 897 1702 γὰρ

99 1704 132 1730 ἂν
149 1706 180 1731 ἐκ
198 1706 248 1732 τοῦ
276 1707 378 1742 χρόνου
396 1707 470 1739 ίασις
483 1708 617 1744 γένοιτο;)
640 1710 709 1737 ἀλλὰ
732 1711 782 1746 τὴν
803 1712 900 1747 προαί-

102 1758 173 1783 ρεσιν
182 1752 233 1778 τοῦ
249 1753 350 1779 ἑαυτὸν
362 1753 396 1780 δι’
413 1754 586 1789 ἐπιστροφῆς
599 1755 807 1791 θεραπεύοντος.
819 1758 898 1785 Ἔστι

101 1796 138 1825 δὲ.
156 1799 235 1833 φησι,
263 1799 386 1834 διαφορά
402 1809 445 1832 τις
472 1801 502 1827 ὲν
525 1801 564 1836 τῷ
581 1801 652 1836 λόγῳ
678 1803 730 1838 τῆς
754 1804 901 1838 μετανοίας

102 1844 212 1879 τοιαύτη
225 1853 232 1859 ·
250 1845 265 1871 ὁ
283 1846 335 1879 μὲν
364 1845 412 1880 ἀφ’
431 1847 531 1873 ἑαυτοῦ
558 1848 627 1882 πρὸς
647 1849 698 1884 τὴν
721 1849 900 1884 ὲξαγόρευαιν

101 1889 150 1923 τῆς
172 1891 316 1925 ἁμαρτίας
343 1893 487 1927 ὁρμήσας,
515 1892 580 1920 αὑτό
595 1894 625 1920 τὸ
649 1895 851 1927 καταδέξασθαι
865 1896 899 1923 δι’

103 1938 205 1970 οἰκεξας
220 1939 313 1974 ὁρμῆς
327 1939 463 1973 γενέσθαι
478 1940 531 1967 τῶν
544 1942 669 1977 κρυφίων
681 1943 845 1978 κατήγορος,
862 1944 900 1975 ὡς

103 1984 151 2019 ἤδη
166 1985 216 2020 τῆς
232 1985 388 2020 θεραπείας
406 1986 575 2021 ἀρξάμενος,
591 1988 621 2015 ἐν
631 1988 901 2024 φιλανθρωποτέροις

102 2031 208 2063 τίνεται
222 2035 281 2064 τοις
295 2032 464 2067 ἐπιτιμίοις.
474 2033 503 2059 '0
515 2033 543 2060 δὲ
553 2034 693 2069 φωραθεὶς
704 2035 751 2061 ἐπὶ
761 2035 799 2069 τῷ
811 2035 899 2071 κακῷ,

101 2077 116 2111 ἦ
131 2078 178 2104 διὰ
187 2087 261 2111 τινος
275 2079 398 2114 ὑποψίας
412 2079 429 2114 ἢ
448 2081 617 2116 κατηγορίας
628 2081 808 2117 ἁπελεγχθεὶς
820 2082 903 2108 ἀκου-

102 2123 180 2157 σίως,
197 2125 227 2150 ὲν
243 2125 438 2160 ὲπιτεταμένῃ
460 2125 566 2158 γίνεται
587 2127 620 2161 τῇ
642 2127 808 2162 ἐπιστροφῇ,
829 2126 901 2153 ὥστε

101 2170 309 2204 ιαθαρισθέντα
334 2170 370 2197 δι’
401 2171 548 2205 ἀκριϐείας
574 2172 767 2204 αὑτὸν,οὖτως
783 2174 828 2199 ὲπὶ
853 2173 902 2207 τὴν

100 2216 155 2241 τῶν
175 2217 362 2251 ἁγιασμάτων
377 2217 469 2243 ἐλθεῖν
481 2218 636 2245 κοινωνίαν.
654 2219 737 2253 Ζήτει
755 2219 802 2245 καὶ
817 2220 846 2245 ὲν
863 2218 902 2254 τῷ

933 282 1044 309 tentiam
1062 278 1282 311 ostendentibus,
1301 278 1354 305 illis
1372 278 1462 312 placet
1481 277 1623 303 deﬁnitum
1634 282 1722 310 pugnae

934 331 1042 361 tempus
1071 326 1213 358 minuere;
1254 324 1404 358 Scriptura:
1435 323 1571 358 siquidem
1608 320 1723 348 historia

933 372 1015 400 nobis
1029 371 1207 398 manifestum
1225 369 1354 401 faciente,
1367 369 1440 404 quod
1458 369 1503 404 qui
1519 368 1616 403 majori
1631 368 1725 394 labore

934 419 1111 451 conﬁtentur,
1123 425 1171 445 eos
1183 417 1229 445 Dei
1245 417 1464 445 misericordiam
1475 416 1558 443 cilius
1569 414 1724 450 apprehen-

935 465 1012 493 dere.
1425 469 1427 471 ’

970 511 1107 546 Tempore
1133 518 1215 545 porro
1242 509 1409 537 sanctissimi
1434 507 1598 544 patriarchas
1629 507 1728 539 Lucae,

937 557 1024 584 milite
1045 558 1164 592 quodam
1189 556 1291 584 caedem
1320 556 1503 583 voluntariam
1527 555 1727 584 committente.

937 603 1086 638 episcopus
1100 602 1211 637 quidam
1226 606 1287 637 post
1299 602 1377 630 valde
1389 601 1527 629 modicum
1537 606 1646 636 tempus
1658 599 1729 627 datis

938 649 1050 684 scriptis
1078 649 1279 676 absolutionem
1306 648 1344 675 illi
1370 647 1518 678 concessit,
1541 651 1568 674 et
1591 655 1605 674 a
1627 646 1731 682 synodo

939 695 1151 727 condemnatus,
1184 698 1347 728 praesentem
1379 701 1515 721 canonem
1549 693 1575 719 in
1609 691 1730 719 medium

939 739 1117 766 attulit:sed
1143 746 1305 773 responsum
1329 739 1446 773 accepit,
1472 739 1545 774 quod
1562 737 1732 764 antistitibus

940 792 1105 813 concessum
1135 785 1187 812 fuit
1210 793 1347 812 canonum
1374 793 1469 819 pcenas
1496 785 1536 812 vel
1561 791 1662 818 augere
1692 782 1733 810 vel

941 830 1087 863 minuere,
1120 838 1173 858 non
1206 836 1298 858 autem
1330 832 1500 866 inexplorata
1530 835 1557 858 et
1589 833 1734 865 arrogaute

942 875 1111 903 demissione
1148 876 1206 908 uti;

943 929 1011 956 quas
1020 929 1141 948 canones
1152 922 1275 956 exigunt,
1287 922 1409 958 synodus
1419 921 1547 955 subjecit,
1566 921 1600 948 ab
1613 922 1734 948 antistite

943 975 1035 996 autem
1047 969 1092 1004 jus
1110 969 1252 1006 exigebat,
1271 977 1367 1003 nempe
1377 969 1410 995 ad
1430 973 1561 996 statutum
1579 972 1686 1003 tempus
1702 968 1735 994 ab

944 1007 1186 1043 administratione
1201 1016 1423 1049 suspensiouem.

983 1061 1097 1096 Magnus
1118 1061 1268 1097 Gregorius
1300 1062 1440 1097 Nyssenus
1464 1062 1490 1088 in
1519 1061 1599 1088 tertio
1618 1068 1735 1092 canone,

945 1107 993 1141 iis,
1009 1108 1056 1142 qui
1075 1108 1244 1143 diligentiori
1258 1108 1439 1135 conversione
1452 1108 1494 1134 usi
1509 1107 1620 1139 fuerint,
1635 1108 1735 1142 inquit.

945 1160 973 1181 et
988 1153 1043 1181 vita
1059 1155 1092 1181 ad
1112 1155 1137 1182 id
1151 1155 1224 1189 quod
1242 1155 1343 1182 bonum
1361 1159 1404 1181 est
1416 1155 1535 1182 reditum
1552 1154 1736 1187 ostenderint,

946 1200 1011 1227 licet
1025 1200 1062 1233 ei,
1077 1201 1122 1235 qui
1140 1201 1290 1236 dispensat,
1308 1209 1357 1236 pro
1372 1202 1490 1229 utilitate
1507 1207 1613 1236 tempus
1629 1206 1737 1229 contra-

947 1246 1023 1279 here,
1038 1251 1066 1274 et
1076 1247 1194 1274 celerius
1206 1248 1260 1276 illis
1271 1249 1498 1276 communionem
1510 1248 1636 1282 reddere,
1655 1251 1737 1283 prout

946 1292 1016 1327 ejus,
1032 1294 1076 1320 cui
1091 1294 1194 1322 medela
1212 1295 1372 1328 adhibetur,
1389 1295 1616 1323 constitutionem
1637 1302 1738 1330 appro-

947 1339 1031 1367 barit.
1047 1340 1283 1374 Quemadmodum
1298 1343 1370 1369 enim
1389 1343 1478 1378 porcis
1495 1343 1657 1378 margaritas
1675 1350 1738 1378 pro-

945 1385 1032 1421 jicere
1048 1387 1162 1414 vetitqu
1176 1392 1229 1420 est,
1246 1388 1282 1415 ita
1297 1394 1323 1415 cl
1336 1390 1454 1424 pretiosa
1469 1390 1617 1425 margarita
1629 1389 1737 1424 privare

948 1440 1021 1465 eum,
1036 1433 1082 1468 qui
1108 1432 1164 1467 jam
1191 1441 1240 1468 per
1264 1435 1454 1469 purgationem
1486 1439 1513 1462 et
1542 1436 1736 1462 alienationem

948 1487 964 1507 a
991 1479 1058 1507 vitio
1078 1479 1168 1507 factus
1191 1485 1233 1507 est
1257 1481 1350 1513 homo,
1368 1481 1518 1508 absurdum
1548 1487 1601 1509 est.
1629 1481 1737 1516 Ubique

949 1525 1022 1552 enim
1040 1525 1067 1552 in
1086 1526 1191 1560 peccati
1212 1526 1305 1560 specie
1321 1527 1373 1555 hoc
1385 1527 1542 1563 perspicere
1558 1532 1621 1555 ante
1644 1527 1737 1555 omnia

909 1588 932 1619 Ο
950 1570 1087 1603 convenit,
1106 1572 1197 1605 qualis
1214 1576 1255 1600 est
1278 1572 1361 1606 illius,
1390 1574 1433 1600 cui
1453 1573 1558 1601 medela
1578 1573 1738 1607 adhibetur,

949 1615 1106 1651 dispositio,
1138 1622 1165 1644 et
1195 1625 1248 1645 non
1274 1618 1308 1646 ad
1326 1620 1460 1647 medelam
1486 1620 1609 1648 suﬂicere
1631 1625 1739 1656 tempus

948 1661 1116 1692 existimare.
1129 1663 1203 1697 {nam
1227 1671 1352 1699 qua-nam
1369 1666 1472 1693 medela
1490 1674 1504 1693 a
1522 1666 1602 1702 179
1619 1671 1741 1702 tempore

950 1707 1007 1743 ﬁt?)
1023 1708 1069 1736 sed
1093 1709 1167 1737 illius
1182 1710 1368 1744 affectionem,
1385 1712 1433 1747 qui
1455 1719 1504 1747 per
1530 1713 1738 1741 conversionem

950 1753 1002 1781 sibi
1027 1754 1161 1782 medetur.
1180 1755 1227 1783 Est
1243 1764 1317 1789 vero,
1330 1758 1428 1792 inquit,
1445 1758 1570 1792 quagdam
1585 1758 1739 1786 differentia

951 1798 977 1825 in
1014 1800 1183 1834 paenitentiae
1212 1802 1331 1835 ratione,
1354 1803 1507 1837 ejusmodi;
1534 1804 1580 1838 qui
1607 1804 1679 1831 enim
1707 1813 1739 1832 cx

952 1845 1042 1878 seipse
1056 1846 1089 1873 ad
1102 1854 1216 1874 suorum
1234 1853 1409 1883 peccatorum
1421 1849 1624 1876 confessionem
1642 1851 1742 1885 impui~

951 1899 1000 1920 sus
1015 1897 1067 1924 est.
1081 1901 1114 1920 eo
1136 1895 1209 1928 quod
1223 1903 1273 1922 sua
1296 1899 1394 1930 sponte
1408 1896 1580 1923 occultorum
1596 1901 1741 1924 accusator

951 1945 1012 1964 esse
1035 1938 1162 1970 voluerit.
1198 1944 1227 1966 ut
1258 1940 1303 1974 qui
1332 1940 1387 1974 jam
1416 1940 1580 1968 medicinam
1609 1941 1742 1969 adbibere

952 1985 1076 2018 cteperit,
1107 1986 1262 2014 mitioribus
1286 1987 1374 2020 pwuis
1397 1988 1555 2014 mulctalur.
1576 1987 1628 2022 Qui
1650 1994 1741 2016 autem

952 2030 980 2057 in
1011 2033 1082 2057 malo
1108 2031 1297 2066 deprehensus
1329 2037 1382 2065 est,
1414 2034 1456 2060 vel
1489 2038 1599 2068 propter
1622 2034 1741 2069 aliquam

953 2077 1135 2111 suspicionem
1144 2078 1186 2105 vel
1194 2079 1396 2107 acrusationem
1409 2080 1683 2115 ingratiiscouvictus
1690 2086 1743 2115 est,

954 2123 1062 2158 longius
1078 2124 1116 2151 illi
1131 2125 1321 2153 conversionis
1338 2131 1445 2161 tempus
1460 2126 1552 2160 datur,
1571 2133 1600 2155 ut
1614 2127 1743 2163 deinceps

955 2170 1076 2204 perfecte
1091 2176 1236 2206 purgatus,
1256 2172 1295 2199 sic
1307 2173 1341 2200 ad
1358 2179 1596 2201 sacramentorum
1617 2182 1741 2202 connnu-

956 2215 1064 2244 nionem
1090 2217 1264 2245 admittatur.
1282 2219 1395 2251 Quaeras
1420 2219 1447 2247 in
1472 2220 1506 2246 52
1521 2228 1582 2254 cap.
1609 2221 1706 2247 littera:
1725 2221 1745 2247 Ε

100 2261 140 2294 λβ¹
160 2271 224 2297 κεφ.
241 2263 292 2290 τοῦ
311 2263 332 2289 Ε
361 2263 499 2297 στοιχείου
525 2264 624 2291 κανόνα
641 2266 690 2292 τοῦ
713 2265 834 2300 μεγάλου
853 2266 892 2292 Βα

981 2270 1090 2290 monem
1103 2263 1139 2290 82
1156 2265 1245 2299 magni
1262 2265 1366 2298 Basilii,
1382 2270 1408 2292 ct
1422 2265 1448 2293 in
1474 2265 1509 2294 23
1533 2275 1592 2302 cap.
1611 2267 1708 2293 litterur
1724 2267 1745 2293 Κ

100 2309 204 2336 σιλείου
223 2309 280 2344 πβ’,
299 2310 348 2336 καὶ
364 2311 395 2336 ἐν
410 2310 450 2344 τῷ
468 2313 511 2343 κγ’
525 2319 587 2344 κεφ.
603 2311 648 2337 τοῦ
661 2312 684 2338 Κ
701 2313 835 2347 στοιχείου
852 2321 904 2340 κα-

99 2356 164 2382 νόνα
186 2356 236 2382 τοῦ
259 2356 347 2383 αὑτοῦ
367 2356 420 2389 Ea’,
438 2356 485 2383 καὶ
500 2357 528 2382 ὲν
543 2357 580 2391 τῷ
596 2356 620 2393 η’
635 2366 700 2392 κεφ.
724 2358 771 2384 τοῦ
793 2359 812 2385 Σ
834 2367 906 2386 στοι-

98 2403 175 2435 χείου
192 2403 300 2430 κανόνα
312 2403 363 2429 τοῦ
383 2402 470 2429 αὐτοῦ
483 2404 569 2434 ο¹,κα“ι
586 2405 615 2430 ὲν
631 2404 669 2439 τῷ
681 2405 723 2439 κγ’
739 2414 801 2439 κεφ.
819 2406 865 2432 τοῦ
880 2406 904 2432 Κ

100 2449 241 2484 στοιχείου
259 2449 369 2476 κανόνα
388 2449 544 2484 Γρηγοριτιυ
559 2451 605 2477 τοῦ
621 2451 840 2487 Θαυματουργοῦ
859 2455 904 2480 ια’.

141 2495 171 2522 '0
187 2496 218 2521 δὲ
237 2495 314 2526 θεῖος
344 2495 553 2530 Χρυσόστομος,
576 2497 605 2524 ὲν
625 2497 664 2532 τῷ
681 2497 702 2532 ῤ’
718 2497 772 2524 τῶν
789 2499 854 2533 περὶ
869 2499 906 2525 ls-

102 2544 231 2576 ρτιιαὺνης
267 2543 355 2577 λὸγῳ,
385 2542 443 2576 υὺχ
473 2543 576 2575 ἀπὶ-ὦς,
606 2545 685 2580 φησι,
713 2546 780 2580 πρὸς
798 2545 827 2571 τὺ
851 2545 905 2572 τῶν

103 2589 324 2623 ἁμαρτημάτων
353 2588 458 2622 μέτρον
483 2588 524 2615 δεῖ
545 2589 594 2624 τὴν
613 2591 756 2625 ἐπιτιμίαν
778 2591 905 2625 ὲπᾱιγειν,

103 2634 172 2660 ἀλλὰ.
188 2635 239 2661 καὶ
259 2636 312 2670 τῆς
331 2633 389 2660 τῶν
409 2634 623 2669 ἁμαρτανόντων
643 2637 822 2672 στοχάζεσθαι
839 2646 906 2672 προ·

106 2680 252 2714 αιρέσεως,
277 2681 317 2714 μή
334 2687 402 2705 ποτε
420 2679 505 2714 ῥάψαι
519 2681 549 2706 τὸ
563 2681 712 2718 διερρωγὸς
732 2683 905 2718 βουλόμενος,

107 2727 196 2760 χεῖρον
214 2727 245 2753 τὸ
261 2726 375 2761 σχίσμα
389 2726 518 2761 ποιήσῃς,
535 2727 580 2754 καὶ
594 2729 751 2763 ἀνορθῶσαι
773 2730 802 2756 τὸ
818 2739 906 2756 κατα-

108 2773 254 2804 πεπτωκὸς
273 2767 455 2805 σπουδάζων,
477 2773 586 2806 μείζονα
606 2775 713 2812 ἐργάσῃ
727 2775 775 2812 τὴν
791 2777 906 2804 πτῶσιν.

108 2821 137 2846 Οἱ
154 2821 209 2857 γὰρ
223 2819 362 2849 ἀσθενεῖς
383 2820 431 2844 καὶ
448 2818 645 2854 διακεχυμένοι,
665 2823 711 2848 καὶ
727 2822 757 2848 τὸ
773 2821 854 2849 πλέον
875 2824 906 2858 τῇ

109 2867 152 2894 τοῦ
171 2869 281 2903 κόσμου
301 2864 450 2898 δεδεμένοι
473 2867 573 2900 τρυφῇ,
586 2866 625 2893 ἔτι
644 2868 691 2893 καὶ
706 2868 752 2894 ἐπὶ
769 2868 841 2902 γένει
862 2870 908 2894 καὶ

108 2914 252 2952 δυναστείᾳ
285 2912 369 2949 μέγα
398 2911 510 2945 φρονεῖν
534 2910 647 2947 ἔχοντες,
675 2914 766 2950 ἡρέμα
787 2914 836 2950 μὲν
862 2916 909 2941 καὶ

956 2309 1079 2343 ejusdem
1095 2310 1183 2337 sancti
1198 2318 1331 2338 canouem
1345 2311 1394 2344 61,
1412 2316 1439 2340 et
1458 2313 1484 2339 iu
1499 2313 1515 2340 8
1534 2320 1594 2346 cap.
1611 2312 1708 2338 littera:
1726 2313 1745 2338 Σ

955 2355 1078 2389 ejusdem
1111 2364 1243 2383 canouem
1271 2357 1315 2388 70.
1332 2362 1360 2384 et
1388 2358 1413 2384 in
1449 2358 1484 2385 '25
1507 2366 1568 2392 cap.
1597 2357 1695 2384 littene
1721 2357 1743 2385 Κ

956 2401 1080 2436 Gregorii
1097 2402 1294 2438 Thaumaturgi
1313 2411 1373 2430 can.
1392 2404 1436 2431 ll.

992 2494 1075 2522 Divus
1101 2496 1183 2522 etiam
1208 2495 1423 2531 Chrysoslomus
1445 2495 1472 2522 in
1493 2496 1511 2522 2
1535 2496 1569 2524 dc
1589 2497 1746 2524 sacerdotio

957 2548 1085 2568 sermone
1100 2560 1107 2573 ,
1126 2540 1186 2567 Non
1211 2540 1386 2575 simpliciter,
1404 2541 1504 2576 inquit,
1524 2541 1557 2569 ad
1583 2541 1745 2570 delictorum

957 2587 1072 2622 gradum
1085 2587 1215 2614 mulctam
1231 2591 1341 2622 oportet
1358 2593 1498 2621 slaluere;
1514 2589 1561 2616 sed
1578 2589 1745 2624 exploranda

958 2639 1002 2662 cst
1023 2633 1195 2668 peccantium
1211 2634 1358 2668 dispositio
1379 2643 1385 2661 :
1411 2643 1444 2661 ne
1459 2634 1524 2662 dum
1551 2642 1685 2663 consuere
1706 2635 1748 2663 vis

958 2681 1031 2716 quod
1053 2686 1163 2716 ruptum
1178 2686 1231 2714 est,
1250 2682 1401 2712 scissuram
1415 2682 1580 2710 deteriorem
1598 2681 1702 2715 facias;
1716 2689 1748 2709 ac

959 2728 1035 2760 dum,
1053 2727 1123 2762 quod
1142 2727 1249 2762 lapsum
1259 2732 1312 2760 est,
1322 2729 1428 2762 erigere
1437 2735 1469 2755 ac
1480 2727 1627 2754 eluendare
1643 2727 1747 2759 studes,

960 2782 1055 2801 casum
1083 2774 1171 2808 ipsum
1202 2774 1335 2808 majorem
1364 2773 1474 2801 reddas.
1499 2773 1566 2800 Nam
1583 2774 1629 2808 qui
1646 2772 1748 2799 inﬁrmi

960 2825 1024 2847 sunt
1036 2827 1067 2846 ac
1090 2819 1208 2851 remissi,
1223 2824 1250 2847 et
1266 2827 1363 2855 magna
1380 2827 1414 2847 ex
1438 2825 1513 2854 parte
1532 2819 1624 2846 mundi
1641 2817 1748 2845 deliciis

961 2866 1111 2901 illaqueati.
1132 2867 1235 2901 quique
1250 2874 1266 2893 a
1289 2867 1398 2901 generis
1418 2866 1540 2893 claritate
1559 2869 1585 2892 et
1613 2863 1746 2898 potentia,

962 2913 1034 2941 unde
1049 2912 1156 2940 animos
1181 2920 1344 2948 magnopere
1362 2912 1469 2944 tollant,
1495 2911 1595 2937 habent
1614 2917 1620 2935 :
1642 2907 1745 2935 sensim

1241 876 1313 903 unde
1341 876 1456 903 militem
1486 876 1597 910 quidem
1628 876 1734 910 pc'enis,
1775 869 1781 875 ’
