1856 3061
173 177 204 203 ὶιἹ
765 169 950 200 ΜΑΤΤΗιΈΙ
969 167 1178 198 BLASTARIS
1763 163 1803 193 28

175 230 255 256 talem
273 232 433 264 potestatem
463 228 598 256 concessit
629 227 766 255 Christus.
795 227 886 260 Quare
911 227 958 261 qui

1047 234 1077 256 .ς,
1091 224 1175 250 τύπον
1199 223 1311 258 φέρουσι
1333 222 1387 249 τῶν
1404 222 1576 253 attendit-tv,
1592 220 1633 253 οἷς
1648 220 1696 254 τὴν
1722 220 1803 252 ἔξου-

175 276 235 302 sine
250 275 370 310 episcopi
387 281 522 303 consensu
539 273 729 301 confessiones
750 273 890 301 hominum
910 281 959 300 ex-

174 321 279 355 cipiunt
298 320 397 347 sacrati
429 319 566 351 monachi,
598 318 669 346 male
694 319 798 346 faciunt
827 322 855 345 et
882 317 960 344 valde

175 367 344 401 periculose;
370 373 457 400 neque
484 365 556 391 enim
578 364 712 396 solvendi,
739 372 829 399 neque
858 363 959 398 ligandi

176 413 332 441 facultatem
350 412 470 443 habent;
486 411 573 438 multo
588 411 675 446 magis
690 418 755 438 vero
771 410 878 446 profani
898 417 956 437 mo-

175 459 255 486 nachi
269 467 277 488 ;
291 458 345 486 illis
361 457 435 485 enim
449 458 562 484 omnino
576 457 743 492 permittere,
765 461 794 484 ut
807 456 960 484 confessio-

174 513 222 533 nes
253 504 393 531 hominum
421 503 559 538 excipiant
582 506 609 529 et
625 501 761 536 judicent,
787 509 959 537 nequaquam

175 550 278 577 licitum
295 554 348 577 est.
367 548 420 576 Sed
440 552 467 576 et
481 549 615 583 septimus
628 547 819 583 paenitentiam
837 547 961 574 reconci-

174 597 325 628 liationem.
356 596 379 623 si
404 595 438 623 de
462 595 517 622 vita
542 594 741 630 periclitentur,
757 594 818 621 sine
840 593 960 628 episcopi

173 642 307 677 permissu
335 641 508 676 presbyteros
538 640 628 668 facere
662 644 788 675 oportere
821 647 874 667 non
900 639 961 667 exi-

174 688 279 715 stimat.

211 779 310 805 Eadem
323 779 403 806 etiam
417 778 452 806 46
465 778 614 805 decernens
626 787 632 805 :
648 778 675 805 Si
690 785 754 805 vero
768 777 848 808 absit,
862 776 960 810 inquit,

175 824 330 858 episcopus,
347 827 375 850 et
390 823 412 850 is
427 823 473 858 qui
487 823 675 857 pteniteutiam
691 823 747 858 agit
762 823 789 849 in
805 822 959 857 periculum

174 869 309 896 adductus
319 870 366 901 sit,
375 869 450 896 illum
463 868 620 897 reconciliet
630 870 781 904 presbyter.
792 868 888 901 Quaere
903 872 930 894 et
944 867 961 895 8

1011 272 1072 299 σίαν
1084 270 1186 305 ταύτην
1201 271 1214 296 ὁ
1234 269 1351 303 Χριστὸς
1375 268 1561 302 ἐνεχείρισεν·
1578 267 1648 293 ὥστε
1672 267 1696 292 ol
1712 266 1803 301 χωρὶς

1010 316 1162 351 ἐπιτροπῆς
1174 315 1324 341 ἐπισκόπου
1336 314 1475 350 δεχόμενοι
1486 314 1632 348 λογισμοὺς
1646 311 1803 348 ἀνθρώπων

1011 362 1154 398 ῑερωμένοι
1168 361 1282 397 μοναχοὶ
1291 361 1382 392 κακῶς
1399 360 1517 392 ποιοῦσι,
1527 360 1573 386 καὶ
1585 360 1645 386 λίαν
1663 357 1805 385 ἐπικινδύ-

1009 418 1061 439 νως
1071 417 1077 424 ·
1090 407 1153 434 οὔτε
1168 408 1222 442 γὰρ
1238 407 1323 440 λύειν,
1336 406 1399 433 οὔτε
1413 407 1522 442 δεσμεῖν
1539 406 1648 441 ἔχουσιν
1661 405 1803 437 ἐξουσίαν,

1011 455 1101 490 πολλῷ
1116 455 1144 481 δὲ
1168 454 1268 490 μᾶλλον
1287 454 1313 480 οί
1338 454 1442 488 ἁνίεροι
1469 453 1598 487 μοναχοί·
1623 452 1728 483 τούτοις
1744 451 1803 486 γὰρ

1011 502 1058 528 καὶ
1073 501 1104 527 τδ
1121 500 1267 535 ἐπιτρέψαι
1283 499 1352 529 ὅλως
1369 499 1517 533 λογισμοὺς
1532 498 1684 532 ἀνθρώπων
1705 497 1805 524 ἀναδέ-

1011 546 1109 582 χεσθαι
1131 547 1179 573 καὶ
1206 546 1309 581 κρίνειν
1333 545 1434 580 ἥκιστα
1465 544 1586 579 θεμιτόν.
1609 544 1689 570 Ἀλλὰ
1711 542 1761 570 καὶ
1788 544 1804 569 ὁ

1010 592 1123 628 ἕϐδομοι,
1167 592 1217 626 τὴν
1244 591 1418 625 καταλλαγὴν
1447 590 1502 617 τῶν
1533 589 1748 625 μετανοούντων,
1777 589 1804 615 εί

1012 637 1078 672 περὶ
1093 637 1142 671 τὴν
1157 636 1231 672 ζωὴν
1254 635 1467 666 κινδυνεύουσιν,
1483 635 1535 662 οὐκ
1558 634 1643 661 οἴεται
1660 635 1716 660 δεῖν
1734 634 1804 664 τοὺς

1011 681 1220 718 πρεσϐυτέρους
1240 682 1338 714 ποιεῖν,
1356 680 1508 716 ἐπιτροπῆς
1531 680 1596 706 ἄνευ
1611 679 1658 706 τοῦ
1685 678 1805 705 ὲπισκό-

1013 737 1065 755 που
1071 748 1078 755 .

1048 775 1140 802 Ταῦτα
1159 775 1206 801 καὶ
1219 775 1234 802 ὁ
1251 777 1296 810 μγ¹
1311 773 1508 808 διοριζόμενος,
1524 773 1555 799 Εἰ
1569 773 1596 799 δὲ
1620 771 1730 804 ἄπεστι,
1749 780 1805 806 φη-

1013 821 1067 853 σὶν,
1084 821 1098 846 ὀ
1123 820 1285 853 ἐπίσκοπος,
1311 820 1356 847 καὶ
1373 821 1386 846 ό
1409 820 1439 846 ἐν
1458 818 1588 854 μετανοίᾳ
1609 818 1647 844 ὣν
1661 819 1690 844 ὲν
1711 817 1805 852 χρόνῳ

1013 867 1139 894 κινδύνου
1170 868 1332 902 γεγένηται,
1361 865 1568 893 καταλλαττέτω
1593 863 1687 890 τοῦτον
1714 863 1764 889 καὶ
1790 863 1806 888 ὁ

175 922 235 948 cap.
254 915 348 942 litterae
367 914 399 948 K,
415 920 442 943 et
464 916 491 943 in
509 915 540 943 51
568 923 628 950 cap.
648 915 689 942 lit.
719 915 738 941 Ε
761 922 824 942 can.
841 914 875 942 40
899 921 959 949 syu.

1047 913 1210 947 ιεσὸύτερος.
1226 913 1307 948 Ζήτει
1322 911 1372 938 καὶ
1382 911 1413 938 τὸ
1426 911 1450 946 η’
1465 919 1528 944 κεφ.
1543 909 1591 937 τοῦ
1606 911 1629 937 Κ
1644 909 1778 944 στοιχείου
1793 928 1803 939 ,

175 958 414 988 Neocazsariensis.

177 1058 253 1092 Quod
269 1059 389 1086 civilibus
413 1064 504 1094 postea
531 1059 630 1094 legibus
653 1059 854 1086 humanioribus
878 1059 961 1086 visum

459 1095 598 1130 suppliciis
612 1096 659 1122 uti.

210 1139 280 1172 Quin
294 1141 376 1167 etiam
391 1141 552 1168 vetustiores
567 1141 638 1175 leges
650 1140 677 1167 in
692 1140 850 1173 humaniusI
864 1146 891 1167 et
906 1148 960 1167 nou

175 1186 255 1220 quale
272 1187 347 1221 prius
370 1187 533 1217 habuerunt.
557 1186 703 1221 judicium.
734 1187 760 1214 in
782 1187 853 1214 dicta
871 1187 960 1221 legum

175 1232 289 1266 repetita
332 1232 494 1260 recensione
529 1236 753 1265 commutantur;
790 1232 847 1266 ipsa
885 1232 959 1259 enim

174 1279 287 1313 abrogat
301 1287 404 1306 morem
420 1279 511 1306 statim
528 1279 710 1307 interﬁciendi
738 1286 785 1306 eos
798 1279 843 1314 qui
860 1278 887 1305 in
903 1286 959 1305 ma-

175 1325 235 1359 gnis
249 1325 409 1352 criminibus
423 1325 585 1359 deprehensi
613 1329 688 1352 sunt.
707 1324 856 1359 Imperator
873 1323 959 1357 enim,

174 1371 220 1405 qui
245 1371 322 1397 istam
353 1371 496 1405 repetitam
527 1371 726 1398 correctionem
752 1371 824 1402 fecit,
854 1370 959 1397 nullum

174 1425 279 1447 eorum.
296 1425 356 1452 quae
383 1423 447 1444 sunt
467 1418 493 1444 in
518 1417 632 1452 digestis
662 1417 704 1444 vel
735 1417 866 1445 institutls
898 1424 961 1444 cru-

175 1462 234 1489 dele
254 1462 417 1497 supplicium
434 1462 574 1498 probavit;
597 1470 686 1497 ncque
706 1463 777 1489 enim
801 1463 890 1496 capite
905 1462 961 1497 ple-

173 1512 246 1535 ctere
259 1509 389 1540 decrevit,
405 1516 493 1542 tneque
507 1507 642 1544 lapidibus
671 1508 798 1540 obruere.
817 1508 858 1535 vel
886 1515 960 1535 com-

174 1553 284 1586 burere,
300 1554 340 1580 vel
358 1555 470 1588 laqueos
489 1554 646 1586 intendere;
678 1554 819 1589 prohibuit
835 1553 915 1580 etiam
932 1553 958 1580 in

1013 959 1060 985 καὶ
1075 959 1103 984 ὲν
1119 959 1157 993 τῷ
1172 958 1212 984 λα’
1226 967 1290 991 κεφ.
1303 958 1351 984 τοῦ
1366 957 1385 984 Ε
1401 957 1534 992 στοιχείου
1549 956 1650 983 κανόνα
1666 956 1692 991 μ’
1708 956 1758 990 τῆς
1773 955 1807 981 ἐν

1012 1003 1215 1039 Νεοκαιοαρείᾳ
1234 1003 1356 1031 συνόδου.

1015 1060 1078 1087 ὀτι
1092 1060 1141 1087 καὶ
1155 1061 1219 1093 τοῖς
1238 1061 1406 1094 πολιτικοῖς
1418 1061 1549 1094 ὕστερον
1564 1061 1668 1094 νόμοις
1694 1060 1808 1092 φιλαν-

1041 1097 1229 1130 θρωπότερον
1243 1096 1330 1128 ἔδοξε
1345 1097 1411 1129 ταῖς
1424 1097 1576 1130 τιμωρίαις
1591 1095 1773 1129 κεχρῆσθαι.

1054 1141 1134 1168 ams
1150 1142 1196 1168 καὶ
1219 1142 1244 1168 οἱ
1258 1141 1442 1177 πρεσϐύτεροι
1457 1141 1512 1168 τῶν
1536 1141 1627 1176 νόμων
1647 1141 1693 1167 ἐπὶ
1710 1140 1740 1166 τὸ
1757 1148 1807 1174 φι-

1012 1186 1248 1221 λανθρωπότερον,
1261 1187 1310 1214 καὶ
1324 1187 1372 1222 οὐχ
1387 1187 1423 1218 ὡς
1437 1185 1512 1222 εἶχον
1526 1187 1658 1222 πρότερον
1670 1186 1803 1220 κρίσεως,

1012 1235 1040 1261 ὲν
1053 1236 1086 1270 τῇ
1101 1236 1235 1271 λεγομένῃ
1249 1235 1303 1262 τῶν
1313 1235 1405 1269 νόμων
1417 1234 1604 1270 ἀνακαθάρσει
1617 1232 1806 1268 μετασέϐλην-

1011 1289 1074 1307 ται·
1093 1281 1201 1315 ἀναιρεῖ
1224 1281 1278 1316 γὰρ
1298 1281 1366 1314 αὓτη
1385 1280 1414 1307 τὸ
1437 1280 1520 1312 εὐθὺς
1537 1279 1708 1315 ἀναιρεῖσθαι
1734 1278 1804 1309 τοὺς

1013 1327 1143 1362 μεγάλοις
1169 1327 1324 1358 ἑαλωκότας
1348 1327 1530 1361 ἐγκλήμασιν.
1554 1326 1583 1352 '0
1604 1326 1658 1360 γὰρ
1674 1324 1723 1359 τὴν
1735 1325 1806 1350 ἀνα-

1011 1373 1145 1408 κάθαρσιν
1178 1373 1280 1407 ταύτην
1312 1372 1478 1407 συνθέμενος
1512 1371 1640 1407 βασιλεὺς
1669 1369 1805 1405 οὐδεμίαν

1012 1416 1066 1443 τῶν
1081 1416 1110 1443 ἐν
1133 1417 1190 1448 τοῖς
1214 1416 1352 1450 διγέστοις
1365 1416 1381 1447 ἢ
1408 1418 1467 1448 ταῖς
1484 1416 1638 1449 δια-τάξεσιν
1654 1415 1805 1450 ἀπάνθρω-

1012 1471 1063 1489 πον
1077 1462 1174 1497 ποινὴν
1190 1463 1349 1497 προσήκατο
1363 1471 1370 1479 ·
1388 1462 1451 1488 οὔτε
1464 1463 1516 1497 γὰρ
1535 1462 1656 1497 κεφαλῆς
1670 1462 1804 1496 ἀφαιρεῖν

1011 1509 1166 1541 ἐθέσπισεν,
1181 1509 1244 1536 οὕτε
1256 1509 1428 1541 καταλεύειν,
1443 1509 1459 1544 ἢ
1473 1508 1571 1539 καίειν,
1586 1508 1602 1543 ἦ
1624 1508 1720 1543 βρόχον
1735 1508 1804 1540 ἑξά-

1011 1563 1109 1580 πτειψ
1138 1555 1274 1590 ἀπείρηκε
1306 1555 1334 1581 δὲ
1359 1555 1406 1581 καὶ
1422 1554 1472 1590 τὴν
1493 1555 1522 1581 ὲν
1536 1555 1575 1589 τῷ
1598 1554 1648 1589 τῆς
1663 1554 1803 1588 θαλάττης

175 1599 259 1626 maris
289 1599 473 1633 profunditate
510 1599 729 1627 suffocatiouem.
760 1600 835 1627 Licet
867 1605 958 1627 autem

1048 1600 1087 1634 θῷ
1103 1586 1267 1636 πνιγμονην.
1295 1601 1325 1627 El
1342 1601 1370 1626 δὲ
1383 1601 1428 1627 καὶ
1448 1586 1577 1635 ιῖιποσχεῖν
1590 1586 1666 1631 τινας
1689 1586 1805 1634 κεφαλι-

173 1646 304 1680 (μιιιειίοιιι
329 1646 458 1680 capitales
490 1646 556 1673 dare
585 1654 680 1681 poenas
708 1647 855 1681 aliquando
871 1647 958 1681 jubet.

175 1698 228 1717 non
243 1694 345 1723 tamen,
365 1691 464 1726 inquit,
481 1691 648 1724 mortiferas,
664 1692 711 1719 sed
727 1692 816 1719 solum
835 1692 956 1726 relegari.

173 1736 215 1763 vel
244 1736 271 1763 in
301 1744 438 1764 carcerem
466 1737 578 1769 includi,
602 1738 744 1765 oculorum
772 1738 958 1770 effossionem.

174 1790 272 1810 manus
287 1783 497 1817 abscissionem,
522 1788 549 1811 et
577 1783 657 1810 aliam
683 1784 805 1818 corporis
831 1784 959 1819 injuriam

173 1829 239 1864 pati,
261 1837 321 1863 qum
344 1831 531 1858 conversionis
563 1830 794 1866 opportunitatem
829 1831 889 1863 illi,
912 1832 958 1866 qui

173 1876 327 1910 puniendus
343 1881 395 1909 est,
421 1877 552 1912 temporis
577 1877 740 1904 extensione
768 1877 906 1911 praebeat,
932 1882 960 1905 et

173 1921 228 1949 illis
263 1923 309 1957 qui
327 1923 395 1958 lapsi
414 1929 477 1951 sunt
497 1924 727 1958 resipiscenliam.
741 1922 874 1951 Omnibus
887 1925 958 1951 enim

172 1968 340 1996 novdlarum
364 1970 466 2004 legibus
483 1970 632 1997 humanius
657 1969 764 1996 videtur
775 1971 959 2004 praecedentes

175 2014 247 2047 leges
272 2014 456 2050 interpretari,
484 2021 510 2042 et
528 2016 566 2042 sic
589 2016 739 2042 sententias
752 2016 827 2042 ferri.
849 2016 876 2043 Si
895 2025 960 2044 vero

175 2061 247 2095 leges
272 2061 365 2088 civiles
387 2061 583 2088 humanitatem
601 2061 668 2088 adeo
694 2066 856 2095 exerceant,
875 2063 959 2090 multo

174 2101 473 2142 magis'ecclesiaslicm.
503 2107 639 2134 Docemur
662 2108 734 2135 enim
758 2116 773 2134 a
789 2108 958 2136 Christiano-

175 2161 232 2180 rum
247 2161 360 2187 corpore
387 2152 546 2180 exscindere
560 2153 713 2186 luereticos,
742 2159 770 2180 ut
793 2158 821 2181 et
843 2163 890 2182 eos
912 2155 958 2189 qui

175 2199 302 2227 absurdis
322 2204 447 2226 tenentur
458 2199 636 2232 criminibus;
654 2200 751 2234 punire
767 2208 830 2227 vero
849 2208 901 2227 non
914 2202 954 2228 di-

173 2245 302 2278 dicimus,
337 2246 384 2272 sed
414 2245 579 2272 incurabiles
610 2245 661 2279 legi
690 2246 762 2272 civili
791 2248 906 2277 tradere,
928 2251 957 2274 ut
975 2255 995 2282 ὓ

173 2300 188 2318 a
201 2291 407 2326 magistratibus
430 2290 510 2318 illata:
527 2291 658 2318 adversus
671 2299 718 2318 eos
745 2292 888 2319 sententia:
904 2300 955 2320 ex-

172 2337 308 2364 secutioni
328 2337 504 2364 mandentur.

175 2429 254 2464 182
271 2428 347 2456 CAP.
366 2427 399 2455 Χ.
414 2427 452 2455 De
468 2428 500 2454 iis
527 2428 570 2463 qui
591 2429 699 2461 impuris
716 2428 780 2455 cibis
807 2435 955 2456 vescuntur.

210 2474 326 2501 Sanctus
362 2474 511 2509 Gregorius
551 2474 771 2509 Thaumaturgus
807 2475 834 2502 in
869 2476 958 2510 primo

173 2528 225 2547 suo
244 2528 365 2552 canone,
381 2520 440 2547 Non
456 2528 548 2555 grave,
565 2520 664 2555 inquit,
686 2521 763 2547 affert
775 2522 915 2552 damnum,
934 2521 957 2548 si

173 2566 323 2600 prohibitos
348 2566 373 2592 in
400 2566 522 2593 barbaris
536 2566 622 2598 cibos,
639 2567 681 2593 vel
697 2568 780 2593 etiam
797 2575 857 2601 quas
876 2567 958 2594 idolis

173 2612 374 2643 sacrilicantur,
393 2612 569 2646 degustarent
588 2612 698 2646 captivi,
727 2618 837 2647 propter
865 2622 959 2641 neces-

172 2659 280 2686 sitatem
293 2664 320 2685 et
337 2658 390 2685 vim
406 2659 575 2693 corporalem
590 2664 686 2686 natura
701 2660 791 2687 cibum
804 2661 958 2688 necessario

172 2705 309 2739 exigente.
326 2704 385 2738 Ipse
398 2704 470 2731 cnim
487 2705 576 2738 inquit
590 2705 728 2737 Servatur,
749 2715 758 2731 ι
778 2705 836 2733 Non
851 2715 912 2740 qua:
930 2706 956 2732 in

174 2755 297 2776 ventrem
315 2750 415 2776 intrant
444 2751 623 2785 coinquinant
644 2751 792 2783 hominem,
822 2752 870 2779 sed
899 2760 959 2787 qua:

172 2794 362 2828 egrediuntur.
382 2804 391 2820 ›
421 2795 506 2830 igitur
534 2795 580 2830 qui
606 2796 682 2823 cibos
718 2796 841 2831 impuros
864 2805 959 2825 eome-

172 2840 260 2867 tlcrint
277 2841 366 2868 minus
391 2843 553 2881 puniunturl
573 2843 595 2869 si
626 2843 765 2870 servitutis
792 2843 857 2879 iugo
881 2844 957 2872 labo-

178 2890 267 2914 rantes
279 2891 306 2914 ιι
327 2887 435 2923 legitimi
455 2888 576 2916 alimenti
595 2889 685 2923 inopia
711 2890 808 2918 vetitos
828 2891 904 2919 cibos
920 2896 959 2919 te-

1011 1647 1062 1678 κὰς
1079 1647 1135 1673 ἐσθ’
1155 1648 1200 1673 ὅτε
1226 1646 1332 1673 κελεύει
1358 1646 1465 1679 ποινὰς,
1485 1646 1542 1673 ἀλλ’
1559 1646 1590 1672 οὐ
1608 1647 1657 1677 τὰς
1684 1645 1806 1680 θανατη-

1011 1692 1112 1727 φόρους
1127 1693 1236 1724 ὲκείνας
1251 1693 1330 1728 φησὶ,
1345 1693 1375 1719 τὸ
1390 1693 1418 1719 δὲ
1435 1693 1610 1728 ὐπερορίσαι,
1626 1693 1642 1728 ἢ
1655 1693 1684 1719 ὲν
1702 1693 1803 1728 εἱρκτῇ

1011 1739 1180 1774 περιορίσαι,
1195 1740 1245 1773 τὴν
1264 1739 1319 1765 τῶν
1339 1739 1488 1773 ὀφθαλμῶν
1509 1739 1642 1774 ἐκκοπὴν,
1657 1739 1706 1774 τὴν
1718 1740 1806 1773 ἀφαί-

1012 1791 1088 1818 ρεσιν
1101 1784 1151 1818 τῆς
1167 1784 1270 1819 χειρὸς,
1288 1784 1336 1811 καὶ
1362 1784 1410 1819 τὴν
1426 1784 1510 1819 ἄλλην
1531 1785 1596 1820 περὶ
1609 1784 1640 1811 τὸ
1655 1785 1735 1820 σῶμα
1750 1785 1807 1811 lt?)-

1011 1829 1073 1864 6qv,
1087 1829 1103 1865 ἢ
1123 1830 1226 1857 δύναιτ’
1241 1831 1273 1857 ἂν
1288 1832 1334 1857 καὶ
1348 1831 1518 1866 ἐπιστροφῆς
1531 1831 1627 1866 καιρὸν
1645 1833 1805 1867 παρασχεῖν

1010 1875 1049 1910 τῷ
1075 1877 1285 1912 τιμωρουμένῳ,
1302 1878 1334 1912 τῇ
1363 1876 1409 1903 τοῦ
1440 1877 1536 1912 χρόνου
1566 1877 1733 1912 παρατάσει,
1751 1879 1804 1904 καὶ

1011 1922 1065 1949 Ιτῶν
1084 1923 1277 1958 ἑπταισμένων
1294 1924 1450 1958 μετάνοιαν.
1472 1924 1543 1950 Πᾶσι
1560 1923 1615 1958 γὰρ
1633 1925 1689 1955 τοῖς
1707 1923 1806 1958 νόμοις

1009 1967 1063 1993 τῶν
1076 1968 1183 2004 νεαρῶν
1194 1969 1241 1994 επὶ
1254 1968 1284 1994 τὸ
1298 1968 1555 2004 φιλανθρωπότερον
1573 1969 1645 1996 δοκεῖ
1658 1969 1721 2001 τοὺς
1733 1978 1807 2005 προ-

1009 2012 1141 2045 λαϐόντας
1165 2014 1367 2048 ἑρμηνεύεσθαι
1389 2015 1499 2049 νόμους,
1520 2015 1568 2042 καὶ
1584 2016 1656 2042 οὕτω
1666 2016 1716 2047 τὰς
1731 2017 1806 2043 ἀπο-

1011 2058 1109 2091 φάσεις
1125 2058 1258 2092 γίνεσθαι.
1274 2059 1304 2084 Ei
1321 2059 1350 2085 δὲ
1367 2060 1391 2085 oi
1413 2059 1549 2086 πολιτικοὶ
1564 2061 1642 2094 νόμοι
1656 2060 1727 2087 οὓτω
1752 2070 1802 2096 με-

1009 2102 1186 2129 ταποιοῦνται
1215 2103 1434 2138 φιλανθρωπίας,
1460 2105 1550 2140 πολλῷ
1570 2106 1671 2141 μᾶλλον
1699 2108 1725 2133 οί
1749 2108 1803 2140 τῆς

1015 2148 1181 2184 Ἑκκλησίας
1193 2158 1200 2165 ·
1219 2150 1366 2176 ἐκκόπτειν
1386 2151 1440 2186 γὰρ
1457 2151 1504 2177 τοῦ
1520 2151 1645 2187 σώματος
1663 2154 1717 2180 τῶν
1733 2155 1806 2190 Χρι-

1011 2194 1126 2220 στιανῶν
1141 2195 1204 2226 τοὺς
1226 2196 1384 2230 αἱρετικοὺς
1405 2197 1598 2232 δεδιδάγμεθα,
1613 2200 1682 2234 πρὸς
1706 2201 1734 2227 δὲ
1750 2203 1804 2228 καὶ

1010 2241 1073 2272 τοὺς
1094 2241 1205 2273 ἀτόποις
1228 2243 1405 2278 ἐνεχομένους
1425 2244 1592 2279 ἐγκλήμασι,
1616 2246 1804 2281 τιμωρεῖσθαι

1008 2286 1036 2313 δὲ
1055 2287 1084 2312 οὺ
1101 2287 1313 2323 μεμαθήκαμεν,
1341 2288 1400 2315 ἀλλ’
1422 2290 1600 2324 ἀμεταθέτως
1623 2291 1745 2325 ἔχοντας,
1761 2293 1803 2326 τῷ

1009 2333 1141 2368 πολιτικῷ
1155 2334 1231 2370 νόμῳ
1248 2335 1438 2369 παραδιδόναι,
1456 2336 1493 2368 ὡς
1509 2337 1577 2371 πρὸς
1591 2338 1646 2364 τῶν
1659 2339 1804 2372 ἀρχόντων

1007 2379 1057 2410 τὰς
1074 2379 1132 2405 κατ’
1145 2381 1234 2406 αὐτῶν
1249 2381 1401 2415 ἀποφάσεις
1417 2382 1594 2416 ἐκφέρεσθαι.

1114 2426 1239 2453 ΚΕΦΑΛ.
1257 2425 1286 2453 ι’.
1303 2427 1372 2461 Περὶ
1387 2429 1692 2462 μιαροφαγησὰντων.

1048 2471 1080 2499 Ὀ
1097 2471 1175 2506 ἅγιος
1200 2472 1221 2498 Γ
1223 2473 1350 2507 ρηγόριος
1377 2474 1391 2499 ὁ
1416 2473 1630 2510 Θαυματουργὸς
1668 2477 1697 2502 ἐν
1723 2476 1796 2511 τῷα

1012 2517 1120 2548 κανόνι,
1137 2517 1173 2543 Οὐ
1199 2517 1315 2552 βαρεῖαν
1332 2519 1451 2552 ἐμποιεῖ,
1475 2519 1552 2554 φησὶ,
1573 2520 1623 2555 τὴν
1644 2520 1758 2556 βλάϐην,
1775 2524 1802 2548 εἱ

1009 2565 1065 2591 τῶν
1079 2566 1108 2590 ὲν
1122 2565 1179 2596 τοῖς
1203 2565 1351 2599 βαρϐάροις
1371 2566 1607 2601 ἀπηγορευμένων
1631 2567 1801 2602 βρωμάτων,

1008 2611 1086 2646 ἢκαὶ
1113 2611 1298 2638 εἰδωλοθύτων
1325 2612 1475 2646 ἐγεύσαντο
1506 2614 1530 2639 οἱ
1556 2614 1734 2648 αἰχμάλωτοι,
1765 2615 1802 2642 δι’

1009 2658 1134 2692 ἀνάγκην
1151 2659 1197 2684 καὶ
1224 2658 1284 2693 βίαν
1305 2659 1479 2694 σωματικὴν,
1496 2659 1544 2694 τῆς
1568 2660 1677 2694 φύσεως
1694 2663 1802 2697 τραφῆ-

1009 2714 1053 2732 ναι
1073 2704 1246 2740 βιαζομένης.
1276 2705 1363 2737 Αὐτὸς
1389 2707 1442 2741 γὰρ
1461 2707 1572 2742 εἴρηκεν
1590 2708 1605 2733 ὁ
1624 2708 1731 2744 Σωτὴρ,
1757 2710 1801 2736 ὅτι

1013 2760 1024 2778 ι
1037 2752 1074 2778 Οὐ
1083 2751 1115 2778 τὰ
1132 2753 1348 2787 εἰσπορευόμενα
1365 2753 1405 2784 εἰς
1417 2753 1468 2787 τὴν
1482 2753 1586 2780 κοιλίαν
1602 2756 1688 2781 κοινοῖ
1697 2755 1742 2781 τὸν
1755 2755 1801 2782 ἄνφ

1010 2799 1130 2834 Opto-nov,
1145 2799 1213 2827 ἀλλὰ
1240 2799 1274 2825 τὰ
1292 2799 1510 2834 ἐκπορευόμενα.
1532 2810 1541 2824 ι
1560 2801 1608 2826 Διά.
1630 2809 1662 2834 γε
1679 2801 1734 2836 μὴν
1749 2804 1800 2836 τὴν

1012 2845 1197 2880 μιαροφαγίαν
1213 2845 1332 2880 ήττόνως
1349 2846 1607 2880 ὲπιτιμηθήοονται,
1623 2847 1648 2872 εί
1672 2848 1721 2873 καὶ
1749 2847 1800 2879 τῆς

1011 2892 1210 2926 νενομισμένης
1247 2890 1351 2926 τροφῆς
1390 2892 1492 2927 ἀπορίᾳ.
1522 2892 1575 2918 τῶν
1604 2893 1801 2928 ἀπειρημένων
