1856 3061
212 93 248 124 35
811 90 992 121 MAT'I‘iLEl
1011 91 1221 124 BLAsTAms
1811 99 1826 132 3

212 152 303 178 dotem
320 151 439 180 habere:
456 157 483 180 et
498 153 530 179 ad
546 153 608 185 hoc,
621 152 643 179 si
656 151 726 178 ﬁlios
740 157 795 177 non
813 149 922 182 habeat,
939 155 991 178 tan:

1085 161 1099 177 ν
1111 154 1210 187 προῖκα
1220 162 1228 170 ι
1242 156 1288 181 και
1299 156 1367 191 πρδς
1379 157 1495 188 τούτοις.
1505 158 1529 183 εἰ
1545 153 1641 188 παῖδας
1653 157 1692 192 μὴ
1701 157 1770 192 ἔχοι,
1782 166 1827 184 τοο

213 203 268 225 tum
283 199 414 232 accipere
426 206 457 225 ex
490 199 541 226 alia
566 191 659 225 uxoris
679 196 842 228 substantia,
868 201 1000 231 quantum

211 243 282 270 dotis
315 244 395 271 tertia
423 252 487 278 pars
515 251 577 271 esse
607 243 789 278 cognoscitur,
810 247 839 268 ut
863 242 921 276 ejus
940 249 1003 276 pro-

214 289 322 322 prietati
340 295 365 316 et
381 290 430 316 dus
447 295 474 316 et
490 297 504 316 a
521 290 599 317 nobis
611 289 722 316 deﬁnita
744 295 823 324 puum
838 289 998 322 applicetur.

213 334 242 361 Si
259 335 330 361 enim
351 335 420 362 ﬁlios
434 335 561 362 habuerit
574 342 606 362 ex
621 335 682 369 ejus
698 334 884 367 matrimonio,
904 340 931 361 et
953 335 1001 362 do-

213 386 267 407 tem
289 381 423 415 aliamque
451 381 572 408 mulieris
599 381 780 408 substantiam
798 380 862 408 ﬁliis
891 388 1002 408 conser-

215 427 290 458 vari,
318 432 345 453 et
380 427 416 454 ita
446 426 597 454 adulterum
630 426 751 461 legitime
771 427 923 453 convictum
948 434 1000 453 una

212 480 274 499 cum
292 480 376 499 urere
402 473 503 506 pttniri.
530 472 563 499 Et
583 473 608 499 si
631 472 741 506 quidem
763 479 874 500 uxorem
903 472 1002 499 habeat

211 519 329 551 adulter,
344 527 404 546 eam
419 524 447 546 et
463 520 552 547 dotem
565 523 593 546 et
608 523 671 546 ante
698 518 806 552 nuptias
826 518 1000 546 donationem

211 564 352 600 accipere:
376 565 458 592 aliam
490 573 556 592 vero
572 565 663 592 mariti
690 564 884 596 substantiam,
905 564 926 591 si
947 564 1002 591 sint

211 610 321 646 quidem
347 611 527 638 ascendentes
556 610 599 638 vel
634 610 831 638 descendentes
857 617 942 645 usque
967 610 1001 637 ad

211 657 321 684 tertium
339 657 465 692 gradum,
484 658 544 684 illos
555 664 615 684 eam
635 657 776 691 accipere;
792 656 834 684 sin
845 662 936 684 autem
949 663 1001 683 non

210 703 275 735 sint,
291 711 352 730 eam
369 703 435 730 ﬁsco
455 702 619 737 adjudieari.

245 793 386 820 Adulteris
409 792 561 819 verberatis
579 797 605 818 et
622 792 711 820 tonsis
740 799 821 819 nares
837 791 1004 819 abscindat)-

1056 196 1133 224 οὖτον
1143 198 1293 233 λαμδάνειν
1307 203 1338 227 ἐκ
1353 201 1402 236 τῆς
1415 202 1498 237 ἄλλης
1521 202 1569 236 τῆς
1590 203 1720 235 γυναικὸς
1736 211 1827 237 nepoti

1055 244 1197 278 atawaaov
1207 246 1256 280 τῆς
1269 247 1381 281 προικὸς
1389 248 1420 274 τὸ
1429 247 1521 283 τρίτον
1537 247 1618 283 μέρος
1629 246 1701 274 εἶναι
1713 247 1827 281 γινώπκε

1052 298 1097 316 ται
1105 297 1112 304 ”
1124 291 1193 317 ὥστε
1205 293 1238 326 τῇ
1247 292 1329 319 αὐτοῦ
1339 293 1484 328 δεσποτείᾳ
1498 294 1545 320 καὶ
1553 294 1604 328 τὴν
1620 294 1725 328 προῖκα
1740 293 1787 320 καὶ
1796 294 1826 328 τὴ

1053 335 1118 369 παρ’
1127 336 1205 370 ἡμῶν
1216 336 1371 371 ὁρισθεῖσαν
1384 337 1479 372 ποινὴν
1491 336 1726 372 προσκυροῦσθαι.
1742 336 1773 362 Et
1791 337 1828 372 yt’u

1053 382 1150 413 milia;
1163 381 1219 416 ἔχοι
1235 383 1266 409 ἐκ
1277 382 1323 409 τοῦ
1339 383 1424 417 αὐτῆς
1435 383 1613 414 συνοικεσίου.
1627 383 1674 410 καὶ
1686 381 1737 417 τὴν
1744 384 1828 417 προῐκι

1053 428 1100 454 καὶ
1115 429 1163 463 τὴν
1175 429 1259 464 ἄλλην
1276 429 1327 463 τῆς
1344 430 1472 462 γυναικὸς
1496 429 1656 465 περιουσίαν
1681 429 1740 460 τοϊς
1765 436 1828 454 παισ

1053 473 1245 508 φυλάττεσθαι,
1271 476 1319 502 καὶ
1332 475 1402 502 οὕτω
1414 475 1458 502 τὸν
1478 475 1572 510 μοιχὸν
1587 474 1712 510 νομίμως
1736 474 1828 508 ἐλεγχόη

1054 530 1144 556 μενον,
1157 522 1215 557 ἅμα
1225 523 1257 557 τῇ
1272 522 1381 556 γυναικὶ
1389 522 1582 557 τιμωρεῖσθαι.
1597 521 1653 548 Καὶ
1670 521 1697 547 εί
1727 520 1776 555 μὲν
1787 520 1826 554 ἔχε

1052 569 1066 594 ὁ
1079 567 1173 602 μοιχὸς
1185 569 1320 603 γαμετὴν,
1339 568 1388 604 τὴν
1403 569 1505 604 προῖκα
1529 567 1578 594 καὶ
1600 567 1649 602 τὴν
1677 566 1732 600 προ
1752 566 1829 600 γάμοι

1053 613 1158 648 δωρεὰν
1172 614 1242 650 αὐτῇ
1255 613 1467 649 περισώζεσθαι,
1484 614 1534 649 τὴν
1545 613 1574 640 δὲ
1594 613 1678 648 ἄλλην
1687 611 1735 638 τοῦ
1747 611 1829 646 ἀνδρὸς

1053 659 1138 693 αὐτῆς
1152 658 1320 694 περιουσίαν,
1331 659 1356 685 εί
1371 659 1421 694 μέν
1437 659 1506 685 εἰσιν
1519 657 1639 689 ἀνυόντες
1655 657 1672 692 ἢ
1690 657 1826 687 κατιόντες

1053 703 1106 735 ἓως
1124 704 1215 738 τρίτου
1231 703 1336 738 βαθμοῦ
1353 703 1455 738 ταύτην
1466 703 1617 737 λαμϐάνειν
1628 700 1728 732 αὐτούς
1741 708 1748 716 ⁸
1776 700 1799 726 ει
1811 699 1830 726 δι

1056 749 1104 784 μὴ,
1121 748 1346 785 προσκυροῦσθαι
1361 748 1463 783 ταύτην
1473 747 1511 782 τῷ
1526 746 1660 782 δημοσίῳ.

1089 795 1121 821 Ui
1139 795 1238 830 μοιχοὶ,
1251 794 1414 829 τυπτόμενοι
1438 793 1487 820 καὶ
1510 792 1717 828 κουρευόμενοι,
1737 791 1830 825 ρινοιιο·

211 843 265 866 tur.
285 838 450 866 Internuntii
466 845 531 865 vero
546 843 574 865 et
601 837 676 872 impii
705 838 845 872 hujusquc
866 838 991 865 facinoril

1085 840 1211 867 είσθωσαν
1228 848 1236 858 ο
1248 841 1272 867 oi
1288 840 1316 868 δὲ
1331 839 1408 876 μέσοι
1425 839 1472 866 καὶ
1489 838 1623 874 ὑπουργοὶ
1646 837 1695 863 τοῦ
1722 835 1830 862 τοιούτου

210 885 363 913 administri
380 885 515 911 verberati
530 887 556 910 et
569 884 640 910 tonsi
658 885 685 910 in
703 888 864 918 perpetuum
882 883 997 910 mittan-

211 936 255 958 tur
276 931 413 958 exsilium.

246 976 317 1009 Quin
342 976 425 1004 etiam
442 981 470 1003 et
495 975 531 1002 32
559 974 664 1002 novella
692 974 869 1010 imperatoris
899 973 1001 1002 Leonis

211 1029 348 1058 congruas
377 1029 472 1057 pmnas
500 1021 636 1049 adulteris
659 1021 727 1049 viris
753 1025 781 1049 et
801 1020 934 1048 adulteris
963 1020 1002 1048 l'e-

210 1069 294 1097 niinis
309 1069 416 1096 Statuit.

246 1114 397 1141 Tricesima
409 1119 505 1141 octava
518 1121 584 1141 vero
596 1114 703 1141 novella
720 1113 874 1140 adulterum
885 1117 912 1140 et
924 1113 1001 1140 adul-

211 1167 300 1190 teram
315 1162 422 1189 narium
442 1162 615 1190 abscissione
635 1162 724 1197 punit,
738 1167 765 1188 et
781 1161 914 1193 decernit,
928 1162 1000 1196 quod

212 1209 330 1237 maritus
354 1208 484 1235 adulterae
500 1208 591 1235 dotem
609 1208 751 1241 lueretur;
768 1209 840 1235 illam
868 1213 958 1235 autem
973 1208 1000 1234 in

211 1255 383 1283 monasterio
400 1255 516 1286 includi,
546 1262 598 1282 nec
624 1259 715 1282 tamen
733 1255 845 1282 invitan:
870 1253 999 1288 tonderi;

212 1309 274 1336 qua:
287 1309 351 1328 vero
367 1301 439 1328 ultra
459 1300 551 1328 dotem
568 1305 634 1328 sunt
649 1301 794 1328 facultates
810 1301 870 1334 ejus
887 1301 959 1327 tilios
973 1303 1000 1327 ct

211 1348 412 1375 monasterium
432 1347 573 1379 dividere;
591 1348 632 1374 sin
660 1352 750 1374 autem
785 1355 838 1373 non
859 1347 941 1374 habet
968 1346 1001 1374 li-

212 1395 307 1425 heros.
322 1393 383 1429 ejus
400 1398 530 1429 parentes
551 1393 591 1421 vel
617 1393 686 1420 ali05
702 1401 734 1420 ex
751 1393 812 1428 ejus
826 1393 1000 1427 cognatione.

248 1483 328 1511 Actio
353 1482 481 1510 adulterii
501 1482 664 1515 intenditur,
695 1490 748 1509 non
772 1483 862 1510 solum
879 1483 915 1510 ob
935 1483 1001 1518 legi-

213 1530 287 1557 timae
302 1530 397 1558 uaoris
423 1535 561 1565 stuprum,
576 1529 623 1557 sed
647 1529 727 1556 etiam
749 1538 830 1565 super
852 1531 1001 1557 matrimo-

213 1576 302 1609 nium,
317 1576 391 1610 quod
408 1575 560 1603 consistere
582 1583 636 1602 non
656 1581 754 1610 potest,
769 1581 796 1603 et
816 1576 999 1612 illegitimum,

212 1623 241 1646 et
256 1619 406 1653 sponsalia,
418 1624 445 1645 ct
457 1618 683 1646 concubinatum.

249 1663 302 1697 Qui
317 1664 472 1691 adulterum
493 1671 556 1691 cum
584 1665 695 1699 propria
715 1673 801 1692 uxore
818 1666 844 1692 in
864 1666 924 1700 ipso
939 1671 1000 1693 actu

213 1709 408 1745 deprehendit,
426 1710 449 1737 si
476 1710 616 1744 contingat
650 1718 713 1737 eum
748 1711 885 1744 occidere,
901 1720 954 1740 non
971 1717 1002 1740 ut

213 1756 350 1783 homicida
368 1757 502 1791 punitur;
529 1757 557 1783 in
583 1765 631 1784 sua
649 1757 722 1784 enim
750 1759 859 1793 propria
874 1759 956 1786 domo
973 1760 1000 1787 in

213 1801 273 1836 ipso
292 1807 356 1828 actu
375 1802 490 1828 maritus
506 1802 664 1829 adulterum
680 1802 835 1830 interﬁcere
853 1808 951 1838 potest,
974 1809 1001 1832 ct

212 1847 288 1874 illum
313 1848 452 1875 scenicum
480 1848 521 1874 vel
550 1848 691 1874 infatuem.
708 1848 813 1876 Maritis
835 1856 926 1877 anteiit
946 1857 1000 1878 non

213 1894 373 1921 conceditur
389 1893 529 1920 adulteras
544 1901 609 1921 snas
632 1901 732 1921 uxores
749 1894 915 1923 interﬁcere.

249 1981 366 2009 Diversa:
384 1980 482 2008 deinde
508 1981 580 2015 leges
596 1981 704 2015 jubent,
726 1981 869 2008 mulicrcm
886 1990 939 2010 non
953 1983 1001 2010 ali-

212 2032 254 2054 ter
278 2027 454 2054 condemnari
481 2032 510 2054 ut
531 2027 696 2058 adulteram.
720 2035 799 2061 quam
819 2036 867 2062 per
891 2034 1000 2063 apertas

213 2073 398 2108 probationes.
427 2073 454 2100 id
483 2078 536 2105 est,
552 2081 599 2107 per
623 2074 745 2108 quinque
774 2079 860 2102 testes
875 2075 1000 2109 jurantes

213 2127 244 2147 se
259 2119 362 2147 vidisse
388 2119 415 2146 in
434 2120 493 2153 ipso
521 2122 584 2145 actu
613 2119 671 2146 ﬁeri
692 2119 868 2147 adulterium.
885 2120 943 2148 Hac
957 2130 1001 2148 ra-

1051 887 1224 921 ἀσεὸήματος
1244 886 1400 921 γεγονότες,
1413 885 1579 919 τυπτόμενοι
1597 883 1646 910 καὶ
1678 881 1830 917 κουρευόμε·

1051 942 1104 964 νοι,
1118 933 1238 967 διηνεκεῖ
1253 931 1536 968 παραπεμφθήτωσαν
1550 929 1653 965 ὲξορίᾳ.

1093 978 1172 1004 Ἀλλὰ
1195 977 1243 1004 καὶ
1266 977 1283 1012 ή
1293 976 1333 1012 λβ¹
1348 975 1434 1012 νεαρὰ
1447 975 1493 1002 τοῦ
1510 975 1642 1010 βασιλέως
1667 975 1779 1007 Λέοντος
1793 976 1831 1007 τὰς

1051 1024 1245 1060 προσηκούσας
1259 1024 1356 1055 ποινὰς
1365 1021 1514 1058 διορίζεται
1527 1022 1584 1053 τοῖς
1604 1022 1712 1056 μοιχοῖς
1725 1022 1770 1048 καὶ
1781 1023 1831 1053 ταῖς

1053 1072 1216 1107 μοιχαλίσιν.

1094 1117 1125 1144 'H
1143 1118 1170 1144 δὲ
1183 1117 1223 1152 λη’
1241 1116 1321 1152 ῥινῶν
1335 1117 1439 1152 ἐκτομῇ
1454 1116 1500 1143 τὸν
1532 1115 1626 1152 μοιχὸν
1641 1116 1691 1142 καὶ
1704 1115 1754 1150 τὴν
1780 1123 1832 1150 μοι·

1052 1163 1147 1199 χαλίδα
1163 1163 1284 1195 κολάζει,
1305 1163 1351 1190 καὶ
1363 1162 1519 1198 διορίζεται,
1537 1161 1584 1188 τὸν
1611 1161 1662 1197 μὲν
1692 1161 1772 1196 ἄνδρα
1790 1162 1831 1194 τῆς

1054 1209 1246 1245 μοιχευθείσης
1266 1209 1419 1245 κερδαίνειν
1440 1209 1491 1244 τὴν
1517 1208 1630 1243 προῖκα,
1654 1208 1739 1242 αὐτὴν
1761 1208 1787 1234 δὲ
1807 1208 1830 1233 ἑν

1053 1255 1229 1290 μοναστηρίῳ
1244 1253 1459 1290 περιορίζεσθςιι,
1476 1255 1523 1281 καὶ
1534 1255 1655 1281 ἄκουσαν
1677 1253 1715 1289 μὴ
1730 1253 1830 1280 mer-

1055 1302 1154 1336 ρεσθαι.
1164 1310 1171 1317 ·
1186 1301 1220 1328 τὰ
1230 1301 1258 1327 δὲ
1267 1301 1314 1336 τῆς
1325 1301 1439 1336 προικὸς
1453 1300 1580 1327 ἐπέκεινα
1603 1300 1753 1334 πράγματα
1776 1300 1829 1330 τοὺς

1053 1348 1150 1379 παῖδας
1162 1348 1244 1381 αὐτῆς
1262 1348 1309 1374 καὶ
1325 1346 1355 1373 τὸ
1383 1346 1565 1381 μοναστήριον
1590 1345 1784 1382 διανέμεσθαι”
1806 1345 1829 1379 ἢ.

1053 1393 1157 1420 παίδων
1171 1393 1209 1428 μὴ
1225 1392 1320 1423 ὅντων,
1332 1392 1395 1424 τοὺς
1407 1391 1503 1426 γονέας
1513 1391 1598 1426 αὐτῆς
1627 1391 1645 1426 ἢ
1673 1391 1743 1418 κατὰ
1763 1391 1829 1425 γένος

1053 1438 1144 1469 ἄλλως
1156 1438 1355 1472 προσήκοντας.

1094 1483 1127 1511 Ἰῐ
1143 1483 1249 1519 μοιχεία
1257 1483 1287 1509 οὐ
1306 1483 1384 1518 μόνον
1399 1483 1444 1509 ἐπὶ
1470 1482 1558 1519 φθορᾷ
1582 1483 1702 1518 νομίμου
1721 1482 1830 1518 γαμετῆς

1055 1530 1181 1561 κινεῖται,
1191 1529 1258 1555 ἀλλὰ
1268 1529 1314 1555 καὶ
1327 1529 1373 1555 ἐπὶ
1385 1529 1550 1561 ἀσυστάτου,
1563 1530 1610 1556 καὶ
1639 1529 1770 1564 ἀθεμίτου
1791 1529 1831 1562 γά-

1056 1585 1119 1611 μου,
1139 1577 1187 1602 καὶ
1202 1576 1362 1611 μνηστείας,
1378 1575 1425 1602 καὶ
1441 1575 1645 1611 παλλακισμοῦ.

1095 1667 1125 1693 '0
1152 1665 1198 1692 τον
1228 1664 1321 1700 μοιχὶν
1343 1665 1413 1700 μετὰ,
1437 1665 1487 1699 τῆς
1500 1665 1568 1696 ἰδίας
1591 1665 1722 1698 γυναικὸς
1735 1665 1762 1692 ἐν
1774 1673 1831 1698 συμ-

1055 1711 1142 1746 πλοκῇ
1156 1710 1328 1740 καταλαϐὼν,
1347 1709 1395 1736 ἐὰν
1417 1710 1508 1746 συμὸῇ
1539 1711 1622 1737 αὑτὸν
1646 1711 1761 1741 ἀνελεῖν,
1789 1711 1830 1735 oin

1055 1758 1198 1785 εὐθύνεται
1218 1757 1255 1788 ὡς
1266 1756 1429 1792 ἀνδροφόνος
1446 1764 1454 1772 θ
1470 1757 1498 1782 ἐν
1517 1757 1590 1792 μόνῳ
1605 1757 1659 1792 γὰρ
1670 1757 1711 1792 τῷ
1725 1757 1778 1791 ἰδίῳ
1798 1757 1830 1781 ol-

1055 1813 1096 1840 κῳ
1127 1803 1171 1830 ἐπ’
1198 1802 1350 1837 αὐτοφώρῳ
1379 1802 1492 1829 δύναται
1520 1802 1644 1836 φονεύειν
1662 1804 1710 1829 τὸν
1725 1802 1830 1837 with

1055 1849 1135 1884 ἀνὴρ,
1154 1849 1200 1874 καὶ
1215 1848 1309 1874 τοῦτον
1321 1847 1450 1883 σχηνικδν
1465 1847 1482 1882 ἢ
1495 1847 1592 1882 ἄτιμον
1610 1848 1687 1875 ὄντα.
1719 1849 1754 1874 Οὐ
1768 1848 1830 1873 δέδο-

1054 1904 1098 1922 ται
1112 1895 1139 1920 δὲ
1152 1895 1208 1924 τοῖς
1223 1894 1335 1928 ἀνδράσι
1350 1893 1474 1927 φονεύειν
1487 1893 1535 1924 τὰς
1567 1894 1758 1929 μοιχευθείσας
1786 1895 1826 1919 αὐγ

1054 1943 1108 1969 τῶν
1123 1944 1265 1977 γυναῖκας.

1090 1989 1219 2023 Διάφοροι
1243 1989 1271 2015 δὲ
1296 1988 1374 2020 νόμοι
1408 1987 1590 2020 Θεσπίζουσι,
1618 1989 1655 2024 μὴ
1680 1989 1763 2020 ἄλλως
1788 1987 1829 2019 τὴν

1055 2035 1171 2068 γυναῖκα
1190 2034 1381 2069 μοιχευθεῖσαν
1396 2034 1622 2070 κατακρίνεσθαι,
1640 2036 1664 2061 εί
1680 2036 1716 2070 μὴ
1735 2036 1828 2067 mea-

1054 2083 1139 2118 νερῶν
1157 2081 1331 2115 ἀποδείξεων,
1354 2083 1489 2114 τουτέστι,
1512 2083 1557 2109 διὰ
1587 2083 1667 2110 πέντε
1698 2081 1829 2117 μαρτύρων

1054 2129 1210 2163 ὀμνυόντων
1229 2129 1293 2155 ίδεῖν
1309 2128 1354 2154 ἐπ’
1366 2129 1516 2162 αὐτοφώρῳ
1532 2129 1583 2163 τὴν
1609 2129 1730 2163 μοιχείαν
1750 2127 1828 2154 reicu-

213 2166 287 2193 tionc
304 2173 354 2193 nec
367 2172 464 2193 omnes
481 2170 600 2198 possunt
614 2166 741 2193 adulterii
756 2168 892 2195 actionem
912 2169 991 2196 inten-

1085 2175 1151 2208 ἕνην.
1169 2174 1248 2200 Κατὰ
1260 2174 1340 2200 τοῦτο
1360 2175 1413 2209 γὰρ
1427 2174 1605 2205 οὐδὲδπάντες
1615 2174 1742 2200 δύνανται
1756 2172 1828 2198 κινεῖν

212 2212 298 2243 dere,
321 2211 368 2238 sed
394 2212 517 2246 quinque
548 2211 636 2238 solum
660 2219 795 2246 personae,
811 2214 937 2245 maritus,
953 2222 986 2250 pa

213 2263 254 2285 ter
271 2258 342 2292 ejus,
359 2257 454 2289 l'ratcr,
477 2261 603 2292 patruus,
617 2258 789 2292 avunculus;
805 2259 841 2286 ita
857 2261 930 2287 enim
945 2269 1001 2288 nta-

211 2305 253 2339 gis
277 2303 415 2331 credibilis
440 2304 469 2330 ﬁt
493 2303 655 2338 quaestionis
697 2308 856 2339 praetextus.
881 2306 910 2332 Si
936 2314 1001 2334 vero

212 2350 269 2377 sint
289 2349 425 2385 peregrini
442 2350 489 2384 qui
505 2354 648 2381 accusant,
665 2350 687 2376 si
699 2350 815 2386 quidem
827 2351 1001 2380 demonstra-

213 2397 312 2423 tionem
345 2396 482 2427 adferant,
510 2396 619 2422 narium
648 2395 822 2424 abscissione
848 2399 1001 2432 puniuntur

212 2443 349 2475 adulteri;
366 2443 408 2470 sin
426 2448 517 2469 autent
548 2447 659 2477 propter
675 2443 836 2470 inimicitias
851 2445 1001 2472 accusatio-

213 2498 274 2516 nem
295 2490 427 2516 detnlisse
441 2489 652 2521 eonvincantur,
669 2490 720 2524 ipsi
749 2491 872 2517 eamdem
890 2499 999 2525 pinnam

213 2536 341 2562 subeunt.
356 2535 453 2562 Mulier
473 2540 575 2568 autemI
589 2543 648 2570 quae
664 2543 695 2563 se
710 2536 862 2564 adulteram
891 2537 947 2571 ipsa
966 2538 1001 2564 fn-

214 2585 296 2611 tctnr,
313 2589 366 2607 non
392 2581 612 2614 condemnatur;
629 2581 701 2616 qtlttd
718 2582 800 2609 etiam
826 2590 926 2609 novum
947 2590 999 2610 est.

247 2627 299 2660 Qui
315 2627 383 2654 duas
402 2635 501 2654 moros
515 2628 606 2660 habet,
630 2629 790 2656 verberetur
807 2638 814 2656 :
837 2630 948 2663 expulsa
967 2630 1001 2656 ab

213 2674 273 2708 ipso
305 2681 391 2700 uxore
421 2674 638 2708 supcrinducta,
660 2680 688 2702 et
716 2675 810 2702 liberis
839 2684 871 2702 ex
896 2683 926 2702 ea
954 2684 1001 2703 na-

213 2720 259 2746 tis.

248 2766 300 2798 Qui
323 2765 392 2793 duas
407 2765 510 2793 habere
531 2773 632 2794 uxores
649 2767 837 2802 prazsumpsit,
849 2775 902 2795 non
931 2767 1000 2802 lege,

211 2814 258 2840 sed
276 2812 347 2839 farto
376 2812 496 2844 consilii.
525 2813 652 2840 adulterii
677 2814 815 2849 supplicio
839 2814 998 2849 subjicitur.

1053 2220 1084 2247 τὸ
1103 2220 1152 2254 τῆς
1169 2220 1291 2255 μοιχείας
1306 2220 1443 2254 ἔγκλημα,
1475 2220 1544 2247 ἀλλὰ
1576 2222 1711 2255 πρόσωπα
1734 2219 1805 2245 πέντε
1821 2225 1826 2231 ’

1052 2266 1226 2301 ἀνὴρ,πατὴρ
1238 2266 1333 2300 αὐτῆς,
1346 2266 1470 2300 ἁδελφὸς,
1483 2266 1554 2298 θεῖος
1566 2267 1634 2302 πρὸς
1643 2266 1755 2301 πατρὸς,
1767 2264 1828 2293 θεῖοῖ

1052 2311 1122 2347 πρὸς
1152 2311 1276 2346 μητρός,
1306 2310 1376 2337 οὕτω
1403 2311 1457 2346 γὰρ
1471 2311 1678 2348 εὐπιστοτὲραή
1708 2311 1827 2345 πρόφασιέ

1050 2358 1102 2393 τῆς
1112 2358 1414 2393 ζητήσεωςγίνεται.Εί
1425 2358 1452 2384 δὲ
1467 2357 1536 2391 ξένοι
1555 2358 1610 2384 εἷεν
1624 2359 1647 2384 οἱ
1663 2356 1827 2393 κατηγοροῦν-

1054 2411 1111 2435 τες,
1128 2404 1152 2429 εἰ
1167 2403 1216 2438 μὲν
1229 2402 1426 2435 ἀποδείξουσιν.
1440 2404 1542 2438 ἐκτομῇ
1557 2404 1611 2429 τῶν
1624 2405 1705 2439 ρινῶν
1714 2404 1737 2429 οἱ
1752 2400 1827 2437 μοηχιλὶ

1051 2448 1256 2484 τιμωροῦνται*
1289 2448 1322 2475 ἂν
1349 2449 1377 2475 δὲ
1407 2449 1653 2483 ἁπελεγχθῶσι,δι’
1679 2446 1828 2483 ἐχθραντὴν

1051 2494 1219 2529 κατηγορίαν
1236 2495 1428 2529 πεποιηκότες,
1445 2491 1518 2520 οὗτοι
1534 2494 1583 2529 τὴν
1596 2495 1722 2529 τοιαύτην
1745 2492 1827 2524 ποινὴν

1052 2540 1233 2574 ὑπομένουσιν
1250 2547 1257 2555 ·
1282 2539 1348 2572 ἀλλ’¹
1365 2540 1425 2565 οὐδὲ
1453 2540 1520 2574 αὑτὴ
1545 2541 1648 2575 ήγυνὴ
1675 2538 1826 2575 ὁμολογοῦσα

1054 2586 1230 2620 μοιχευθῆναι
1249 2586 1471 2617 καταδικάζεται,
1496 2586 1565 2620 ὅπερ
1590 2587 1637 2613 καὶ
1654 2586 1710 2613 ἔστι
1726 2584 1814 2612 καινόν,

1094 2632 1124 2658 Ὀ
1139 2633 1186 2658 δύο
1198 2632 1323 2667 γαμετὰς
1347 2633 1416 2666 ἔχων
1446 2633 1591 2659 τυπτέσθω
1609 2640 1617 2648 ·
1643 2631 1826 2665 ὲκδιωκομένης

1053 2679 1118 2712 παρ’
1135 2679 1218 2705 αὑτοῦ
1231 2679 1279 2714 τῆς
1293 2678 1457 2705 ἐπεισάκτου
1477 2679 1618 2713 γυναικὸς,
1632 2679 1701 2714 μετὰ
1723 2677 1774 2704 τῶν
1789 2683 1825 2701 τε-

1052 2723 1172 2758 χθέντων
1189 2724 1218 2756 ἐξ
1228 2724 1314 2760 αὐτῆς
1329 2724 1444 2751 παίδων.

1093 2769 1122 2794 ’11
1151 2769 1198 2796 δύο
1226 2770 1350 2805 γαμετὰς
1370 2769 1444 2805 ἔχειν
1469 2770 1610 2806 πειραθεὶς
1630 2771 1661 2798 ιιὺ
1676 2770 1757 2806 νόμῳ,
1770 2767 1825 2795 ἀλλὰ

1055 2815 1150 2851 partu)
1162 2816 1358 2852 προαιρέσεως,
1371 2816 1515 2843 ὑπόκειται
1531 2816 1571 2852 τῷ
1587 2817 1636 2852 τῆς
1651 2817 1765 2853 μοιχείας
1791 2815 1823 2848 tr-
