1856 3061
159 176 190 203 ξίι
752 169 884 200 ΜΑΤΤΙ]
889 168 937 198 [ΕΙ

1030 167 1137 196 STARI
1144 167 1164 195 S
1792 160 1828 190 28

161 229 241 255 idem
259 232 419 263 potestatem
450 227 585 256 concessit
615 226 752 255 Christus.
781 227 872 260 Quare
898 226 944 261 qui

1030 234 1062 256 ις,
1076 224 1162 250 τύπον
1185 223 1297 258 φέρουσι
1319 222 1373 249 τῶν
1390 221 1582 251 ἀποστόλων,
1602 217 1649 251 οἷς
1667 217 1722 251 τὴν
1750 217 1828 248 ἐξου-

161 275 221 301 siue
236 275 356 309 episcopi
373 281 508 302 consensu
525 272 716 301 confessiones
736 273 876 301 hominum
896 280 945 300 ex-

160 320 265 354 cipiunt
285 320 382 346 sacrati
416 319 552 350 monachi,
584 318 655 346 male
680 318 784 345 faciunt
814 321 841 345 et
867 317 946 344 valde

161 366 330 401 periculose;
356 372 443 399 neque
470 364 542 391 enim
564 364 698 396 solvendi,
725 371 814 399 neque
843 363 945 398 ligandi

162 412 318 440 facultatem
336 411 456 443 habent;
472 411 559 438 multo
575 411 661 446 magis
676 417 741 438 vero
757 410 864 445 profani
884 417 942 436 mo«

161 459 241 486 nachi
255 466 263 487 ;
277 458 331 485 illis
347 457 421 484 enini
435 457 548 484 omnino
562 456 729 491 permittere,
751 461 780 483 ut
793 455 946 483 confessio-

160 512 209 532 nes
239 503 379 531 hominum
406 502 545 537 excipiant
569 505 596 528 et
612 501 747 536 judicent,
773 509 944 536 nequaquam

161 549 264 576 licitum
281 553 334 576 est.
353 547 406 576 Sed
426 552 452 575 et
467 548 601 582 septimus
614 546 804 583 pcenitentium
823 546 947 574 reconci-

160 596 311 628 liationem,
342 595 365 623 si
389 595 423 622 de
447 594 503 622 vita
527 594 727 629 periclitentur,
742 593 803 621 sine
826 592 946 628 episcopi

159 641 293 676 perutissu
321 641 494 676 presbyteros
524 639 614 668 lacere
647 643 773 674 oportere
806 646 860 667 non
886 638 946 666 exi-

160 687 265 714 stiuiat.

197 777 296 804 Eadem
308 778 389 805 etiam
403 777 438 805 46
451 777 599 804 decernens
612 787 618 804 :
634 777 661 804 Si
676 784 740 804 vero
753 776 834 808 absit,
847 775 946 810 inquit,

160 823 316 856 cpiscopus,
333 826 360 849 et
376 822 398 849 is
413 822 458 857 qui
472 823 662 856 paenitentiam
677 823 733 857 agit
748 822 775 848 in
791 821 945 856 periculum

160 867 295 895 adductus
305 869 351 900 sit,
361 868 436 895 illiiui
449 868 605 895 reconciliet
616 869 767 903 presbyter.
778 867 874 900 Quaere
889 872 915 894 et
929 867 946 894 8

997 271 1058 299 σίαν
1070 270 1171 304 ταύτην
1187 270 1200 296 ὸ
1220 269 1337 302 Χριστὸς
1361 268 1543 302 ἐνεχείρισεν
1555 273 1564 280 ·
1584 264 1667 291 ὥστε
1693 263 1721 289 οἱ
1739 263 1827 298 χωρὶς

995 316 1148 351 ἐπιτροπῆς
1160 315 1310 341 ἐπισκόπου
1321 314 1460 349 δεχόμενοι
1473 312 1647 347 λογισμοὺς
1663 308 1826 345 ἀνθρώπων

997 362 1140 398 ἱερωμένοι
1154 361 1268 396 μοναχοὶ
1277 361 1368 391 κακῶς
1385 360 1509 390 ποιοῦσι,
1522 358 1576 385 καὶ
1590 358 1662 384 λίαν
1682 355 1827 383 ἐπικινδύ-

995 417 1047 439 νως
1057 417 1063 423 ·
1076 407 1139 434 οὔτε
1154 407 1208 442 γὰρ
1224 407 1309 439 λύειν,
1322 405 1385 433 οὔτε
1399 406 1514 442 δεσμεῖν
1535 405 1664 440 ἔχουσιν
1679 403 1825 435 ἐξουσίαν,

997 454 1087 490 πολλῷ
1101 454 1130 481 δὲ
1154 453 1254 489 μᾶλλον
1272 454 1298 480 o!
1324 453 1427 488 ἁνίεροι
1455 452 1584 487 μοναχοι
1597 460 1605 468 ο
1634 450 1754 481 τούτοις
1770 449 1824 483 γὰρ

997 501 1043 528 καὶ
1058 500 1090 526 τὸ
1107 499 1253 535 ἐπιτρέψαι
1268 499 1338 529 ὅλως
1354 498 1507 533 λογισμοὺς
1525 496 1704 531 ἀνθρώπων
1728 495 1825 522 ἀναδέ-

997 546 1095 581 χεσθαι
1117 547 1164 573 καὶ
1191 545 1295 581 κρίνειν
1319 545 1419 580 ἥκιστα
1451 543 1588 579 ϋεμιτόν.
1615 542 1709 569 Ἀλλὰ
1734 540 1784 567 καὶ
1809 543 1824 567 ὁ

996 591 1109 627 ἕϐδομος
1153 591 1203 626 τὴν
1229 591 1403 625 καταλλαγὴν
1432 590 1487 616 τῶν
1524 588 1771 625 μετανοούντων,
1798 587 1822 613 εὶ

997 636 1064 671 περὶ
1079 637 1128 671 τὴν
1143 636 1217 671 ζωὴν
1239 635 1453 666 κινδυνεύουσιν,
1469 635 1525 661 οὐκ
1553 633 1654 660 οἴεται
1673 634 1738 659 δεῖν
1757 632 1822 662 τοὺς

997 681 1206 717 ’πρεσὸυτέρους
1226 682 1324 714 ποιεῖν,
1342 680 1493 715 ἐπιτροπῆς
1521 679 1597 706 ἄνευ
1616 678 1670 705 τοῦ
1701 676 1821 704 ἐπισκό-

998 736 1051 754 που
1056 747 1064 755 α

1034 774 1126 801 Ταῦτα
1144 775 1192 801 καὶ
1205 775 1220 801 ὁ
1236 777 1282 809 μγ’
1296 773 1493 808 διοριζόμενος,
1509 772 1546 799 Εἰ
1563 772 1595 798 δὲ
1623 770 1748 802 ἄπεστι,
1768 778 1819 804 φη-

999 821 1053 852 σὶν,
1070 821 1084 846 ό
1109 820 1270 852 ἐπίσκοπος,
1296 819 1342 847 καὶ
1358 820 1372 846 ὀ
1395 820 1425 845 ὲν
1443 817 1586 854 μετανοίᾳ
1610 817 1654 844 ὢν
1671 818 1704 842 ἑν
1727 816 1818 850 χρόνῳ

999 867 1125 893 κινδύνου
1156 867 1317 902 γεγένηται,
1346 865 1560 892 καταλλαττέτω
1590 863 1700 890 τοῦτον
1730 862 1780 888 καὶ
1803 862 1817 887 ὁ

161 921 220 947 cap.
239 914 333 941 littera:
353 913 384 947 K,
400 919 427 942 et
450 914 477 942 in
495 915 525 942 5|
554 922 613 949 cap.
634 914 674 941 lit.
705 914 723 940 E
747 921 809 941 cau.
827 913 861 941 40
885 921 945 948 syu.

1030 912 1195 946 τεσϐὑτερος.
1211 913 1292 947 Ζήτει
1308 911 1398 938 καὶτὸ
1411 911 1435 946 η’
1450 919 1514 944 κεφ.
1530 909 1587 937 τοῦ
1604 910 1632 936 Κ
1649 908 1792 943 στοιχείου
1805 926 1813 938 ,

161 957 400 988 Neocmsariensis.

163 1057 239 1091 Quod
255 1058 375 1086 civilibus
398 1063 489 1093 postea
517 1059 616 1094 legibus
638 1059 840 1086 humanioribus
864 1058 947 1085 visum

444 1094 584 1129 suppliciis
597 1095 645 1121 uti.
698 1120 702 1124 .

195 1138 266 1171 Quin
280 1140 361 1167 etiam
376 1141 537 1168 vetustiores
552 1141 624 1175 leges
636 1140 662 1167 in
677 1139 836 1172 humanius,
850 1145 877 1167 et
892 1147 946 1167 non

161 1185 241 1220 quale
257 1186 332 1220 prius
356 1186 518 1216 habuerunt.
543 1186 689 1221 judicium,
719 1186 746 1213 in
768 1186 839 1214 dicta
857 1186 946 1220 legum

161 1231 275 1264 repetita
317 1231 479 1259 recensione
515 1235 738 1265 commutantur;
776 1231 833 1266 ipsa
871 1231 944 1258 enim

160 1278 272 1312 abrogat
286 1286 389 1305 morem
405 1278 497 1305 statim
514 1278 696 1306 interﬁciendi
723 1285 770 1306 eos
784 1278 829 1313 qui
846 1278 873 1305 in
888 1285 945 1304 ina-

160 1324 220 1358 guis
234 1324 395 1351 criminibus
409 1324 570 1358 deprehensi
599 1328 674 1351 sunt.
692 1323 841 1359 Imperator
859 1323 944 1356 enim,

159 1369 206 1403 qui
230 1370 307 1396 istam
339 1371 481 1404 repetitam
513 1369 710 1397 correctionem
737 1370 810 1401 fecit,
839 1369 945 1397 nullum

159 1424 264 1447 eorum,
281 1424 341 1451 quin
368 1417 479 1443 suntin
503 1416 617 1451 digestis
648 1417 690 1444 vel
721 1417 850 1444 institutls
884 1424 946 1443 cru-

161 1461 219 1488 dele
239 1461 402 1496 supplicium
419 1461 559 1496 probavit;
583 1469 671 1496 ncque
691 1462 763 1488 enim
786 1462 875 1495 capite
890 1461 947 1496 ple-

159 1511 232 1534 ctere
244 1507 374 1539 decrevit,
391 1515 478 1541 neque
493 1506 628 1542 lapidibus
657 1507 783 1539 obruere,
803 1507 843 1535 vel
871 1515 945 1534 com-

160 1552 269 1584 burere,
285 1553 326 1579 Vel
344 1553 455 1587 laqueos
474 1553 631 1585 intendere;
663 1553 804 1588 prohibuit
820 1553 900 1579 etiam
917 1553 944 1579 iu

999 959 1045 985 καὶ
1061 959 1089 984 ὲν
1104 958 1143 993 τῷ
1157 958 1198 984 λα’
1212 966 1275 990 κεφ.
1288 957 1336 984 τοῦ
1351 957 1371 983 Ε
1386 957 1520 992 στοιχείου
1537 956 1655 983 κανόνα
1672 955 1702 990 μ’
1720 955 1772 988 τῆς
1787 954 1816 979 ἐν

998 1003 1201 1039 Νεοκαισαρείᾳ
1219 1003 1341 1030 συνόδου.

1000 1060 1064 1087 Ὀτι
1077 1060 1127 1086 καὶ
1141 1060 1205 1092 τοῖς
1223 1060 1391 1093 πολιτικοῖς
1403 1060 1535 1094 ὕστερον
1553 1060 1673 1093 νόμοις
1702 1059 1814 1092 φιλαν-

1027 1096 1214 1129 θρωπότερον
1228 1095 1316 1128 ἔδοξε
1331 1095 1396 1129 ταῖς
1409 1096 1566 1130 τιμωρίαις
1584 1094 1782 1128 κεχρῆσθαι.

1039 1141 1119 1167 Ἀλλὰ
1135 1142 1181 1167 καὶ
1205 1142 1230 1168 οἱ
1244 1141 1427 1176 πρεσϐύτεροι
1442 1141 1497 1168 τῶν
1522 1141 1626 1175 νόμων
1649 1140 1701 1167 ὲπ¹ι
1720 1140 1752 1165 τὺ
1768 1147 1814 1173 φι-

997 1185 1233 1220 λανθρωπότερον,
1247 1187 1295 1213 καὶ
1309 1187 1358 1221 οὐχ
1372 1186 1408 1218 ὡς
1423 1184 1497 1221 εἶχον
1511 1187 1662 1222 πρότερον
1675 1185 1808 1220 κρίσεως,

997 1235 1026 1260 ὲν
1039 1236 1072 1269 τῇ
1086 1234 1220 1270 λεγομένῃ
1234 1235 1288 1261 τῶν
1298 1235 1390 1268 νόμων
1402 1233 1598 1269 ἀνακαθάρσει
1613 1231 1810 1268 μετασέσλην-

996 1288 1059 1306 ται·
1078 1280 1186 1314 ἀναιρεῖ
1209 1280 1263 1316 γὰρ
1283 1280 1352 1314 αὕτη
1370 1280 1399 1306 τὸ
1422 1280 1505 1311 εὐθὺς
1522 1279 1713 1315 ἀναιρεῖσθαι
1741 1277 1806 1308 τοὺς

998 1326 1128 1361 μεγάλοις
1154 1326 1308 1358 ἑαλωκότας
1334 1326 1516 1361 ἐγκλήμασιν.
1539 1325 1572 1352 '0
1596 1325 1657 1360 γὰρ
1674 1324 1729 1359 τὴν
1741 1324 1806 1350 ἁνα-

997 1373 1130 1408 κάθαρσιν
1163 1372 1266 1406 ταύτην
1297 1371 1463 1406 συνθέμενος
1498 1371 1635 1406 βασιλεὺς
1667 1368 1803 1404 οὐδεμίαν

997 1416 1051 1442 τῶν
1066 1416 1096 1443 ὲν
1118 1416 1175 1447 τοῖς
1200 1415 1337 1450 διγέστοις
1350 1416 1366 1447 ἦ
1393 1418 1452 1447 ταῖς
1469 1416 1633 1449 διατάξεσιν
1651 1414 1802 1449 ἀπάνθρω-

997 1470 1048 1488 πον
1062 1461 1159 1496 ποινὴν
1175 1463 1334 1496 προσήκατο
1348 1471 1355 1478 ·
1373 1461 1436 1488 οὔτε
1449 1462 1501 1497 γὰρ
1520 1462 1651 1497 κεφαλῆς
1667 1461 1800 1496 ἀφαιρεῖν

996 1508 1151 1540 ἐθέσπισεν,
1167 1508 1229 1535 οὔτε
1241 1508 1413 1541 καταλεύειν,
1428 1508 1444 1543 ἢ
1459 1508 1556 1538 καίειν.
1573 1508 1591 1543 ἢ
1614 1508 1720 1543 βρόχον
1736 1506 1799 1539 ἐξά-

996 1562 1093 1580 σιιτεινι
1124 1554 1260 1590 ἀπείρηκε
1292 1554 1319 1580 δὲ
1345 1555 1391 1580 καὶ
1407 1554 1456 1589 τὴν
1478 1555 1507 1581 ὲν
1522 1555 1560 1589 τῷ
1586 1555 1642 1589 τῆς
1658 1553 1798 1586 θαλάττης

161 1598 245 1624 maris
274 1585 458 1632 proluiiditute
495 1585 714 1626 suﬂ‘ocatiouein.
745 1599 821 1626 Licet
853 1604 943 1626 autem

1033 1599 1072 1633 οῷ
1088 1585 1252 1635 πνιγμονῆν.
1280 1600 1310 1626 Ei
1327 1600 1355 1626 δὲ
1367 1601 1414 1626 καὶ
1433 1585 1562 1634 υποσχεῖν
1576 1585 1664 1631 τινας
1689 1585 1800 1633 κεφαλι-

159 1645 290 1678 (ιιιιιειιοιιι
314 1645 444 1678 capitales
476 1645 542 1671 dare
570 1652 665 1679 pinnas
694 1646 840 1679 aliquando
857 1646 944 1680 jubet,

160 1697 214 1716 non
228 1694 330 1722 tamen,
351 1690 450 1724 inquit,
467 1689 633 1723 mortiferas,
649 1691 696 1718 sed
712 1691 801 1718 solum
820 1691 942 1725 relegari,

159 1735 200 1762 vel
229 1735 256 1762 iu
286 1743 423 1762 carcerem
451 1736 563 1767 includi,
588 1737 729 1764 oculorum
757 1737 944 1769 ell‘ossionem,

160 1789 258 1808 manus
274 1781 483 1814 abscissionem,
508 1786 534 1809 et
562 1782 641 1808 aliam
668 1783 790 1817 corporis
816 1783 943 1818 iujiiriam

159 1828 226 1863 pati,
247 1836 307 1862 quae
330 1828 517 1856 conversionis
549 1829 779 1864 opportunitatem
814 1830 874 1861 illi,
897 1831 944 1865 qui

159 1875 313 1909 puniendus
329 1879 381 1906 est,
407 1875 538 1910 temporis
563 1875 726 1903 extensione
753 1876 891 1910 priebeat,
918 1881 945 1903 et

159 1921 214 1947 illis
249 1921 296 1955 qui
313 1921 381 1955 lapsi
400 1926 463 1948 sunt
483 1921 712 1956 resipiscentiam.
725 1921 859 1950 Omnibus
872 1923 943 1949 enim

157 1967 326 1994 novellarum
349 1967 452 2001 legibus
469 1967 617 1995 humanius
643 1967 750 1994 videtur
761 1970 944 2003 priecedentes

160 2013 233 2045 leges
258 2013 441 2047 interpretari,
470 2018 495 2040 et
513 2014 552 2040 sic
575 2015 724 2041 sententias
737 2015 812 2041 ferri.
834 2014 862 2041 Si
881 2023 945 2043 vero

160 2059 232 2092 leges
257 2058 351 2086 civili-8
373 2059 568 2086 humanitatem
586 2059 653 2086 adeo
679 2065 841 2092 exerceant,
860 2062 945 2088 multo

159 2099 459 2140 tiiagis'ecitlesiasticm.
488 2105 623 2133 Doceiiiur
646 2107 718 2133 enim
743 2115 758 2133 a
773 2107 944 2134 Christiano-

160 2159 217 2177 rum
232 2159 346 2185 corpore
372 2151 531 2178 exscindere
545 2152 698 2184 haereticos,
726 2157 755 2178 ut.
778 2157 806 2180 et
828 2161 876 2180 eos
897 2154 943 2187 qui

160 2197 287 2224 absurdis
308 2202 432 2224 leuentur
443 2197 621 2230 criminibus;
639 2198 735 2232 punire
751 2207 815 2225 vero
835 2207 886 2226 uou
899 2200 940 2226 di-

996 1647 1047 1677 κάς
1064 1646 1121 1672 ἐσθ’
1140 1647 1184 1673 ὅτε
1211 1645 1317 1672 κελεύει
1344 1645 1451 1678 ποινὰς,
1470 1646 1528 1672 ἀλλ’
1545 1646 1576 1672 οὐ
1600 1647 1653 1677 τὰς
1683 1645 1800 1678 θανατη-

996 1691 1097 1726 φόρους
1113 1692 1221 1723 ὲκείνας
1236 1692 1316 1726 φησὶ,
1330 1692 1360 1718 τὸ
1375 1692 1403 1718 δὲ
1420 1692 1598 1727 ὑπερορίσαι,
1618 1693 1635 1728 ἢ
1648 1693 1681 1720 ἐν
1698 1692 1795 1727 εἱρκτῇ

996 1738 1165 1772 περιορίσαι,
1181 1739 1230 1772 τὴν
1249 1738 1304 1764 τῶν
1325 1738 1473 1771 ὀφθαλμῶν
1494 1739 1633 1774 ἐκκοπὴν,
1649 1739 1701 1774 τὴν
1714 1738 1796 1772 ἀφαί-

997 1790 1072 1817 ρεσιν
1085 1782 1136 1817 τῆς
1152 1782 1254 1818 χειρὸς,
1273 1783 1320 1809 καὶ
1346 1782 1395 1817 τὴν
1411 1783 1495 1818 ἄλλην
1516 1784 1581 1819 περὶ
1595 1785 1630 1811 τὸ
1646 1785 1730 1819 σῶμα
1745 1783 1795 1809 λώ-

996 1828 1057 1863 δην,
1072 1828 1089 1863 ἣ
1108 1828 1211 1855 δύναιτ’
1226 1829 1258 1855 ἂν
1273 1830 1319 1855 καὶ
1333 1829 1503 1864 ἐπιστροφῆς
1516 1831 1614 1866 καιρὸν
1634 1831 1793 1866 παρασχεῖν

995 1874 1034 1909 τῷ
1061 1875 1270 1910 τιμωρουμένῳ,
1287 1877 1320 1910 τῇ
1347 1875 1394 1902 τοῦ
1424 1876 1522 1910 χρόνου
1551 1877 1726 1911 παρατάσει,
1743 1876 1791 1901 καὶ

996 1921 1050 1948 τῶν
1069 1922 1262 1956 ἐπταισμένων
1278 1923 1435 1957 μετάνοιαν.
1457 1923 1528 1949 Πᾶσι
1545 1923 1600 1958 γὰρ
1620 1925 1679 1955 τοῖς
1698 1922 1792 1958 νόμοις

994 1966 1048 1991 τῶν
1062 1966 1168 2002 νεαρῶν
1179 1967 1226 1993 ἐπὶ
1239 1967 1269 1992 τὺ
1283 1967 1540 2003 φιλανθρωπότερον
1558 1969 1633 1996 δοκεῖ
1646 1969 1711 2000 τοὺς
1724 1977 1790 2003 προ-

995 2010 1126 2043 λαϐόντας
1150 2012 1352 2047 ἑρμηνεύεσθαι
1374 2014 1485 2048 νόμους,
1505 2014 1553 2042 καὶ
1569 2015 1643 2042 οὕτω
1653 2015 1707 2046 τὰς
1722 2016 1790 2042 ἀπο-

995 2056 1093 2090 φάσεις
1109 2056 1242 2090 γίνεσθαι.
1259 2058 1288 2083 Εἰ
1307 2058 1335 2084 δὲ
1351 2059 1376 2084 οἱ
1398 2058 1534 2086 πολιτικοὶ
1549 2060 1628 2093 νόμοι
1643 2060 1716 2087 οὕτω
1741 2068 1786 2094 με-

994 2100 1171 2128 ταποιοῦνται
1200 2101 1419 2137 φιλανθρωπίας,
1445 2104 1535 2139 πολλῷ
1555 2105 1658 2140 μᾶλλον
1687 2107 1713 2133 οἱ
1738 2106 1787 2138 τῆς

1000 2146 1166 2182 Ἐκκλησίας
1177 2156 1185 2164 '
1204 2149 1351 2175 ὲκκήπτειν
1371 2150 1426 2185 γὰρ
1442 2150 1489 2176 τοῦ
1505 2151 1630 2186 σώματος
1649 2153 1704 2179 τῶν
1721 2154 1787 2188 Χρι-

996 2193 1110 2219 στιανῶν
1126 2194 1189 2225 τοὺς
1211 2195 1369 2228 αἱρετικοὺς
1390 2195 1583 2231 δεδιδάτμεθα,
1598 2199 1668 2233 πρὸς
1693 2200 1722 2226 δὲ
1737 2199 1784 2224 καὶ

158 2243 287 2276 dicimus,
322 2244 369 2270 sed
399 2243 564 2270 iiicurabiles
595 2243 645 2278 legi
675 2244 746 2270 Cl\'lll
776 2246 891 2276 tradere,
913 2250 942 2272 ul

1030 2239 1057 2270 νς
1079 2240 1190 2271 ἀτόποις
1213 2242 1390 2277 ἐνεχομένους
1410 2243 1577 2278 ἐγκλήμασι,
1601 2244 1783 2280 τιμωρεῖσθαι

157 2297 173 2316 a
186 2289 392 2324 magistratibus
414 2289 495 2316 illatae
512 2290 642 2316 adversus
656 2297 702 2316 eos
729 2291 872 2318 sentcntiae
889 2298 940 2318 ex-

157 2335 293 2362 secutioui
312 2335 488 2362 mandentur.

160 2427 239 2462 182
256 2426 332 2454 CAP.
351 2426 384 2453 X.
399 2426 437 2453 De
452 2426 484 2452 iis
511 2426 555 2460 qui
575 2426 683 2459 impuris
699 2426 764 2454 cibis
791 2433 940 2454 vescuntur.

194 2472 310 2500 Sanctus
347 2472 496 2506 Gregorius
535 2471 756 2506 Thaumaturgus
792 2473 818 2500 in
853 2474 943 2508 primo

158 2527 210 2545 suo
228 2526 332 2545 canone
343 2539 350 2550 ,
365 2518 425 2544 Non
441 2525 533 2553 grave,
549 2518 648 2552 inquit,
670 2519 747 2546 ulfcrt
760 2521 900 2551 damnum.
919 2520 942 2547 si

157 2564 308 2598 prohibitos
332 2564 358 2590 iu
383 2563 506 2591 barbaris
520 2564 606 2596 cibos,
623 2564 664 2592 vel
681 2566 764 2591 etiam
781 2573 841 2600 qui».
861 2565 943 2593 idolis

157 2610 358 2641 sacrilicantur,
377 2610 553 2644 degustarent
571 2611 683 2644 captivi,
711 2616 822 2645 propter
850 2619 944 2639 neces-

157 2657 265 2684 sitatem
278 2662 305 2684 et
322 2656 374 2683 vim
390 2657 559 2691 corporalem
574 2662 670 2685 natura
685 2658 776 2685 cibum
789 2659 943 2686 necessario

156 2703 294 2737 exigente.
310 2703 369 2736 Ipse
382 2703 453 2729 cnim
471 2703 560 2738 inquit
574 2703 713 2735 Servatur,
733 2713 742 2729 ι
762 2703 820 2731 Non
836 2713 897 2738 qua:
915 2704 941 2730 in

159 2753 282 2774 ventrem
299 2748 400 2775 intrant
428 2749 607 2784 coinquinant
627 2750 777 2781 hominem,
807 2750 854 2777 Sed
883 2758 944 2785 qua:

157 2792 346 2826 egrediuutiu.
366 2802 375 2819 ι
405 2793 490 2828 lgitur
518 2794 563 2828 qui
589 2794 666 2821 cibos
702 2793 825 2829 impuros
848 2803 943 2823 conie-

156 2838 245 2866 derint
261 2840 350 2866 minus
375 2841 537 2880 puniuntur,
556 2840 579 2867 si
609 2841 750 2867 servitutis
777 2841 842 2877 jugo
866 2842 942 2870 labo-

162 2889 251 2913 iaiilcs
264 2890 290 2913 it
311 2886 419 2921 legitimi
439 2886 559 2913 alimenti
578 2886 669 2921 inopia
694 2888 792 2916 vetitos
813 2889 888 2916 cibos
905 2894 943 2917 ts-

993 2285 1021 2311 δὲ
1040 2285 1069 2311 οὐ
1085 2286 1298 2322 μεμαθήκαμεν,
1327 2287 1384 2314 ἀλλ’
1407 2288 1585 2322 ἀμεταθέτως
1608 2290 1730 2325 ἔχοντας,
1746 2289 1782 2322 τῷ

994 2331 1125 2367 πολιτικῷ
1140 2333 1216 2369 νόμῳ
1233 2334 1423 2368 παραδιδόναι,
1441 2335 1478 2367 ὡς
1494 2336 1561 2369 πρὸς
1576 2337 1631 2362 τῶν
1644 2337 1783 2371 ἀρχόντων

992 2377 1042 2408 τὰς
1059 2378 1117 2404 κατ’
1130 2379 1219 2405 αὐτῶν
1234 2379 1385 2414 ἀποφάσεις
1402 2381 1578 2415 ἐκφέρεσθαι.

1099 2425 1224 2452 ΚΕΦΑΛ.
1242 2424 1271 2452 l'.
1287 2425 1357 2460 Περὶ
1371 2428 1676 2461 μιαροφαγησάντων.

1033 2470 1065 2497 '0
1081 2470 1160 2504 ἅγιος
1185 2471 1335 2506 Γρηγόριος
1361 2473 1375 2498 ὀ
1400 2472 1614 2509 Θαυματουργὸς
1653 2476 1681 2500 ὲν
1707 2474 1774 2508 τῷα

997 2515 1105 2546 κανόνι,
1121 2516 1158 2542 Οὐ
1184 2515 1299 2551 βαρεῖαν
1316 2518 1436 2551 ἐμποιεῖ,
1459 2518 1536 2553 φησὶ,
1558 2519 1607 2554 τὴν
1629 2519 1741 2554 βλάἧην,
1757 2519 1780 2544 εἰ

995 2563 1050 2589 τῶν
1064 2565 1093 2589 ὲν
1107 2564 1164 2594 τοῖς
1187 2563 1336 2598 βαρϐάροις
1356 2565 1591 2600 ἀπηγορευμένων
1615 2566 1778 2601 βρωμάτων,

993 2609 1070 2643 ἦκα).
1097 2609 1283 2636 εἰδωλοθύτων
1309 2611 1459 2644 ἐγεύσαντο
1490 2612 1515 2638 οἱ
1540 2613 1719 2646 αἰχμάλωτοι,
1748 2611 1780 2637 δι’

995 2656 1118 2690 ἀνάγκην
1135 2657 1182 2683 καὶ
1209 2657 1269 2692 βίαν
1290 2658 1463 2692 σωματικὴν,
1480 2658 1528 2692 τῆς
1552 2658 1661 2692 φύσεως
1679 2659 1780 2693 τραφῆ-

994 2712 1038 2729 ναι
1057 2703 1231 2738 βιαζομένης.
1261 2704 1348 2736 Αὐτὸς
1373 2706 1427 2739 γὰρ
1445 2706 1556 2740 εἴρηκεν
1575 2706 1589 2732 ὁ
1608 2707 1715 2743 Σωτὴρ,
1740 2706 1779 2732 ὃτι

998 2758 1008 2776 ι
1022 2750 1058 2776 Οὐ
1067 2749 1100 2776 τὰ
1116 2751 1333 2785 εἰσπορευόμενα
1350 2752 1389 2782 εἰς
1402 2752 1452 2786 τὴν
1467 2752 1571 2779 κοιλίαν
1586 2755 1673 2780 κοινοῖ
1682 2752 1725 2779 τὸν
1737 2751 1778 2778 ἆν-

994 2797 1114 2832 ορωπον,
1129 2797 1198 2825 ἀλλὰ
1225 2798 1259 2824 τὰ
1276 2798 1494 2832 ἐκπορευόμενα.
1516 2808 1525 2823 ι
1544 2800 1592 2825 Διά
1615 2808 1646 2832 γε
1664 2799 1718 2834 μὴν
1731 2799 1778 2832 τὴν

997 2844 1182 2878 μιαροιραγίαν
1198 2844 1317 2879 ήττόνως
1334 2845 1591 2879 ὲπιτιμηθήσονται,
1608 2846 1633 2871 εὶ
1657 2846 1706 2871 καὶ
1731 2843 1777 2875 τῆς

995 2890 1194 2925 νενομισμένης
1231 2889 1336 2925 τροφῆς
1374 2890 1476 2925 ἀπορίᾳ
1506 2890 1560 2917 τῶν
1589 2889 1778 2926 ἀπειρημένων
