1856 3061
192 89 228 119 35
791 87 973 118 MAT'I‘IIIEI
990 88 1201 121 BLASTARIS

192 147 283 174 dotem
300 147 419 175 habere:
436 153 463 176 et
478 149 510 175 ad
526 149 587 181 hoc,
600 148 622 175 si
636 147 705 174 ﬁlios
719 154 775 174 non
792 146 902 179 habeat,
918 152 969 175 lati:

1070 158 1078 174 I
1091 151 1190 184 προῖκα
1199 159 1208 167 θ
1222 153 1267 177 καὶ
1279 153 1347 188 πρὸς
1358 154 1474 185 τούτοις,
1484 155 1508 180 εἰ
1524 151 1621 185 παῖδας
1633 154 1671 189 μὴ
1680 154 1748 189 ἔχοι,
1762 162 1845 180 τοσ-

193 199 248 220 tmn
263 194 393 227 accipere
406 202 437 221 ex
469 195 521 221 alia
545 188 638 221 uxoris
658 193 821 225 substantia,
848 197 979 228 quantum

191 239 262 265 dotis
295 239 375 266 tertia
403 247 466 274 pars
495 247 556 267 esse
587 240 768 274 cognoscitur,
790 244 818 265 ut
843 238 901 272 eius
920 246 982 272 pro-

193 285 302 318 prietati
320 291 345 312 et
360 286 410 312 dus
426 291 453 312 et
469 293 484 312 a
501 286 578 313 nobis
591 285 701 312 deﬁnita
723 291 802 320 pteua
817 285 978 319 applicetur.

193 329 221 356 Si
239 331 310 356 enim
330 331 399 357 ﬁlios
414 331 540 358 habuerit
554 338 586 358 ex
601 332 661 366 ejus
678 330 864 363 matrimonio,
884 336 911 357 et
933 331 980 358 do-

193 381 246 403 tem
268 377 403 411 aliamque
430 377 551 404 nndieris
579 377 760 404 substantiam
777 377 841 404 ﬁliis
870 385 981 404 rousezx

194 423 270 454 vari,
297 428 325 449 et
360 423 395 449 ita
425 422 576 449 adulterum
610 423 730 457 legitime
750 424 902 450 convictum
927 430 979 449 una

191 476 253 495 cum
271 475 356 495 uxore
382 468 482 502 puniri.
510 468 542 495 Et
563 469 588 495 si
610 469 720 502 quidem
742 476 852 496 uxorem
883 469 981 496 haheat

191 515 308 547 adulter,
323 523 383 541 eam
399 520 426 542 et
442 516 532 543 dotem
544 520 572 542 et
587 519 651 542 ante
677 515 785 548 nuptias
805 515 978 542 donationem

190 560 331 596 accipere:
355 561 436 588 aliam
470 569 535 588 vero
551 561 643 588 mariti
669 560 862 592 substantiam,
884 561 905 588 si
927 561 981 588 sint

190 606 300 641 quidem
326 607 506 634 ascendentes
535 606 578 633 vel
613 606 811 634 descendentes
836 613 920 641 usque
946 606 980 633 ad

190 653 300 679 tertiqu
318 653 444 688 gradum,
463 653 523 680 illos
534 660 594 680 eam
615 653 754 688 accipere;
771 652 812 680 sin
824 658 980 680 autemnon

189 699 254 731 sint,
270 706 330 726 eum
347 699 414 727 ﬁsco
434 698 599 734 adjudicari.

224 789 365 816 Adulteris
388 788 540 815 verberatis
557 793 584 814 et
601 788 689 816 tonsis
719 795 799 815 nares
815 788 982 815 abscindun-

1035 193 1112 220 οῦτον
1123 195 1272 230 λαμϐάνειν
1286 199 1317 224 ἐκ
1332 198 1381 233 τῆς
1394 199 1477 234 ἄλλης
1500 200 1548 233 τῆς
1569 199 1698 232 γυναικὸς
1713 208 1845 233 περιου-

1034 241 1176 274 σίας,[ὄσον
1186 243 1235 277 τῆς
1248 244 1360 278 προικὸς
1369 245 1399 270 τὸ
1409 244 1500 280 τρίτον
1516 244 1598 280 μέρος
1609 243 1679 271 εῖναι
1691 244 1845 278 γινώσκε-

1031 294 1076 313 ται
1084 293 1091 301 ¹
1103 287 1173 314 ὥστε
1184 290 1217 323 τῇ
1226 289 1308 315 αὐτοῦ
1319 289 1463 325 δεσποτεία
1477 291 1525 316 καὶ
1532 291 1583 325 τὴν
1599 291 1702 324 προῖκα
1717 290 1768 317 καὶ
1779 290 1845 323 τὴν

1032 331 1097 367 παρ’
1106 332 1184 367 ἡμῶν
1195 333 1350 367 ὁρισθεῖσαν
1363 333 1458 369 ποινὴν
1470 333 1704 369 προσκυροῦσθαι.
1719 333 1752 359 Ei.
1772 333 1842 367 γὰρ

1032 378 1129 409 παῖδας
1142 377 1198 412 ἔχοι
1214 380 1245 405 ὲκ
1255 378 1303 405 τοῦ
1319 380 1403 414 αὐτῆς
1415 380 1592 412 συνοικεσίου,
1606 379 1653 406 καὶ
1665 379 1713 414 τὴν
1721 380 1843 414 προῖκα.

1031 425 1079 450 καὶ
1094 424 1142 460 τὴν
1154 425 1238 460 ἄλλην
1255 425 1306 460 τῆς
1323 426 1451 459 γυναικὸς
1476 426 1635 461 περιουσίαν
1660 426 1716 456 τοῖς
1743 426 1844 451 παισὶ

1032 469 1224 504 φυλάττεσθαι,
1251 473 1298 498 καὶ
1311 471 1381 506 οὕτω
1393 472 1437 499 τὸν
1457 472 1550 507 μοιχὸν
1566 471 1689 507 νομίμως
1713 471 1843 504 ἐλεγχὸ-

1033 526 1123 552 μενον,
1136 518 1194 553 ἀμα
1204 519 1236 554 τῇ
1251 519 1360 552 γυναικὶ
1368 519 1562 553 τιμωρεῖσθαι.
1576 519 1633 545 Καὶ
1650 518 1675 544 εί
1704 517 1756 552 μὲν
1769 517 1841 551 ἔχει

1031 565 1044 590 ὁ
1058 564 1152 599 μοιχὸς
1164 565 1299 600 γαμετὴν,
1318 564 1367 600 τὴν
1382 565 1484 600 προῖκα
1507 564 1556 591 καὶ
1579 564 1628 599 τὴν
1656 563 1709 598 προ
1729 563 1838 597 γάμου

1032 610 1136 645 δωρεὰν
1152 611 1221 646 αὐτῇ
1233 620 1266 637 πε
1271 610 1446 646 ριοώζεσθαι,
1463 610 1512 645 τὴν
1525 609 1553 637 δὲ
1573 609 1656 644 ἄλλην
1665 608 1712 635 τοῦ
1724 608 1836 643 ἀνδρὸς

1032 655 1117 690 αὐτῆς
1131 655 1299 690 περιουσίαν,
1310 655 1334 681 εἰ
1350 655 1400 690 μέν
1417 656 1485 682 εἰσιν
1498 654 1618 685 ἀνιόντες
1634 654 1650 689 ἢ
1668 654 1836 683 κατιόντες,

1032 700 1085 732 ἕως
1103 700 1194 734 τρίτου
1210 700 1315 735 βαθμοῦ
1331 699 1434 734 ταύτην
1445 699 1596 734 λαμϐάνειν
1607 697 1705 729 αὐτούς
1718 705 1726 712 ·
1757 697 1786 723 εί
1803 696 1836 723 δὲ

1035 745 1083 781 μὴ,
1100 744 1325 781 προσκυροῦσθαι
1340 745 1442 779 ταύτην
1452 744 1491 779 τῷ
1505 743 1639 779 δημοσίῳ.

1068 791 1100 818 Οἱ
1118 791 1216 826 μοιχοὶ,
1229 791 1393 826 τυπτόμενοι
1417 790 1466 817 καὶ
1489 789 1693 824 κουρευόμενοι,
1714 788 1834 823 ῥινοκο-

190 840 244 862 tur.
264 834 429 861 lnternuntii
445 841 509 860 vero
525 839 553 861 et
580 834 655 868 impii
684 834 824 869 hujusque
845 834 969 861 facinori:

1072 836 1190 864 ίσθωσαν
1206 845 1215 853 ·
1227 837 1251 863 oi
1267 836 1295 864 δὲ
1310 836 1387 872 μέσοι
1404 836 1451 862 καὶ
1467 835 1601 870 ὑπουργοὶ
1625 834 1672 860 τοῦ
1698 832 1834 860 τοιούτου

189 881 341 909 administri
358 881 494 907 verberati
508 883 535 906 et
548 880 619 907 tonsi
637 881 664 906 in
682 884 843 914 perpetuum
861 879 975 906 mittan-

189 932 234 954 tttr
255 927 392 953 exsilium.

225 972 296 1006 Quin
321 973 404 1000 etiam
421 977 449 999 et
474 971 510 999 5'2
538 971 643 998 novella
670 970 848 1006 imperatoris
877 969 979 998 Leonis

189 1026 327 1054 congruas
356 1026 451 1053 poenas
479 1017 614 1045 adulteris
637 1017 705 1045 viris
732 1021 760 1045 et
779 1017 913 1044 adulteris
942 1016 980 1044 fe-

189 1065 273 1093 minis
288 1065 394 1092 statuit.

225 1110 376 1137 Trices‘tma
388 1115 484 1137 octava
497 1117 562 1137 vero
575 1110 682 1137 novella
699 1109 853 1137 adulterum
864 1113 891 1137 et
903 1109 980 1136 adul-

190 1163 278 1186 teram
294 1158 400 1185 narium
421 1158 593 1186 abscissione
614 1158 703 1192 punit,
716 1163 743 1185 et
760 1158 893 1189 decernit,
906 1157 979 1192 quod

190 1205 308 1234 maritus
333 1204 463 1231 adulterae
478 1204 570 1232 dotem
587 1204 730 1237 lucretur;
747 1205 819 1231 illam
846 1209 937 1231 autem
952 1204 978 1230 in

190 1250 361 1279 monasterio
379 1250 495 1282 includi,
525 1258 576 1278 nec
603 1255 693 1278 tamen
712 1251 823 1277 invitati:
849 1249 977 1285 tonderi;

191 1305 252 1332 quae
265 1304 330 1324 vero
346 1296 418 1324 ultra
438 1296 529 1324 dotem
547 1301 612 1324 sunt
628 1297 773 1324 facultates
788 1297 848 1329 ejus
866 1297 937 1323 ﬁlios
952 1300 979 1323 et

190 1344 391 1371 monasterium
411 1343 552 1375 dividere;
569 1344 610 1370 sin
638 1348 728 1370 autem
763 1351 816 1369 non
838 1343 919 1370 habet
946 1342 979 1370 li-

191 1390 286 1422 heros,
301 1389 362 1425 ejus
379 1394 508 1425 parentes
529 1389 570 1416 vel
596 1389 665 1416 alios
681 1397 712 1416 ex
730 1389 790 1424 ejus
804 1389 978 1424 cognatione.

227 1479 307 1507 Actio
332 1478 460 1506 adulterii
480 1477 643 1511 intenditur,
673 1486 726 1506 non
751 1479 840 1506 solutn
858 1479 893 1506 ob
914 1479 979 1514 legi-

191 1526 266 1554 timze
281 1525 375 1553 uxoris
401 1530 539 1560 stuprum,
555 1526 601 1553 sed
625 1525 706 1552 etiam
727 1534 808 1561 super
831 1527 979 1553 matrimo-

191 1572 280 1605 nium,
295 1572 369 1606 quod
386 1571 538 1600 consistere
561 1579 615 1598 non
634 1576 732 1606 potest,
747 1577 774 1600 et
794 1572 977 1608 illegitimum,

191 1619 219 1642 et
234 1615 385 1649 sponsalia,
397 1620 423 1642 et
436 1615 661 1642 concubinatum.

228 1659 280 1693 Qui
295 1659 450 1687 adulterum
471 1667 534 1687 cum
561 1661 673 1695 propria
693 1669 779 1688 uxore
796 1662 822 1688 in
842 1662 902 1697 ipso
917 1667 977 1689 actu

191 1705 385 1741 deprehendit,
405 1706 427 1733 si
454 1706 594 1740 contingat
628 1714 691 1734 eum
726 1708 863 1741 occidere,
879 1716 932 1736 non
949 1714 980 1737 ut

191 1752 328 1779 homicida
345 1753 480 1787 punitur;
508 1753 535 1780 in
561 1761 609 1780 sua
627 1754 700 1780 enim
728 1756 838 1789 propria
853 1756 934 1782 domo
951 1757 978 1783 in

191 1797 250 1832 ipso
271 1803 334 1824 actu
353 1798 468 1824 maritus
485 1798 642 1825 adulterum
658 1799 813 1826 interficere
831 1805 929 1835 potest,
952 1805 979 1827 et

191 1843 266 1870 illum
291 1844 430 1871 scenicum
457 1844 500 1871 vel
528 1844 668 1871 infamem.
686 1844 791 1872 Maritis
814 1852 904 1873 autem
924 1854 978 1874 non

191 1890 351 1917 conceditur
368 1889 507 1917 adulteras
523 1897 587 1917 suns
610 1897 710 1917 uxores
728 1890 893 1919 interﬁcere.

227 1977 345 2005 Diversa:
362 1977 461 2004 deinde
486 1977 559 2011 leges
575 1977 682 2011 jubent,
704 1977 847 2004 mulierem
864 1985 918 2005 non
931 1979 979 2005 ali-

190 2028 233 2050 ter
256 2023 433 2050 cundemnari
459 2028 488 2050 ut
510 2023 674 2054 adulteram,
698 2031 777 2057 quant
797 2031 845 2058 per
870 2029 979 2058 apertus

191 2069 376 2104 probationes.
405 2069 432 2096 id
461 2073 514 2101 est,
530 2077 577 2103 per
601 2069 723 2104 quinque
753 2074 838 2097 testes
854 2069 978 2104 jurautes

191 2123 222 2143 se
237 2115 340 2143 vidisse
366 2115 394 2142 in
412 2116 471 2149 ipso
499 2118 562 2141 actu
591 2114 649 2141 ﬁeri
670 2115 847 2142 adulterium.
864 2115 921 2143 llac
935 2125 979 2143 ra-

1030 883 1203 917 ἀσεὸήματος
1223 883 1378 917 γεγονότες,
1392 882 1558 916 τυπτόμενοι
1576 880 1624 907 καὶ
1656 879 1835 914 κουρευόμε-

1029 939 1082 960 νοι.
1096 929 1216 964 διηνεκεῖ
1231 928 1515 964 παραπεμφθήτωσαν
1529 926 1632 962 ὲξορίᾳ.

1071 974 1150 1001 Ἀλλὰ
1173 974 1221 1001 καὶ
1245 973 1311 1010 ήλβ¹
1327 972 1412 1008 νεαρὰ
1426 972 1472 999 τοῦ
1489 972 1621 1007 βασιλέως
1644 972 1763 1004 Λέοντος
1779 973 1836 1004 τὰς

1030 1020 1223 1056 προσηκούσας
1238 1020 1334 1051 ποινὰς
1345 1018 1493 1055 διορίζεται
1506 1019 1562 1050 τοῖς
1583 1019 1688 1053 μοιχοῖς
1701 1019 1753 1045 καὶ
1764 1020 1832 1050 ταῖς

1031 1068 1156 1104 μοιχαλίσ
1161 1077 1194 1095 ιν.

1072 1114 1104 1141 Ἥ
1121 1114 1148 1140 δὲ
1161 1114 1202 1148 λη’
1219 1113 1300 1148 ῥινῶν
1314 1114 1417 1149 ἐκτομῇ
1433 1113 1479 1140 τὸν
1511 1113 1605 1148 μοιχὸν
1620 1113 1668 1139 καὶ
1681 1113 1732 1147 τὴν
1764 1121 1834 1148 μοι-

1030 1160 1126 1196 χαλίδα
1142 1159 1263 1191 κολάζει,
1283 1160 1330 1186 καὶ
1342 1159 1497 1195 διορίζεται,
1516 1158 1562 1186 τὸν
1590 1159 1640 1193 μὲν
1669 1158 1755 1194 ἄνδρα
1776 1160 1831 1191 τῆς

1032 1205 1224 1241 μοιχευθείσης
1244 1205 1397 1241 κερδαίνειν
1419 1205 1469 1241 τὴν
1495 1206 1609 1240 προῖκα,
1632 1205 1717 1238 αὐτὴν
1742 1205 1771 1232 δὲ
1799 1205 1831 1231 ὲν

1032 1251 1207 1287 μοναστηρίῳ
1222 1250 1438 1287 περιορίζεσθςιι.
1454 1251 1502 1278 καὶ
1513 1252 1633 1278 ἄκουσαν
1654 1250 1692 1286 μὴ
1707 1251 1830 1277 ἀποκεί-

1033 1298 1133 1332 ρεσθαι.
1143 1306 1150 1313 ·
1165 1297 1198 1324 τά
1208 1297 1236 1324 δὲ
1245 1298 1292 1332 τῆς
1303 1298 1418 1333 προικδς
1431 1297 1558 1323 ἐπέκεινα
1581 1297 1732 1331 πράγματα
1759 1297 1830 1328 τοὺς

1031 1344 1128 1375 παῖδας
1140 1344 1223 1378 αὐτῆς
1240 1344 1287 1370 καὶ
1304 1343 1333 1370 τὸ
1362 1343 1544 1377 μοναστήριον
1569 1342 1746 1378 διανέμεσθαι
1760 1350 1768 1358 ·
1798 1343 1829 1377 ἢ.

1032 1389 1135 1416 παίδων
1150 1389 1188 1425 μὴ
1204 1388 1298 1420 ὅντων,
1310 1389 1373 1420 τοὺς
1385 1388 1481 1423 γονέας
1491 1388 1576 1423 αὐτῆς
1606 1388 1623 1423 ἢ
1650 1387 1721 1415 κατά
1744 1388 1829 1422 γένος

1032 1434 1122 1465 ἄλλως
1135 1434 1334 1468 προσήκοντας.

1072 1480 1105 1507 Ἣ
1121 1479 1227 1516 μοιχεία
1236 1479 1265 1506 οὗ
1284 1479 1362 1514 μόνον
1378 1479 1423 1506 ἐπὶ
1449 1479 1535 1515 φθορᾷ
1560 1480 1678 1516 νομίμου
1697 1481 1829 1515 γαμετῆς

1033 1527 1159 1557 κινεῖται,
1169 1526 1237 1551 ἀλλὰ
1247 1526 1292 1551 καὶ
1306 1525 1352 1552 ἐπὶ
1364 1525 1528 1558 ἀσυστάτου,
1540 1526 1588 1552 καὶ
1617 1526 1749 1560 ἀθεμίτου
1776 1528 1829 1561 γά-

1035 1581 1097 1607 μου,
1117 1573 1165 1599 καὶ
1181 1572 1340 1608 μνηστείας,
1356 1572 1403 1598 καὶ
1419 1572 1623 1608 παλλακισμοῦ.

1074 1663 1103 1689 '0
1130 1662 1176 1688 τδν
1206 1661 1299 1696 μοιχδν
1322 1661 1391 1696 μετά
1415 1661 1464 1696 τῆς
1479 1662 1546 1692 ἰδίας
1569 1661 1698 1694 γυναικὸς
1711 1663 1741 1688 ὲν
1756 1671 1828 1697 συμ-

1033 1707 1120 1742 πλοκῇ
1133 1707 1306 1737 καταλαὸὼν,
1326 1706 1373 1732 ἐὰν
1395 1707 1486 1742 συμϐῇ
1518 1707 1600 1734 αὑτὸν
1623 1707 1740 1738 ἀνελεῖν,
1774 1709 1828 1734 οἰκ

1033 1755 1175 1781 εὐθύνεται
1195 1753 1233 1785 ὼς
1244 1752 1407 1788 ἀνδροφόνος
1424 1761 1432 1768 ·
1448 1753 1476 1779 ἐν
1495 1753 1568 1788 μόνῳ
1583 1753 1637 1788 γὰρ
1648 1754 1687 1788 τῷ
1701 1754 1760 1788 ἰδίῳ
1787 1756 1827 1780 oi-

1033 1809 1074 1836 κῳ
1105 1799 1149 1825 ἐπ’
1176 1798 1328 1833 αὐτοφώρῳ
1357 1798 1470 1825 δύναται
1498 1799 1622 1832 φονεύειν
1640 1800 1686 1825 τὸν
1702 1801 1827 1834 μοιχδνό

1033 1845 1113 1879 ἀνὴρ.
1132 1845 1178 1870 καὶ
1193 1844 1287 1870 τοῦτον
1299 1843 1427 1879 σχηνικδν
1444 1843 1459 1878 ἢ
1473 1844 1570 1879 ἄτιμον
1588 1845 1663 1871 ὅντα.
1696 1846 1733 1871 Οὺ
1750 1846 1827 1872 δέδο-

1032 1900 1076 1917 ται
1090 1890 1117 1916 δὲ
1130 1890 1186 1919 τοῖς
1201 1889 1313 1924 ἀνδράσι
1328 1889 1452 1924 φονεύειν
1465 1889 1513 1921 τὰς
1544 1891 1737 1925 μοιχευθείσας
1771 1895 1823 1918 αὺ-

1032 1938 1085 1964 τῶν
1101 1939 1242 1972 γυναῖκας.

1068 1985 1196 2019 Διάφοροι
1221 1985 1249 2011 δὲ
1273 1984 1351 2017 νόμοι
1386 1983 1567 2016 θεσπίζουσι,
1596 1986 1633 2020 μὴ
1657 1986 1743 2018 ἄλλως
1775 1987 1826 2020 τὴν

1033 2031 1149 2063 γυναῖκα
1168 2030 1358 2065 μοιχευθεῖσαν
1374 2030 1599 2066 κατακρίνεσθαι,
1617 2032 1642 2057 εί
1657 2032 1694 2066 μὴ
1713 2033 1756 2059 διὰ
1771 2043 1826 2067 φα-

1032 2079 1117 2114 νερῶν
1134 2077 1309 2111 ἀποδείξεων,
1331 2079 1467 2111 τουτέστι,
1490 2079 1534 2105 διὰ
1564 2079 1645 2106 πέντε
1675 2079 1826 2114 μαρτύρων

1032 2124 1187 2159 ὀμνυόντων
1207 2125 1271 2150 ίδεῖν
1287 2124 1331 2150 ἐπ’
1344 2125 1494 2159 αὐτοφώρῳ
1510 2125 1560 2159 τὴν
1587 2125 1709 2160 μοιχείαν
1729 2126 1826 2152 τελου-

191 2162 265 2189 tionc
282 2169 332 2189 nec
345 2169 442 2188 omnes
459 2165 578 2194 possunt
592 2161 719 2189 adulterii
735 2162 870 2190 actionem
890 2163 969 2191 inten-

1070 2179 1128 2204 νην.
1146 2169 1225 2197 Κατὰ
1238 2170 1318 2196 τοῦτο
1338 2171 1391 2205 γὰρ
1404 2170 1582 2201 οὐδὲυιτάντες
1593 2170 1720 2197 δύνανται
1736 2173 1826 2197 κινεῖν

190 2208 276 2240 dere,
299 2208 346 2235 sed
372 2207 495 2242 quinque
526 2207 614 2234 solum
639 2215 773 2241 personae,
788 2209 915 2240 maritus,
931 2217 964 2244 pa

191 2260 231 2281 ter
248 2254 319 2288 ejus,
337 2253 431 2284 frater,
455 2257 581 2287 patruus,
594 2253 768 2287 avunculus;
783 2254 819 2281 ita
836 2256 907 2282 enitn
922 2264 979 2283 tua-

189 2301 231 2335 εἰς
255 2299 392 2326 credibilis
417 2300 447 2325 ﬁt
471 2298 633 2333 quamlionis
675 2303 834 2334 praeteritus.
860 2301 887 2328 Si
914 2309 979 2330 vero

190 2346 246 2373 sint
267 2345 403 2380 peregrini
420 2345 466 2378 qui
482 2349 626 2376 accusant,
643 2345 665 2372 si
677 2345 794 2382 quidem
805 2346 979 2375 demonstra-

191 2393 290 2419 tionem
323 2390 460 2422 adferant,
488 2391 596 2417 narium
625 2391 801 2419 abscissioue
827 2394 978 2427 puniuntur

190 2438 328 2470 adulteri;
344 2437 387 2464 sin
404 2442 495 2464 autem
527 2441 637 2472 propter
653 2438 813 2466 inimicitias
829 2441 978 2468 accusatio-

191 2493 252 2512 nem
273 2485 405 2511 detulisse
419 2483 630 2516 convincuntur,
647 2485 698 2519 ipsi
727 2486 850 2512 eamdem
868 2495 976 2520 pmnam

191 2531 319 2557 subeunt.
334 2529 431 2557 Mulier
452 2534 554 2562 autem,
567 2538 626 2565 qua;
642 2538 672 2558 se
688 2531 840 2559 adulteram
868 2533 924 2566 ipsa
943 2534 978 2561 fa-

192 2580 274 2607 tetur,
290 2584 343 2602 non
370 2575 590 2609 condemnatur;
607 2577 678 2611 quod
696 2578 778 2605 etiam
804 2586 903 2605 n0vum
925 2586 976 2607 est.

225 2623 276 2655 Qui
293 2623 360 2649 duas
380 2630 479 2649 urores
493 2623 584 2655 habet,
607 2624 767 2652 verberetur
785 2634 791 2652 :
815 2625 926 2659 expulsa
944 2626 978 2652 ah

191 2669 251 2704 ipso
283 2676 368 2696 uxore
399 2669 615 2704 superinducta,
638 2675 665 2697 et
694 2671 787 2698 liberis
816 2680 848 2698 ex
873 2680 903 2699 ea
931 2680 979 2699 na-

190 2715 236 2741 tis.

225 2761 277 2793 Qui
301 2761 369 2788 duas
385 2761 487 2789 habere
508 2770 609 2790 uxores
626 2763 814 2799 praesumpsit,
826 2771 879 2791 non
909 2764 977 2798 lege,

189 2809 236 2835 sed
254 2808 325 2835 [ιιιιο
353 2808 474 2841 consilii,
502 2809 630 2837 adulterii
655 2810 792 2845 supplicio
816 2810 975 2845 subjicitur.

1031 2216 1061 2242 τὸ
1080 2216 1130 2250 τῆς
1146 2216 1269 2251 μοιχείας
1283 2216 1421 2251 ἔγκλημα,
1453 2216 1522 2243 ἁ).λά
1554 2218 1688 2251 πρόσωπα
1713 2217 1798 2244 πέντε
1817 2226 1823 2232 ·

1029 2262 1203 2297 (in/immani)?
1216 2262 1311 2296 αὐτῆς,
1323 2262 1448 2296 ἀδελφὸς,
1461 2262 1532 2294 θεῖος
1544 2263 1612 2298 πρὸς
1620 2263 1736 2298 πατρὸς,
1749 2263 1824 2294 θεῖος

1030 2307 1100 2342 πρὸς
1130 2306 1252 2342 μητρός,
1283 2307 1354 2333 οὕτω
1380 2307 1434 2342 γὰρ
1449 2308 1656 2344 εὐπιστοτέραὴ
1686 2309 1824 2343 πρόφασιέ

1028 2354 1079 2389 τῆς
1090 2353 1392 2389 ζητήσεωςγίνεταιΈί
1402 2354 1429 2380 δὲ
1444 2354 1514 2387 ξένοι
1533 2354 1587 2381 εἷεν
1601 2355 1624 2381 οἱ
1641 2356 1823 2390 κατηγοροῦν-

1032 2408 1088 2431 τες,
1105 2400 1130 2426 εί
1144 2399 1193 2434 μὲν
1207 2398 1403 2431 ἀποδείξουσιν,
1417 2399 1519 2434 ἐκτομῇ
1535 2400 1588 2426 τῶν
1602 2401 1683 2435 ῥινῶν
1693 2402 1717 2426 oi
1732 2402 1823 2436 μοιχοὶ

1029 2443 1233 2479 τιμωροῦνται⁶
1266 2444 1300 2471 ἂν
1327 2444 1355 2471 δὲ
1385 2445 1630 2479 ἀπελεγχθῶσι,δι¹
1657 2445 1756 2480 ἔχθραν
1774 2448 1824 2480 τὴν

1029 2490 1196 2525 κατηγορίαν
1213 2490 1406 2525 πεποιηκότες,
1422 2487 1495 2516 οὗτοι
1511 2491 1560 2526 τὴν
1574 2491 1701 2526 τοιαύτην
1726 2494 1822 2526 ποινὴν

1029 2536 1210 2570 ὑπομένουσιν
1227 2543 1234 2550 ·
1259 2535 1326 2568 ἀλλ’Δ
1342 2536 1402 2561 οὐδὲ
1430 2536 1498 2570 αὐτὴ
1523 2537 1626 2571 ἡγυνὴ
1653 2537 1821 2571 ὁμολογοῦσα

1031 2582 1207 2616 μοιχευθῆναι
1226 2582 1448 2613 καταδικάζεται,
1474 2582 1542 2616 ὅπερ
1567 2583 1614 2609 καὶ
1631 2582 1689 2609 ἐστι
1704 2585 1807 2610 καινόν,

1071 2629 1102 2654 '0
1117 2628 1163 2654 δύο
1176 2628 1300 2663 γαμετὰς
1324 2628 1393 2662 ἔχων
1423 2628 1568 2655 τυπτέσθω
1586 2637 1594 2644 ·
1620 2629 1821 2664 ὲκδιωκομένης

1030 2675 1096 2708 παρ’
1112 2675 1195 2700 αὑτοῦ
1208 2675 1256 2709 τῆς
1270 2674 1434 2701 ἐπεισάκτου
1454 2674 1595 2709 γυναικὸς,
1610 2675 1679 2710 μετὰ
1703 2675 1758 2703 τῶν
1777 2686 1819 2703 τε·

1029 2719 1150 2754 χθέντων
1166 2719 1196 2752 ἐξ
1205 2720 1290 2755 αὐτῆς
1306 2720 1421 2747 παίδων.

1070 2765 1100 2790 ’1)
1128 2765 1175 2792 δύο
1203 2765 1327 2801 γαμετὰς
1348 2765 1420 2801 ἔχειν
1446 2766 1587 2801 πειραθεὶς
1608 2767 1638 2794 οὐ
1653 2768 1740 2804 νόμῳ,
1754 2770 1819 2796 ἀλλὰ

1032 2811 1127 2846 φάκτῳ
1139 2811 1335 2847 προαιρέσεως,
1349 2811 1492 2839 ὑπόκειται
1509 2812 1548 2847 τῷ
1564 2813 1614 2848 τῆς
1628 2816 1749 2849 μοιχείας
1778 2817 1818 2851 ἑγ-
