1856 3061
143 108 179 139 εδ
739 104 921 134 unum]

1022 103 1089 134 STA
1095 104 1158 133 RIS
1735 102 1774 134 ιι

141 175 203 194 mos
217 170 268 198 est,
283 171 406 193 rasuram
422 163 534 199 patitur,
549 163 612 190 licet
626 169 660 190 ex
676 162 856 198 respiratione
872 162 921 189 solt

1035 169 1066 195 γε
1091 161 1122 195 δὴ
1143 161 1270 195 μοναχοῖξ
1296 159 1366 191 ἔθος,
1391 158 1557 194 ὰποκαρεὶς,
1582 159 1605 186 εἰ
1630 161 1675 186 καὶ
1697 161 1774 196 μόνῳ

141 214 262 242 nondum
285 212 340 239 vita
363 211 472 238 functus
495 216 555 237 csse
576 209 711 242 credatur,
733 214 759 236 et
779 217 839 244 qum
862 209 930 235 liunt

143 259 255 286 minime
269 257 361 289 sentit,
375 256 475 291 dignus
489 258 530 282 est
543 253 590 289 qui
605 258 680 281 veste
694 253 847 281 monacltali
863 253 931 279 ami-

143 306 242 333 ciatur.
258 304 310 331 Sed
328 302 450 330 habitum
471 301 630 329 saecularem
649 307 806 330 resumere,
824 304 872 326 aut
888 299 930 325 \i-

142 356 199 378 tam
223 357 320 377 rursus
346 347 481 383 publicam
506 353 586 381 agere
608 345 659 380 ipsi
682 345 857 377 concedetur,
879 343 931 370 nisi

145 396 221 424 malit
244 394 443 431 injunctionum
466 391 584 419 vinculis
607 390 718 424 subjici.
739 388 931 416 Verumtamen

144 444 188 476 iis,
202 443 248 478 qui
261 447 361 469 temere
375 439 496 467 habitum
512 437 708 467 monachorum
722 436 868 471 arripiunt,
882 435 933 462 hoc

123 506 125 509 ι
146 497 200 516 non
216 487 393 523 permittitur.

178 535 271 562 Canon
291 537 380 559 autem
401 532 433 558 l9
471 529 568 565 synodi
597 529 717 564 septimae
741 527 866 556 omnibus
886 526 932 562 qui

143 580 293 608 solitariam
306 579 389 605 vitam
404 578 430 604 in
445 576 501 603 aede
513 575 605 610 aliqua
619 581 696 602 sacra
709 580 789 608 agere
800 573 930 607 cupiunt,

145 632 175 654 ut
197 634 243 661 per
264 624 385 660 pecuniae
408 621 580 657 largitionem
603 619 798 647 admissionem
823 619 849 645 in
872 626 932 645 eam

144 679 193 701 aut
225 672 338 700 omnino
381 670 408 696 in
443 668 567 696 ordinem
601 667 816 694 ecclesiasticum
848 666 933 699 impe-

145 724 237 751 trent,
263 724 375 752 prorsus
405 715 553 742 interdicit.
578 713 682 748 Quippe
705 712 773 739 haud
799 711 860 739 licet
879 710 934 737 Deo

146 767 251 794 servire
273 769 300 792 et
317 770 487 790 mammonae.
513 761 569 788 [mo
589 760 668 794 cujus
690 758 853 794 principium
874 765 935 792 pro-

145 814 210 841 bum
233 819 288 839 non
309 814 367 842 est.
381 809 530 836 secundum
552 814 679 842 magnum
701 804 933 837 Basilium,etiam

382 835 612 888 repudiandum.”
622 851 786 886 Episcopum
813 835 876 877 vero
895 849 936 876 vel
951 835 973 864 Β

147 902 272 930 abbatem
284 921 291 933 ,
306 900 352 934 qui
377 899 450 927 istud
478 897 686 933 perpetraverit,
700 901 746 923 aut
759 903 867 923 cessare
890 899 938 922 aut

147 947 247 982 deponi
275 946 362 981 jubet.
388 944 538 976 Caeterum,
554 943 577 970 si
607 942 691 970 abbas
721 941 864 969 sacerdotii
891 949 939 968 ex-

149 1001 210 1028 pers
224 992 306 1019 fuerit
319 991 401 1026 (quod
424 991 482 1018 fieri
501 996 572 1025 saepe
600 989 753 1021 videmus),
769 995 783 1015 e
802 991 939 1014 monaste-

148 1040 190 1066 rio
210 1037 318 1073 expelli,
339 1041 367 1064 et
387 1037 415 1063 in
435 1036 508 1063 aliud
526 1034 622 1062 deduci
644 1033 824 1066 subjectionis
842 1040 938 1061 causa.

147 1084 261 1112 Easdem
279 1090 375 1119 poenas
397 1083 472 1110 dabit
491 1087 519 1109 et
534 1080 684 1112 abbatissa,
699 1087 759 1115 quae
784 1080 848 1106 talia
873 1086 938 1107 ausa

147 1131 240 1159 fuerit.

182 1179 358 1210 Quaecunque
376 1179 466 1202 autem
485 1178 613 1208 parentes
630 1180 663 1200 ex
681 1172 832 1200 liberorum
850 1172 938 1200 haere-

149 1225 233 1251 ditate
256 1221 420 1249 monasterio
442 1220 578 1251 dedicant,
600 1224 724 1254 repetere
747 1227 843 1246 rursus
864 1218 938 1246 haud

148 1271 223 1302 licet;
239 1273 435 1297 consecrantur
447 1267 520 1294 enim
536 1267 600 1297 Deo,
616 1266 673 1293 sive
688 1266 711 1292 is
725 1267 772 1300 qui
786 1266 895 1297 obtulit,
911 1265 937 1292 in

148 1315 318 1343 monasterio
337 1318 460 1345 maneat,
479 1313 536 1340 sive
553 1312 616 1338 inde
631 1311 752 1338 discedat
771 1319 778 1337 :
798 1311 850 1337 nisi
870 1311 939 1338 forte

149 1362 209 1397 ejus
230 1362 277 1396 qui
302 1359 470 1388 monasterio
493 1357 620 1393 praesidet
642 1357 720 1392 culpa
744 1356 843 1388 fuerit.
865 1356 938 1391 quod

148 1407 201 1434 iste
219 1407 371 1434 recesserit.

189 1451 270 1486 189
293 1450 411 1478 Concilii
437 1456 512 1481 vero,
528 1449 602 1483 quod
619 1447 734 1482 primum
752 1447 936 1475 etsecundum

982 207 1022 243 τῷ
1052 208 1183 234 ἀναπνεῖν
1206 207 1237 234 τὺ
1261 207 1298 242 μὴ
1317 207 1413 242 νεκρὸς
1440 205 1512 234 εἶναι
1541 207 1707 240 πιστεύεται,
1724 210 1774 236 καὶ

981 254 1015 280 τὰ
1028 253 1155 288 ὲπ“αὺτῷ
1171 252 1324 287 τελούμενα
1339 253 1463 287 μηδόλως
1477 252 1580 285 συνεὶς,
1597 250 1650 284 οἷός
1666 255 1697 281 τέ
1713 255 1774 281 ἐστι

980 301 1029 336 τὴν
1045 300 1194 335 μοναχικὴν
1205 300 1382 335 περιδυθῆναι
1393 300 1499 335 στολὴν,
1510 301 1557 326 xxi.
1567 300 1615 335 τὴν
1630 301 1772 336 κοτμικὴν

981 345 1058 378 αὖθις
1071 346 1245 377 ἐνδύσασθαι,
1263 346 1279 381 ἢ
1293 347 1322 372 ὲν
1334 346 1374 381 τῷ
1394 347 1490 381 κόσμῳ
1501 346 1606 381 διάγειν
1621 355 1774 383 συγχωρη-

982 393 1107 429 θήσεται,
1124 393 1148 419 εἰ
1168 392 1205 427 μὴ
1220 392 1343 427 βούλοιτο
1359 392 1470 427 δεσμοῖς
1485 393 1632 427 ἐπιτιμίων
1649 393 1775 428 ὑποϐλη-

982 440 1072 474 θῆναι.
1096 439 1134 465 0-3
1152 438 1205 474 μὴν
1221 439 1281 465 οὐδὲ
1297 439 1354 470 τοῖς
1378 439 1410 465 ἔκ
1435 439 1599 473 προπετείας
1616 439 1646 466 τὸ
1663 448 1778 475 μοναχι-

982 485 1029 511 κδν
1051 486 1145 520 σχῆμα
1162 485 1384 519 περιτιθεμένοις
1407 485 1486 511 τοῦτο
1497 484 1653 520 δοθήσεται.

1026 531 1054 557 '0
1072 531 1100 557 δὲ
1128 529 1160 556 ιο’
1183 530 1235 564 τῆς
1253 531 1275 562 ζ’
1304 530 1416 557 συνόδου
1448 530 1596 565 ἀπειρήκει
1615 532 1776 558 παντάπασι

983 578 1039 609 τοῖς
1053 577 1100 603 τὸν
1117 576 1222 611 μονήρη
1234 576 1292 611 βίον
1305 576 1333 602 ὲν
1347 584 1376 602 σε
1383 576 1468 610 μνείῳ
1483 577 1622 611 μετελθεῖν
1639 577 1779 612 προθεμέ-

983 632 1049 655 νοις,
1062 623 1106 650 διὰ
1124 623 1276 658 χρημάτων
1291 622 1341 657 τὴν
1355 624 1395 653 εἰς
1411 623 1479 648 αὐτὸ
1498 622 1634 649 ποιεῖσθαι
1654 624 1777 650 είσέλευ-

985 677 1038 697 σιν.
1054 669 1111 695 ἀλλ’
1127 669 1181 695 οὐδ’
1197 669 1237 700 είς
1253 669 1346 704 ἕτερον
1362 668 1500 702 ίερατικὸν
1512 677 1539 694 τι
1555 669 1658 703 τάγμα·
1673 670 1702 695 οὐ
1719 670 1778 703 γὰρ

984 711 1039 741 οἷόν
1052 723 1081 740 τε
1098 714 1160 749 Θεῷ
1176 713 1314 741 δουλεύειν
1339 714 1386 740 καὶ
1411 714 1541 749 μαμωνᾷ·
1558 715 1603 740 καὶ
1618 710 1648 740 οὗ
1668 715 1684 749 ἡ
1703 714 1778 750 ἀρχὴ

987 761 1127 796 ἀδόκιμος,
1155 760 1226 786 κατὰ
1239 759 1285 786 τὸν
1314 760 1404 794 μέγαν
1430 760 1582 794 Βασίλειον,
1611 760 1703 787 καὶτὸ
1721 762 1779 788 πᾶν

986 806 1150 839 ἀπήὸλητον.
1168 806 1220 832 Τὸν
1235 806 1263 832 δὲ
1279 805 1360 832 τοῦτο
1370 806 1605 840 διαπραττόμενον
1614 807 1779 841 ἐπίσκοπον,

987 851 1004 887 ἢ
1019 851 1184 886 ἡγούμενον,
1199 852 1216 885 ἢ
1237 851 1396 878 παύσασθαι
1410 851 1518 878 κελεύει
1536 851 1551 886 ἢ
1570 852 1777 886 καθαιρεῖσθαι·

988 899 1012 924 εί
1026 898 1053 925 δὲ
1070 897 1221 933 ἱερωσύνης
1238 899 1252 924 ὁ
1268 897 1419 932 ἡγούμενος
1438 898 1558 933 ἁμοιροῖ,
1574 898 1779 933 προϐέϐληνται

988 945 1043 979 γὰρ
1061 944 1117 970 ἐσθ’
1131 945 1176 971 ὅτε
1195 944 1243 970 καὶ
1261 945 1292 970 ὲκ
1306 944 1449 975 τοιούτων,
1465 943 1512 970 τοῦ
1530 945 1712 979 μοναστηρίου
1730 945 1780 971 ὲκ-

990 989 1149 1022 εάλλεσθαι,
1166 989 1216 1016 καὶ
1230 989 1317 1024 ἑτέρῳ
1331 989 1397 1024 πρὸς
1414 989 1554 1024 ὑποταγὴν
1569 990 1778 1025 παραδίδοσθαι.

989 1036 1076 1063 Τοῦτο
1100 1036 1127 1063 δὲ
1144 1037 1193 1063 καὶ
1210 1036 1351 1071 ἡγουμένη
1374 1036 1488 1063 τοιαῦτα
1506 1036 1666 1072 τολμήσασα
1683 1037 1780 1072 ὑφέξει

989 1082 1020 1108 τὺ
1035 1082 1185 1118 ἐπιτίμιον,

1025 1165 1112 1198 "Aera
1129 1170 1158 1197 δὲ
1171 1171 1196 1197 οι
1214 1173 1302 1205 γονεῖς
1315 1172 1346 1197 ἐκ
1361 1171 1408 1197 τοῦ
1426 1172 1530 1207 κλήρου
1546 1173 1601 1201 τῶν
1619 1173 1723 1200 πιίδων
1742 1175 1779 1209 τῇ

991 1218 1059 1251 μονῇ
1089 1213 1277 1251 ἀφορίζουσιν,
1307 1219 1435 1253 ἀφαιρεῖν
1463 1218 1541 1250 αὖθις
1567 1221 1617 1246 οὐκ
1646 1220 1779 1252 ἔξεστιν-

989 1263 1140 1298 ἀφιέρωται
1160 1265 1213 1300 γὰρ
1228 1265 1268 1299 τῷ
1281 1265 1339 1300 Θεῷ
1356 1265 1408 1292 κᾶν
1421 1274 1450 1292 τε
1468 1265 1537 1301 μένῃ
1554 1266 1583 1292 ὲν
1594 1265 1633 1301 τῷ
1644 1275 1782 1301 μοναστη-

990 1308 1050 1344 ρίῳ,
1063 1309 1113 1336 κάν
1126 1318 1155 1335 τε
1172 1309 1268 1345 ἐξέλθῃ
1281 1312 1294 1336 ὁ
1307 1310 1393 1337 ταῦτα
1412 1310 1615 1345 προσενεγκὼν·
1631 1313 1655 1337 εἰ
1674 1311 1711 1347 μὴ
1723 1313 1782 1348 ἄρα

990 1356 1057 1388 πρὸς
1075 1355 1123 1381 τοῦ
1152 1355 1309 1391 ἡγουμένου
1329 1358 1345 1392 ἡ
1364 1356 1438 1383 αἰτία
1469 1356 1591 1392 συμϐαίη
1616 1359 1666 1393 τῆς
1692 1359 1782 1394 μονῆς

988 1401 1083 1429 τοῦτον
1099 1402 1291 1437 ὑποχωρῆσαι.

1031 1448 1061 1474 Ὀ
1088 1447 1116 1474 δὲ
1142 1447 1169 1480 ς’
1184 1448 1234 1482 τῆς
1258 1448 1411 1483 λεγομένης
1437 1449 1550 1484 πρώτης
1578 1449 1782 1485 καὶδευτέρας

150 1502 276 1525 vocatur.
295 1503 382 1522 canon
402 1501 518 1521 numero
548 1498 654 1522 sextus.
686 1492 823 1524 Monaclti,
838 1491 921 1526 inquit

1022 1492 1115 1525 ηνόδου,
1142 1494 1173 1519 Ol
1199 1494 1322 1528 μοναχοὶ,
1342 1494 1420 1528 φησὶ,
1438 1493 1514 1520 οὐδὲν
1528 1494 1594 1534 ἴδιον
1610 1494 1682 1529 ἔχειν
1699 1494 1783 1529 ὀφεί-

153 1542 223 1570 nihil
253 1541 395 1575 proprium
429 1539 529 1565 habere
557 1537 668 1568 debent,
690 1542 781 1571 utpote
798 1537 844 1571 qui
858 1544 937 1571 prop-

152 1594 194 1616 ter
221 1588 303 1613 vitam
331 1587 357 1612 in
385 1585 495 1612 Christo
521 1583 714 1610 absconditam
747 1583 848 1610 mortui
877 1583 940 1610 facti

152 1638 217 1661 sunt
245 1632 358 1659 mundo.
387 1631 433 1657 Sic
471 1629 544 1656 enim
570 1630 599 1657 Β.
613 1628 704 1656 Lucas
740 1636 787 1656 eos
814 1629 862 1663 qui
880 1629 942 1656 vitae

154 1679 315 1706 monasticw
333 1677 448 1704 fortnam
464 1675 608 1706 dederunt,
625 1676 734 1702 eminus
748 1675 827 1702 nobis
845 1682 943 1709 reprac-

155 1722 435 1756 sentans,Fidc|ium,
449 1721 497 1754 ait,
515 1729 595 1747 nemo
619 1728 715 1747 eurum
740 1721 785 1755 qui
819 1721 942 1755 posside-

155 1771 212 1802 bat,
229 1769 376 1804 quidquam
395 1775 475 1795 sutnn
494 1774 554 1794 esse
577 1767 697 1798 dicebat,
712 1767 757 1794 sed
773 1767 863 1794 omnia
889 1767 941 1794 illis

155 1822 234 1845 erant
258 1815 426 1842 communia.
446 1813 524 1840 Unde
551 1813 597 1847 qui
628 1814 709 1839 vitam
740 1813 889 1840 solitariam
914 1821 942 1840 as

157 1871 220 1898 gere
249 1862 358 1892 volunt,
378 1860 456 1895 prius
484 1860 555 1887 bona
588 1867 638 1886 sua
667 1860 824 1894 disponere,
841 1864 868 1888 et
883 1860 943 1895 qui-

156 1909 208 1936 bus
233 1908 318 1935 velint
344 1906 470 1941 personis
487 1905 670 1932 transmittere
691 1905 764 1936 licet,
783 1906 864 1933 modo
888 1913 941 1933 non

156 1955 214 1982 sint
253 1953 315 1988 jure
344 1952 419 1979 civili
444 1951 598 1986 prohibitte,
614 1956 643 1978 ut
681 1952 810 1985 haeretici,
828 1956 854 1978 ct
885 1951 942 1978 na'i

159 1998 255 2034 spurii.
272 1998 421 2032 Postquam
445 1997 517 2024 enim
544 1996 660 2031 professi
679 1996 791 2030 fuerint,
808 1998 942 2024 bonorum

158 2045 282 2073 omnium
295 2044 329 2071 ad
343 2043 538 2071 monasterium
553 2044 599 2078 jus
618 2047 644 2070 ct
661 2043 811 2070 dominium
834 2043 943 2076 transit,

159 2099 249 2125 neque
284 2090 365 2116 ullam
400 2089 433 2116 de
461 2089 542 2116 rebus
574 2088 692 2124 propriis
718 2096 812 2116 curam
852 2096 944 2123 gerere

159 2136 200 2164 vel
225 2135 371 2170 disponere
396 2135 435 2162 cis
464 2134 627 2174 pennissum
659 2138 711 2162 est.
740 2135 768 2161 Si
793 2135 855 2168 quis
880 2141 945 2162 vero

990 1539 1092 1573 λουσιν,
1121 1538 1169 1565 ἆτε
1201 1539 1388 1574 νεκρωθὲντες
1415 1539 1454 1574 τῷ
1482 1540 1577 1574 κόσμῳ
1604 1540 1648 1567 διὰ
1672 1541 1721 1576 τὴν
1750 1542 1782 1568 ὲν

990 1585 1101 1620 Χριστῷ
1127 1585 1324 1620 κεκρυμμένην
1341 1585 1424 1621 ζωήν.
1438 1586 1516 1612 Οὕτω
1540 1586 1595 1621 γὰρ
1609 1587 1622 1612 ὁ
1642 1587 1782 1622 μακάριος

991 1633 1099 1664 Λουκᾶς
1112 1633 1174 1664 τοὺς
1191 1632 1239 1668 τὴν
1261 1633 1409 1667 μοναδικὴν
1425 1634 1564 1661 πολιτείαν
1583 1634 1783 1665 τυπώσαντας,

991 1678 1086 1715 δήλους
1099 1680 1164 1714 ἡμῖν
1179 1680 1321 1713 πόρρωθεν
1350 1679 1491 1711 καθιστὰς,
1507 1680 1567 1706 Τῶν
1575 1680 1784 1707 πιστευσάντων

992 1726 1093 1761 ἔφησεν
1107 1725 1194 1756 οὐδείς
1210 1734 1236 1751 τι
1254 1725 1307 1751 τῶν
1324 1725 1502 1759 ὑπαρχόντων
1519 1726 1593 1760 αὑτῷ
1605 1726 1698 1759 ἔλεγεν
1713 1727 1784 1753 ἴδιον

993 1771 1073 1804 εἶναι,
1091 1771 1149 1797 ἀλλ’
1168 1770 1201 1806 ἦν
1220 1771 1312 1801 αὐτοῖς
1328 1770 1438 1798 ἅπαντα
1455 1772 1542 1798 κοινά.
1561 1772 1658 1798 Ἔνθεν
1673 1780 1716 1798 τοι
1733 1774 1784 1798 καὶ

992 1819 1047 1847 τοῖς
1061 1817 1190 1852 μονάξειν
1205 1816 1346 1844 ἐθέλουσιν
1375 1817 1464 1849 ἔξεστι
1483 1818 1548 1852 περὶ
1569 1818 1622 1844 τῶν
1640 1819 1785 1854 ὑπαρχόν-

992 1871 1046 1889 των
1063 1862 1156 1893 αὐτοῖς
1173 1862 1343 1889 διατίθεσθαι
1367 1866 1511 1897 πρῡτερον,
1537 1864 1582 1889 καὶ
1596 1860 1637 1894 οἷς
1652 1864 1684 1891 ἂν
1717 1865 1784 1899 βού-

992 1908 1079 1935 λοιντο
1092 1907 1179 1934 ταῦτα
1197 1907 1433 1942 παραπέμπεσθαι
1448 1907 1615 1942 προσώποις,
1638 1908 1674 1942 μή
1691 1917 1784 1934 κεκω-

991 1954 1120 1988 λυμένυις
1147 1954 1223 1987 παρὰ
1238 1952 1284 1978 τοῦ
1302 1952 1395 1987 νόμου,
1415 1950 1470 1978 οἷον
1495 1953 1644 1987 αἱρετικοϊς
1659 1953 1675 1987 ἢ
1693 1953 1784 1985 νόθοις

995 1998 1085 2026 παισί.
1106 1998 1184 2025 Μετὰ
1200 1998 1255 2033 γάρ
1283 2007 1324 2024 τοι
1350 1998 1380 2024 τὸ
1404 1998 1521 2032 μονάσαι
1548 1999 1603 2024 τῶν
1625 1998 1784 2033 προσόντων

994 2045 1086 2075 αὐτοῖς
1102 2043 1212 2071 πάντων
1225 2044 1255 2070 τὸ
1273 2044 1456 2078 μοναστήριον
1476 2044 1534 2079 ἔχει
1549 2044 1597 2079 τὴν
1617 2044 1785 2079 κυριότητα,

997 2092 1044 2118 καὶ
1066 2091 1142 2118 οὐδὲν
1169 2091 1306 2126 περὶτῶν
1324 2091 1434 2117 οἰκείων
1458 2090 1614 2125 φροντίζειν
1634 2090 1649 2125 ἦ
1670 2090 1786 2117 διατάτ-

996 2136 1092 2164 τεσθαι
1107 2136 1214 2168 τούτοις
1228 2136 1476 2172 παρακεχώρηται.
1493 2136 1522 2162 Ei
1538 2136 1566 2162 δέ
1582 2144 1624 2167 τις
1639 2135 1784 2171 φωραθείη

159 2182 361 2217 posscssionum
390 2179 548 2214 quampiam
575 2179 602 2205 in
632 2179 759 2213 proprios
786 2186 852 2206 usus
878 2186 921 2206 vet

1022 2183 1095 2217 εῆσιν
1127 2182 1273 2218 ἡντιναοῦν
1297 2183 1545 2216 ίδιοποιησάμενος,
1571 2182 1673 2216 ταύτην
1701 2182 1752 2216 μὲν
1770 2183 1786 2208 ὁ

160 2232 220 2253 tcns
255 2225 483 2259 deprehendatur,
507 2232 568 2250 eam
602 2224 761 2250 monasterii
801 2223 944 2258 praefectus

160 2276 207 2298 aut
233 2271 313 2298 istius
338 2271 389 2297 loci
415 2270 559 2304 cpiscopus
584 2269 705 2304 recipiat,
723 2275 749 2296 et
764 2277 858 2297 coram
874 2271 945 2297 mul-

161 2319 198 2345 tis
226 2318 340 2345 wstibus
355 2316 517 2348 divcndens,
532 2321 561 2343 ut
591 2323 623 2343 ea
661 2316 769 2343 ratione
802 2316 946 2344 calumniae

161 2371 272 2391 causam
299 2363 392 2396 evitet,
409 2368 436 2389 et
464 2361 628 2396 pauperibus
659 2369 691 2389 ac
725 2362 860 2390 mendicis
886 2363 945 2391 dis-

162 2410 275 2436 tribuat.
294 2410 382 2443 Atque
409 2408 521 2442 insuper
553 2414 615 2434 eum
641 2407 686 2441 qui
713 2408 794 2435 talem
835 2417 945 2443 posses-

161 2455 278 2483 sionem.
305 2454 344 2481 uti
383 2452 505 2480 Ananias
539 2453 602 2483 iste,
625 2453 766 2488 surripere
800 2455 946 2482 meditatus

163 2505 216 2531 est,
244 2500 333 2528 debita
349 2500 523 2527 correctione
540 2500 665 2533 castiget.
684 2498 764 2526 Hisce
781 2505 871 2528 autent
885 2509 946 2528 om«

161 2547 242 2574 nibus
273 2546 475 2574 etmonialium
505 2545 623 2572 societas
652 2545 768 2573 obnoxia
795 2547 857 2574 erit.

195 2592 282 2619 Porro
308 2597 397 2619 autem
429 2591 538 2618 concilii
564 2592 634 2620 sexti
662 2599 749 2619 canon
776 2593 807 2620 41
835 2594 946 2621 omnino

161 2637 343 2670 periculosum
373 2644 435 2664 esse
459 2637 567 2664 censuit
586 2641 612 2664 et
636 2638 810 2665 temerarium
845 2647 860 2666 a
891 2640 944 2666 vita

161 2683 289 2716 \‘iclltqtle
312 2681 451 2708 communi
476 2681 612 2715 recedere,
630 2689 661 2709 ac
690 2684 780 2710 statim
816 2689 902 2711 semet
918 2685 944 2711 in

161 2733 275 2762 angusta
311 2727 407 2754 ccllula
442 2727 598 2759 includere,
623 2729 730 2762 sibique
765 2729 832 2756 adeo
878 2729 945 2764 ipsis

162 2774 223 2799 vita:
259 2773 390 2800 solitaria
417 2779 545 2800 auctores
576 2782 647 2801 esse.
666 2774 779 2809 Oportet
810 2776 882 2802 enim
918 2776 944 2803 in

161 2819 339 2849 monasterio.
360 2820 404 2846 tibi
434 2827 530 2855 magna
565 2825 605 2847 cst
639 2819 755 2847 fratrum
781 2820 943 2856 frequentia,

997 2230 1149 2265 ἡγούμενος
1166 2230 1216 2263 τῆς
1235 2229 1337 2264 μονῆς,
1355 2229 1371 2264 ἢ
1391 2230 1404 2255 ὁ
1428 2229 1478 2264 τῆς
1504 2229 1595 2264 χώρας
1620 2228 1786 2260 ἐπίσκοπος,

996 2275 1086 2302 λαϐὼν
1104 2276 1151 2303 καὶ
1166 2275 1309 2310 πωλήσας,
1329 2274 1436 2301 πολλῶν
1463 2274 1611 2310 μαρτύρων
1627 2273 1671 2300 ἐπ’
1692 2273 1785 2307 ὄψεσι,

996 2322 1046 2356 τὴν
1061 2321 1188 2348 ἐντεῦθεν
1204 2321 1333 2357 διαὸολὴν
1357 2320 1572 2355 φυλαττόμενος,
1592 2321 1710 2354 πτωχοῖς
1735 2320 1787 2346 καὶ

998 2368 1110 2402 ἀπόροις
1135 2367 1321 2403 διανειμάτω’
1348 2368 1393 2393 τὸν
1419 2367 1448 2393 δὲ
1469 2367 1519 2401 τὴν
1543 2366 1671 2400 τοιαύτην
1686 2367 1787 2401 κτῆσιν

997 2414 1058 2440 κατ’
1077 2414 1180 2440 ἐκεῖνον
1208 2413 1254 2440 τὸν
1273 2413 1399 2439 ’Λνανίαν
1426 2412 1563 2447 ὑποσυλᾷν
1583 2411 1785 2446 μελετήσαντα,

997 2460 1034 2494 τῷ
1044 2460 1209 2494 προσήκοντι
1219 2459 1350 2494 ἐπιτιμίῳ
1361 2457 1686 2493 σωφρονισάτω.Τοὺτοις
1697 2457 1786 2483 πᾶσιν

998 2505 1147 2537 ὑπεύθυνος
1161 2505 1209 2531 καὶ
1257 2505 1313 2531 τῶν
1328 2504 1504 2539 μοναζουσῶν
1519 2503 1597 2530 ἔσται
1610 2503 1722 2538 φατρία.

1034 2594 1065 2621 Ὀ
1075 2595 1104 2622 δὲ
1117 2594 1162 2630 μα’
1174 2595 1224 2630 τῆς
1236 2598 1263 2627 ς’
1273 2595 1382 2621 συνόδου
1407 2593 1543 2629 σφαλερὸν
1555 2593 1680 2628 ἡγήσατο
1694 2592 1786 2628 πάντη

997 2641 1044 2667 καὶ
1070 2641 1175 2675 ἰταμὸν,
1201 2641 1264 2672 τοὺς
1290 2641 1339 2674 τῆς
1369 2639 1506 2674 κοσμικῆς
1533 2640 1784 2674 ἀνακεχωρηκότας

991 2685 1059 2719 -ἇρτι
1074 2685 1179 2721 διαίτης
1194 2686 1307 2717 ἑαυτοὺς
1334 2685 1414 2716 εὐθὺς
1431 2686 1459 2711 ὲν
1487 2685 1601 2719 οίκίσκῳ
1617 2683 1784 2719 βραχυτάτῳ

998 2731 1144 2764 ἑγκλείειν,
1159 2732 1206 2758 καὶ
1224 2732 1315 2765 σφισιν
1328 2732 1420 2763 αὐτοῖς
1436 2731 1560 2765 γίνεσθαι
1582 2728 1630 2755 τοῦ
1646 2730 1783 2765 μονήρους

999 2777 1055 2812 βίου
1089 2778 1259 2813 καθηγητὰς.
1297 2780 1341 2804 Δεῖ
1367 2779 1421 2813 γὰρ
1444 2777 1578 2813 πρότερον
1603 2777 1631 2803 ὲν
1657 2772 1785 2811 ἀδελφῶν

998 2824 1128 2852 πλειόνων
1144 2825 1260 2860 σεμνείῳ
1277 2825 1307 2852 τὸ
1333 2825 1381 2859 τῆς
1409 2823 1551 2858 ὑποταγῆς
1576 2822 1716 2857 γινόμενον
1734 2823 1784 2849 ἐπὶ
