1856 3061
139 137 175 169 ιῑἿ
746 128 929 160 ΜΑΤΤΗίΕΙ

1026 127 1168 157 δτΑιιιε
1197 118 1201 122 ’
1732 123 1769 156 te

137 192 268 220 uxoribus
281 199 313 219 ac
328 190 422 218 liberis
444 189 502 218 suis
528 195 582 216 una
598 185 733 219 habitant,
764 186 924 213 saecularem

1028 191 1069 216 το,
1086 183 1110 210 εἰ
1127 182 1186 219 μετ’
1198 181 1374 217 εὐχαριστίας
1395 181 1444 216 τῆς
1465 180 1532 216 πρὸς
1553 179 1619 207 Θεὸν
1635 179 1771 214 γίγνοιτο,

140 241 223 267 vitam
248 243 405 274 sequentes,
425 244 488 265 cum
506 235 639 262 uxoribus
653 231 794 260 convivari
815 230 928 258 minime

1026 247 1029 254 .
1045 227 1083 263 μὴ
1100 228 1170 274 μετὰ
1182 227 1338 262 θυμελικῶν
1351 226 1590 262 ἐπιτηδευμάτων,
1603 226 1650 252 καὶ
1662 231 1772 252 σατανιι

140 268 328 320 probibentur.
354 268 412 311 Hoc
442 283 516 310 enim
546 280 625 315 culpa
656 283 746 311 vacat,
778 276 929 305 dummodo

1026 283 1038 300 v
1052 273 1196 320 ᾀσμάτων,
1211 273 1258 300 καὶ
1270 273 1409 309 πορνικῶν
1427 271 1614 307 λογισμάτων,
1630 268 1671 302 οἷς
1685 270 1772 305 ἐπέρ·

142 333 188 360 ιιςιι
219 340 280 360 cum
299 331 449 366 gratiarum
468 335 531 363 erga
561 327 646 354 Deum
671 326 788 357 actione,
817 327 843 350 et
872 329 927 349 non

1026 328 1059 347 rat
1077 319 1099 366 ἡΔ
1111 319 1270 366 προφητικὴ
1285 319 1350 354 ἀράο
1367 328 1375 345 ι
1389 318 1459 345 Οὐαὶ
1471 320 1495 345 οἱ
1507 318 1576 353 μετά
1587 317 1705 352 κιθάρας
1720 314 1773 343 καὶ

143 387 204 405 cum
221 375 475 413 gesticulationibus
499 372 628 406 scenicis,
646 375 692 398 aut
710 369 844 399 satanicis
863 375 928 395 can-

1026 364 1132 400 te-qptou
1152 366 1198 392 τὸν
1215 363 1286 392 οἶνον
1303 364 1440 398 πίνοντες,
1460 374 1469 391 ι
1492 363 1587 391 καὶτὰ
1613 363 1689 398 ἐξῆς.

143 408 256 458 ticisret
280 422 512 451 modulationibus
534 418 708 451 meretriciis,
733 423 794 452 quae
811 412 965 443 maledictio
980 412 1076 440 isthaec
1091 412 1249 448 prophetica
1267 412 1444 448 prosequitur
1461 419 1469 438 :
1489 420 1498 437 ι
1520 410 1565 438 Va:
1586 410 1640 438 illis
1668 409 1716 445 qui
1733 408 1771 436 ad

145 475 280 502 citharam
303 475 330 499 et
359 470 520 507 psalterium
540 468 633 496 vinum
660 466 768 497 bibunt,
788 473 797 490 ι
816 468 843 491 et
863 469 924 498 quae
943 465 1107 497 sequuntur.

153 531 155 534 ⁴
177 519 307 552 Quinimo
331 522 421 550 neque
445 513 578 550 permittit
601 511 709 539 concilii
728 509 928 544 Cartliagiuen—

141 566 179 593 sis
195 572 258 592 can.
285 563 322 590 ‘58
344 561 499 589 monachos
525 563 573 586 aut
604 558 720 585 clericos
755 556 867 590 impune
894 553 927 580 ad

142 610 260 645 virgines
273 609 314 636 vel
331 607 427 634 viduas
444 606 499 632 Deo
513 607 689 631 consecratas
706 601 847 632 accedere,
866 599 929 625 abs-

143 665 196 692 que
220 662 355 683 consensu
390 651 525 688 episcopi,
545 654 603 681 aut,
619 656 654 676 eo
673 648 796 678 absente,
816 645 930 680 presby-

143 691 327 736 terial-icujus
343 709 349 726 :
368 705 420 726 nec
445 701 509 724 tunc
536 695 645 731 quidem
676 693 749 722 Solos
773 700 835 720 cum
861 691 929 719 solis

143 749 256 782 versari,
279 747 326 775 sed
340 746 381 773 vel
407 743 514 772 clericis
535 741 607 774 aliis,
632 741 675 768 vel
690 738 853 766 Christianis
877 738 928 765 ho-

143 796 231 823 nestis
246 801 277 822 ac
297 790 431 826 religiosis
452 787 645 824 praesentibus,
665 790 694 813 ut
707 785 818 813 tollatur
838 783 927 811 omnis

142 841 274 876 suspicio.
301 848 310 865 ι
329 838 403 866 Citra
426 834 587 863 scandalum
605 832 691 864 enim,
719 831 757 858 ait
771 830 927 864 Apostolus,

1016 506 1083 533 Οὺδέ
1106 506 1121 533 ὁ
1148 507 1198 543 τῆς
1224 505 1254 533 ἐν
1281 506 1448 543 Καρθαγένῃ
1483 506 1594 534 συνόδου
1619 505 1659 541 λη’
1677 505 1772 533 κανὼν

980 552 1072 588 ἐφίησι
1099 552 1226 588 μοναχοῖς
1248 553 1264 588 ῆ
1286 553 1428 588 κληρικοίς
1450 554 1536 585 ἀδεῶς
1559 553 1674 580 εἰσιέναι
1701 553 1773 587 πρὸς

982 598 1146 634 παρθένους,
1160 599 1176 635 ἢ
1189 600 1288 635 χήρας,
1302 600 1330 626 αἳ
1346 601 1378 636 δὴ
1389 600 1428 636 τῷ
1438 600 1498 636 Θεῴ
1513 600 1705 636 καθιέρωνται,
1721 598 1771 625 τοῦ

980 644 1131 672 ἐπισκόπου
1146 645 1183 681 μὴ
1197 647 1422 682 ἐπιτετραφότος,
1440 647 1455 682 ἢ
1468 647 1515 673 τοῦ
1531 646 1729 682 πρεσϐυτέρου,
1743 645 1772 671 εί

981 690 1085 721 ἐκεῖνος
1111 690 1213 726 ἀπῄει·
1241 691 1309 719 ἀλλὰ
1337 693 1384 719 καὶ
1411 692 1471 718 τότε
1497 693 1534 727 μὴ
1553 693 1650 727 μόνους
1673 692 1772 726 μόναις

981 737 1166 772 ἐντυγχάνειν,
1185 737 1252 765 ἀλλὰ
1270 739 1412 774 παρόντων
1428 739 1444 775 ἢ
1463 739 1601 775 κληρικῶν
1624 738 1736 773 ἐτέρων,
1753 737 1772 772 ἦ

980 783 1151 818 Χριστιανῶν
1166 784 1283 819 ἐντίμων
1303 785 1352 812 καὶ
1374 785 1505 818 εὐλαίῶν,
1522 786 1592 812 ὥστε
1613 786 1704 812 πᾶσαν
1715 785 1771 811 ὐπ-

982 828 1062 862 οψίαν
1076 830 1293 865 περιαιρεῖσθαι.
1315 841 1324 858 ι
1350 831 1535 867 Ἀπρόσκοποι
1549 832 1613 868 γὰρ,
1648 832 1729 866 φησιν
1756 831 1774 857 ὀ

142 873 231 916 estote
245 890 273 914 et
286 883 386 912 Iudaeis
408 887 434 909 et
453 881 557 909 Graecis
574 883 601 907 el.
626 877 753 906 Ecclesiae
771 875 829 902 Dei.
852 884 861 901 ι
883 873 930 901 Ju-

1026 875 1159 908 ιτύστολος,
1188 876 1298 912 γίνεσθε
1326 878 1372 904 καὶ
1400 878 1550 912 Ἰουδαίοις,
1575 878 1623 904 καὶ
1643 877 1772 912 Ἕλλησι,

144 934 240 960 bemur
260 930 327 958 adeo
345 926 518 962 suspiciones
542 924 628 951 malas
644 922 758 953 evitare,
774 918 849 946 falsae
866 918 932 945 licet

144 977 254 1005 iuerint.

271 1076 310 1104 De
330 1075 446 1103 transitu
462 1081 476 1100 e
492 1070 652 1100 monasterio
678 1067 712 1096 ad
727 1066 812 1094 aliud.

181 1159 275 1186 Canon
293 1162 386 1184 autem
416 1154 566 1182 vicesimus
583 1151 688 1186 primus
700 1146 796 1183 synodi
811 1144 933 1180 septimm

146 1206 219 1232 haud
239 1203 372 1239 permittit
389 1199 554 1229 monachum
570 1200 618 1223 aut
634 1193 781 1222 monialem
794 1189 932 1226 propriam

146 1254 272 1280 deserere
293 1247 478 1277 mansionem,
500 1250 526 1271 et
541 1244 568 1270 in
584 1241 664 1269 aliam
681 1247 710 1267 se
725 1237 861 1266 conferre.
884 1235 933 1263 Sin

148 1305 210 1325 vero
227 1297 280 1322 hoc
303 1293 361 1321 ﬁeri
376 1291 526 1326 contingat,
552 1287 687 1316 laudabile
707 1283 934 1318 esseexistimat

146 1348 172 1370 et
191 1342 300 1375 quidem
317 1336 506 1366 necessarium
534 1335 616 1362 hosce
637 1331 756 1366 hospitio
783 1327 882 1363 excipi,
899 1334 934 1354 ne

146 1392 216 1415 torte
232 1386 412 1414 saecularibus
425 1387 452 1409 et
478 1381 634 1416 promiscue
652 1376 808 1404 viventibus
834 1381 864 1402 se
883 1374 934 1400 im-

149 1441 267 1462 miscere
281 1435 430 1466 cogantur;
452 1427 524 1455 baud
537 1431 626 1454 tamen
642 1423 725 1458 recipi
740 1422 800 1451 sine
819 1426 935 1448 consen-

147 1488 177 1506 su
203 1485 313 1506 suorqu
340 1475 542 1511 prmfectorum.

182 1526 251 1553 ’l‘um
271 1530 357 1551 canon
374 1522 390 1548 5
405 1519 501 1556 synodi
524 1517 619 1554 prinne
645 1520 670 1544 et
704 1514 844 1545 secundae,
872 1519 933 1546 quae

985 922 1033 948 καὶ
1058 923 1091 958 τῇ
1114 923 1262 959 Ἐκκλησία
1293 923 1339 950 τοῦ
1353 924 1440 950 Θεοῦ·
1461 934 1470 950 ι
1492 925 1553 951 ἐπεὶ
1579 923 1692 958 φεύγειν
1721 925 1773 954 τὰς

985 968 1107 1039 grav-ngat;
1130 969 1280 1005 ὑπολήψεις
1298 970 1535 1006 προστετάγμεοα,
1553 971 1604 998 κῆν
1625 967 1676 997 ὦσι
1704 969 1774 1004 ipsu—

1002 1021 1053 1045 εις.

987 1068 1058 1104 Περὶ
1085 1070 1276 1105 μεταϐάσεως
1304 1053 1375 1142 (ἐπὶ.
1390 1074 1597 1109 μοναστηρίου
1617 1075 1661 1108 εις
1677 1083 1775 1109 μονα-

1332 1117 1348 1134 τ
1366 1117 1446 1142 ριον.

1332 1117 1446 1136 mmor.

1309 1117 1446 1142 στηριον.

1026 1150 1056 1177 '0
1069 1150 1097 1178 δέ
1110 1154 1154 1178 κα¹
1171 1151 1221 1186 τῆς
1237 1151 1258 1184 ζ’
1270 1152 1447 1190 συνόδουρῦκ
1462 1153 1605 1189 ἐπιτρέπει
1621 1154 1737 1190 μοναχὸν
1754 1155 1773 1190 ἦ

986 1195 1153 1230 μονάστριαν
1169 1195 1218 1232 τὴν
1247 1197 1351 1224 οἰκείαν
1370 1198 1589 1233 καταλιμπάνειν
1610 1200 1705 1234 μονὴν,
1723 1201 1774 1227 καὶ

985 1239 1025 1271 εἰς
1040 1240 1137 1276 ἑτέραν
1159 1241 1281 1269 ἀπιέναι.
1300 1243 1412 1278 Συμόἀν
1428 1244 1456 1270 δὲ
1473 1243 1554 1277 οὕτω,
1575 1244 1771 1280 ξενοδοχεῖσυαι

986 1285 1046 1320 μὲν,
1067 1286 1104 1318 ὡς
1122 1288 1281 1321 ἀναγκαῖον,
1299 1288 1333 1315 δι’
1352 1289 1462 1316 ἐπαίνου
1483 1290 1596 1322 τίθεται,
1610 1291 1653 1317 ἵνα
1670 1292 1707 1327 μὴ
1723 1300 1773 1318 κο-

986 1333 1092 1366 σμικοῖς
1108 1333 1155 1359 καὶ
1164 1333 1317 1369 ἀδιαφόρως
1330 1334 1432 1368 βιοῦσιν
1443 1335 1613 1363 ἐκϐιασθεῐεν
1622 1337 1770 1372 συμμίξαι·

985 1378 1243 1414 προσλαμϐάνεσθαι
1257 1379 1285 1406 δὲ
1298 1380 1328 1406 οὐ
1340 1381 1409 1415 δῆτα
1422 1380 1486 1408 ἄνευ
1499 1382 1613 1418 γνώμης
1626 1382 1680 1410 τῶν
1693 1382 1771 1418 σφῶν

985 1423 1157 1458 ἡγουμένων.

1026 1515 1055 1542 '0
1069 1515 1097 1543 δὲ
1110 1516 1134 1550 γ’
1148 1517 1198 1552 τῆς
1214 1517 1363 1553 λεγομένης
1375 1518 1486 1554 πρώτης
1501 1519 1548 1547 καὶ
1561 1519 1692 1556 δευτέρας
1709 1530 1774 1549 συν-

147 1577 271 1603 vocatur,
299 1564 575 1597 excommunicationi
602 1562 760 1598 prxfeetum
795 1558 930 1595 subjicit,

1026 1571 1043 1588 υ
1053 1562 1200 1598 ἀφορισμῷ
1209 1564 1254 1591 τὸν
1266 1552 1421 1600 ἡγούμενον
1433 1552 1607 1602 ὑποτίθησιν,
1621 1552 1647 1594 εί
1660 1567 1697 1602 μὴ
1709 1569 1773 1595 ἐπι-

149 1617 194 1652 qui
209 1615 380 1650 aulugientcs
398 1611 560 1641 monachos,
576 1608 623 1643 qui
641 1607 675 1635 ad
692 1606 764 1634 ovile
775 1613 855 1633 suum
872 1611 931 1640 per-

147 1665 246 1694 tinent,
266 1668 320 1688 non
340 1667 402 1687 cttm
434 1655 575 1692 diligentia
605 1653 790 1689 requisiverit,
813 1656 840 1679 et
856 1658 933 1678 ovem

149 1708 300 1737 inorbidam
318 1705 523 1733 medicamentis
536 1705 658 1730 curatam
679 1700 712 1728 ad
735 1706 842 1727 sacrum
860 1698 933 1726 clau-

150 1763 236 1783 strum
267 1752 416 1781 reduxerit.
455 1750 522 1778 Nam
561 1749 584 1775 si
617 1747 798 1775 animantium
828 1745 935 1772 ratione

149 1801 302 1830 carentium
330 1801 434 1834 pastor,
463 1795 511 1830 qui
536 1801 599 1830 erga
630 1800 739 1828 gregem
767 1791 935 1826 negligenter

150 1855 208 1875 sese
226 1846 304 1881 gerit,
321 1848 397 1872 certo
417 1842 474 1869 luat
491 1861 499 1874 ,
522 1839 650 1875 quisquis
667 1838 758 1866 ovium
773 1837 874 1864 Christi
895 1843 935 1863 sa-

151 1880 234 1920 lutem
248 1899 303 1926 pr:
318 1887 444 1917 socordia
460 1885 614 1921 vilipcndit,
631 1882 727 1918 quidni
744 1880 937 1916 indeprecabi-

151 1940 191 1967 les
210 1945 305 1972 prenas
329 1933 593 1963 dabit?l\donachus
621 1937 688 1958 vero
712 1929 749 1956 ita
777 1931 934 1958 revocatus,

152 1986 174 2013 si
199 1993 231 2012 eo
246 1983 336 2011 redire
363 1978 532 2007 recusaverit
547 1999 553 2010 ,
576 1977 648 2004 unde
671 1974 815 2008 discessit,
848 1973 872 2000 si
899 1973 937 2000 ita

152 2031 280 2066 episcopo
301 2028 388 2055 visum
405 2025 497 2057 fuerit,
511 2023 707 2060 segregabitur.

188 2119 254 2146 Dein
272 2124 360 2145 canon
383 2120 497 2150 quartus
531 2113 712 2144 monachum,
747 2110 795 2145 qui
829 2108 937 2143 propria

153 2167 294 2195 mansione
310 2163 403 2191 relicta
422 2161 450 2188 in
473 2161 556 2188 aliam
569 2167 597 2187 se
612 2157 727 2189 confert,
746 2156 787 2184 vel
815 2156 843 2182 in
858 2154 937 2182 habi-

152 2213 243 2241 taculo
257 2210 379 2238 sazculari
396 2208 512 2243 turpiter
527 2209 709 2235 comrssatur,
728 2203 818 2237 ipsum
846 2201 935 2232 illum,
953 2222 975 2250 Β

152 2264 180 2287 ct
196 2258 242 2294 qui
260 2255 419 2289 susceperit,
437 2258 567 2288 utrosque
580 2250 775 2279 communione
787 2247 936 2282 privandos

153 2304 285 2335 decernit,
302 2303 391 2329 donec
406 2301 429 2328 is
448 2299 496 2335 qui
511 2298 666 2330 recesserit,
679 2297 707 2323 in
727 2294 936 2324 monasterium,

153 2351 225 2385 quod
249 2348 370 2384 improbe
397 2346 530 2377 deseruit,
546 2344 627 2371 fuerit
640 2349 777 2370 reversus.
806 2341 854 2368 Sin
871 2347 936 2368 vero

153 2398 232 2425 istius
250 2396 302 2423 loci
324 2395 470 2429 episcopus
502 2390 650 2417 monachos
674 2388 806 2423 quosdam
837 2387 938 2422 pietate

153 2444 196 2478 (ut
217 2443 255 2476 I‘it)
277 2440 449 2476 percelebres
464 2439 496 2465 de
520 2437 673 2468 mansione}
685 2435 791 2469 propria
814 2435 938 2461 cximens

156 2492 183 2516 iu
206 2485 266 2516 aliis
284 2485 467 2516 constituerit,
494 2488 524 2510 ut
540 2482 675 2509 mansioni
703 2481 816 2515 praesint
846 2480 938 2516 (modo

156 2540 278 2568 utraeque
294 2533 332 2559 illi
351 2533 478 2566 episcopo
494 2528 625 2562 subjectae
640 2526 762 2560 fuerint),
780 2526 822 2554 vel
840 2527 939 2554 domus

156 2583 282 2613 tutelam,
296 2581 336 2607 eis
354 2576 546 2606 commiserit:
571 2575 660 2602 istlioc
682 2574 789 2608 quidem
806 2581 867 2601 cum
892 2581 938 2601 cos

154 2628 202 2663 qui
216 2626 378 2660 suscipiunt,
393 2628 448 2649 tum
466 2620 615 2648 monachos
627 2618 700 2654 ipsos
713 2619 791 2653 culpa
805 2620 880 2646 omni
895 2622 939 2646 va-

157 2681 225 2701 cuos
245 2674 365 2707 prmstal.

189 2720 260 2752 Quin
280 2719 334 2744 imo
353 2722 441 2742 canon
456 2714 490 2742 80
513 2714 610 2749 synodi
637 2713 861 2750 Carthaginensis
881 2712 940 2746 epi-

155 2773 268 2801 scopum
288 2763 379 2799 puniri
395 2762 461 2795 vult,
482 2762 527 2798 qui
543 2763 704 2789 monachum
721 2763 837 2789 alienum
853 2759 940 2788 susci-

157 2814 205 2847 pit,
227 2811 304 2846 191
323 2815 404 2844 atque
420 2811 452 2837 ad
479 2809 593 2844 gradum
621 2809 775 2836 clericnlem
801 2813 941 2842 promove—

158 2860 206 2890 rit,
220 2861 267 2884 aut
283 2856 399 2891 alicujus
418 2863 448 2884 cx
467 2856 557 2892 propri
571 2864 583 2884 s
612 2855 783 2883 monasteriis
800 2853 942 2889 prml‘cctu-

986 1609 1076 1644 μελῶς
1096 1610 1244 1646 ἀναζητοίη
1263 1612 1327 1643 τοὺς
1342 1612 1392 1647 τῆς
1417 1611 1515 1639 ἐαυτοῦ
1534 1613 1651 1649 ποίμνης
1672 1615 1772 1641 ἀποδι-

984 1654 1152 1689 δράσκοντας
1171 1655 1315 1690 μοναχοὺς,
1332 1656 1380 1683 καὶ
1395 1656 1463 1692 πρὸς
1479 1657 1526 1684 τὸν
1544 1657 1616 1692 ἱερὸν
1635 1658 1771 1693 ἐπανάγει

985 1701 1079 1735 σηκὸν,
1096 1703 1129 1736 τῇ
1156 1702 1316 1737 καταλλήλῳ
1333 1703 1468 1738 θεραπείᾳ
1486 1704 1517 1730 τὺ
1532 1704 1678 1739 νενοσηκὸς
1692 1706 1773 1741 ἐπιῤ-

986 1747 1073 1781 ρωνὺς
1090 1747 1240 1782 πρόϐατον.
1259 1747 1291 1774 Et
1309 1747 1363 1782 γὰρ
1389 1750 1403 1775 ὁ
1430 1749 1508 1781 ζώων
1531 1749 1638 1784 ἀλόγων
1654 1751 1770 1786 ποιμὴν,

986 1791 1095 1824 ἀμελῶς
1120 1793 1185 1826 περὶ
1214 1792 1244 1818 τὸ
1266 1792 1392 1827 ποίμνιον
1420 1793 1603 1829 διακείμενος,
1633 1797 1773 1830 τιμωρίαν

986 1837 1142 1871 ἀναγκαίως
1156 1838 1263 1873 ὑπέχει,
1287 1839 1302 1865 ό
1321 1838 1375 1865 τῶν
1397 1839 1443 1866 τοῦ
1459 1839 1578 1875 Χριστοῦ
1601 1841 1771 1876 θρεμμάτων

986 1883 1035 1917 τὴν
1050 1883 1186 1918 σωτηρίαν
1205 1884 1269 1917 περὶ
1293 1884 1435 1919 ἐλαχίστου
1454 1885 1487 1912 δι’
1503 1886 1607 1913 οίκείαν
1626 1888 1772 1922 ῥᾳστώνην

986 1928 1138 1963 τιθέμενος,
1152 1929 1209 1961 πῶς
1224 1930 1275 1957 οὐκ
1287 1931 1475 1967 ἀπαραίτητον
1489 1933 1721 1969 εἰσπραχθήσεται
1734 1935 1773 1961 δί-

988 1982 1056 2009 κην;
1077 1975 1211 2002 ’Δπειθῶν
1223 1976 1252 2003 δέ
1262 1977 1275 2003 ὁ
1289 1977 1511 2012 ἀνακαλούμενος
1528 1980 1644 2014 μοναχὸς
1659 1981 1772 2007 ἐπανιέ-

989 2029 1032 2047 ναι
1044 2021 1104 2047 ὅθεν
1120 2021 1188 2056 δῆτα
1200 2023 1245 2049 καὶ
1261 2023 1404 2059 ἐξελήλυθε
1416 2024 1483 2060 πρὸς
1495 2025 1541 2052 τοῦ
1556 2026 1706 2052 ἐπισκόπου
1717 2027 1755 2061 ἀφ
1763 2039 1775 2047 -

988 2066 1173 2102 ορισθήσεται.

1029 2113 1059 2140 '0
1079 2114 1107 2140 δέ
1123 2115 1143 2141 δ’
1155 2115 1200 2142 τὸν
1219 2116 1375 2151 ἀποδράντα
1389 2116 1439 2151 τῆς
1460 2117 1528 2149 ιδίας
1557 2119 1640 2154 μονῆς
1657 2119 1775 2155 μοναχὸν

989 2161 1035 2187 καὶ
1057 2161 1127 2196 πρὸς
1146 2161 1244 2197 ἐτέραν
1261 2164 1522 2199 μετακεχωρηκότα,
1539 2165 1556 2199 ἦ
1583 2166 1623 2197 εἰς
1639 2166 1775 2200 κοσμικὺν

990 2206 1114 2241 ἁσέμνως
1126 2208 1337 2242 είσκωμάσαντα
1347 2210 1529 2243 καταγώγιον,
1540 2210 1620 2237 αὐτόν
1631 2219 1659 2237 τε
1672 2212 1718 2238 καὶ
1727 2213 1775 2238 τὸν

988 2252 1082 2278 τοῦτον
1110 2252 1308 2288 ὑποδεξάμενον
1332 2254 1522 2289 ἀφωρισμένον
1555 2253 1626 2281 εἶναι.
1654 2258 1773 2290 κελεύει,

988 2296 1040 2328 ἓως
1064 2297 1096 2324 ἂν
1124 2298 1138 2324 ὁ
1161 2299 1347 2334 ἀποφοιτήσας
1370 2300 1438 2334 πρὸς
1452 2300 1500 2335 τὴν
1517 2301 1611 2336 μονὴν,
1627 2299 1661 2337 ἦς
1679 2303 1772 2334 κακῶς

988 2342 1157 2378 ἐξελήλυθεν,
1177 2345 1313 2381 ἐπανήκῃ.
1339 2345 1371 2372 Ei
1387 2346 1478 2380 μέντοι
1498 2347 1512 2372 ό
1527 2347 1576 2382 τῆς
1598 2347 1692 2382 χώρας
1709 2349 1773 2374 ἐπί-

990 2397 1100 2422 σκοπος,
1118 2390 1192 2417 ἐστιν
1214 2389 1260 2421 οὓς
1279 2390 1333 2417 τῶν
1351 2391 1394 2417 ἐπ’
1412 2391 1540 2427 εὐλαϐείᾳ
1566 2394 1776 2428 σεμνυνομένων

991 2435 1124 2469 μοναχῶν,
1144 2436 1175 2466 ἐκ
1185 2436 1235 2471 τῆς
1249 2437 1352 2462 ἐαυτῶν
1369 2436 1498 2472 εἰληφὼς,
1514 2438 1553 2468 εὶς
1573 2438 1671 2473 ἑτέραν
1692 2440 1777 2473 ἐγκα-

989 2481 1135 2515 ταστήσειε
1151 2482 1321 2517 προστασίαν
1335 2483 1431 2518 μονῆς.
1450 2484 1498 2509 καὶ
1516 2484 1680 2519 ἀμφοτέρων
1698 2485 1774 2520 αὐτῷ

991 2526 1178 2561 ὑποκειμένων
1200 2527 1302 2562 δηλαδὴ
1325 2528 1381 2554 τῶν
1410 2529 1509 2563 μονῶν,
1528 2529 1543 2564 ἢ
1567 2530 1612 2556 καὶ
1638 2534 1776 2566 κοσμικὴν

990 2571 1078 2599 οίκίαν
1102 2572 1243 2607 ἐπιτηρεῖν
1264 2573 1421 2610 διορίσαιτο,
1450 2575 1528 2601 τοῦτο
1555 2577 1602 2602 καὶ
1629 2577 1691 2608 τοὺς
1711 2578 1777 2604 ὐπο-

991 2618 1151 2653 δεχομένους
1191 2618 1240 2645 καὶ
1265 2619 1328 2651 τοὺς
1353 2620 1486 2655 μοναχοὺς
1518 2621 1680 2652 ἀνευθύνους
1704 2622 1775 2648 εἷνα.

992 2666 1073 2691 ποιεῖ.

1035 2711 1064 2737 '0
1085 2711 1112 2737 δέ
1129 2711 1154 2738 π’
1169 2709 1217 2747 τῆς
1237 2712 1265 2738 ἐν
1281 2712 1446 2749 Καρθαγένῃ
1463 2713 1573 2740 συνόδου
1597 2715 1777 2749 ἐπιτιμᾶσθαι

992 2757 1038 2783 τὸν
1057 2758 1205 2785 ἐπίσκοπον
1219 2758 1300 2791 ἀξιοῖ,
1316 2758 1346 2790 ὃς
1361 2759 1406 2785 τὸν
1424 2759 1564 2795 ἀλλότριον
1579 2760 1778 2795 ὑποδεχόμενος

995 2803 1112 2838 μοναχὸν
1131 2804 1170 2835 εἰς
1187 2804 1291 2839 βαθμὸν
1307 2805 1452 2840 καθίστησι
1475 2805 1616 2841 κλήρου,ἤ
1635 2807 1682 2832 καὶ
1696 2806 1778 2840 ἡγου-

995 2850 1104 2887 μενείαν
1123 2850 1224 2878 οἰκείου
1245 2852 1440 2888 μοναστηρίου,
1459 2853 1524 2880 ἄνευ
1548 2853 1716 2887 ἀπολυτικῆς
1731 2860 1778 2887 τοῦ
