1856 3061
142 123 174 159 51

735 130 917 168 MATTH/EI
939 137 1148 172 BLASTARIS

1732 145 1778 178 52

1753 167 1778 176 ..ι

139 190 429 224 aetate'grandioribus
445 196 493 219 aut
514 193 657 228 prmeipuis
684 196 858 230 monialium,
884 202 924 233 qu

1371 194 1374 197 ι
1705 189 1712 199 Ι

1021 204 1075 233 ἱων.
1101 203 1117 238 ἦ
1139 202 1172 229 τὰ
1189 203 1284 237 πρῶτα
1299 203 1351 230 τῶν
1365 203 1392 230 ὲν
1413 205 1445 239 τῇ
1461 205 1529 239 μονῇ
1545 205 1698 239 φερουσῶν,
1721 207 1787 233 καὶ

139 234 173 261 de
193 235 261 269 ipsis
285 238 482 271 respondeant;
497 239 613 266 maxime
632 248 697 267 vero
711 242 736 269 si
751 243 839 271 adhuc
855 249 929 272 tene-

143 288 182 308 rae
209 282 297 310 aetatis
330 280 455 317 fuerint,
478 285 525 319 qui
547 285 635 314 oculis
664 287 782 316 incautis
818 289 931 324 laqueus

139 327 249 361 quidem
266 332 307 355 est
329 329 399 356 haud
417 329 496 357 facile
509 333 723 364 praztereundus.
754 334 821 362 Nam
853 336 929 364 hisce

141 373 194 401 illis
214 380 310 408 praeter
328 375 447 403 innatam
482 377 566 405 animi
597 379 708 407 feminei
741 381 928 410 lubricitatem

141 420 255 447 multum
271 421 303 447 ad
322 423 482 455 pravitatem
509 424 616 452 confert
631 425 688 460 ipsa
703 426 841 461 juventus.
874 429 929 457 Sed

140 466 341 494 necnllatetms
370 472 445 495 extra
475 471 670 499 mortasterium
700 479 862 507 pernoctare
890 477 929 503 eis

139 511 312 544 permissum.
346 512 490 542 Monacltis
517 522 593 548 vero,
613 523 726 554 urgente
754 521 928 554 necessitate,

139 564 202 584 cum
235 559 430 588 benedictione
464 563 583 596 praefecti
611 565 693 592 etiam
726 573 835 601 per_se
862 568 928 595 solis

136 605 230 639 egredi
247 606 312 634 licet
326 615 335 641 ;
351 609 418 642 quin
433 609 639 638 imoiuterdum
663 617 690 640 et
711 618 788 641 extra
806 615 928 642 mansio-

137 655 200 677 nem
215 657 387 686 pernoctare.
410 654 472 682 Hac
489 660 579 683 autem
596 657 629 684 de
641 658 751 698 feminis
772 659 843 688 dicta
865 665 927 696 puta

137 696 174 724 ob
194 702 301 726 aetatem
334 703 455 728 teneram
471 703 616 737 suspectis,
637 696 689 731 non
707 705 739 732 de
754 705 797 737 iis,
812 714 927 741 qttarum

138 743 210 771 nulla
228 751 270 772 est
284 745 327 773 vel
341 747 377 774 ob
393 752 499 775 tetatem
519 749 560 775 vel
582 750 746 784 probitatem
774 753 908 786 suspicio.

176 789 254 824 192
287 790 414 826 Praecipit
441 797 532 821 autem
559 795 670 822 concilii
701 796 927 831 Carthaginiensis

137 838 225 863 eanon
244 837 278 863 M
293 845 385 865 sacras
400 839 519 874 virgines
534 848 549 867 a
564 842 723 876 parentibus
739 849 890 877 separatas,
911 851 925 872 a

138 881 237 914 quibus
262 882 475 916 diligentissime
499 887 697 918 servabantur.
721 888 853 923 episcopi,
875 890 928 924 vel,

138 925 185 953 illo
201 927 324 959 absente,
335 929 485 964 presbyteri
497 932 666 965 providentia
681 933 928 962 venerabilioribus

137 972 246 1001 feminis
258 974 467 1004 eobabitationis
478 977 564 1012 gratia
577 979 773 1010 commendari,
788 985 834 1007 ant
847 980 926 1007 etiam

135 1019 259 1053 juniores
285 1021 367 1048 simul
401 1022 526 1050 habitare
542 1032 548 1050 :
565 1024 633 1051 adeo
649 1029 677 1051 ut
696 1025 776 1052 simul
795 1026 926 1059 viventes,

137 1066 242 1101 seipsas
259 1067 374 1096 invicem
392 1069 539 1097 observent
555 1071 686 1098 continuo
715 1078 746 1098 ac
760 1072 925 1104 custodiant,

144 1120 233 1147 neque
263 1114 318 1141 huc
346 1115 467 1150 illucque
499 1117 658 1151 devagando
693 1117 925 1145 existimationem

137 1165 169 1185 ac
182 1158 353 1187 honestatem
369 1161 497 1189 Ecclesize
512 1162 622 1189 laedant.
642 1163 834 1190 Verumtamen
852 1165 924 1198 apud

138 1204 251 1238 nosjam
263 1205 382 1233 exolevit
397 1207 554 1240 promiscua
569 1208 689 1235 virorum
708 1208 926 1243 feminarumque

133 1250 275 1283 juniorum
308 1252 461 1286 habitatio,
482 1254 607 1288 quamvis
637 1253 725 1281 adhuc
740 1255 765 1281 in
804 1254 925 1282 Ecclesia

136 1292 236 1324 Latina
255 1303 393 1326 servetur.
424 1303 427 1306 '

171 1342 297 1371 Posthac
325 1350 412 1372 canon
444 1343 496 1371 {26
522 1347 666 1381 episeopo,
687 1350 714 1373 et
737 1345 845 1380 quidem
862 1346 924 1377 soli,

137 1394 237 1416 munus
264 1391 409 1418 cammittit
435 1391 554 1426 virgines
584 1392 712 1424 velandi,
738 1392 810 1419 haud
833 1396 924 1419 tamen

136 1439 201 1462 ante
213 1435 248 1462 25
262 1436 350 1463 relatis
367 1443 480 1469 annum,
497 1437 547 1465 nisi
561 1437 630 1465 forte
644 1442 738 1472 urgeat
767 1437 924 1465 necessitas.

135 1480 304 1515 Abrogatum
321 1486 412 1509 autem
429 1488 471 1510 est
486 1483 572 1511 isthoe
587 1484 660 1511 dicto
689 1491 794 1511 canone
811 1484 845 1511 40
860 1492 922 1512 con~

135 1528 191 1555 cilii
208 1528 276 1556 sexti
292 1548 299 1559 .
315 1536 369 1563 quo
385 1529 542 1557 decernitur
556 1530 636 1557 etiam
668 1531 762 1558 decem
791 1539 922 1558 annorum

136 1582 236 1608 pueros
252 1575 412 1610 puellasque
430 1576 580 1603 detonderi.

175 1621 350 1647 Anatltemati
381 1626 471 1648 autem
502 1622 596 1649 subdit
625 1623 733 1650 concilii
762 1623 929 1658 Gangrensis

137 1673 223 1693 canon
242 1666 276 1693 i5
305 1667 435 1694 mulieres
465 1668 537 1700 illas,
563 1677 624 1704 quae
650 1675 760 1704 propter
787 1670 927 1704 pietatem,

136 1720 217 1746 quam
231 1717 337 1747 putant,
350 1720 455 1741 comam
469 1715 589 1745 tondent,
609 1721 743 1750 quatenus
754 1715 929 1750 subiectionis

138 1758 290 1793 symbolum
308 1759 482 1792 dissolvant;
501 1762 729 1794 quemadmodum
749 1762 847 1789 alicubi
864 1762 929 1789 dicit

138 1805 287 1840 Apostolus
301 1814 308 1832 :
325 1815 333 1831 ι
361 1805 500 1833 Mulierem
513 1811 618 1841 oportet
646 1811 811 1842 potestatem
829 1808 929 1835 habere

139 1858 225 1886 super
239 1855 332 1886 caput,
352 1851 459 1886 signum
476 1852 581 1880 sciiicet
599 1852 777 1887 subjectionis
793 1860 850 1880 suae
863 1861 928 1888 erga

140 1897 240 1930 virum,
257 1905 304 1925 seu
320 1897 422 1926 crines.
449 1904 459 1924 ι
479 1897 511 1925 Ει
525 1906 640 1926 rursus:
657 1908 667 1925 ι
685 1898 713 1926 Si
731 1899 834 1926 mulieri
850 1903 929 1934 turpe

140 1943 176 1971 sit
190 1944 296 1971 tonderi
312 1944 352 1971 vel
370 1945 440 1976 radi,
457 1945 572 1972 veletur.
591 1954 601 1970 ι
619 1944 652 1971 Et.
669 1953 676 1971 :
693 1955 702 1971 ‹
723 1944 829 1978 Mulier,
843 1946 865 1972 si
879 1952 927 1972 co-

140 1998 212 2017 mam
229 1990 292 2023 alat,
307 1990 390 2025 gloria
403 1989 457 2025 ipsi
488 1995 635 2022 est;eoma
665 1991 737 2018 enim
752 1991 775 2018 ei
793 1991 854 2018 data
886 1995 928 2019 est

139 2043 191 2070 pro
207 2036 354 2064 velamine.
374 2045 384 2062 I
403 2036 460 2063 Imo
491 2042 587 2064 natura
617 2036 684 2064 adeo
717 2037 793 2064 novit
821 2045 927 2064 cernam

140 2082 301 2110 mulieribus
318 2083 482 2117 peculiarius
494 2088 657 2118 competere,
675 2087 705 2110 ut
730 2090 870 2118 nunquam
888 2084 928 2111 eis

141 2128 280 2157 Calvitium
296 2128 374 2156 ferat.
393 2127 484 2156 Nihilo
500 2133 589 2156 tamen
621 2130 711 2156 secius
740 2129 839 2156 mulier
867 2137 928 2164 qua:

142 2174 224 2201 vitam
244 2174 423 2201 monasticam
453 2165 545 2209 elegit,
576 2174 658 2202 etiam
690 2175 798 2203 nolente
814 2175 924 2208 marito,

141 2220 307 2249 tondebitur.

939 1555 960 1582 C

283 2277 322 2305 De
336 2277 469 2305 monachis
482 2286 514 2305 ac
530 2277 683 2305 ntom'alt'bus
700 2277 793 2312 lapsis.

177 2361 272 2389 Canon
306 2359 474 2394 Gangrensls
505 2359 615 2387 concilii
648 2367 762 2387 numero
786 2360 819 2387 l9
852 2360 927 2388 viros

145 2406 326 2442 feminasque,
357 2406 402 2440 qui
431 2405 611 2440 virginitatem
644 2405 773 2440 professi,
802 2405 928 2440 quamvis

144 2452 211 2480 stola
231 2451 298 2478 laica
319 2450 409 2478 adhuc
422 2450 508 2477 induti
526 2449 636 2482 fuerint.
654 2451 752 2478 nedum
783 2451 854 2478 inter
887 2451 928 2478 in-

144 2499 234 2525 clusos
248 2497 336 2528 relati,
353 2501 400 2524 aut
412 2496 503 2524 habitu
516 2496 670 2524 monastieo
683 2496 784 2527 amicti,
796 2496 818 2523 si
837 2501 928 2523 votum

143 2551 225 2572 suum
240 2543 343 2570 irritum
352 2543 475 2575 fecerint,
488 2547 515 2570 et
530 2543 562 2570 ad
578 2542 686 2577 nuptias
702 2542 836 2577 legitimas
847 2542 930 2570 deﬂe-

145 2590 246 2623 xerint,
267 2590 437 2626 digamorum
456 2588 621 2621 deﬁnitioni,
636 2589 692 2616 sire
718 2592 804 2623 poenae
832 2588 929 2624 subjici

144 2636 276 2665 decernit.

181 2683 294 2718 Magnus
307 2681 387 2710 etiam
403 2683 520 2710 Basilius
549 2689 654 2709 canone
683 2684 778 2712 Sexto.
807 2681 930 2710 Canoni-

145 2736 252 2762 eorum,
274 2730 322 2763 ait,
353 2729 558 2760 fornicationes,
587 2735 685 2762 nempe
713 2728 874 2756 clericorum
903 2733 930 2756 et

146 2777 341 2804 monachorum
355 2780 382 2803 et
398 2782 491 2802 earum
506 2781 567 2809 quae
579 2781 612 2801 ex
627 2774 744 2801 femineo
760 2782 827 2802 sexu
851 2782 930 2802 exer-

145 2822 266 2849 citationi
282 2829 311 2849 se
324 2821 434 2852 dedunt,
448 2828 496 2853 pro
527 2820 700 2848 matrimonio
721 2821 832 2848 tuinitne
850 2829 930 2856 repu-

147 2869 198 2897 tari
214 2874 329 2904 oportet.
344 2868 402 2896 Non
419 2869 490 2897 enim
509 2869 535 2896 id
553 2869 622 2904 apud
635 2877 684 2896 nos
698 2869 840 2903 obtinebit,
856 2870 928 2906 quod

985 246 1113 281 μάλιστα,
1134 248 1158 273 εἰ
1178 248 1240 274 νέαν
1255 249 1367 282 ἄγουσιν
1383 250 1485 276 ὲκεῖναι
1501 249 1550 284 τὴν
1572 250 1691 285 ἠλικίαν,
1708 253 1786 286 ἥτις

982 293 1030 319 καὶ
1043 292 1210 327 ἀφυλάκτοις
1225 294 1376 329 ὀφθαλμοῖς
1398 295 1482 330 παγίς
1497 297 1571 322 ἐστιν
1584 297 1633 332 οὐχ
1649 297 1784 331 ὑπερϐῆ-

982 348 1025 366 ναι
1039 339 1117 375 ῥᾳδία
1130 349 1136 355 ·
1151 341 1196 366 καὶ
1216 341 1312 372 αὐταῖς
1332 341 1454 372 ταύταις,
1479 342 1547 377 πρὸς
1560 343 1597 376 τῷ
1615 343 1696 376 φύσει
1715 343 1779 370 ὀλιν

982 383 1076 420 σθηρῴ
1093 385 1138 412 τοῦ
1160 387 1318 418 γυναικείου
1344 388 1529 422 φρονήματος,
1543 388 1615 422 μέγα
1631 390 1716 424 μέρος
1731 390 1783 420 είς

981 430 1079 456 κακίαν
1093 430 1140 457 καὶ
1154 431 1169 465 ἡ
1182 431 1277 466 νεότης
1294 431 1488 466 συμϐάλλεται.
1519 432 1590 459 Ἀλλ’
1601 434 1654 460 οὐδὲ

981 477 1033 509 ἔξω
1051 479 1140 512 μεῖναι
1162 480 1210 513 τῆς
1226 481 1309 515 μονῆς
1330 481 1467 514 συγχωρεῖ
1482 480 1511 506 τὸ
1526 480 1670 513 παράπαν,
1685 481 1721 508 Οἰ
1740 490 1781 515 γε

982 525 1035 559 μὴν
1054 525 1178 560 μοναχοὶ,
1199 525 1294 560 χρείας
1317 526 1547 560 κατεπειγούσης,
1573 526 1632 560 μετ’
1643 527 1781 561 εὐλογίας

979 570 1027 596 τοῦ
1048 571 1211 606 ἡγουμένου,
1235 571 1282 598 καὶ
1298 572 1359 598 καθ’
1374 570 1488 603 ἑαυτοὺς
1506 573 1632 606 προϊέναι
1649 572 1698 599 οὐκ
1716 574 1783 608 εἰρ-

979 624 1084 650 γονται,
1102 618 1214 652 προσέτι
1234 618 1280 643 καὶ
1299 619 1350 652 τῆς
1370 618 1455 652 μονῆς
1487 618 1565 648 ἐκτὸς
1583 618 1658 645 ἔστιν
1669 614 1700 645 οὗ
1713 619 1782 645 δια-

980 662 1173 698 νυκτερεῦσαι.
1201 663 1295 690 Ταῦτα
1320 664 1349 690 δὲ
1370 664 1477 699 εἴρηται
1493 664 1626 699 περὶτῶν
1639 665 1778 692 ὑπόπτων

978 708 1021 736 διὰ
1046 709 1097 744 τὴν
1117 710 1231 744 νεότητα
1251 710 1399 744 γυναικῶν,
1413 710 1444 736 οὗ
1464 709 1517 746 μὴν
1536 710 1704 738 ἀνυπόπτων
1722 710 1775 737 διὰ

979 755 1068 789 γῆρας
1083 756 1130 782 καὶ
1144 755 1258 790 ἀρετήν.

1021 800 1051 827 '0
1062 800 1091 827 δὲ
1104 801 1153 836 τῆς
1169 801 1198 827 ὲν
1208 801 1374 837 Καρθαγένῃ
1394 801 1434 836 μδ¹
1448 801 1498 833 τὰς
1514 802 1591 836 ἱερὰς
1604 803 1776 836 ἐπισκήπτει

980 845 1143 881 παρθένους.
1160 847 1214 873 τῶν
1239 847 1364 882 πατέρων
1387 847 1588 882 χωριζομένανς,
1613 848 1659 883 ὑφ’
1675 845 1712 875 ὦν
1742 849 1776 874 ιν

980 892 1116 927 ἀσφαλείᾳ
1132 891 1306 928 ὃιετηροῦντο
1331 895 1363 928 τῇ
1382 893 1430 919 τοῦ
1447 895 1598 920 ἐπισκόπου
1620 896 1738 930 προνοίᾳ
1753 894 1773 929 ἦ

980 938 1027 965 τοῦ
1040 937 1241 973 πρεσϐυτέρου,
1258 937 1401 974 ἀποδήμου
1417 939 1495 971 ὖντος
1515 939 1631 972 ἐκείνου,
1649 941 1709 969 ταῖς
1731 948 1777 966 τι-

981 984 1131 1019 μιωτέραις
1163 984 1271 1018 γυναιξὶ
1300 985 1499 1020 παρατίθεσθαι
1528 986 1570 1016 είς
1596 985 1772 1020 συνοίκησιν,

980 1030 996 1065 ἢ
1012 1030 1100 1061 πάσας
1116 1030 1165 1061 τὰς
1179 1030 1316 1065 νεωτέρας
1331 1030 1397 1065 ὁμοῦ
1416 1032 1549 1057 συνοικεῖν
1563 1039 1570 1046 ·
1589 1031 1633 1057 ἵνα
1646 1031 1775 1063 συζῶσαι

978 1076 1111 1108 διηνεκῶς
1123 1076 1210 1110 ἔχοιεν
1223 1076 1341 1111 ἀλλήλας
1355 1077 1421 1111 ὀρᾷν
1442 1077 1489 1103 καὶ
1501 1077 1650 1111 διατηρεῖν,
1665 1077 1711 1102 καὶ
1730 1076 1772 1110 μὴ

976 1121 1041 1156 τῇδε
1072 1122 1184 1147 κάκεῖσε
1213 1122 1370 1156 περιιοῦσαι
1394 1121 1443 1156 τὴν
1468 1121 1603 1156 ὑπόληψιν
1622 1121 1773 1155 βλάπτοιεν

978 1167 1026 1193 καὶ
1041 1167 1191 1201 εὐκοσμίαν
1207 1167 1442 1201 τῆςῈκκληο-ίας.
1460 1167 1532 1193 Ἀλλ’
1557 1167 1573 1201 ἠ
1596 1166 1651 1192 τῶν
1669 1165 1772 1192 νεωτέ-

979 1222 1033 1248 ρων
1049 1213 1155 1247 ἀνδρῶν
1176 1222 1205 1239 τε
1225 1214 1271 1239 καὶ
1286 1213 1427 1246 γυναικῶν
1444 1214 1487 1248 ἐφ’
1499 1213 1539 1239 ἐνὶ
1554 1213 1711 1245 συνοίκησις
1725 1211 1770 1238 οἵ·

978 1268 1029 1294 κῳ,
1055 1259 1120 1293 παρ’
1133 1259 1199 1294 ἡμῖν
1217 1259 1266 1293 μὲν
1281 1259 1309 1285 ἐν
1324 1258 1362 1294 τῷ
1377 1260 1442 1290 τέως
1465 1259 1603 1294 ἠμέληται
1617 1279 1624 1291 ,
1642 1258 1718 1293 παρὰ
1738 1257 1771 1284 δὲ

977 1306 1033 1335 τοῖς
1050 1305 1174 1335 Λατίνοις
1189 1305 1273 1330 εἰσέτι
1286 1304 1461 1339 φυλάττεται.

1017 1350 1046 1376 '0
1062 1349 1089 1375 δὲ
1108 1353 1171 1384 ρκς¹
1185 1349 1224 1384 τῷ
1236 1350 1379 1385 ὲπισκόπῳ
1393 1351 1440 1377 καὶ
1453 1350 1526 1386 μόνῳ
1550 1351 1599 1382 τὰς
1615 1350 1698 1384 κόρας
1715 1358 1769 1385 με-

976 1395 1193 1431 τασχηματίζειν
1217 1395 1374 1431 ἀνατίθησι,
1404 1395 1474 1431 πλὴν
1501 1395 1538 1431 μὴ
1567 1396 1620 1430 πρὸ
1641 1395 1696 1421 τῶν
1725 1401 1769 1421 κεν

976 1443 1055 1475 ἐτῶν,
1083 1443 1108 1468 εἰ
1136 1442 1228 1478 μήπου
1254 1441 1288 1468 δι’
1310 1443 1446 1476 ἀνάγκην.
1469 1441 1556 1468 Τοῦτο
1577 1441 1605 1468 δὲ
1628 1441 1768 1476 ἀνῄρηται

977 1488 1052 1523 παρὰ
1079 1488 1127 1514 τοῦ
1152 1488 1298 1523 εἰρημένου
1328 1485 1356 1522 μ’
1385 1488 1498 1519 κανόνος
1522 1487 1571 1522 τῆς
1598 1485 1624 1518 ς’
1640 1486 1766 1516 συνόδου,

977 1534 1116 1565 δεκαετείς
1145 1531 1332 1569 διοριζομὲνου
1354 1533 1548 1568 ἀποκείρεσθαι
1579 1532 1624 1558 καὶ
1645 1532 1766 1566 ἄρῤενας

981 1580 1029 1607 καὶ
1043 1580 1165 1614 θηλείας.

1023 1625 1052 1652 '0
1072 1625 1101 1651 δὲ
1119 1624 1148 1651 ιε’
1163 1627 1213 1660 τῆς
1228 1626 1257 1652 ἐν
1274 1625 1388 1660 Γάγγρα
1402 1623 1510 1650 συνόδου
1532 1623 1581 1654 τὰς
1595 1623 1638 1650 διὰ
1656 1622 1771 1656 νομιζο-

982 1672 1065 1705 μένην
1077 1671 1231 1698 θεοσέὸειαν
1245 1670 1465 1704 ἁπνικειραμὲνας
1482 1669 1536 1695 τῶν
1549 1669 1685 1702 γυναικῶν
1701 1669 1770 1694 ὐπο-

981 1716 1074 1743 6άλλει
1090 1717 1127 1751 τῷ
1140 1717 1303 1751 ἁναθέματι,
1315 1717 1372 1742 ἀνθ’
1388 1713 1425 1743 ὧν
1439 1715 1608 1750 παραλύουσι
1620 1715 1650 1740 τὸ
1663 1714 1767 1748 σύμϐο-

980 1761 1025 1787 λον
1039 1762 1088 1795 τῆς
1103 1762 1241 1796 ὑποταγῆς
1254 1768 1262 1776 ⁸
1283 1761 1321 1792 ὥς
1341 1761 1392 1787 πού
1406 1769 1488 1795 φησιν
1505 1761 1518 1786 ό
1540 1760 1708 1790 Ἀπὸστολος,
1724 1760 1767 1785 ὅτι

985 1807 1119 1841 «Ὀφείλει
1135 1809 1151 1842 ἡ
1163 1807 1232 1842 γυνὴ
1244 1807 1367 1839 ἐξουσίαν
1382 1806 1454 1841 ἔχειν
1467 1807 1511 1832 ἐπὶ
1523 1806 1574 1838 τῆς
1589 1805 1724 1845 κεφαλῆς,
1736 1805 1769 1830 τὸ

981 1854 1095 1888 σημεῖον
1108 1853 1208 1888 δηλαδὴ
1227 1853 1277 1887 τῆς
1292 1853 1360 1888 πρὸς
1375 1852 1420 1879 τδν
1435 1852 1519 1886 ἄνδρα
1536 1850 1688 1885 ὑποταγῆς,
1706 1851 1769 1885 ἢτοι

979 1899 1029 1931 τὰς
1043 1899 1168 1934 τρίχας-ι
1180 1899 1228 1926 καὶ
1241 1898 1345 1930 αὖθις(
1361 1899 1392 1925 Εἰ
1408 1898 1522 1932 αἰσχρὸν
1537 1897 1647 1930 γυναικὶ
1663 1896 1693 1922 τὸ
1708 1895 1767 1921 κεί-

981 1945 1105 1980 ρασΟαιῆ
1122 1945 1265 1980 ξυρᾶσθαι,
1286 1944 1463 1971 καλυπτέσθω
1475 1952 1482 1959 ·
1502 1953 1511 1969 ι
1528 1944 1576 1970 καί
1589 1952 1595 1957 ·
1609 1952 1618 1968 ι
1635 1942 1706 1976 Γυνὴ
1718 1942 1769 1967 ἐὰν

980 1993 1063 2026 κομᾷ,
1087 1991 1150 2024 δόξα
1176 1991 1245 2025 αὗτῇ
1265 1993 1350 2022 ἔστιν,
1369 1990 1410 2016 ὅτι
1434 1989 1450 2024 ή
1479 1989 1550 2023 κόμη
1578 1989 1637 2014 ἀντὶ
1655 1987 1769 2022 7:59:60-

979 2037 1055 2063 λαίου
1088 2035 1192 2063 δέδοται
1207 2036 1315 2070 αὑτῇ.›
1344 2035 1399 2061 Καὶ
1420 2035 1436 2068 ἠ
1468 2034 1549 2068 φύσις
1582 2033 1636 2068 γὰρ
1664 2033 1768 2058 οἰκεῖον

979 2083 1066 2109 εἰδυῖα
1090 2082 1139 2117 τὴν
1165 2082 1254 2115 κόμην
1285 2081 1345 2112 ταῖς
1369 2079 1505 2114 γυναιξὶν,
1533 2079 1593 2105 οὐδὲ
1619 2079 1768 2113 φαλάκρωο

981 2139 1019 2165 μα
1046 2129 1158 2159 ταύταις
1185 2127 1340 2163 ἐργάζεται.
1365 2126 1395 2153 Ἦ
1422 2128 1513 2162 μέντοι
1539 2124 1687 2161 μοναδικὴν
1709 2125 1769 2150 ἐλο-

980 2176 1048 2210 μένη
1070 2174 1220 2206 πολιτείαν,
1251 2174 1298 2200 καὶ
1321 2173 1434 2205 ἄκοντος
1455 2172 1502 2199 τοῦ
1531 2172 1639 2206 ἀνδρὸς,
1660 2171 1768 2197 ἀποκα-

946 2221 968 2250 D
984 2223 1109 2258 ρήσεται.

1036 2279 1106 2313 Περὶ
1132 2277 1275 2313 μοναχῶν
1297 2277 1431 2311 ἀρῤἐνων
1451 2275 1502 2303 καὶ
1524 2276 1652 2309 θηλειῶν
1666 2274 1714 2301 ὲκ-

1282 2313 1463 2339 πιπτόντων.

1022 2354 1053 2387 Ὅ
1065 2360 1094 2387 δξ
1109 2359 1142 2386 tl)’
1155 2359 1206 2394 τῆς
1218 2359 1246 2386 ὲν
1265 2358 1388 2394 ’Δγκύρᾳ
1405 2358 1513 2385 συνόδου
1529 2357 1594 2388 τοὺς
1618 2356 1768 2391 παρθενίαν

983 2406 1235 2441 ἐπαγγειλαμένους
1261 2405 1361 2440 ἄνδρας
1376 2413 1406 2431 τε
1435 2406 1481 2431 καὶ
1504 2405 1646 2438 γυναῖκας.
1669 2403 1767 2439 λαἰκὴν

983 2453 1143 2488 ἀμπεχόνην
1165 2452 1205 2479 ῐτι
1223 2452 1442 2486 περικειμένους,
1459 2451 1496 2486 μὴ
1516 2451 1609 2486 μέντοι
1629 2450 1769 2482 ἀποταξα-

985 2501 1083 2535 μένους
1101 2499 1148 2526 καὶ
1167 2499 1311 2534 μοναχικδν
1329 2497 1556 2534 ἐπανῃρημένους
1578 2496 1690 2531 ἔνδυμα,
1705 2496 1768 2523 τοὺ-

983 2554 1057 2577 τους,
1077 2544 1128 2580 τὴν
1145 2544 1314 2578 ἐπαγγελίαν
1332 2543 1513 2578 ὴθετηκότας,
1529 2543 1576 2569 καὶ
1594 2542 1662 2577 πρὸς
1677 2542 1766 2577 γάμον

983 2591 1161 2622 ὲκκλίναντας
1175 2591 1304 2626 νόμιμον,
1321 2590 1358 2624 τῷ
1370 2589 1424 2616 τῶν
1437 2589 1561 2623 διγάμων
1575 2590 1631 2624 ὅρῳ
1644 2589 1691 2614 καὶ
1707 2589 1768 2615 ὲπι-

982 2637 1066 2672 τιμίῳ
1076 2635 1275 2663 ὐποὸάλλεσθαι
1286 2634 1442 2669 διορίζεται.

1025 2682 1055 2709 ’0
1067 2683 1096 2709 δὲ
1115 2683 1202 2717 μέγας
1217 2681 1368 2712 Βασίλειος,
1379 2681 1408 2707 ἐν
1423 2679 1462 2715 τῷ
1479 2679 1505 2712 ς’
1521 2679 1625 2710 κανόνι,
1641 2678 1697 2710 Τὰς
1712 2678 1766 2704 τῶν

984 2729 1138 2756 κανονικῶν
1164 2728 1305 2763 πορνείας,
1330 2726 1408 2762 φησὶ,
1429 2725 1569 2761 κληρικῶν
1590 2724 1692 2759 δηλαδὴ
1718 2724 1766 2751 καὶ

985 2776 1121 2810 μοναχῶν,
1138 2775 1185 2801 καὶ
1205 2775 1261 2800 τῶν
1287 2773 1465 2807 ἀσκουμένων
1488 2771 1535 2798 τοῦ
1551 2771 1646 2806 θήλεος
1659 2771 1765 2804 γένους,

984 2823 1023 2853 εἰς
1039 2822 1128 2857 γάμον
1144 2821 1175 2848 οὺ
1193 2821 1246 2856 χρὴ
1260 2818 1497 2853 καταλογίζεσθαι.
1515 2817 1553 2845 Οὐ
1569 2816 1622 2851 γὰρ
1635 2815 1707 2842 κατὰ
1722 2815 1767 2841 τὸν

983 2871 1096 2906 λέγοντα
1125 2869 1262 2897 πολιτικὸν
1285 2869 1332 2896 καὶ
1348 2869 1389 2902 ἐφ’
1402 2868 1466 2903 ἡμῖν
1484 2867 1559 2894 ἔσται
1582 2866 1673 2900 νόμον,
1693 2865 1733 2891 ὅτι
1750 2867 1763 2891 ὁ
