1856 3061
158 150 194 183 55
754 150 940 182 MATTH/EI
956 150 1169 182 BLASTARIS
1749 150 1786 182 56

158 207 213 234 tius
230 205 333 242 aliquid
351 213 444 242 agens,
460 214 512 234 non
523 207 609 242 magis
620 214 701 242 quam
712 207 881 236 l'ornicantes
894 215 923 242 pv

1022 207 1207 243 ;ξομοογήσει,
1232 207 1486 243 φιλανθρωπότερόν
1510 217 1536 235 τι
1565 207 1666 240 ποιῶν,
1697 209 1787 244 μηδὲν

157 252 212 279 niri
231 252 318 288 jubet.
347 253 438 287 Atque
454 253 528 281 bunc
547 253 657 288 quidem
673 261 817 286 canonum,
841 253 944 288 quippe

156 303 215 333 post
235 299 303 326 alios
321 299 435 332 editum,
454 307 485 326 ex
496 299 748 327 omnibusarbitror
757 299 941 326 retinendum.

155 345 251 378 Qumre
267 350 294 373 et
312 346 341 373 Η
364 350 445 380 caput
464 346 516 373 litt.
531 346 562 379 Γ,
580 351 606 373 et
622 346 648 373 in
665 346 699 373 12
711 346 798 381 capite
812 346 908 373 litterae
923 347 942 371 Δ

155 400 287 420 canonem
302 393 318 419 4
334 394 429 428 synodi
444 398 558 428 quartae,
586 398 612 421 et
626 393 652 420 in
668 393 701 419 l2
715 393 803 422 capite
815 393 942 427 litterat‘E

156 446 288 466 canonem
304 440 337 466 l7
356 440 452 475 synodi
471 440 497 466 7.

505 569 599 605 Leges.

189 616 353 645 Monasteria
365 625 418 644 non
433 617 468 644 ita
481 616 643 649 alienentur,
656 619 685 643 ut
695 620 801 644 sacrata
812 615 898 642 l‘orma
912 615 939 642 in

154 664 289 698 privatum
311 668 409 690 statum
445 661 672 694 translormetur,
685 661 804 696 alioquin
822 665 939 694 potesta-

156 714 209 736 tem
227 710 327 736 habent
356 709 477 744 episcopi
494 707 650 734 vindicandi
683 711 711 734 et
732 707 759 734 in
792 707 935 742 pristinam

152 755 267 782 formam
285 754 443 782 reducendi.

186 802 224 828 Ex
242 801 287 828 l5l
303 801 452 829 Justiuiani
474 800 580 828 novella
597 800 688 828 discas
714 799 835 835 quidem,
863 798 937 833 quod

151 847 259 882 regulas
271 855 330 882 qua:
362 846 583 874 aiundatoribus
600 847 628 874 in
655 845 829 874 monasteriis
856 845 934 877 fiunt,

150 896 192 930 pie
208 896 348 930 suscipere
361 895 471 928 debent,
485 895 538 922 nisi
551 895 700 922 canonibus
714 893 934 925 contrariantur;

149 941 203 968 illis
217 941 289 968 euitn
304 949 357 968 non
375 941 438 968 licet
471 941 594 968 locorum
629 940 773 975 episcopos
802 937 936 965 canonico

145 989 207 1022 jure
222 988 329 1023 privare
345 988 371 1015 in
388 987 573 1019 monasteriis,
585 994 646 1022 quae
661 986 695 1013 ab
709 985 743 1013 iis
755 984 935 1012 aediﬁcantur.

148 1034 243 1069 Neque
257 1034 393 1061 antistites
410 1034 574 1061 monasteria
604 1032 770 1060 aediﬁcantes
785 1031 935 1058 succeden-

146 1085 187 1108 tes
204 1080 339 1107 antistites
352 1080 404 1107 sub
431 1086 510 1114 pcena
539 1078 660 1112 obligare
688 1080 816 1110 possunt,
845 1081 934 1107 neque

147 1126 229 1153 ullum
245 1126 317 1153 circa
336 1133 380 1153 res
413 1124 549 1160 ejusmodi
565 1124 610 1158 jus
628 1123 726 1150 habere
743 1130 751 1155 ;
765 1121 934 1148 convertitur

144 1172 216 1200 enim
237 1171 330 1207 iniqua
349 1171 502 1206 segregatio
517 1170 543 1197 in
557 1170 664 1197 illorum
679 1168 767 1204 capita
782 1188 789 1195 .

181 1308 336 1343 Episcopus
364 1307 488 1334 abbatem
506 1306 548 1333 vel
577 1305 818 1333 arcliimandritam
836 1304 934 1331 unius-

143 1353 278 1390 cujusque
298 1353 456 1380 monasterii
472 1359 526 1379 non
557 1352 668 1378 omnino
699 1350 847 1379 secundum
868 1357 931 1384 gra~

141 1399 193 1427 dus
206 1403 382 1434 promoveat;
400 1398 446 1426 sed
462 1405 542 1433 quem
562 1398 602 1424 vel
620 1404 715 1424 omnes
732 1396 872 1429 monachi,
890 1395 931 1423 vel

141 1436 188 1480 qui
205 1444 328 1472 melioris
339 1444 562 1477 existimationis,
580 1443 720 1477 elegerint.
737 1450 818 1477 super
842 1441 931 1469 Evan-

139 1491 212 1526 gelio
230 1491 367 1526 jurantes,
393 1490 464 1525 quod
483 1498 536 1517 non
553 1497 601 1524 per
630 1489 777 1516 amicitiam
809 1488 851 1515 vel
868 1496 930 1522 [ξι-ιιι

996 254 1076 281 πλέον
1102 254 1157 280 τῶν
1184 254 1371 289 πορνευόντων
1398 255 1577 288 ἐπιτιμᾶσθαι
1597 255 1714 282 κελεύει.
1732 254 1784 282 Οἷ-

996 307 1046 334 μαι
1070 299 1161 326 τοίνυν
1184 300 1291 326 τουτονὶ
1317 300 1363 327 τὸν
1393 301 1493 327 κανόνα
1518 301 1632 332 δεόντως
1659 303 1778 336 κρατεῖν

994 341 1038 370 οἷα
1068 344 1124 370 τῶν
1157 344 1246 371 ἄλλων
1283 346 1524 381 μεταγενέστερον,
1557 348 1638 382 Ζήτει
1672 347 1720 373 καὶ
1751 347 1784 372 τὺ

996 393 1029 416 ια’
1056 398 1118 424 κεφ.
1141 390 1188 416 τοῦ
1212 391 1232 416 Γ
1256 390 1404 425 στοιχείου,
1436 392 1481 418 καὶ
1517 392 1545 418 ἐν
1577 392 1616 426 τῷ
1648 392 1682 426 ιβ’
1713 401 1782 426 κεφ.

992 435 1038 462 τοῦ
1063 437 1089 472 Δ⁸
1111 436 1245 470 στοιχείου
1270 437 1372 462 κανόνα
1403 436 1423 463 δ’
1452 437 1501 472 τῆς
1528 438 1549 464 δ’
1571 438 1698 471 συνόδου,
1731 437 1783 465 καὶ

992 483 1021 507 ὲν
1050 482 1087 516 τῷ
1114 481 1148 516 ιβ’
1163 490 1224 515 κειρ.
1242 482 1290 509 τοῦ
1314 483 1334 509 Ε
1361 483 1494 518 στοιχείου
1515 485 1615 511 κανόνα
1640 483 1673 516 ιζ’
1688 484 1739 519 τῆς
1757 485 1782 516 ζ’

993 527 1114 555 συνόδου.

1324 575 1427 609 Νόμοι.

1033 619 1192 655 Ἐκποίησις
1212 621 1393 655 μοναστηρίου
1426 621 1464 656 μὴ
1493 622 1621 655 γινέσθω,
1644 623 1687 656 ἐφ’
1701 620 1723 657 ᾧ
1747 623 1781 650 τὺ

991 665 1127 700 ίερατικὺν
1155 666 1248 701 σχῆμα
1269 667 1308 698 εἰς
1325 667 1463 702 ἰδιωτικὴν
1485 667 1779 702 μετασχηματίζεσθαι

989 711 1136 747 διαγωγὴν,
1149 713 1209 738 ἐπεὶ
1224 712 1313 739 ἄδειαν
1327 712 1434 747 ἔχουσιν
1444 713 1470 738 οἱ
1487 713 1631 740 ἐπίσκοποι
1645 714 1776 745 ἐκδικεῖν,

989 758 1036 785 καὶ
1048 759 1088 789 εἰς
1103 758 1134 785 τὸ
1149 759 1282 793 πρότερον
1295 759 1445 792 ἐπανάγειν
1462 759 1565 793 σχῆμα.

1031 804 1097 832 ’Δπὸ
1124 804 1152 831 δὲ
1180 805 1231 838 τῆς
1246 804 1303 839 ρλα¹
1323 805 1538 832 Ἰουστινιανείου
1564 805 1663 839 νεαρᾶς
1680 805 1778 839 γνοίης

987 852 1030 883 ἂν,
1047 851 1088 878 ὅτι
1104 851 1137 878 τὰ
1153 851 1281 885 γινόμενα
1296 851 1370 886 παρὰ
1385 851 1439 877 τῶν
1455 850 1595 886 κτητόρων
1610 851 1638 877 ὲν
1653 852 1709 882 τοῖς
1726 860 1779 885 μο-

988 897 1143 933 ναστηριοις
1171 897 1273 924 τυπικὰ
1291 897 1415 932 στέργειν
1439 896 1603 930 ὀφείλουσιν,
1634 898 1658 923 εί
1681 897 1776 931 μήπου

986 944 1044 974 τοίς
1066 943 1177 970 κανόσιν
1209 942 1411 969 ὲναντιοῦνται⁶
1440 943 1470 970 οὐ
1488 943 1543 977 γὰρ
1560 943 1665 980 ἔξεστιν
1680 943 1777 974 αὐτοῖς

985 990 1130 1025 ἀπείργειν
1152 990 1216 1021 τοὺς
1233 990 1382 1024 ἐγχωρίους
1405 989 1572 1020 ἐπισκόπους
1593 989 1648 1015 τῶν
1666 997 1778 1015 κανονι-

985 1034 1041 1061 κῶν
1061 1034 1172 1061 δικαίων
1195 1034 1224 1060 ἐν
1245 1035 1302 1065 τοῖς
1313 1034 1378 1069 παρ’
1395 1034 1486 1060 αὐτῶν
1501 1034 1671 1068 κτιζομένοις
1687 1043 1775 1068 μονα-

986 1079 1118 1115 στηρίοις.
1134 1080 1201 1106 Οὐδὲ
1230 1080 1255 1106 ot
1278 1080 1465 1114 ἀνεγείροντες
1478 1081 1616 1114 ἀρχιερεῖς
1638 1080 1777 1114 novant)-

985 1135 1030 1162 ρια
1052 1126 1236 1161 ἐπισκήπτειν
1258 1126 1317 1161 μετ’
1345 1127 1486 1161 ἐπιτιμίου
1501 1127 1628 1153 δύνανται
1641 1126 1696 1157 τοῖς
1711 1126 1775 1160 μετ’

984 1171 1082 1203 αὐτοὺς
1099 1171 1271 1207 ἀρχιερεῦσι,
1303 1172 1365 1207 μηδ’
1390 1172 1481 1199 ὁτιοῦν
1502 1173 1542 1204 εἰς
1559 1172 1644 1199 ταῦτα
1665 1173 1775 1199 δίκαιον

983 1219 1055 1254 ἔχειν
1065 1228 1072 1235 ·
1087 1219 1231 1254 στρέφεται
1245 1219 1300 1253 γὰρ
1312 1220 1326 1245 ὁ
1336 1219 1490 1255 παράλογος
1500 1219 1652 1254 ἀφορισμδς
1665 1219 1706 1250 είς
1719 1219 1773 1249 τὰς

983 1265 1096 1291 ἐκείνων
1115 1263 1246 1297 κεφαλάς.

1024 1311 1054 1336 '0
1077 1310 1224 1340 ἐπίσκοπος
1249 1309 1294 1335 τὸν
1322 1309 1411 1336 ἀϐὄᾶν
1438 1310 1454 1344 ἢ
1480 1309 1526 1336 τὸν
1553 1308 1772 1344 ἀρχιμανδρίτην

982 1356 1098 1391 ὲκάρτου
1111 1355 1292 1390 μοναστηρίου
1322 1355 1360 1390 μὴ
1377 1355 1487 1387 πάντως
1511 1355 1581 1382 κατὰ
1600 1355 1645 1382 τὸν
1663 1355 1773 1389 βαθμὸν

982 1401 1186 1439 προϐαλλέσθω,
1203 1402 1259 1429 ἀλλ’
1272 1402 1302 1429 ὃν
1315 1401 1339 1428 el
1353 1401 1463 1437 μοναχοὶ
1475 1401 1574 1433 πάντες
1598 1401 1614 1436 ἢ
1629 1401 1654 1428 οί
1667 1401 1772 1428 εὺῦπό-

983 1449 1079 1484 ληπτοι
1103 1448 1291 1480 ὲπιλέξωνται,
1309 1448 1355 1473 ἐπὶ
1368 1447 1422 1473 τῶν
1437 1447 1609 1481 Εὑαγγελίων
1630 1447 1770 1481 λέγοντες,

981 1496 1018 1526 ὡς
1043 1495 1072 1522 οὐ
1098 1494 1141 1522 διὰ
1166 1494 1257 1529 φιλίαν
1273 1494 1288 1529 ἢ
1309 1494 1388 1528 χάριν
1404 1493 1485 1520 αὐτὸν
1500 1493 1679 1526 ἐπελέξαντο,
1698 1493 1772 1519 ἀλλὰ

139 1538 205 1565 tiam
227 1537 302 1564 illum
320 1537 473 1572 elegerunt,
501 1536 548 1564 sed
559 1535 631 1570 quod
648 1541 748 1562 norunt
765 1535 840 1562 illum
867 1543 923 1561 esse

1024 1541 1160 1572 ώσκοντες
1174 1540 1254 1567 αὑτὸν
1269 1540 1419 1575 ὀρθόδοξον,
1434 1540 1482 1566 καὶ
1498 1539 1635 1574 σώφρονα,
1655 1539 1703 1565 καὶ
1717 1539 1770 1573 τῆς

138 1584 201 1611 ﬁdei
220 1587 312 1615 rectas,
331 1587 358 1610 et
373 1583 433 1610 vitm
453 1587 545 1615 caste,
577 1587 604 1609 et
623 1581 859 1609 administratione
884 1580 924 1607 di-

139 1637 234 1663 gnum,
260 1633 286 1656 et
309 1629 357 1663 qui
372 1629 570 1655 monachorum
584 1627 756 1662 disciplinam
772 1631 798 1654 et
815 1633 924 1653 onmem

137 1675 300 1703 monasterii
312 1679 413 1702 statum
424 1674 566 1702 custodire
581 1674 677 1708 possit.
688 1673 788 1701 Eadem
801 1673 881 1700 etiam
893 1672 925 1699 dc

137 1712 285 1748 mulierum
304 1720 480 1748 monasteriis
496 1724 523 1747 et
539 1719 692 1747 ascetcriis.

175 1765 420 1802 194Centesima
442 1765 575 1792 vicesima
593 1765 671 1792 tertia
689 1772 766 1796 vero,
783 1763 810 1790 In
833 1765 925 1792 omni-

136 1813 201 1845 bus,
220 1813 319 1848 inquit,
336 1812 521 1843 monasteriis,
550 1819 610 1847 qua:
624 1811 748 1839 coanobia
781 1817 923 1843 vocantur.

134 1859 214 1894 juxta
228 1859 336 1894 regulas
354 1859 522 1886 monasticas
535 1858 677 1892 iubemus.
695 1862 722 1884 ut
741 1857 765 1884 in
779 1865 831 1884 una
846 1860 925 1884 domo

135 1913 230 1933 omnes
240 1905 375 1937 habitent,
389 1909 416 1932 et
431 1905 613 1932 communiter
629 1903 775 1931 comedam
787 1909 814 1930 et
827 1903 854 1930 in
870 1911 924 1930 una

135 1950 219 1978 domo
231 1957 327 1977 omnes
347 1950 494 1985 separatim
509 1949 657 1981 dormiant,
674 1953 703 1976 ut
715 1949 838 1976 vicissim
871 1948 923 1976 sibi

135 1996 204 2031 ipsis
227 2001 309 2025 castae
325 1996 387 2023 vitae
410 1996 564 2030 exemplum
587 1995 744 2022 exhibeant.
760 1994 821 2022 llam
832 1998 922 2022 autem

133 2042 227 2070 omnia
251 2046 278 2070 et
296 2044 327 2070 de
342 2042 487 2069 mulierum
504 2041 678 2070 monasteriis
693 2041 887 2069 observentur.

169 2132 258 2168 Caput
270 2136 360 2160 autem
374 2132 434 2167 ejus
448 2131 583 2159 decimum
601 2132 741 2167 quintum,
757 2131 815 2159 Non
835 2131 925 2166 ingre-

135 2179 237 2212 dietur,
265 2179 363 2214 inquit,
394 2178 507 2206 omnino
536 2185 625 2213 neque
643 2178 740 2205 mulier
756 2178 783 2205 iu
800 2177 923 2204 virorum

975 1588 1136 1623 διοικήσεως
1153 1587 1238 1620 ἄξιον,
1255 1587 1303 1613 καὶ
1320 1586 1468 1619 δυνάμενον
1492 1586 1611 1620 φυλάξαι
1631 1585 1679 1621 τὴν
1702 1587 1771 1612 ὲπι-

976 1635 1084 1669 στήμην
1108 1634 1162 1660 τῶν
1195 1632 1332 1667 μοναχῶν,
1359 1633 1407 1659 καὶ
1434 1632 1483 1667 τὴν
1509 1631 1556 1658 τοῦ
1579 1632 1768 1667 μοναστηρίου

975 1679 1156 1707 κατάστασιν.
1173 1678 1212 1704 Τὰ
1227 1678 1296 1704 αὐτὰ
1316 1677 1362 1704 καὶ
1381 1677 1445 1711 περὶ
1462 1676 1516 1703 τῶν
1535 1676 1700 1710 γυναικείων
1717 1685 1770 1710 μου

976 1726 1129 1761 ναστηρίων
1144 1723 1192 1751 καὶ
1205 1722 1389 1758 ἀσκητηρίων.

975 1774 980 1786 τ
1016 1772 1049 1798 Ἡ
1067 1771 1094 1797 δὲ
1109 1773 1179 1805 ρκγ’,
1203 1770 1246 1796 Ἐν
1262 1769 1350 1796 ἅπασι
1369 1768 1396 1794 δὲ
1411 1769 1468 1799 τοῖς
1487 1767 1690 1803 μοναστηρίοις.
1715 1777 1771 1804 φη-

977 1819 1030 1849 o‘tv,
1045 1817 1117 1852 ἅπερ
1131 1815 1278 1843 καλοῦνται
1300 1815 1432 1847 xor/66m,
1449 1814 1596 1849 κελεύομεν
1612 1814 1684 1840 κατὰ
1698 1815 1769 1846 τοὺς

977 1861 1142 1898 μοναχικοὺς
1158 1861 1286 1892 κανόνας,
1302 1860 1330 1886 ἐν
1347 1860 1387 1886 ἐνὶ
1400 1859 1468 1894 οἴκῳ
1482 1859 1586 1891 πάντας
1604 1859 1701 1892 οἰκεῖν,
1717 1859 1769 1886 καὶ

975 1908 1073 1938 κοινῶς
1087 1907 1247 1942 τρέφεσθαι,
1263 1908 1310 1933 καὶ
1330 1907 1358 1932 ἐν
1373 1906 1413 1932 ἐνὶ
1429 1905 1497 1940 οῐκῳ
1517 1905 1621 1936 πάντας
1645 1912 1768 1940 κεχωρι-

977 1954 1081 1989 σμένως
1097 1952 1249 1985 καθεύδειν,
1265 1951 1336 1986 ὥστε
1347 1952 1496 1986 ἀμοιϐαδὸν
1509 1952 1637 1987 ἀλλήλοις
1656 1960 1768 1986 μαρτυ-

977 1999 1038 2034 ρίαν
1051 1998 1101 2033 τῆς
1114 1997 1251 2033 σώφρονος
1266 1997 1407 2032 διαγωγῆς
1424 1998 1554 2032 παρέχειν
1568 1997 1678 2028 αὐτούς.
1692 1997 1768 2024 Ταῦ-

975 2052 1010 2070 τα
1024 2043 1053 2070 δὲ
1069 2043 1156 2070 πάντα
1167 2043 1290 2079 καὶπερὶ
1305 2043 1338 2070 τὰ
1355 2042 1409 2069 τῶν
1423 2042 1561 2076 γυναικῶν
1578 2043 1766 2076 φυλάττεσθαι

978 2089 1158 2125 μοναστήρια.

1011 2135 1048 2162 Τὸ
1074 2135 1102 2161 δὲ
1132 2134 1165 2161 ιε’
1180 2134 1284 2169 ταύτης
1303 2134 1462 2169 κεφάλαιον,
1486 2134 1542 2161 Οὐκ
1565 2134 1766 2166 εἰσελεύσεται,

976 2181 1070 2216 φησιν,
1085 2180 1149 2208 οὔτε
1165 2180 1234 2216 γυνὴ
1251 2181 1428 2208 παντάπασιν
1443 2181 1482 2212 εις
1500 2181 1608 2216 ἀνδρῶν
1624 2182 1765 2216 μοναστή-

133 2225 346 2257 monasterium,
374 2232 462 2258 neque
486 2224 569 2251 vir.in
586 2223 746 2255 mulierum,
775 2223 818 2250 vel
849 2229 920 2257 prae-

1022 2237 1045 2259 v,
1061 2226 1122 2254 οὗτε
1140 2227 1210 2262 ἀνὴρ
1223 2227 1264 2259 είς
1276 2227 1443 2260 γυναικεῖον,
1466 2227 1483 2262 ἦ
1498 2228 1633 2262 προφάσει
1651 2228 1766 2262 μνήμης

133 2275 210 2300 textu
228 2271 366 2298 memor-ite
389 2271 506 2305 alicujus
523 2271 634 2302 mortui,
658 2270 705 2304 qui
734 2269 789 2297 illic
816 2270 922 2303 positus

134 2323 186 2350 est,
201 2318 245 2345 vel
262 2317 342 2345 aliam
359 2318 394 2345 ob
411 2325 521 2346 causam
536 2325 545 2350 ;
567 2325 656 2351 neque
681 2317 704 2344 si
722 2317 784 2351 quis
811 2317 921 2344 fratrem

135 2365 218 2397 forte,
236 2365 279 2392 vel
299 2371 435 2396 sororem,
451 2364 494 2391 vel
509 2363 627 2398 aliquem
657 2370 688 2390 ex
704 2370 754 2390 suo
771 2371 869 2397 genere
894 2363 921 2390 in

133 2413 300 2439 monasterio
317 2419 346 2440 se
367 2411 467 2439 habere
495 2409 604 2437 dixerit.
628 2409 686 2436 Non
717 2414 759 2437 est
790 2410 863 2437 enim
893 2409 921 2437 in

134 2457 216 2484 terris
231 2457 360 2491 cognatio
376 2455 532 2486 monachis.
549 2458 645 2488 utpote
663 2454 709 2488 qui
730 2453 867 2482 cmlcstem
883 2454 922 2481 vi-

133 2509 188 2530 tam
208 2503 328 2531 mnulati
347 2507 422 2530 sunt.
441 2501 543 2528 Deinde
560 2507 648 2535 neque
663 2500 713 2526 viri
733 2500 759 2526 in
776 2500 920 2527 mulierum

134 2549 361 2576 monasteriorum
378 2546 513 2582 sepulcris
526 2549 700 2580 rcponanlur,
719 2554 806 2580 neque
824 2545 920 2572 mulie-

133 2602 179 2622 res
194 2595 221 2622 in
237 2595 358 2622 virorum
377 2592 552 2620 monasteriis
569 2592 759 2624 inbumentur,
784 2599 817 2618 ne
835 2599 868 2618 ex
885 2599 918 2618 eo

135 2645 240 2667 natura:
259 2640 293 2667 ad
310 2639 427 2673 scipsam
447 2637 525 2664 detur
551 2645 705 2671 regressus,
739 2641 766 2664 ut
780 2644 841 2672 qua:
864 2644 918 2663 non

133 2686 175 2714 I'as
194 2690 236 2713 est
251 2690 324 2721 agat,
343 2689 369 2712 et
386 2684 500 2711 delicate
524 2691 554 2711 se
568 2687 654 2718 gerat,
671 2687 697 2710 et
722 2683 811 2716 ludat,
834 2689 861 2710 et
877 2691 919 2710 res

132 2732 240 2760 divinas
256 2731 356 2766 injuria
382 2730 491 2757 alliciat.

169 2778 198 2805 Si
220 2785 273 2812 qua
305 2777 404 2805 mulier
426 2781 516 2804 autem
535 2776 562 2804 in
584 2776 729 2804 mulierum
753 2776 918 2804 monasterio

134 2824 289 2858 sepelienda
314 2823 350 2850 sit
367 2824 375 2858 (
391 2824 478 2851 virum
495 2824 568 2851 cnim
587 2831 641 2850 non
659 2822 699 2850 {aa
727 2830 788 2850 esse
811 2822 918 2857 judica-

136 2877 195 2895 mus
208 2869 228 2903 ),
246 2869 306 2896 illos
331 2868 419 2897 solum
444 2870 490 2905 qui
506 2870 606 2898 lectum
623 2869 714 2897 ferunt
735 2873 762 2896 et
787 2868 916 2900 fossorcs,

974 2273 1045 2304 τινὸς
1057 2272 1271 2307 τελευτήσαντος
1287 2272 1428 2299 κάνταῦθα
1450 2269 1590 2307 κειμένου,
1607 2273 1622 2308 ἢ
1637 2274 1683 2300 διά
1702 2283 1768 2301 τινα

974 2318 1071 2353 ἑτέραν
1085 2318 1175 2344 αίτίαν
1186 2318 1264 2352 ’ίοὺδὲ
1282 2319 1359 2349 εἴτις
1373 2318 1487 2353 ἀδελφὸν
1501 2319 1584 2353 τυχὸν
1596 2319 1612 2354 ἢ
1631 2319 1767 2353 ἀδελφὴν,

973 2365 991 2401 ἦ
1005 2373 1067 2391 τινα
1085 2364 1139 2391 τῶν
1156 2365 1188 2390 ἐκ
1203 2363 1250 2390 τοῦ
1264 2364 1358 2398 γένους
1377 2363 1450 2398 ἔχειν
1471 2365 1500 2391 ὲν
1522 2367 1561 2399 τῷ
1585 2366 1766 2401 μοναστηρίῳ

973 2410 1083 2445 φήσειε.
1105 2409 1256 2443 Συγγένεια
1281 2409 1335 2444 γὰρ
1355 2411 1412 2441 τοῖς
1426 2410 1552 2445 μοναχοϊς
1578 2411 1623 2436 ἐπὶ
1638 2410 1689 2445 γῆς
1711 2411 1766 2438 οὐκ

972 2457 1042 2489 ἐστι,
1059 2457 1116 2488 τοῖς
1134 2464 1166 2490 γε
1187 2455 1232 2482 τὸν
1254 2457 1282 2482 ὲν
1304 2456 1428 2490 οὐρανοῖς
1451 2455 1591 2490 ζηλώσασι
1619 2456 1688 2491 βίον.
1707 2457 1766 2484 Καὶ

974 2505 1045 2540 μήτε
1057 2503 1197 2538 ἄνδρες,ὲν
1208 2502 1357 2537 γυναικείῳ
1377 2503 1554 2537 μονοστηρίῳ
1568 2503 1664 2537 τάφοις
1677 2512 1766 2530 κατα-

971 2548 1151 2580 τιθέσθωσαν,
1177 2548 1246 2583 μήτε
1274 2549 1403 2581 γυναῖκες
1424 2548 1453 2574 ὲν
1471 2548 1607 2582 ἀνδρικοῖς
1626 2557 1766 2584 μοναστη-

974 2595 1042 2630 ρίοις
1072 2593 1344 2629 κατορυττέσθωσαν,
1370 2594 1413 2620 ίνα
1438 2593 1476 2629 μὴ
1499 2594 1616 2628 πάροδος
1634 2595 1765 2623 ἐντεῦθεν

972 2640 1078 2674 γένοιτο
1102 2640 1137 2674 τῇ
1155 2639 1235 2672 φύσει
1254 2639 1322 2674 πρὸς
1343 2638 1453 2673 ἑαυτὴν,
1480 2637 1499 2665 ἃ
1523 2639 1560 2673 μὴ
1579 2639 1657 2673 θέμις
1681 2639 1763 2674 δρᾷν,

971 2686 1077 2720 τρυφᾷν
1097 2693 1126 2711 τε
1144 2685 1191 2711 καὶ
1204 2684 1324 2717 παίζειν,
1341 2684 1388 2711 καὶ
1403 2684 1438 2711 τὰ
1456 2685 1516 2710 θεῖα
1530 2685 1680 2719 πράγματα
1696 2693 1763 2712 χατ-

972 2731 1124 2765 αισχύνειν.

1013 2776 1081 2803 Ἀλλ’
1097 2777 1122 2802 εἰ
1135 2777 1182 2803 καὶ
1193 2776 1260 2811 γυνή
1275 2785 1316 2808 τις
1328 2777 1357 2803 ὲν
1372 2775 1520 2810 γυναικείῳ
1532 2775 1683 2802 θάπτεσθαι
1697 2777 1762 2810 μέλ-

969 2822 1010 2849 λοι
1027 2823 1213 2858 μοναστηρίῳ,
1226 2823 1329 2860 (ἄνδρα.
1338 2822 1393 2856 γὰρ
1408 2821 1458 2848 οὐκ
1469 2821 1567 2856 εὐαγὲς
1580 2819 1651 2848 εἶναι
1667 2823 1760 2858 κρίνο-

971 2870 1042 2904 μεν),
1064 2869 1126 2900 τοὺς
1151 2869 1199 2904 τὴν
1228 2869 1320 2904 κλίνην
1347 2869 1478 2904 φέροντας
1502 2868 1611 2904 μόνους,
1631 2869 1678 2896 καὶ
1694 2869 1758 2900 τοὺς
