1856 3061
161 159 197 189 ὓΊ
774 155 962 187 ΜΑΤΤΗΕΙ

1062 157 1194 188 STARIS
1765 151 1807 183 64

162 217 256 244 Patres
274 225 369 252 graves
386 217 421 244 ob
435 224 534 245 causas
546 224 578 244 eo
594 215 726 250 temporis
743 216 948 251 dispensatione.

1062 216 1140 248 ιίτίας
1158 215 1222 247 ἴσως
1235 214 1385 246 λυσιτελεῖς
1405 214 1443 249 τῷ
1461 214 1520 240 τότε
1541 212 1628 248 καιρῷ
1641 214 1674 248 τῇ
1687 214 1806 240 οἰκονο-

162 265 213 290 ista
230 264 271 290 usi
293 269 367 291 sunt.
399 263 453 289 Nos
487 269 577 290 tamen
604 262 818 297 haudquaquam
844 268 951 297 oportet

162 308 350 341 apostolorum
367 313 392 334 et
410 307 521 334 Patrum
546 307 708 334 traditiones
723 307 866 341 abrogare.
901 309 951 335 Iu—

163 354 222 380 nuit
238 362 303 380 vero
317 354 418 380 dictum
434 354 615 388 apostolicum
633 361 768 381 canottem
787 353 821 381 69
837 360 863 382 et
879 355 952 382 hunc

162 399 252 434 ipsum
268 400 375 426 concilii
392 399 550 427 Laodiceni.

199 456 277 483 CAP.
293 454 327 483 V.
346 457 424 490 Quod
439 458 594 499 uenderes}
608 458 635 485 in
653 458 778 487 Sabbalis
794 465 841 487 aut
864 459 919 486 Do-

292 505 296 508 '
435 501 537 519 7711111618
545 501 683 527 Jejunare.

201 537 300 570 Qumre
317 545 379 573 cap.
401 538 436 565 57
455 539 553 567 littera:
568 539 602 568 K.

163 594 242 622 CAP.
259 595 301 623 VI.
323 594 402 627 Quod
413 595 567 630 jejtmantes
584 606 600 624 α
614 598 679 625 cibis
701 599 833 625 abstinere
848 598 951 631 debent,

269 631 342 657 haud
358 635 445 657 tamen
462 632 540 666 quasi
553 633 581 659 in
590 641 616 659 se
630 635 849 661 exsecrabilibus.

202 675 271 704 Vide
288 676 304 703 9
324 685 383 711 cap.
407 678 504 720 littera:
523 678 553 711 Β,
572 683 598 705 et
622 680 705 706 etiam
728 681 754 707 in
769 680 786 706 2
809 687 868 716 cap.
887 681 954 708 litte-

165 730 203 750 rae
219 722 239 749 E
264 730 397 750 canonem
410 723 445 751 53
456 724 545 759 magni
564 724 668 753 Basilii.

391 814 472 849 198
485 814 560 842 CAP.
579 815 633 843 VII.
654 816 690 843 De
710 817 774 852 lege.

202 858 256 885 Lex
276 863 317 886 est
328 866 475 887 commune
498 866 665 896 praeceptum
679 872 686 890 :
700 863 822 890 virorum
840 863 962 898 pruden-

168 904 236 931 titttn
247 905 377 939 placitum
397 915 406 933 :
421 906 582 934 delictorum
596 916 658 934 cum
671 909 889 936 voluntariorum
903 914 960 937 tum

167 951 418 979 involuntariorum
434 955 568 981 correctio
580 959 626 981 aut
639 955 830 989 reprehensio,
844 955 963 984 civitatis

169 1005 316 1025 commune
333 1005 453 1032 pactum:
464 1005 506 1027 est
519 1005 545 1027 et
560 1000 683 1028 divinum
700 1001 853 1029 inventum.
870 1001 963 1030 Virtus

169 1043 238 1078 legis
253 1049 295 1080 est
309 1044 416 1079 jubere,
434 1050 537 1078 vetare,
556 1047 726 1080 permittere,
744 1048 853 1081 punire.

208 1089 293 1124 Leges
315 1098 370 1117 non
386 1091 420 1118 de
436 1091 624 1126 singularibus
647 1092 792 1126 feruntur,
811 1094 857 1121 sed
887 1101 963 1121 com—

171 1136 302 1166 muniter.

206 1181 430 1217 Jurisprudentia
444 1191 459 1211 a
474 1184 581 1219 justitia
596 1192 695 1213 nomen
710 1186 811 1220 habet;
831 1191 875 1215 est
889 1187 962 1215 enim

171 1237 217 1256 ars
233 1229 298 1256 boni
313 1231 432 1265 etzequi.

208 1275 246 1302 De
260 1275 293 1302 iis
310 1283 371 1310 qua:
393 1276 565 1311 frequentius
578 1278 736 1314 obtingunt,
751 1287 804 1307 non
823 1287 885 1314 quae
902 1288 964 1315 per.

173 1329 248 1353 raro,
265 1321 338 1356 leges
352 1322 446 1349 inferri
460 1322 586 1357 oportet:
614 1325 729 1352 minime
758 1325 791 1352 de
807 1325 841 1353 iis
869 1327 961 1358 rebus,

173 1366 276 1400 quibus
291 1374 345 1393 uno
362 1372 467 1394 tantum
481 1369 507 1395 itt
526 1377 592 1401 casu
622 1370 750 1397 accidere
781 1370 874 1398 datur.
894 1371 962 1399 Nam

175 1414 347 1448 legislatores
366 1414 437 1442 haud
451 1416 600 1443 attendunt
613 1417 698 1444 semel
711 1420 738 1443 et
757 1417 810 1445 bis.

211 1459 298 1493 Leges
332 1460 503 1495 primigenia:
526 1462 554 1489 in
587 1463 732 1498 sequiores
764 1464 962 1494 decucuntur,

174 1507 389 1535 constitutiones
406 1515 469 1535 vero
485 1510 657 1537 recentiores
672 1510 805 1545 majorem
823 1510 877 1537 vim
891 1509 964 1537 obti-

175 1557 240 1579 nent
256 1560 340 1587 quam
358 1554 434 1587 prius
443 1554 514 1582 latae.

211 1598 249 1625 De
265 1599 365 1633 quibus
381 1599 423 1626 lex
437 1600 512 1627 nulla
531 1602 686 1636 conscripta
706 1608 758 1632 est.
790 1602 872 1637 longa
900 1610 969 1630 con-

176 1645 295 1671 suetudo
311 1652 359 1678 per
392 1645 549 1680 complures
571 1653 658 1675 annos
681 1647 858 1682 comprobata
883 1648 968 1676 vicetn

177 1690 246 1724 legis
259 1690 344 1722 subit,
358 1691 474 1726 ejusque
488 1692 542 1719 vim
558 1693 674 1721 obtinet.

212 1737 360 1772 Perperam
372 1737 496 1772 judicata
510 1745 558 1766 aut
573 1747 705 1774 expressa
723 1747 813 1774 neque
841 1740 897 1773 lex,
922 1747 970 1768 ne-

177 1790 231 1818 que
246 1789 363 1818 tempus,
380 1791 470 1819 neque
482 1786 655 1813 consuetudo
671 1791 730 1813 rata
747 1786 826 1813 facit.

368 1842 447 1870 CAP.
462 1841 531 1870 VIII.
551 1842 590 1870 De
601 1844 780 1879 possessione.

523 1898 618 1934 Leges.

215 1942 313 1971 Decem
331 1945 372 1971 vel
386 1945 467 1972 etiam
481 1944 579 1979 viginti
598 1946 922 1982 annorum'prrescriptio
934 1945 972 1979 ei,

180 1992 226 2025 qui
240 1991 311 2017 mala
328 1991 380 2019 ﬁde
404 1993 566 2026 possederit,
594 1992 666 2020 haud
690 1993 826 2028 prodest:
855 1993 911 2019 imo
924 2000 975 2020 ttec

179 2039 360 2071 tricennalis,
382 2039 435 2066 nisi
452 2040 544 2074 quiete
564 2040 726 2075 possederit,
751 2040 912 2074 nullamque
946 2038 973 2065 in

181 2083 241 2111 foro
258 2084 332 2112 litem
343 2086 519 2113 sustinuerit.
539 2086 607 2114 Vide
630 2086 754 2114 etiamin
782 2086 872 2121 capite
887 2085 904 2113 9
930 2085 976 2113 lit-

181 2134 247 2158 tera:
259 2132 288 2158 A.

220 2176 306 2204 Omne
335 2177 480 2206 servitium
513 2182 539 2205 et
567 2177 746 2206 ususfructus
769 2177 820 2211 eis,
852 2177 900 2212 qui
920 2183 974 2204 non

1003 264 1053 298 μία
1070 263 1157 298 ταύτῃ
1182 263 1346 297 ἐχρήσαντο.
1369 260 1452 296 Ἥμτν
1478 260 1505 286 δὲ
1518 261 1567 286 οὐκ
1581 261 1731 293 ἀναγκαῖον
1750 259 1808 290 τὰς

1002 309 1186 340 ἀποστολικὰς
1198 309 1244 334 καὶ
1262 307 1398 342 πατρικὰς
1425 307 1533 333 ἀθετεῖν
1556 306 1733 341 παραδόσεις,
1750 306 1802 331 τδν

1004 355 1122 392 ρηθέντα
1145 355 1332 389 αἰνιττόμενος
1352 354 1390 387 ξο¹
1405 353 1586 380 ὰποστολικδν
1619 352 1729 384 κανόνα,
1757 351 1810 378 καὶ

1003 403 1050 429 τὸν
1066 402 1116 437 τῆς
1131 403 1162 428 ὲν
1175 401 1323 436 Λαοδικείᾳ
1340 400 1452 426 συνόδου
1469 399 1588 426 τουτονί.

1005 459 1132 486 ΚΕΦᾹΛ.
1148 458 1187 486 Ε’.
1207 459 1273 485 Ὅτι
1295 459 1331 484 οὐ
1346 457 1395 484 δεῖ
1409 458 1574 491 νηστεύειν
1588 457 1622 482 ἐν
1647 455 1710 488 τοῖς
1728 454 1811 482 Σάϐ-

1194 495 1264 520 σασι
1280 493 1329 519 καὶ
1347 492 1414 525 ταῖς
1431 491 1608 525 Κιιριακαῖς.

1042 541 1122 576 Ζήτει
1140 540 1169 566 τὺ
1185 539 1224 572 λζ’
1238 539 1387 573 κεφάλαιον
1405 538 1456 566 τοῦ
1470 539 1495 565 Κ
1511 538 1656 573 στοιχείου.

1008 598 1133 624 ΚΕΦᾹΛ.
1150 597 1195 630 ς’.
1213 596 1278 622 ’Ὂτι
1293 596 1364 629 τοὺς
1375 597 1584 629 νηστεύοντας
1603 596 1659 628 οὐχ
1677 595 1717 627 ὡς
1729 594 1810 626 ,βδε-

1090 631 1210 659 λυκτῶν
1226 631 1286 658 τῶν
1294 631 1462 665 ,βρωμάτων
1475 630 1644 664 ἀπέχεσθαι
1660 630 1716 656 δεῖ.
1806 663 1812 672 ¹

1046 679 1125 713 Ζήτει
1140 678 1169 704 1’:
1182 678 1203 704 0'
1216 677 1314 711 κεφαλ.
1332 676 1380 703 τοῦ
1404 677 1424 703 Β
1446 675 1593 710 στοιχείου,
1617 676 1665 702 καὶ
1682 677 1711 702 ἐν
1727 675 1770 708 τῷ
1789 675 1804 707 β

1009 732 1071 758 κεφ.
1088 723 1135 750 τοῦ
1158 723 1178 751 Ε
1196 723 1330 758 στοιχείου
1352 721 1400 748 τὸν
1415 723 1459 756 κγ’
1488 721 1590 758 κανόνα
1615 720 1661 748 τοῦ
1683 720 1812 756 μεγάλου

1011 771 1168 798 Βασιλείου.

1213 816 1341 843 ΚΕΦΛΛ.
1364 817 1403 843 Ζ¹.
1421 814 1491 848 Περὶ
1506 814 1613 848 νόμου.

1048 864 1140 899 Νόμος
1157 864 1216 890 ἐστὶ
1227 863 1317 890 κοινὸν
1330 859 1533 898 παράγγελμα³
1546 860 1686 895 φρονίμων
1699 859 1814 894 ἀνδρῶν

1013 911 1102 946 δόγμα
1113 911 1266 938 ’ἑκουσίων
1282 910 1329 937 καὶ
1352 909 1488 936 ἀκουσίων
1513 906 1726 942 ἁμαρτημάτων
1747 905 1814 931 ἐπι-

1015 956 1129 992 στροφὴ,
1144 957 1203 991 ἦτοι
1222 955 1414 991 σωφρονισμός
1424 962 1430 968 ·
1444 954 1549 985 πόλεως
1575 952 1699 987 συνθήκη
1715 951 1812 985 κοινή·

1014 1001 1073 1028 ἔστι
1093 1001 1121 1028 δὲ
1132 1001 1179 1028 καὶ¹
1190 1002 1261 1028 θεῖον
1277 1001 1398 1036 εὕρημα.
1417 1000 1516 1035 ’Δρετὴ
1530 999 1615 1034 νόμου
1627 998 1657 1024 τδ
1671 997 1812 1029 κελεύειν,

1014 1047 1045 1073 τὸ
1059 1047 1185 1079 κωλύειν,
1205 1046 1234 1073 τδ
1245 1047 1414 1081 ἐπιτρέπειν,
1432 1045 1462 1072 τὺ
1479 1043 1673 1080 τιμωρεῖσθαι.

1051 1093 1089 1120 Οὐ
1104 1093 1169 1128 περὶ
1193 1092 1240 1119 τοῦ
1268 1092 1449 1125 καθέκαστον,
1467 1091 1539 1119 ἀλλὰ
1563 1090 1662 1123 κοινῶς
1687 1090 1710 1116 oI
1729 1088 1814 1124 νόμοι

1015 1139 1147 1167 τίθενται.

1056 1186 1086 1213 '0
1102 1188 1186 1222 νόμος
1201 1186 1254 1213 ἀπὸ
1277 1186 1328 1221 τῆς
1355 1185 1529 1220 δικαιοσύνης
1552 1183 1723 1219 ὠνόμασται,
1755 1182 1816 1208 ἔστι

1014 1231 1070 1267 γὰρ
1087 1233 1171 1267 τέχνη
1191 1231 1239 1258 τοῦ
1254 1232 1336 1258 καλοῦ
1357 1232 1405 1258 καὶ
1421 1231 1468 1258 τοῦ
1499 1232 1569 1258 ἴσον).

1051 1279 1121 1310 Τοὺς
1146 1279 1263 1314 νόμους,
1279 1278 1334 1305 ἀπὸ
1349 1278 1404 1304 τῶν
1419 1277 1457 1310 ὡς
1474 1278 1520 1304 ἐπὶ
1539 1277 1570 1304 τὸ
1595 1277 1724 1303 πλεῖστον
1744 1285 1817 1310 συμ-

1016 1325 1175 1359 ϐαινόντων,
1190 1325 1220 1351 οὐ
1235 1324 1289 1360 μὴν
1301 1325 1355 1351 τῶν
1372 1324 1495 1356 σπανίως
1507 1323 1668 1357 εἰσάγεσθαι
1683 1323 1736 1355 δεῖ,
1751 1322 1816 1348 οὐδὲ

1015 1371 1070 1397 ἀπὸ
1082 1371 1136 1397 τῶν
1146 1370 1306 1405 δυναμένων
1332 1371 1361 1396 ὲν
1375 1370 1416 1396 ἑνὶ
1434 1369 1573 1404 συμόἦναι
1592 1368 1710 1404 Θέματι·
1738 1377 1815 1403 παρ-

1015 1417 1099 1453 ορῶσι
1115 1417 1169 1451 γὰρ
1186 1417 1211 1443 οἱ
1226 1415 1373 1451 νομοθέται
1389 1415 1419 1442 τὺ
1430 1415 1506 1448 ἅπαξ
1523 1415 1540 1449 ἢ
1557 1415 1609 1446 δίς.

1051 1462 1083 1490 01
1098 1461 1311 1496 προγενέστεροι
1324 1461 1402 1496 νόμοι
1420 1461 1460 1492 εις
1474 1460 1538 1492 τοῦς
1555 1459 1815 1495 μεταγενεστέρους

1016 1508 1140 1534 ἕλκονται
1152 1514 1160 1522 ·
1176 1506 1205 1532 αἱ
1217 1507 1245 1533 δὲ
1256 1507 1488 1542 μεταγενέστεραι
1508 1506 1645 1538 διατάξεις
1664 1506 1817 1541 ἰσχυρότε-

983 1560 1004 1589 c
1023 1563 1067 1590 ραι
1079 1553 1134 1580 τῶν
1150 1553 1204 1589 πρὸ
1217 1552 1305 1579 αὐτῶν
1318 1553 1399 1580 εἰσιν.

1063 1600 1108 1626 Ἐν
1125 1596 1166 1630 οἷς
1181 1599 1231 1625 οὐκ
1249 1598 1324 1625 ἔστιν
1338 1598 1476 1634 ἔγγραφος
1494 1598 1588 1633 νόμος,
1603 1598 1620 1633 ἡ
1643 1597 1740 1633 μακρὰ
1752 1607 1820 1624 συν-

1020 1645 1110 1681 ήθεια,
1139 1645 1185 1671 ἐπὶ
1214 1644 1327 1676 πολλοὺς
1355 1644 1497 1675 ἐνιαυτοὺς
1515 1644 1725 1679 δοκιμασθεῖσα,
1752 1645 1820 1671 ἀντὶ

1021 1692 1105 1727 νόμου
1120 1692 1228 1727 κρατεῖ,
1244 1691 1324 1723 τάξιν
1338 1690 1438 1725 ἔχουσα
1456 1690 1551 1725 νόμου.

1056 1738 1097 1764 Τὰ
1112 1737 1206 1768 κακῶς
1220 1736 1352 1772 κριθέντα
1368 1737 1414 1762 καὶ
1428 1736 1602 1768 τυπωθέντα,
1632 1735 1695 1762 οὔτε
1721 1736 1821 1771 νόμος,

1022 1782 1085 1810 οὔτε
1097 1782 1204 1819 χρόνος,
1222 1782 1284 1808 οὔτε
1299 1782 1430 1817 συνήθεια
1444 1781 1561 1816 βεϐαιοῖ.

1218 1838 1346 1866 ΚΕΦΔΛ.
1365 1838 1407 1865 H'.
1423 1838 1494 1873 Περὶ
1511 1837 1617 1874 νομῆς.

1368 1896 1472 1930 Νόμοι.

1061 1945 1124 1972 Ὅτι
1146 1943 1274 1972 δεκαετία
1300 1943 1489 1978 ἢεῑκοσαετία
1510 1942 1541 1969 οὐ
1562 1942 1654 1978 βοηθεῖ
1680 1940 1720 1976 τῷ
1746 1942 1824 1976 κακῇ

1026 1991 1120 2018 πίστει
1137 1991 1294 2026 νεμομένῳ,
1309 1991 1334 2017 ει
1348 1990 1386 2025 μὴ
1402 1990 1418 2025 ὴ
1432 1988 1644 2023 τριακονταετία
1660 1988 1708 2014 καὶ
1726 1987 1824 2021 μόνον,

1026 2039 1105 2074 εἰπερ
1117 2038 1275 2068 ἀδιακόπως
1284 2038 1411 2071 ἐνέμετο,
1421 2036 1470 2063 καὶ
1480 2036 1592 2071 ὄχλησιν
1607 2035 1635 2061 ὲν
1647 2033 1826 2068 δικαστηρίῳ

1028 2084 1066 2120 μὴ
1081 2084 1226 2120 ὑπέμεινε.
1252 2083 1335 2118 Ζήτει
1354 2082 1403 2109 καὶ
1415 2083 1444 2109 ὲν
1461 2082 1501 2117 τῷ
1516 2081 1538 2108 0’
1553 2089 1617 2115 κεφ.
1645 2078 1693 2106 τοῦ
1709 2079 1730 2104 Δ
1747 2087 1827 2105 στοι-

1027 2131 1113 2167 χείον.

1064 2177 1142 2205 [Iaca
1151 2174 1260 2203 δουλεία
1274 2174 1320 2202 καὶ
1337 2174 1414 2201 πᾶσα
1434 2173 1533 2208 χρῆσις
1561 2171 1609 2198 ἐπὶ
1636 2171 1691 2198 τῶν
1721 2171 1762 2206 μὴ
1780 2180 1828 2197 κε-

181 2228 328 2258 usurpant.
351 2230 462 2260 propter
480 2225 568 2260 ipsum
584 2225 718 2259 temporis
731 2223 890 2255 decursum,
906 2230 963 2256 prae

1062 2222 1186 2258 κημένων,
1215 2221 1260 2248 διὰ
1291 2222 1341 2254 τῆς
1362 2219 1410 2246 τοῦ
1430 2219 1528 2254 χρόνου
1556 2217 1753 2253 παραδρομῆς,
1780 2217 1829 2242 ἐπὶ

182 2271 307 2297 sentibus
331 2270 442 2305 quidem
468 2270 633 2303 decennali.
659 2269 823 2297 absentibus
848 2268 974 2304 praescri-

182 2316 276 2352 ptione
293 2316 426 2344 vieenuali
443 2317 592 2344 amittitur.

220 2363 272 2395 Qui
287 2364 431 2392 servitium
449 2365 513 2400 jure
526 2363 634 2391 obtinet
648 2371 747 2401 pecora
761 2363 788 2390 in
801 2371 868 2399 agro
885 2363 976 2390 alieno

184 2409 340 2444 adaquandi
358 2418 390 2438 ac
406 2410 549 2445 pascendi,
568 2410 714 2437 servitium
731 2410 814 2438 etiam
841 2416 977 2445 usurpare

184 2461 277 2492 potest
299 2457 365 2485 inibi
381 2458 520 2492 tugurium
536 2457 686 2485 excitandi.

219 2503 272 2536 Qui
287 2511 321 2530 ex
337 2504 427 2540 alieno
443 2511 519 2539 agro,
535 2504 641 2532 sciente
655 2503 779 2536 domino,
802 2511 900 2538 aquam
924 2506 980 2530 tra-

185 2550 268 2582 xerit.
285 2550 428 2578 servitium
445 2550 497 2578 sibi
515 2550 542 2577 in
567 2558 634 2585 agro
656 2550 703 2578 illo
729 2550 852 2577 vindicat
878 2557 979 2577 usura-

186 2596 270 2632 pione
287 2596 427 2630 triennali,
442 2596 554 2625 domino
567 2597 679 2625 interim
697 2604 751 2625 non
768 2597 942 2632 prohibente.

206 2701 208 2703 ι
225 2691 299 2717 Bona
317 2690 429 2718 mobilia
439 2690 462 2718 si
476 2691 539 2726 quis
556 2697 605 2725 per
621 2689 774 2718 triennium
797 2690 901 2726 absque
913 2697 981 2724 que-

191 2735 247 2766 rela
262 2736 424 2771 possederit.
438 2737 488 2772 ipsi
505 2737 606 2765 cedunt
619 2737 778 2772 occupanti.

346 2795 427 2831 199
448 2795 578 2824 INITIUM
597 2794 759 2824 LITTEBIE
775 2795 805 2822 Ξ.

324 2854 401 2883 CAP.
417 2855 438 2884 I.
453 2855 492 2882 De
505 2855 626 2882 tollendis
644 2852 804 2881 simulacris.

231 2899 332 2936 Synodi
364 2901 593 2938 Carthaginensis
618 2907 707 2929 canon
738 2897 773 2926 58
795 2903 876 2930 atque.
903 2896 985 2924 etiam

1030 2270 1080 2305 μὲν
1095 2268 1250 2304 παρόντων,
1271 2266 1412 2302 δεκαετίᾳ,
1433 2266 1482 2293 ἐπὶ
1500 2266 1528 2292 δὲ
1540 2265 1676 2297 ἀπόντων,
1698 2265 1829 2292 εἰκοσαε-

1029 2315 1074 2352 τίᾳ
1094 2314 1256 2342 ἀπόλλυται.

1071 2360 1100 2387 '0
1113 2359 1182 2394 ἔχων
1195 2357 1320 2385 δουλείαν
1333 2356 1379 2383 τοῦ
1397 2355 1520 2387 ποτίζειν
1533 2355 1581 2382 καὶ
1595 2354 1705 2389 βόσκειν
1733 2354 1765 2380 ὲν
1790 2353 1830 2389 τῷ

1030 2405 1109 2442 ἀγρῷ
1126 2413 1173 2431 σου
1192 2403 1352 2439 θρέμματα,
1366 2402 1478 2429 δύναται
1502 2401 1620 2428 κτᾶσθαι
1635 2399 1762 2427 δουλείαν
1778 2399 1830 2426 τοῦ

1031 2453 1060 2478 ἐν
1074 2449 1150 2485 αὐτῷ
1164 2451 1252 2477 ποιεῖν
1262 2449 1396 2484 καλύὸην.

1074 2499 1103 2524 '0
1120 2497 1155 2524 δι’
1177 2496 1321 2531 ἀλλοτρίου
1350 2494 1437 2530 ἀγροῦ
1459 2494 1548 2520 ἕλκων
1562 2493 1647 2527 ὕδωρ,
1659 2492 1764 2523 εἰδότος
1781 2491 1831 2518 τοῖ

1032 2545 1161 2572 δεσπότου
1179 2542 1228 2570 τοῦ
1250 2541 1349 2577 ἀγροῦ,
1368 2542 1465 2568 κτᾶται
1484 2540 1555 2566 κατὰ
1585 2538 1633 2565 τοῦ
1662 2537 1749 2575 ἁγρθοῦ
1769 2538 1832 2564 δου-

1033 2591 1108 2618 λείαν
1135 2591 1164 2616 ἐν
1178 2589 1216 2625 τῷ
1231 2588 1421 2624 νενομισμένῳ
1432 2586 1555 2622 τριετίας
1570 2586 1670 2621 χρόνῳ,
1684 2584 1722 2619 μὴ
1739 2584 1830 2610 κωλύ-

1035 2645 1135 2668 σαντος
1150 2637 1232 2663 αὑτὸν
1246 2635 1295 2662 τοῦ
1309 2634 1444 2661 δεσπότου
1457 2632 1505 2660 τοῦ
1524 2631 1622 2666 ἀγροῦ.

1070 2685 1111 2711 Τὰ
1127 2685 1225 2717 κινητᾷ
1236 2683 1403 2718 πράγματα,
1414 2681 1462 2708 ἐπὶ
1476 2679 1601 2716 τριετίαν
1611 2679 1833 2714 ἁνεπιφωνήτως

1036 2732 1221 2767 κρατούμενα,
1239 2728 1429 2761 δεσπόζονται.

1215 2787 1310 2814 ΑΡΧΗ
1329 2786 1398 2813 ΤΟΥ
1415 2785 1436 2812 Ξ
1450 2782 1650 2812 ΣΤΟΙΧΕΙΟΥ.
1788 2798 1804 2811 /

1111 2846 1235 2872 ΚΕΦΑΛ.
1258 2844 1296 2872 Α’.
1322 2844 1391 2877 Περὶ
1408 2843 1527 2875 ξοάνων
1545 2839 1759 2874 καθαιρέσεως.

1082 2893 1111 2919 '0
1122 2893 1170 2925 τῆς
1185 2892 1214 2918 ὲν
1228 2890 1395 2922 Καρθαγένῃ
1407 2888 1516 2915 συνόδου
1530 2887 1620 2916 κανὼν
1633 2888 1685 2915 vn'.
1702 2885 1749 2912 καὶ
1768 2885 1833 2913 μέν·
