1856 3061
150 104 183 137 71
745 105 928 136 ΜΛΤΤΠᾸΞΙ
946 104 948 107 ’

1039 105 1088 134 ιΤΑ
1095 105 1117 133 ll
1124 104 1132 133 l
1139 106 1158 133 S

1748 105 1787 137 ’12

148 163 203 191 diei
230 167 286 191 tros
311 163 488 198 sexagesimze
516 163 621 199 priuue.
653 168 679 191 et
703 164 814 198 triginta
837 167 941 197 septem

1039 172 1104 195 ισις.
1125 164 1176 190 Διὰ
1190 163 1221 199 δὴ
1236 163 1316 191 τοῦτο
1329 163 1428 199 ἀρτίως
1440 164 1486 191 δύο
1502 164 1572 199 μετὰ
1586 164 1635 200 τὴν
1648 165 1788 201 πανσέλη-

148 215 239 245 partes
251 210 380 238 secundae
392 219 399 242 ;
413 210 516 237 idcirco
532 210 558 236 iu
577 210 660 237 annis
675 210 727 237 504
750 217 805 237 non
821 209 944 244 comple-

149 257 184 284 tis
202 256 311 291 quidem
333 255 397 287 illis,
422 257 468 283 sed
483 255 679 283 deﬁcientibus
694 255 777 282 unius
797 255 849 282 diei
864 263 944 282 sexa-

148 302 259 338 gesilnis
274 302 370 336 primis
383 302 416 328 57
430 307 457 329 et
471 302 650 336 sexagesimis
673 302 805 330 secundis
826 301 861 329 δί
885 301 944 329 sive

149 348 235 376 ferme
252 348 296 375 die
311 355 377 379 uno,
390 348 462 374 dicta
480 348 620 375 revolutio
636 348 788 383 peragitur.
804 347 944 380 Quamob-

150 403 206 422 rem
222 399 283 429 aptc
299 398 361 429 post
375 394 556 428 plenilunium
583 395 636 422 duo
653 395 711 422 dies
728 395 814 422 additi
838 400 902 422 sunt
916 394 943 421 in

150 441 246 476 legalis
268 440 409 468 Paschalis
431 441 652 477 investigatione,
673 449 735 469 cum
766 449 819 468 non
837 445 944 476 poterat

149 488 330 524 plenilunium
339 493 433 514 exacte
448 488 582 522 attingere
593 488 663 515 diem
679 488 782 515 mensis
793 495 807 514 a
818 487 945 515 Patribus

150 536 307 567 detinitam;
323 535 435 569 quippe,
457 539 488 561 ut
509 533 643 567 diiimus,
661 534 687 561 in
716 535 796 561 annis
823 534 874 561 304
898 534 942 561 dic

151 588 205 608 uuo
215 580 337 614 prorimc
347 580 450 607 deﬁcit.
458 579 541 607 lstam
554 582 713 607 varietatem
723 585 811 608 status
822 579 942 607 Pascha-

155 626 189 652 lis
207 625 277 656 dies,
292 629 319 652 et
332 629 422 652 motus
435 624 616 652 luminarium
633 625 739 652 creavit
754 632 762 651 :
777 632 837 659 quae
851 629 943 651 tamen

152 671 278 706 religioni
294 671 408 697 minime
423 674 513 702 nocet,
529 671 583 697 imo
598 672 690 705 potius
712 671 826 698 multum
856 671 943 706 juvat.

152 717 218 744 lude
233 717 306 743 enim
326 717 459 750 temporis
484 715 658 743 intervallum
689 717 843 744 evidentius
861 725 945 752 appa-

153 768 204 794 ret,
220 763 291 789 inter
307 762 403 796 legalis
414 766 440 789 ct
455 763 542 790 nostri
559 763 702 790 Paschalis
717 763 944 795 celebrationem,

153 807 272 841 sumptis
294 814 349 833 non
366 815 431 840 uno,
450 807 522 841 quod
543 811 598 833 tum
614 807 727 839 factum,
739 807 786 834 sed
803 808 891 834 tribus
913 808 945 834 a.l

995 218 1039 236 νον
1052 210 1154 244 ἡμέραι
1170 210 1345 246 εὑρίσκονται
1361 210 1573 246 προστιθέμεναι
1591 211 1621 237 ἒν
1631 212 1662 246 τῇ
1674 211 1722 238 τοῦ
1739 220 1788 239 νος

997 255 1076 290 μικοῦ
1102 256 1198 291 Πάσχα
1217 257 1336 291 εὑρέσει,
1355 257 1405 292 τῆς
1424 257 1593 291 πανσελήνου
1614 257 1652 293 μὴ
1667 257 1788 292 δυναμέ-

995 310 1044 336 νης
1065 302 1230 328 καταλαϐεῖν
1255 303 1360 338 ἀρτίως
1384 302 1433 338 τὴν
1456 303 1612 337 ὁρισθεῖσαν
1644 303 1705 329 τότε
1728 302 1789 334 τοῖς

996 347 1120 382 Πατράσι
1138 347 1241 383 ποστὴν
1253 347 1300 374 τοῦ
1316 348 1410 382 μηνὸς,
1424 348 1634 383 ἐλαττουμένης,
1655 348 1692 379 ὡς
1709 348 1790 382 εἴρη-

994 401 1050 426 ται,
1066 394 1094 419 ὲν
1119 393 1287 427 τριακοσίοις
1313 393 1461 428 τέσσαρσιν
1491 395 1574 425 ἔτεσι,
1596 394 1661 428 μίαν
1678 393 1789 429 ἡμέραν

995 439 1118 473 ἔγγιστα.
1137 440 1193 466 Καὶ
1203 439 1332 474 τοιαύτην
1346 441 1394 474 μὲν
1408 440 1422 465 ὁ
1437 440 1532 475 χρόνος
1544 441 1608 475 περὶ
1620 440 1669 476 τὴν
1679 441 1789 475 ἡμέραν

995 485 1043 512 τοῦ
1074 485 1170 520 Πάσχα
1192 487 1239 512 καί
1261 486 1342 521 ἡτῶν
1354 487 1506 521 φωστήρων
1536 486 1643 521 κίνησις
1655 487 1703 521 τὴν
1715 487 1791 513 ἀνω·

998 531 1097 566 μαλίαν
1113 533 1247 566 πεποίηκε
1257 539 1264 547 ·
1279 533 1312 567 τῇ
1324 532 1452 568 εὐσεϐείᾳ
1467 541 1497 566 γε
1517 532 1571 568 μὴν
1583 532 1790 559 οὐδοπωστιοῦν

996 578 1075 605 τοῦτο
1092 578 1261 612 λυμαίνεται,
1277 578 1317 604 ὅτι
1337 578 1373 613 μὴ
1393 579 1440 604 καὶ
1455 579 1488 604 τὰ
1515 578 1620 613 μεγάλα
1635 578 1790 613 συμῦάλλε-

996 630 1053 648 ται.
1083 622 1307 657 Περιφανεστέρσ.
1337 623 1388 657 γὰρ
1412 622 1537 649 ὲντεῦῠεν
1551 624 1567 658 ἡ
1581 623 1720 655 διάστασις
1734 623 1792 650 δεί-

997 678 1094 697 κνυται
1105 671 1154 704 τῆς
1168 679 1196 696 τε
1210 670 1255 696 τοῦ
1272 671 1385 705 νομικοῦ
1399 672 1446 697 καὶ
1462 672 1509 698 τοῦ
1522 671 1660 707 ἡμετέρου
1675 672 1791 705 τελετῆς

998 717 1103 751 Πάσχα,
1120 717 1150 743 οὐ
1167 717 1231 751 μιᾶς
1246 717 1366 752 ἡμέρας,
1375 717 1412 748 ὼς
1435 718 1506 749 τότε,
1522 717 1590 744 ἀλλὰ
1606 718 1690 752 τριῶν
1707 726 1794 753 μεσο-

997 763 1138 789 λαϐουσῶν
1159 763 1345 798 τούλάχιστον.
1363 763 1413 790 Διὰ
1428 764 1482 799 γὰρ
1502 763 1581 790 τοῦτο
1608 765 1715 795 πάντως
1739 765 1792 791 καὶ

997 807 1047 842 τὴν
1063 808 1170 842 ἡμέραν
1188 808 1215 834 0’.
1232 808 1352 843 Πατέρες
1371 809 1582 843 μετενηνόχασιν
1598 809 1644 835 ἐπὶ
1661 809 1710 843 τὴν
1727 809 1792 835 Κυ-

154 853 296 879 minivuuzu
327 852 428 879 diebus
455 852 636 879 intermetliis.
662 853 748 884 Quam
772 852 807 880 ob
835 861 946 880 causam

1039 853 1115 888 ικὴν·
1133 853 1156 878 εἰ
1172 853 1195 878 δ’
1210 853 1239 879 ἐν
1255 854 1382 890 κυριακῇ
1393 854 1424 879 τὸ
1447 854 1559 888 νομικδν
1576 854 1652 889 τύχοι
1675 855 1792 890 Πάσχα,

154 899 251 925 Patres
284 898 356 924 diem
386 898 542 933 paschalem
577 898 690 925 omnino
719 898 746 925 in
775 899 944 926 Dominicam

155 943 368 974 transtulerunt,
393 948 476 978 atque
505 951 568 970 cum
594 944 621 970 iu
652 944 818 972 Dominicaiu
843 945 945 972 incidat

155 991 260 1017 Pascha
292 991 388 1026 legale,
415 995 540 1018 nostrum
569 991 596 1018 iu
623 991 792 1018 Dominicam
820 993 945 1025 proxime

154 1043 312 1071 sequentem
340 1038 535 1064 removendum
553 1045 614 1065 esse
641 1044 805 1070 sanxerunt,
832 1046 941 1073 aequum

155 1083 316 1117 lmnumque
333 1090 394 1109 csse
407 1082 575 1117 iudicantes,
592 1087 621 1110 ut
638 1083 757 1110 invisum
771 1083 825 1110 Deo
856 1084 946 1110 infau-

154 1134 284 1162 slumqnc
308 1129 618 1161 fuslumavcrsnremur,
643 1135 725 1164 atque
751 1129 832 1164 longo
858 1130 945 1157 inter-

154 1175 226 1201 vallo
239 1174 343 1202 Pascha
361 1180 485 1201 nostrum
515 1175 549 1201 ab
567 1175 621 1202 isto
637 1175 725 1202 modis
745 1176 874 1202 omnibus
898 1175 942 1202 di-

155 1221 373 1255 rtingucremus.
389 1220 450 1248 llzec
466 1226 555 1248 autem
571 1221 597 1248 in
609 1221 786 1256 sequentibus
800 1221 889 1249 fusius
903 1230 948 1250 os-

156 1267 300 1294 tenuemus
316 1267 374 1301 (ubi
391 1273 417 1294 et
429 1267 535 1295 tabulas
553 1267 679 1294 dabimus
693 1268 891 1302 aequinoctium
916 1276 949 1295 ac

997 900 1044 925 ἐπὶ
1060 899 1108 933 τὴν
1119 899 1183 934 ἑξῆς
1200 899 1372 933 μεταϐαίνειν
1392 899 1562 934 omptume,
1581 901 1632 934 τὴν
1653 900 1793 934 Θεομάχον

997 945 1044 972 καὶ
1059 945 1187 980 ἀνέορτον
1202 945 1292 972 αὐτῶν
1309 945 1404 980 ἑορτὴν
1423 946 1498 980 ἡμᾶς
1515 945 1708 980 ἐκτρέπεσθαι,
1739 947 1794 972 καὶ

998 990 1096 1026 μακρῷ
1110 990 1149 1024 τῷ
1161 990 1330 1025 διαστήματι
1357 991 1407 1025 τὴν
1423 990 1562 1026 ἡμετέραν
1579 991 1687 1026 ἐκείνης
1717 992 1794 1017 πᾶσι

996 1038 1106 1071 τρόποις
1121 1036 1342 1068 ἀποδιῒστασθαι,
1358 1037 1386 1063 ὲν
1399 1036 1475 1071 καλῷ
1498 1036 1604 1063 κεῖσθαι
1630 1037 1794 1072 σκοπήσαν-

995 1092 1050 1114 τες.
1065 1083 1157 1109 Ταῦτα
1167 1082 1195 1108 δὲ
1207 1082 1364 1109 πλατυκὼτε
1371 1091 1415 1117 ρον
1427 1083 1493 1117 ἡμῖν
1507 1083 1633 1116 προϊοῦσι
1646 1083 1793 1118 δειχθήσε-

995 1138 1051 1161 ται,
1069 1129 1132 1156 ἔνθα
1150 1129 1199 1156 καὶ
1215 1129 1327 1156 κανόνισ.
1339 1129 1518 1160 amomum.
1530 1131 1581 1164 τήν
1593 1139 1622 1156 τε
1639 1130 1793 1164 ἰσημερίαν

997 1176 1109 1207 καὶτὰς
1125 1175 1312 1211 πανσελήνους
1334 1176 1563 1211 ὀλοσχερέστερον
1589 1175 1794 1210 ἑρμηνεύοντα,

997 1222 1045 1248 καὶ
1058 1222 1086 1248 ἒν
1103 1222 1190 1254 ποίοις
1205 1221 1279 1248 ἔτεσι
1291 1223 1417 1258 φανερῶς
1427 1222 1444 1258 ἡ
1456 1222 1510 1249 τῶν
1520 1221 1656 1257 συζυγιῶν
1668 1222 1795 1257 διαφορὰ

997 1268 1145 1294 δείκνυται.

156 1315 308 1348 pleniluuia
327 1322 426 1342 crasso
439 1316 518 1342 modo
534 1315 708 1351 indicantes),
726 1321 783 1343 tum
806 1317 887 1344 etiam
910 1316 1068 1344 docebimus
1100 1317 1265 1351 quibusnam
1302 1316 1329 1344 ln
1354 1316 1434 1344 annis
1471 1316 1617 1344 admodum
1644 1316 1796 1344 manifesta

155 1359 191 1385 sit
209 1359 433 1394 coniunctionum
447 1359 612 1387 differentia.

191 1406 326 1432 tholorum
344 1410 369 1432 et
384 1406 452 1433 utile
465 1406 547 1433 fuerit
560 1407 723 1442 disquirere,
740 1415 821 1443 quam
837 1408 873 1436 ob
884 1415 948 1436 cau-

156 1459 214 1479 sam
242 1457 303 1486 post
330 1459 442 1478 vermuu
462 1453 658 1487 requinoctium
683 1454 786 1482 Pascha
807 1455 947 1482 celebrare

153 1498 309 1532 jubcamur.
325 1497 406 1531 203
420 1497 483 1524 Fuit
508 1498 602 1533 igitur,
626 1500 736 1534 quando
755 1499 826 1528 Deus
842 1508 874 1528 ex
891 1509 946 1528 non

1039 1408 1118 1435 1Δλλόι
1129 1408 1183 1443 γὰρ
1200 1408 1282 1436 καλὸν
1295 1409 1327 1435 ἂν
1343 1409 1384 1444 εἵη
1401 1410 1549 1443 σκοπῆσαι,
1568 1410 1616 1437 καὶ
1638 1410 1709 1440 τίνος
1725 1411 1794 1439 ἓνε-

997 1463 1046 1482 κεν
1060 1455 1119 1490 μετ’
1136 1455 1282 1491 ἰσημερίαν
1297 1456 1407 1491 ἐαρινὴν
1421 1456 1450 1482 τὸ
1463 1457 1557 1491 Πάσχα
1572 1457 1659 1483 τελεῖ-ι
1671 1466 1796 1492 προστε-

996 1499 1133 1535 τάγμεοα.
1162 1500 1224 1527 ὀτι
1239 1509 1281 1527 τοι
1303 1501 1334 1527 ἐκ
1361 1499 1407 1526 τοῦ
1422 1500 1460 1536 μὴ
1473 1500 1549 1532 ὄντος
1562 1502 1602 1533 εἰς
1617 1501 1647 1528 τὺ
1659 1499 1731 1528 εἶναι
1743 1502 1796 1530 τδν

154 1550 217 1570 esse
236 1543 271 1570 ad
291 1551 352 1570 esse
372 1543 504 1570 nntudum
532 1544 636 1576 eduxit.
655 1553 669 1572 a
689 1545 733 1573 (lie
742 1546 837 1579 'primo
860 1554 947 1582 usque

1039 1554 1101 1581 ῖμον
1125 1545 1334 1581 παραγαγόντος
1358 1546 1405 1572 τοῦ
1431 1545 1510 1579 Θεοῦ,
1535 1546 1590 1573 ἀπὸ
1611 1547 1662 1581 τῆς
1672 1542 1798 1582 Γπρώτης

156 1589 189 1615 ad
208 1593 314 1616 sextum
331 1589 434 1624 justum
459 1590 666 1624 aequinoctium,
698 1591 741 1619 die
762 1598 844 1627 atque
867 1593 948 1620 etiam

156 1639 237 1662 nocte
266 1643 302 1661 ne
325 1635 468 1662 minimum
489 1636 598 1671 quiidcm
622 1636 675 1664 alia
695 1638 774 1665 aliam
791 1644 947 1673 superante.

156 1681 289 1714 Quamvis
307 1682 380 1708 enim
396 1682 454 1710 dies
467 1688 582 1718 quartus
594 1683 770 1712 Iumiuarium
782 1686 949 1713 creationem

155 1729 234 1755 hctus
248 1729 361 1760 viderat,
380 1729 503 1756 nondqu
522 1734 612 1757 tamen
629 1730 682 1757 illis
698 1731 875 1759 datum-erat
902 1741 951 1760 au-

155 1782 236 1800 nnain
251 1775 459 1807 revolutioncm,
479 1775 552 1809 quod
569 1783 640 1803 nunc
657 1776 683 1803 iu
704 1782 799 1804 natura
825 1779 873 1813 ,fit,
889 1786 951 1814 pcr-

155 1826 244 1851 agerc.
261 1819 385 1854 Namque
399 1821 440 1847 sol
466 1821 585 1855 primum
603 1821 694 1849 statim
710 1823 851 1851 cardinem
866 1826 950 1860 tequi-

153 1864 296 1890 nnctialem
315 1865 436 1897 subiens,
451 1866 478 1892 in
494 1866 578 1900 gradu
595 1867 684 1902 primo
703 1868 797 1895 arietis
817 1869 948 1904 substitit,

156 1911 219 1950 luna
240 1918 303 1938 vero
329 1911 356 1938 in
377 1917 454 1946 parte
477 1920 524 1947 per
538 1912 704 1940 diametrum
731 1915 855 1949 opposita
879 1917 950 1944 illico

155 1957 285 1990 distabat,
320 1958 461 1985 cardinem
492 1959 704 1992 autumnalem,
731 1962 949 1996 aequinoctialem

156 2003 279 2037 quidem,
304 2005 362 2031 sive
383 2005 480 2031 libram
506 2006 624 2037 intrans,
647 2014 736 2041 neque
755 2008 867 2035 omnino
887 2013 950 2036 ante

156 2049 241 2074 solent
261 2048 419 2083 prosiliens.
443 2055 577 2083 quantum
597 2050 642 2077 die
665 2050 713 2077 illo
739 2052 840 2078 moveri
863 2053 948 2080 licuit.

156 2094 262 2128 Quippe
282 2094 356 2121 haud
382 2094 462 2121 aliter
481 2095 539 2122 fieri
565 2096 663 2130 potuit,
689 2101 718 2123 ut
737 2097 846 2131 plenum
867 2098 951 2133 jubar

155 2146 249 2167 exacte
265 2146 386 2167 servaret
404 2142 552 2175 (quatenus
569 2141 640 2169 Deus
656 2142 734 2170 nobis
759 2144 879 2171 ostendit
905 2151 949 2171 se-

157 2190 243 2212 meta
270 2186 405 2220 principio
432 2186 624 2229 imperfectum
652 2189 718 2215 nihil
742 2188 862 2224 fecisse),
896 2190 948 2218 ista

158 2232 220 2259 licet
237 2232 324 2266 portio
336 2240 397 2266 qua:
413 2232 446 2259 ad
465 2240 514 2260 nos
528 2235 709 2268 convertitur,
736 2235 764 2262 in
787 2241 873 2263 totum
888 2236 950 2271 qui-
966 2233 988 2261 ἰ)

156 2278 218 2304 dem
235 2278 395 2310 illumiuala,
424 2284 537 2313 propter
556 2285 648 2308 motus
672 2282 833 2309 vm-ietalem
857 2283 949 2310 varias

155 2325 237 2350 etiam
252 2324 350 2358 phascs
377 2325 456 2352 nobis
473 2327 613 2354 exhibeat.
633 2327 739 2355 Idcirco
765 2329 845 2355 ambo
868 2328 950 2356 lumi-

156 2370 232 2396 naria
248 2370 430 2404 requabiliter,
451 2379 499 2399 seu
516 2373 608 2407 potius
641 2374 775 2402 invariale
805 2383 857 2403 una
884 2384 948 2404 cum

156 2418 285 2444 universo
300 2417 479 2451 circumacta,
497 2420 574 2453 quasi
600 2428 691 2448 rerum
718 2423 898 2450 creandarum
917 2423 948 2450 li—

158 2471 218 2491 nem
236 2469 268 2490 ae
290 2466 554 2493 consummationem
570 2468 777 2502 exspectabant.
790 2468 837 2496 Die
859 2474 950 2496 autem

158 2516 237 2538 sexto
274 2518 355 2538 manu
386 2511 479 2538 divina
507 2512 642 2540 formatur
672 2514 764 2546 homo,
786 2515 951 2549 atquinoctio

158 2559 247 2585 adhuc
262 2559 376 2593 pulchre
390 2558 544 2593 ell‘ulgenle,
566 2561 687 2595 lunaque
702 2560 857 2594 splendoris
874 2562 951 2596 copia

158 2605 215 2632 fere
233 2605 289 2640 pari
307 2604 391 2631 solem
404 2611 498 2632 contra
511 2606 641 2632 enitente.
658 2605 735 2632 llaud
754 2607 827 2633 enim
844 2615 951 2642 :cquum

157 2656 227 2682 erat,
257 2651 374 2686 primum
399 2651 536 2678 hominem
565 2656 627 2678 ante
651 2651 847 2685 aequinoctium
865 2655 953 2681 creari

157 2697 299 2732 (runijam
315 2697 435 2724 tenebris
449 2697 637 2724 obruerentur
656 2698 772 2729 omnia),
800 2699 845 2733 qui
871 2707 952 2734 prop-

159 2748 200 2770 tcr
222 2751 347 2778 magnam
377 2744 420 2771 sui
439 2751 500 2770 cum
517 2744 576 2770 lucc
592 2744 795 2777 cognationem,
820 2746 901 2773 etiam
919 2747 953 2773 ab

159 2789 219 2816 istis
250 2790 295 2823 qui
319 2790 399 2816 alieni
427 2789 565 2816 fuernuta
585 2790 695 2824 pietatis
722 2791 793 2821 luce.
824 2793 882 2826 φῶς
898 2801 951 2820 nou

159 2837 216 2862 hic
243 2837 347 2862 ralinrte
375 2835 526 2870 appetlalus
543 2841 592 2863 est.
619 2837 672 2865 Sed
689 2837 834 2866 luminaria
858 2841 950 2868 mundi

1001 1593 1108 1627 ἡμέρας
1128 1593 1192 1628 ἄχρι
1211 1593 1258 1628 τῆς
1276 1593 1393 1628 ἑϐδόμης
1407 1593 1524 1628 ἀκριϐὴς
1540 1593 1664 1628 ὑπῆρχεν
1692 1594 1798 1630 ἰσημε-

1003 1637 1058 1672 ρία,
1088 1639 1156 1672 μήτε
1187 1637 1235 1672 τῆς
1253 1638 1371 1672 ἡμέρας,
1400 1639 1470 1673 μήτε
1495 1638 1550 1674 μὴν
1566 1640 1616 1673 τῆς
1628 1639 1727 1670 νυκτὸς
1740 1640 1797 1674 τὴν

1001 1678 1108 1719 ἑτέραν,
1128 1683 1195 1719 μηδὲ
1216 1683 1247 1709 τὸ
1261 1684 1406 1718 ἀκαριαῖον
1431 1683 1658 1719 πλεονεκτούσης.
1682 1684 1714 1711 Et
1736 1685 1798 1720 γὰρ

1001 1730 1048 1756 καὶ
1065 1730 1079 1764 ἡ
1097 1730 1215 1764 τετάρτη
1229 1729 1283 1757 τῶν
1305 1730 1513 1765 ἡμερῶν,-τῶν
1540 1732 1695 1766 φωοτὴρων
1709 1730 1800 1766 ηὔχει

1001 1777 1125 1812 θεωμένη
1141 1778 1190 1812 τὴν
1201 1777 1320 1812 γένεσιν,
1335 1778 1393 1804 ἀλλ’
1405 1778 1455 1804 οὐκ
1472 1776 1506 1814 ἧν
1516 1779 1609 1810 αὐτοῖς
1622 1780 1801 1815 ἐπιτετραμ-

1003 1824 1083 1859 μένον
1107 1825 1154 1850 καὶ
1174 1823 1222 1859 τὴν
1246 1824 1370 1850 ἐναντίαν
1385 1825 1464 1857 ἰέναι,
1485 1825 1520 1856 ῶς
1535 1834 1566 1859 γε
1578 1825 1609 1860 δὴ
1622 1825 1718 1859 τανῦν,
1743 1827 1799 1852 τοῦ

1002 1871 1111 1901 παντός.
1143 1871 1173 1896 'O
1189 1871 1238 1905 μὲν
1261 1871 1414 1906 γὰρῆλιος,
1441 1872 1471 1898 τὸ
1497 1873 1606 1906 πρῶτον
1631 1873 1800 1908 ἰσημερινὸν

1001 1915 1081 1946 εὐθὺς
1099 1915 1196 1950 τμῆμα
1210 1916 1256 1942 τοῦ
1279 1916 1413 1948 ζωδιακοῦ
1441 1917 1576 1950 ὑπελθὼν,
1595 1918 1623 1944 ὲν
1638 1919 1670 1952 τῇ
1694 1918 1801 1954 πρώτῃ

1001 1961 1048 1988 τοῦ
1062 1961 1140 1996 κριοῦ
1153 1961 1243 1996 ἵδρυτο
1260 1962 1358 1997 μοίρᾳ·
1375 1963 1390 1996 ἡ
1407 1962 1437 1988 δέ
1457 1971 1489 1996 γε
1505 1964 1615 1998 σελήνη,
1631 1963 1658 1989 ὲν
1671 1965 1704 1998 τῇ
1721 1966 1802 1992 κατὰ

1000 2006 1145 2041 διάμετρον
1157 2006 1251 2032 τούτου
1265 2007 1342 2042 χώρᾳ
1354 2007 1527 2042 παραχρῆμα
1541 2008 1672 2041 διΐστατο,
1686 2008 1717 2034 τὸ
1730 2009 1804 2043 φθι-

1001 2053 1150 2087 νοπωρινὸν
1164 2053 1224 2088 μὲν,
1252 2054 1412 2088 ἰσημερινὸν
1429 2054 1457 2080 δὲ
1473 2055 1519 2080 καὶ
1536 2054 1618 2089 αὕτη.
1635 2054 1681 2081 τὸν
1696 2055 1802 2089 ςυγίιν,

1001 2099 1192 2130 διιππεύουσα,
1220 2099 1288 2134 μηδὲ
1305 2099 1391 2134 βραχὺ
1412 2099 1458 2126 τοῦ
1482 2100 1558 2135 ἡλίου
1574 2101 1802 2135 προεκπηδῶσα,

1001 2144 1037 2175 ὡς
1052 2145 1118 2179 γοῦν
1135 2144 1239 2178 πέφυκε
1254 2145 1363 2180 τρέχειν
1391 2142 1440 2180 τὴν
1467 2146 1598 2180 τήμερον.
1629 2147 1666 2172 Οὐ
1682 2147 1740 2181 γὰρ
1763 2145 1805 2183 ἦν

1002 2190 1088 2221 ἄλλως
1111 2191 1141 2216 to
1158 2190 1312 2225 πλησιφαὲς
1331 2192 1454 2226 ἀκριϐῶς
1481 2192 1549 2227 αὐτῇ
1574 2193 1804 2228 περισώζεσοαι,

1004 2237 1086 2272 μηδὲν
1100 2237 1194 2268 ἀτελὲς
1209 2237 1237 2270 ἐξ
1251 2237 1337 2272 ἀρχῆς
1356 2238 1402 2264 τοῦ
1417 2238 1485 2264 Θεοῦ
1504 2240 1570 2274 πρὸς
1591 2240 1664 2275 ἡμᾶς
1681 2241 1807 2268 ὑποδει-

1003 2283 1117 2314 κνύντος
1143 2285 1335 2318 πεποιηκέναι,
1352 2285 1376 2311 εἰ
1405 2286 1452 2312 καὶ
1469 2285 1499 2311 τὸ
1514 2287 1706 2322 τετραμμένον
1726 2291 1807 2325 πρὸς

1002 2330 1048 2356 τὸν
1063 2330 1140 2365 ἥλιον
1157 2331 1242 2365 αὐτῆς
1257 2330 1331 2357 ἅπαν
1358 2331 1451 2366 μέρος,
1476 2332 1563 2358 διόλου
1582 2338 1809 2370 πεφωτισμένον

1002 2379 1146 2412 τυγχάνον,
1167 2379 1205 2413 τῷ
1217 2378 1337 2413 διαφόρῳ
1347 2379 1396 2413 τῆς
1410 2381 1545 2415 κινήσεως
1560 2382 1671 2408 ποικίλα
1688 2384 1723 2410 τὰ
1740 2385 1808 2412 τῶν

1003 2425 1150 2460 φωτισμῶν
1167 2427 1233 2460 ἡμῖν
1245 2425 1389 2460 ὑποφαίνει
1402 2428 1540 2462 σχήματα.
1558 2427 1685 2463 Ὀμαλῶς
1702 2431 1811 2459 τοίνυν

1002 2473 1050 2498 καὶ
1065 2471 1148 2507 ἄμφω
1167 2472 1201 2498 τὰ
1231 2472 1319 2506 φῶτα,
1348 2474 1448 2508 μᾶλλον
1464 2474 1492 2501 δὲ
1507 2476 1644 2510 ἀκινήτως
1671 2478 1742 2512 ὁμοῦ
1758 2479 1809 2513 τῷ

1003 2519 1084 2546 παντὶ
1098 2519 1309 2553 συγκινούμενα,
1323 2520 1353 2545 τὸ
1370 2521 1445 2550 τέλος
1460 2521 1543 2547 οἰονεὶ
1567 2522 1616 2556 τῆς
1632 2523 1679 2548 τοῦ
1692 2525 1810 2557 παντὸς

1001 2566 1184 2601 δημιουργίας
1201 2566 1342 2601 ἀνέμενον.
1357 2567 1396 2602 Τῇ
1410 2576 1441 2601 γε
1464 2568 1516 2602 μὴν
1539 2569 1617 2603 ἕκτῃ,
1633 2571 1711 2603 χερσὶ
1725 2571 1808 2598 Θεοῦ

1002 2613 1015 2638 ὁ
1035 2612 1177 2644 ἄνθρωπος
1188 2612 1348 2644 πλάττεται,
1361 2614 1503 2648 ἰσημερίας
1515 2614 1599 2640 εἰσέτι
1612 2615 1695 2641 καλὸν
1707 2617 1783 2642 ἐπαν
1795 2632 1810 2637 -

1004 2658 1113 2693 θούσης,
1131 2660 1178 2685 καὶ
1191 2659 1240 2692 τῆς
1256 2659 1371 2694 σελήνης
1386 2659 1424 2694 τῷ
1436 2659 1543 2694 δαψιλεῖ
1556 2661 1605 2695 τῆς
1617 2661 1715 2697 αἴγλης
1728 2663 1812 2698 πρὸς

1002 2705 1048 2731 τὸν
1063 2705 1138 2740 ἥλιον
1153 2705 1304 2739 ἱσταμένης
1332 2706 1362 2739 ἐξ
1378 2707 1527 2740 ἐφαμίλλου
1554 2708 1656 2741 σχεδόν.
1684 2709 1722 2734 Οὐ
1742 2710 1814 2745 γὰρ

1001 2747 1035 2784 ἦν
1047 2750 1130 2782 εἰκὸς,
1144 2750 1159 2784 ἢ
1175 2751 1220 2776 τὴν
1236 2751 1344 2785 πρῶτον
1357 2751 1500 2787 ἄνθρωπον
1515 2752 1567 2788 πρὸ
1579 2754 1627 2788 τῆς
1645 2755 1816 2790 ἰσημερίας

1004 2796 1170 2831 πλασθῆναι,
1195 2796 1278 2830 ἡνίκα
1312 2797 1401 2832 σκότῳ
1417 2798 1451 2824 τᾶ
1467 2799 1555 2825 πάντα
1585 2801 1754 2834 ἐκρύπτετο,
1772 2804 1816 2833 ὃς

1003 2840 1047 2867 διὰ
1076 2842 1125 2877 τὴν
1143 2843 1242 2879 πολλὴν
1259 2844 1326 2879 προς
1342 2845 1372 2870 τὸ
1397 2845 1455 2879 φῷς
1484 2845 1651 2881 οἰκειότητα,
1675 2848 1723 2874 καὶ
1743 2850 1816 2881 τοῖς
