1856 3061
208 133 259 167 103

209 192 278 218 'ium
308 196 449 220 sumentes
467 191 501 219 ab
517 199 589 218 anno
605 191 683 223 68M,
700 190 758 218 dies
772 190 840 217 adeo
855 190 924 217 duos
939 189 986 216 de.
1005 195 1026 220 Λ

209 245 302 265 mere:
322 244 502 272 prmlerquam
518 237 591 271 quod
604 245 638 264 ne
656 238 699 263 vix
730 236 862 271 possibile
872 241 913 263 est
930 243 991 261 om-

210 284 292 310 nibtts
303 291 351 318 per
363 287 449 309 totum
464 286 599 309 terrarum
624 283 716 310 orbem
745 290 833 309 rerum
850 289 990 308 sacrarunt

210 329 428 356 moderatoribus
459 328 625 363 persuadere
655 333 683 355 ιιι
712 327 869 355 methodqu
894 333 989 353 novam

207 375 362 405 adiliscaut.
375 375 459 401 altera
477 375 590 408 reiecta,
610 375 692 401 etiam
704 375 748 401 hic
758 378 820 408 pust
829 379 915 400 annos
926 372 990 402 504,

207 429 362 456 rursusque
377 425 440 455 post
451 421 522 448 alios
538 421 602 452 508,
617 425 698 454 atque
716 427 797 455 porro
812 419 838 445 in
854 419 990 445 inﬁnitum

208 467 280 494 idem
292 474 371 494 error
385 472 530 501 sequetur,
547 470 629 501 atque
643 473 713 500 opus
742 466 794 493 erit
811 463 929 491 tabulam
941 471 991 490 sa:-

209 512 270 546 pius
287 512 444 539 immutare.
470 511 644 546 Quapropter
669 512 754 538 multo
782 512 880 538 melius
897 510 989 541 fuerit,

208 558 362 585 nullatenus
374 558 524 585 innovare:
541 565 603 584 nam
617 558 772 585 istiusmodi
783 557 922 584 iunovatio
936 564 990 583 non

205 604 293 631 solum
310 611 363 631 non
380 609 470 639 potest
495 604 620 631 eumdem
644 611 766 631 errorem
794 603 925 636 det-itare,
942 603 989 630 sed

205 654 232 675 et
245 649 388 676 turbarum
415 657 469 676 non
496 650 672 676 minimarum
701 649 728 676 in
758 650 881 677 Ecclesia
907 656 988 676 causa

205 696 268 722 erit.
289 695 322 723 Ut
342 703 408 723 vero
428 703 515 722 canon
538 695 583 722 ille
602 703 676 723 nunc
700 703 730 723 se
758 695 851 726 habet,
874 702 904 721 ea
929 702 990 729 quee

206 742 344 777 prmeipue
358 742 431 770 circa
446 743 550 770 Pascha
567 742 691 770 obtinere
705 745 824 777 oportet,
837 742 863 768 in
882 741 928 768 illo
945 741 991 767 lir-

205 790 286 816 miter
314 790 508 823 observantur,
537 789 640 817 scilicet
667 790 740 824 quod
767 793 829 823 post
869 791 991 824 :equino—

205 835 308 868 ctium,
334 836 388 862 imo
421 836 500 862 etiam
529 841 590 871 post
618 836 709 863 Iuliam
727 836 920 870 inquinoctium
946 844 989 863 se-

204 885 345 914 quentem,
371 881 433 908 festi
454 881 533 909 istius
545 882 678 909 solemnia
695 882 730 909 ab
742 881 870 908 omnibus
893 885 920 908 ct
941 889 989 908 (ιο-
1006 881 1026 908 Β

169 954 170 957 η
206 926 267 953 dem
281 931 404 960 tempore
421 928 572 962 eodemque
590 927 634 954 die
651 927 712 955 sine
726 927 843 954 dissidio
856 934 990 962 peragan-

205 978 260 998 tur.
278 971 423 1004 Przeterea,
441 973 463 999 si
481 978 554 1000 recte
566 972 655 1007 quoad
667 971 759 1000 omnia
770 980 800 1000 se
816 973 927 1000 haberet
942 979 989 1007 pe-

204 1017 325 1046 riodieus
338 1019 383 1045 ille
394 1025 495 1050 canon,
516 1026 703 1052 saepenumero
715 1023 804 1046 tamen
819 1019 990 1053 contingeret

204 1063 308 1090 Pascha
332 1070 346 1088 a
364 1063 444 1090 nobis
471 1064 602 1096 postridie
627 1063 688 1091 festi
710 1063 865 1091 Judaaorum
896 1065 991 1091 obser-

205 1109 274 1135 vari.
289 1108 368 1136 Nunc
398 1115 489 1137 autent
517 1116 577 1145 post
592 1114 648 1137 tres
663 1110 721 1137 dies
736 1110 768 1137 ad
787 1110 930 1137 minimum
955 1110 989 1137 ab

205 1154 326 1188 ipsorum
351 1154 421 1182 festo
443 1160 567 1182 nostrum
601 1155 768 1183 celebratur.
802 1155 881 1188 Quod
905 1156 988 1183 etiam

203 1202 288 1236 magis
304 1203 432 1230 couvunit
448 1203 547 1230 eanoui
566 1204 729 1238 apostolico,
745 1203 792 1238 qui
810 1204 907 1231 statuit
934 1203 987 1231 Pan

202 1249 268 1274 sella
281 1249 378 1275 eodem
396 1253 519 1283 tempore
531 1256 592 1276 cum
609 1248 710 1276 .ludzeis
723 1249 834 1275 minime
846 1249 988 1276 celebran-

201 1294 265 1319 (lum
282 1301 343 1321 esse
357 1303 363 1321 ι
376 1298 403 1321 et
419 1302 487 1322 sane
503 1302 583 1322 error
600 1295 651 1323 iste
671 1295 745 1322 circa
763 1294 879 1326 Pascha.
908 1294 986 1328 quasi

201 1349 234 1367 ex
247 1341 385 1372 consulto,
402 1341 465 1368 facit
482 1346 510 1368 ut
523 1346 692 1376 praeceptum
707 1341 773 1368 illud
792 1341 879 1375 magis
893 1340 989 1368 obser-

202 1391 292 1413 vetur.
305 1386 365 1413 Jan:
381 1393 445 1413 vero
459 1392 647 1421 opportunum
676 1393 738 1414 esse
754 1393 817 1413 reor
831 1385 989 1413 sanctiones

201 1432 284 1459 ειίιιιῐ.
301 1432 470 1459 necessarias
483 1439 710 1459 commemorare.

238 1476 347 1504 Primus
371 1479 465 1512 itaque
489 1477 598 1505 concilii
624 1478 786 1505 Antiocheui
801 1485 901 1510 canon.
930 1478 987 1505 lloc

200 1525 318 1557 decreti,
336 1525 385 1557 ait,
405 1524 528 1559 synodus
557 1523 668 1552 Nicaena
685 1524 781 1557 edidit,
805 1524 986 1553 Constantino

202 1573 326 1606 piissimo
347 1572 512 1604 imperatore
539 1575 685 1605 prasente,
708 1578 743 1597 ne
756 1570 906 1597 Christiani
932 1578 985 1597 una
1002 1555 1023 1584 ο

201 1624 262 1643 cum
281 1615 383 1643 Jud:eis
397 1623 475 1642 sacra
490 1615 634 1643 Paschatis
655 1616 789 1643 solemnia
805 1617 985 1647 celebrarent,

201 1663 248 1689 sed
269 1662 358 1696 potius
372 1662 410 1689 uti
427 1662 532 1696 legibus
548 1669 580 1689 ac
608 1663 755 1695 sententia,
773 1662 809 1689 ita
831 1666 858 1688 et
881 1663 985 1689 dierum

199 1708 358 1735 discrimine
378 1708 412 1735 ab
429 1709 489 1735 istis
512 1708 760 1742 distinguerentur.
786 1708 908 1735 Clericos
921 1715 986 1735 velo

200 1754 244 1786 qui
263 1753 449 1781 deﬁnitionem
462 1754 536 1780 illam
561 1754 669 1780 violare
687 1754 747 1781 ausi
771 1753 883 1785 fuerint,
903 1757 987 1787 atque

201 1800 237 1826 ita
255 1799 383 1834 populum
394 1799 492 1827 docere
507 1800 742 1834 praesumpserint,
769 1799 921 1826 sacerdotis
941 1797 986 1833 ja-

200 1852 277 1872 ctura
294 1846 393 1872 multat
409 1854 416 1873 :
432 1849 489 1872 tum
506 1846 587 1873 etiam
603 1845 648 1878 qui
664 1853 726 1872 cum
746 1845 820 1872 hisce
833 1846 987 1872 cornmuni~

200 1892 333 1923 caverint,
347 1895 409 1925 pOst
425 1891 626 1926 depositiouem
647 1891 752 1918 honore
775 1890 820 1925 qui
836 1897 914 1917 extra
941 1897 986 1917 sa~

199 1945 276 1964 erum
300 1938 420 1965 tribunal
446 1937 479 1964 ad
505 1938 580 1972 ipsos
606 1938 732 1972 pertinet,
760 1937 890 1964 cathedra
920 1942 984 1971 pula

201 1983 316 2018 aliisque
326 1983 486 2018 privilegiis.
500 1983 586 2011 exuit.
601 1982 669 2010 Nam
685 1983 731 2018 qui
743 1983 778 2010 ob
788 1983 918 2010 delictum
932 1991 984 2010 non

201 2037 342 2064 praegrave
357 2030 512 2056 sacerdotio
527 2037 577 2056 suo
592 2029 733 2061 excidunt.
747 2037 801 2056 non
814 2029 905 2057 statim
934 2029 985 2056 ho-

200 2082 267 2102 nore
284 2074 331 2102 illo
348 2074 419 2102 circa
441 2079 553 2101 externa
566 2075 718 2110 privantnr.

235 2165 328 2193 Canon
345 2172 436 2192 amem
448 2165 482 2192 66
491 2166 585 2201 synodi
597 2171 678 2193 sexta-
687 2173 702 2192 a
711 2165 756 2192 die
766 2165 985 2195 Resurrectionis

201 2220 286 2246 usque
301 2211 332 2238 ad
345 2211 512 2238 Dominicaui
528 2215 686 2246 sequentem
711 2212 824 2246 psalmis
837 2217 862 2239 et
875 2213 984 2247 hymnis
1001 2223 1022 2250 ι)

199 2263 227 2285 οι
241 2258 356 2285 canticis
376 2257 567 2292 spiritualibus
588 2264 686 2284 vacare
700 2257 793 2284 lideles
806 2259 944 2290 admonet,
959 2263 985 2285 cl.

200 2304 399 2339 hippodromiis
427 2303 647 2338 speclaculisque
675 2303 790 2338 publicis
823 2305 986 2338 praetermis—

200 2351 248 2382 sis.
266 2351 294 2378 in
310 2351 398 2378 sacris
413 2348 583 2384 frequentius
601 2349 714 2381 versari,
736 2357 788 2383 qna
802 2349 835 2376 de
860 2358 942 2376 causa
970 2358 984 2377 a

199 2398 330 2423 servitute
342 2395 441 2422 diaboli
461 2395 566 2422 liberati
588 2403 693 2422 sumus.
721 2395 819 2422 Verum
834 2397 907 2423 enim
922 2404 985 2423 vero

198 2443 385 2470 Christianum
408 2445 514 2476 oportet
543 2449 681 2474 nunquam
708 2449 760 2468 non
784 2446 904 2475 paratum
922 2449 985 2469 esse

200 2490 232 2515 ml
249 2488 424 2522 suscipienda
436 2495 513 2514 sacra
531 2487 657 2522 mysteria
673 2494 680 2513 :
694 2487 732 2514 ita
756 2487 867 2521 quidem
884 2487 940 2520 liet,
956 2492 985 2514 ut

201 2541 332 2561 mia-cum
347 2534 457 2560 Christo
472 2540 663 2567 resurgant-us,
674 2536 755 2566 atque
773 2532 807 2559 de
822 2533 878 2559 vita
896 2533 942 2559 vili
958 2537 986 2559 et

201 2586 309 2607 lerretm
325 2581 358 2607 ad
374 2579 615 2607 ultramundanam
632 2583 659 2607 et
681 2579 852 2614 spiritualem
869 2587 984 2606 conver-

199 2627 333 2654 sationem
352 2627 520 2653 attollamur.

236 2736 302 2764 \‘ide
315 2737 398 2764 etiam
417 2738 442 2764 in
457 2745 518 2773 cap.
532 2739 544 2765 l
563 2739 661 2778 littera:
678 2738 698 2763 Θ
714 2745 847 2765 canonem
865 2737 895 2764 (il
917 2746 984 2764 υοιιο

199 2792 214 2811 c
226 2785 253 2811 lii
269 2785 503 2819 Carthagineusis.

234 2852 318 2888 218
338 2851 432 2880 Canon
460 2859 550 2880 autem
574 2852 608 2880 89
636 2852 730 2887 synodi
754 2857 836 2880 sextae
858 2850 983 2879 ﬁdelibus

798 132 980 164 ΜΛΤΤΙΗΞΙ
1002 133 1211 162 BLASTARIS

1041 189 1123 215 αὑτὸν
1147 189 1264 223 ἡμέραις
1281 188 1509 221 ὺποϐιϐάσαντες,
1534 189 1682 225 ἀρξάμενοι
1707 191 1845 226 δηλονότι

1043 236 1096 262 ἀπδ
1113 236 1159 261 τοὺ
1174 235 1271 271 λςωμσῖ
1284 236 1372 267 ἔτους,
1390 236 1458 271 πρὸς
1469 237 1508 270 τῷ
1522 238 1588 272 μηδὲ
1601 237 1703 267 πάντας
1716 238 1845 264 δυνατδιν

1043 279 1112 308 εἶναι
1127 282 1190 312 τοὺς
1201 282 1253 308 ἀνὰ
1273 282 1364 308 πᾶσαν
1385 281 1435 317 τὴν
1458 283 1622 317 οἰκουμένην
1637 283 1670 309 τὰ
1696 284 1844 318 Χριστια-

1043 328 1096 354 νῶν
1123 328 1322 362 πρεσϐεύοντας
1346 329 1440 354 πεῖσαι
1468 328 1635 363 μεταμαθεῖν
1667 330 1759 360 αὐτὸν,
1791 330 1844 354 ἑτι

1043 374 1089 400 καὶ
1106 375 1174 408 μετά
1189 372 1224 400 τδ¹
1252 373 1334 401 πάλιν
1347 373 1406 409 ἐτη,
1425 375 1472 400 καὶ
1499 373 1577 406 αὖθις
1609 375 1679 409 μετά
1696 368 1842 403 τοσαῦτα..

1043 420 1090 446 καὶ
1107 419 1151 446 ἀεὶ
1162 419 1249 451 οὕτως
1264 421 1280 454 ἡ
1296 419 1365 454 αὑτὴ
1379 419 1617 455 παρακολουθήσει
1631 420 1766 454 ἁμαρτία,
1785 421 1844 446 καὶ

1042 466 1132 499 δεήσει
1142 465 1273 496 πολλάκις
1285 466 1382 492 τοῦτον
1399 467 1569 500 μεταποιεῖν.
1586 465 1657 492 ὥστε
1670 465 1779 499 βέλτιον
1795 465 1843 499 μὴ

1042 513 1223 545 καινοτομεῖν.
1239 511 1272 538 ’Π
1286 513 1341 545 γὰρ
1369 511 1482 546 τοιαύτη
1508 513 1671 546 καινοτομία
1696 512 1726 538 οὑ
1748 511 1844 546 μόνον

1042 557 1072 582 οὐ
1088 557 1232 591 δυνήσεται
1250 549 1289 591 μή
1315 559 1349 592 τῇ
1367 559 1435 592 αὑτῇ
1455 558 1536 585 πάλιν
1561 559 1720 592 περιπεσεῖν
1736 559 1841 591 ἀμαρ-

1041 602 1097 637 τίᾳ,
1113 603 1182 629 ἀλλά
1204 603 1252 630 καὶ
1271 604 1395 634 στάσεως
1417 604 1448 630 οὑ
1479 604 1594 638 μετρίας
1626 605 1659 638 τῇ
1676 604 1842 637 Ἐκκλησία

1041 649 1186 683 γενήσεται
1203 638 1343 684 πρόξενος.
1366 649 1424 676 Νῦν
1436 650 1464 676 δὲ
1480 650 1528 676 καὶ
1555 649 1642 680 οὕτως
1657 649 1767 683 ἔχοντος
1782 649 1840 675 τοῦ

1038 693 1163 725 κανόνος,
1181 695 1215 721 τὰ
1241 695 1410 730 καιριώτερα
1430 695 1486 722 τῶν
1509 695 1692 729 ὀφειλομένων
1715 696 1785 729 περὶ
1802 696 1840 721 τὸ

1040 736 1136 772 Πάσχα
1163 739 1316 772 τηρεῖσθαι,
1347 739 1380 766 δι’
1406 739 1490 766 αὑτοῦ
1525 739 1642 774 βεϐαίως
1667 739 1838 774 τηροῦνται,

1039 782 1070 808 τὸ
1084 783 1144 817 μετ’
1162 785 1310 819 ἰσημερίαν
1326 785 1459 819 δηλονότι,
1476 786 1523 812 καὶ
1537 786 1567 812 τὸ
1581 787 1649 820 μετὰ
1664 785 1712 819 τὴν
1727 787 1841 811 πανσέ-

1040 828 1131 863 ληνον,
1161 829 1211 863 τὴν
1232 829 1290 864 μετ’
1323 830 1490 865 ίσημερίαν,
1514 831 1549 856 τὶι
1575 830 1624 864 τῆς
1652 831 1747 864 ἑορτῆς
1777 831 1840 856 ὑπό

1041 874 1160 905 πάντων,
1177 876 1224 901 καὶ
1245 876 1274 902 ιν
1288 876 1326 911 τῷ
1340 876 1415 912 αὺτῷ
1429 876 1526 911 χρόνῳ,
1539 877 1587 903 καὶ
1603 878 1636 911 τῇ
1651 877 1719 912 αὐτῇ
1733 878 1839 912 ἡμέρᾳ

1040 919 1177 945 τελεῖσθαι
1189 920 1389 953 ἁστασιάστως.
1401 921 1461 948 Ἔτι
1476 921 1505 948 δὲ
1520 922 1545 947 εί
1561 921 1649 956 ὀρθῶς
1664 920 1737 956 εἶχεν
1749 925 1765 948 ὸ
1778 931 1838 948 πε-

1042 965 1157 999 ριοδικὸς
1184 963 1262 997 οὗτος
1291 967 1361 994 κατὰ
1388 969 1479 995 πάντα
1502 969 1605 1000 κανὼν,
1631 969 1763 1000 πολλάκις
1797 970 1839 995 ἂν

1041 1012 1196 1044 συνέϐαινε,
1210 1013 1261 1048 τὴν
1275 1012 1340 1048 ἑξῆς
1352 1014 1432 1046 εὐθὺς
1453 1015 1560 1050 ἡμέραν
1573 1015 1623 1049 τῆς
1640 1015 1755 1042 ἐκείνων
1769 1016 1840 1051 ἐορ-

1039 1059 1090 1092 τῆς
1111 1059 1175 1093 ἡμῖν
1199 1059 1230 1085 τὸ
1247 1059 1342 1094 Πάσχα
1364 1060 1519 1087 τελεῖσθαι·
1543 1060 1591 1087 νῦν
1607 1061 1636 1087 δὲ
1654 1061 1724 1096 μετὰ
1753 1063 1839 1095 τρῖῐς

1039 1104 1214 1139 τούλάχιστον
1231 1105 1340 1140 ὴμέρας
1353 1105 1404 1140 τῆς
1423 1106 1536 1134 ἐκείνων
1558 1106 1656 1141 ἑορτῆς
1670 1107 1686 1141 ἡ
1702 1107 1839 1142 ἡμετέρα

1039 1150 1167 1177 τελεῖται.
1186 1149 1276 1186 Ὅπερ
1296 1151 1338 1178 ἐτι
1369 1152 1470 1185 μᾶλλον
1487 1152 1527 1187 τῷ
1545 1153 1717 1187 ἀποστολικῷ
1733 1154 1838 1179 κανόνι

1040 1195 1201 1229 συμϐαίνει,
1230 1197 1269 1231 τῷ
1297 1197 1476 1233 διοριζομένῳ
1501 1198 1538 1234 μὴ
1562 1199 1615 1226 δεῖν
1641 1199 1670 1225 ἂν
1689 1198 1728 1234 τῷ
1753 1199 1839 1231 αὐτῷ

1039 1240 1128 1275 χρόνῳ
1143 1243 1199 1273 τοῖς
1215 1241 1353 1273 Ἰουδαίοις
1364 1243 1394 1269 τὸ
1413 1244 1509 1278 Πάσχα
1531 1245 1618 1270 τελεῖν
1631 1250 1638 1257 ⁸
1655 1245 1702 1270 καὶ
1718 1246 1733 1279 ἡ
1757 1254 1836 1279 συμ-

1040 1287 1174 1321 ϐεϐηκυῖα
1193 1289 1258 1323 περὶ
1279 1289 1309 1314 τὸ
1325 1289 1422 1323 Πάσχα
1442 1289 1592 1324 διαμαρτία
1613 1289 1708 1324 ὥσπερ
1735 1291 1839 1323 ἐξεπί-

1038 1332 1115 1367 τηδες
1131 1333 1204 1359 ποιεῖ
1213 1334 1257 1359 τὸν
1265 1333 1386 1360 τοιοῦτον
1396 1334 1525 1361 ἐπιπλέον
1536 1334 1618 1369 νόμον
1632 1335 1836 1369 φυλάττεσθαι.

1045 1378 1116 1405 ’Δλλ“
1133 1379 1183 1405 οὐκ
1214 1379 1331 1415 ἄκαιρον
1356 1378 1434 1414 οἶμαι
1457 1382 1504 1408 καὶ
1533 1381 1588 1407 τῶν
1605 1381 1759 1416 ἐπικαίρων
1778 1383 1838 1418 ἤδη

1040 1424 1193 1459 μνησθῆναι
1206 1425 1349 1460 χρησμῶν.

1078 1470 1109 1496 Ὀ
1124 1473 1148 1496 α’
1163 1471 1212 1506 τῆς
1243 1472 1272 1497 ἐν
1295 1471 1443 1508 Ἀντιοχείᾳ
1473 1473 1583 1499 συνόδου
1612 1474 1713 1504 κανὼν.
1731 1473 1836 1508 Ὀρον,

1039 1518 1134 1552 φησὶν,
1146 1518 1302 1554 ἐξενήνοχεν
1317 1519 1333 1553 ἡ
1347 1519 1375 1545 ἐν
1390 1519 1493 1554 Νικαὶᾳ
1513 1519 1611 1554 πρώτη
1635 1520 1760 1553 σύνοδος,
1783 1522 1837 1546 ὑπ’

1040 1563 1101 1598 ὕψιν
1123 1564 1170 1590 τοῦ
1183 1564 1313 1596 εὐσεϐοῦς
1330 1565 1462 1599 βασιλέως
1481 1566 1699 1598 Κωνστιντίνου,
1712 1567 1766 1600 τὴν
1783 1567 1837 1593 τοῦ

1038 1610 1115 1644 ἁγίου
1134 1610 1229 1645 Πάσχα
1240 1611 1350 1646 τελετὴν
1364 1611 1402 1646 μὴ
1419 1611 1527 1646 σύναμα
1542 1614 1597 1643 τοῖς
1611 1611 1754 1643 Ἰουδαίοις
1765 1616 1838 1646 τοὺς

1037 1656 1218 1692 Χριστιανοὺς
1241 1657 1329 1690 ἄγειν,
1350 1657 1407 1684 ἀλλ’
1424 1657 1519 1692 ὥσπερ
1539 1659 1595 1690 τοῖς
1618 1659 1711 1693 νόμοις
1727 1663 1777 1687 καὶ
1794 1663 1838 1696 τῷ

1038 1704 1205 1739 φρονήματι,
1223 1703 1296 1731 οὕτω
1315 1705 1362 1730 καὶ
1385 1704 1424 1739 τῷ
1440 1705 1624 1733 διαλλάττοντι
1644 1707 1698 1733 τῶν
1712 1709 1838 1742 ἡμερῶν

1036 1750 1138 1776 τούτοιν
1150 1750 1370 1777 ἁποδιίστασθαι.
1388 1751 1456 1784 Τοὺς
1471 1751 1499 1778 δὲ
1513 1753 1558 1778 τὸν
1577 1753 1639 1787 ὅρον
1653 1755 1760 1780 ἐκεῖνον
1775 1764 1838 1782 πα-

1037 1796 1146 1831 ραλύειν
1167 1797 1324 1831 τολμῶντας
1346 1798 1504 1833 κληριχοὺς,
1531 1801 1578 1827 καὶ
1600 1799 1674 1826 οὕτω
1688 1801 1735 1826 τὸν
1763 1811 1838 1828 Ααεν

1038 1843 1223 1877 πειρωμένους
1243 1843 1388 1876 διδάσκειν,
1421 1845 1455 1879 τῇ
1479 1845 1621 1880 ἀφαιρέσει
1650 1846 1748 1881 ζημιοῖ
1779 1848 1837 1879 τῆς

1038 1888 1206 1923 ίερωσύνης·
1231 1889 1300 1922 πρὸς
1325 1889 1366 1921 δὲ,
1390 1892 1523 1925 καὶ-τοὺς
1544 1892 1701 1927 τολμῶντας
1715 1894 1838 1927 τούτοις

1039 1935 1109 1970 μετὰ
1136 1935 1186 1970 τὴν
1209 1935 1367 1970 καθαίρεσιν
1391 1938 1539 1969 κοινωνεῖν,
1561 1938 1591 1964 οὐ
1615 1939 1670 1972 μὴν
1692 1939 1762 1966 ἀλλὰ
1782 1944 1837 1969 καὶ

1035 1981 1085 2015 τῆς
1098 1981 1151 2014 ἔξω
1169 1981 1216 2008 τοῦ
1233 1981 1356 2017 βήματος
1378 1983 1585 2018 ἀλλοτριοῦσθαι
1603 1986 1698 2020 τιμῆς,
1719 1987 1773 2021 τῆς
1803 1991 1836 2014 ἐν

1036 2028 1068 2061 τῇ
1089 2027 1207 2063 καθέδρᾳ.
1223 2027 1334 2063 δηλαδὴ,
1351 2029 1463 2064 καὶτῆς
1482 2030 1576 2065 ἀλλης.
1599 2031 1630 2057 Ol
1645 2032 1698 2065 γὰρ
1710 2033 1758 2059 δια
1783 2035 1836 2067 μέ-

1035 2081 1111 2107 τριον
1125 2075 1250 2108 πταῖσμα
1264 2074 1313 2109 τῆς
1326 2075 1477 2111 ἱερωσύνης
1502 2077 1674 2113 ἀφῃρημένοι
1691 2079 1744 2113 τῆς
1763 2088 1801 2105 πε
1808 2082 1837 2107 οὶ

1035 2119 1071 2145 τὰ
1086 2118 1138 2150 ἔξω
1151 2120 1234 2154 τιμῆς
1250 2121 1301 2147 οὐκ
1317 2121 1466 2154 εἴργονται.

1078 2163 1109 2191 '0
1121 2164 1164 2196 ξς¹
1172 2165 1220 2200 τῆς
1233 2167 1259 2197 ς’
1271 2166 1381 2192 συνόδου
1392 2166 1446 2193 ἀπὸ
1455 2166 1505 2200 τῆς
1513 2167 1701 2202 ἀναστασίμου
1716 2168 1774 2202 ήμὲ
1779 2179 1836 2204 ρας

1036 2209 1100 2245 ἄχρι
1111 2210 1160 2244 τῆς
1173 2211 1270 2246 καινῆς
1281 2212 1436 2246 Κυρωκῆς,
1448 2213 1476 2238 ὲν
1487 2211 1604 2247 ψαλμοῖς
1617 2213 1771 2248 καὶῦμνοις
1785 2218 1837 2242 καὶ

1035 2255 1118 2291 ᾠδαῖς
1149 2259 1348 2292 πνευματικαῖς
1377 2258 1518 2293 ιορτάζειν
1542 2260 1731 2286 διακελεύεται
1763 2261 1836 2293 τοὺς

1036 2302 1164 2333 πιστούς·
1189 2304 1236 2328 καὶ
1262 2303 1400 2338 ἐρρῶσθαι
1423 2305 1581 2339 φράσαντας
1608 2306 1667 2336 ταῖς
1694 2306 1837 2343 ἱπποδρο-

1037 2348 1124 2383 μίαις,
1139 2350 1187 2375 καὶ
1201 2351 1261 2381 ταῖς
1282 2350 1420 2384 δημώδεσι
1441 2351 1527 2383 θέαις,
1543 2352 1646 2387 θαμινά
1662 2354 1720 2384 τοῖς
1742 2355 1837 2389 ἱεροῖς

1035 2395 1240 2429 ἐπιχωριάζειν,
1261 2397 1319 2422 ἀνθ’
1349 2394 1386 2424 ὦν
1411 2399 1460 2432 τῆς
1485 2398 1532 2424 τοῦ
1557 2398 1681 2426 διαϐόλου
1701 2400 1836 2433 δουλείας

1035 2440 1259 2475 ἠλευθερώμεθα.
1286 2442 1339 2468 Τὸν
1354 2443 1409 2477 γὰρ
1431 2443 1520 2478 ἀληθῆ
1534 2444 1698 2477 Χριστιανὸν
1712 2446 1836 2481 ἕτοιμον

1036 2484 1106 2512 εἰναι
1121 2486 1160 2512 δεῖ
1177 2487 1271 2522 σχεδὸν
1284 2488 1416 2515 ἑκάστοτε
1435 2490 1503 2522 πρὸς
1528 2491 1579 2525 τὴν
1593 2490 1649 2517 τῶν
1672 2490 1757 2518 θείων
1777 2502 1836 2528 μυ-

1036 2533 1154 2567 στηρίων
1169 2533 1321 2568 ὑποδοχήν·
1337 2533 1408 2561 οὕτω
1428 2536 1480 2570 γὰρ
1504 2536 1622 2570 ἐσόμεθα
1637 2541 1836 2566 συναναστάν-

1036 2588 1082 2612 τες
1109 2581 1230 2615 Χριστῷ,
1246 2581 1296 2615 τῆς
1307 2582 1478 2616 χαμαιζήλου
1493 2585 1540 2610 καὶ
1556 2585 1653 2619 γηῖνης
1668 2585 1756 2619 ζωῆς.
1783 2592 1837 2614 καὶ

1036 2626 1240 2660 συνυψωθέντες
1268 2628 1336 2663 πρὸς
1361 2629 1545 2664 ὑπερκόσμιον
1565 2631 1613 2657 καὶ
1633 2635 1836 2668 πνευματικὴ-ι

1035 2670 1075 2704 τῷ
1088 2671 1146 2698 δντι
1162 2672 1300 2708 διαγωγήν

1072 2738 1154 2772 Ζήτει
1168 2739 1215 2765 καὶ
1227 2740 1256 2766 ὲν
1268 2739 1308 2774 τῷ
1320 2739 1343 2766 α’
1355 2749 1418 2775 κεφ.
1433 2741 1479 2768 τοῦ
1490 2741 1511 2768 Θ
1522 2743 1656 2778 στοιχείου
1668 2744 1776 2772 κανόνα
1793 2747 1836 2779 Ea:

1035 2784 1083 2819 τῆς
1095 2785 1124 2810 ἐν
1135 2785 1300 2822 Καρθαγένῃ
1316 2787 1437 2815 συνόδου.

1079 2848 1109 2879 '0
1123 2852 1152 2879 δὲ
1173 2853 1217 2880 πθ⁹
1232 2854 1279 2890 τῆς
1297 2858 1324 2887 ς’
1342 2856 1452 2883 συνόδου
1477 2856 1526 2889 τὰς
1546 2856 1594 2884 τοῦ
1612 2859 1752 2894 σωτηρίου
1777 2862 1833 2889 πά-
