1856 3061
206 142 257 176 103

207 202 277 227 ·ἰιιιιι
307 205 448 229 sumentes
465 199 499 227 ab
515 207 588 226 anno
603 199 681 231 68M,
699 198 756 226 dies
770 198 838 225 adeo
853 197 922 224 duos
938 196 983 223 de-
1003 201 1024 226 Α

208 255 300 274 mere:
320 252 500 281 prmlerquaiu
517 245 589 279 quod
603 253 636 272 uc
654 245 697 271 vix
729 244 860 279 possibile
870 247 912 270 est
928 250 989 268 om-

209 293 290 319 nibtts
302 300 350 326 per
362 295 448 318 totum
462 295 597 318 terrarum
622 290 715 318 orbem
743 297 832 316 rerum
848 295 988 316 sacrarum

209 337 427 365 moderatoribus
457 337 623 371 persuadere
653 340 682 363 ut
711 334 868 362 methodum
892 340 988 360 novam

206 384 360 413 addiscant.
374 383 458 410 altera
475 383 589 417 rejecta,
609 383 691 409 etiam
703 382 746 408 hic
757 385 819 415 pust
828 387 914 407 annos
925 379 988 409 504,

207 437 360 465 rursusque
376 433 439 464 post
451 430 521 457 alios
537 429 600 460 504,
616 433 697 462 atque
714 435 796 462 porro
811 426 836 453 iu
853 425 989 452 inﬁnitum

207 476 279 502 idem
292 483 370 503 error
384 481 529 510 sequetur,
546 478 628 509 atque
642 481 712 508 opus
741 473 793 500 erit
810 470 928 498 tabulam
940 477 990 496 sa:-

208 521 269 555 pius
286 521 443 547 immutare.
469 519 642 554 Quapropter
668 520 753 546 multo
781 519 879 545 melius
895 517 988 548 fuerit,

207 567 362 593 nullatenus
374 567 523 593 innovare:
541 573 602 592 nam
616 565 771 592 istiusmodi
782 564 921 591 innovatio
935 571 989 590 non

205 613 293 640 solum
309 620 362 640 nou
380 617 469 647 potest
494 612 620 639 eumdem
644 619 764 639 errorem
793 611 924 643 devitarc,
941 609 988 637 sed

205 663 232 684 et
244 658 387 685 turbarum
414 665 469 685 non
495 658 672 684 minimarum
700 657 727 684 in
758 657 880 684 Ecclesia
906 663 988 683 causa

205 705 268 730 erit.
288 703 321 731 Ut
341 712 408 731 vero
428 711 515 730 canon
537 703 582 730 ille
602 711 675 731 nunc
699 711 729 730 se
758 702 850 733 habet,
873 709 904 729 ea
929 709 989 736 qua:

206 751 344 785 praecipue
358 751 430 778 circa
446 751 550 777 Pascha
566 750 690 777 obtinere
705 752 824 784 oportet,
837 749 863 775 in
882 748 928 774 illo
945 748 990 774 lir-

205 798 285 824 tuiter
314 799 508 831 observantur,
537 797 640 825 scilicet
667 798 739 832 qttod
766 800 829 830 post
869 798 991 831 aequino-

205 844 308 876 ctium,
334 845 388 870 imo
421 844 500 871 etiam
529 849 590 878 post
618 844 709 871 lunam
727 843 920 878 aequinoctium
946 851 990 870 se-

204 894 344 923 quentem,
371 889 433 917 festi
454 889 533 917 istius
545 890 678 916 solemnia
695 889 730 916 ab
743 888 870 916 omnibus
893 892 920 915 et
942 896 990 915 ρο·
1006 888 1026 915 Β

169 963 171 966 ,
207 935 267 962 dem
282 939 405 969 tempore
422 936 572 969 eodemque
590 935 635 962 die
651 935 712 962 sine
727 934 844 961 dissidio
857 941 991 969 peragan-

206 986 261 1007 tur.
278 980 423 1012 Praeterea,
441 981 463 1008 si
481 985 554 1008 recte
566 980 655 1014 quoad
667 979 759 1007 omnia
771 987 800 1007 se
816 980 928 1006 haberet
942 986 989 1013 pe-

204 1026 325 1054 riodicus
339 1027 383 1053 ille
394 1033 495 1058 canon,
516 1033 703 1060 saepenumero
716 1030 805 1053 tamen
820 1026 991 1060 contingeret

204 1072 309 1098 Pascha
333 1079 347 1097 a
365 1071 444 1098 nobis
472 1071 603 1104 postridie
628 1070 688 1098 festi
711 1070 866 1098 Judaaorum
897 1072 992 1098 obser-

206 1118 275 1143 vari.
289 1117 369 1144 Nunc
398 1123 490 1145 autent
517 1123 578 1152 post
593 1122 649 1145 tres
664 1117 722 1145 dies
737 1118 769 1144 ad
787 1117 931 1144 minimum
955 1117 990 1143 ab

206 1163 327 1196 ipsorum
351 1163 422 1190 festo
443 1168 568 1190 nostrum
602 1163 769 1190 celebratur.
803 1162 882 1195 Quod
906 1163 989 1190 etiam

204 1211 290 1245 magis
305 1211 433 1238 convenit
449 1211 548 1238 canoni
567 1211 730 1246 apostolico,
746 1211 793 1246 qui
811 1211 909 1238 statuit
935 1210 988 1238 Pa--

204 1258 270 1283 scita
282 1257 378 1283 eodem
397 1262 520 1291 tempore
533 1264 594 1290 cum
611 1256 711 1284 Judzeis
724 1257 835 1282 minime
848 1255 989 1282 celebrau-

203 1303 266 1328 dum
283 1311 344 1329 esse
358 1311 364 1329 :
377 1307 404 1330 et
420 1310 489 1330 sane
505 1310 584 1330 error
601 1303 653 1330 iste
672 1302 747 1329 circa
764 1301 880 1332 Pascha,
909 1300 988 1335 quasi

203 1357 235 1376 ex
249 1350 386 1381 consulto,
403 1350 467 1377 facit
483 1354 512 1376 ut
525 1354 693 1384 praeceptum
709 1348 775 1375 illud
793 1347 880 1382 magis
895 1347 990 1374 obser-

203 1400 294 1421 vetur.
307 1394 366 1422 Ja-m
382 1402 447 1422 vero
461 1400 649 1430 opportunum
678 1401 740 1421 esse
756 1401 818 1420 reor
833 1391 990 1420 sanctiones

202 1440 239 1466 «ξιί
245 1447 285 1468 all.
303 1440 472 1467 necessarias
485 1447 711 1466 commemorare.

239 1485 349 1512 Primus
373 1487 467 1520 itaque
491 1485 600 1513 concilii
626 1485 788 1513 Antiocheni
804 1491 903 1518 canon,
932 1485 990 1512 lloe

203 1534 320 1566 decreti,
338 1533 387 1565 ait,
407 1533 530 1567 synodus
559 1531 669 1559 Nicaena
688 1531 784 1564 edidit,
807 1531 988 1559 Constantino

204 1581 327 1615 piissimo
349 1580 515 1613 imperatore
541 1583 687 1612 praesente,
711 1585 745 1604 ne
759 1577 908 1604 Christiani
934 1585 988 1604 uua
1004 1561 1025 1590 C

204 1632 265 1652 cum
283 1623 385 1651 Jutluais
400 1630 478 1650 sacra
492 1623 637 1651 Paschalis
657 1623 791 1650 solemnia
807 1623 987 1653 celebrarent.

203 1671 251 1698 sed
272 1671 361 1704 potius
375 1670 413 1696 uti
430 1670 535 1704 legibus
551 1677 582 1696 ac
611 1670 758 1701 sententia,
775 1669 812 1696 ita
834 1673 861 1695 et
883 1669 988 1696 dierum

202 1717 360 1744 discrimine
381 1717 415 1743 ab
432 1717 492 1743 istis
515 1716 763 1750 distiuguerentur.
788 1714 911 1742 Clericos
924 1721 989 1741 vero

204 1763 248 1796 qui
267 1762 452 1789 deﬁnitionem
465 1762 539 1789 illam
564 1761 672 1788 violare
690 1761 750 1787 ausi
773 1760 885 1791 fuerint.
907 1763 990 1793 atque

205 1809 240 1834 ita
258 1807 386 1842 populum
398 1807 495 1834 docere
510 1807 745 1842 prmsumpseriut,
772 1805 924 1833 sacerdotis
944 1803 989 1839 ja-

204 1860 281 1881 ctura
298 1854 396 1880 multat
413 1862 419 1880 :
435 1857 492 1880 tum
509 1854 590 1881 etiam
606 1852 651 1885 qui
667 1860 729 1879 cum
749 1852 823 1879 hisce
837 1852 990 1878 communi~

204 1900 337 1930 caverint.
351 1903 413 1933 post
429 1899 629 1933 depOsitionem
650 1898 755 1925 honore
778 1897 824 1932 qui
840 1903 917 1923 extra
944 1903 989 1922 sa-

203 1953 280 1973 crum
304 1945 424 1972 tribunal
450 1945 482 1972 ad
509 1945 583 1980 ipsos
609 1945 735 1979 pertinet,
763 1943 893 1970 cathedra
923 1948 988 1977 puta

205 1991 320 2026 aliisque
331 1991 490 2026 privilegiis.
503 1991 590 2018 exuit.
605 1989 672 2017 Nam
689 1989 735 2024 qui
746 1990 781 2016 ob
792 1989 922 2016 delictum
936 1997 987 2016 nou

205 2045 345 2072 praegrave
361 2037 517 2064 sacerdotio
531 2044 581 2063 suo
596 2037 737 2068 excidunt,
751 2043 805 2062 non
818 2035 909 2063 statim
938 2035 988 2062 ho-

205 2090 272 2110 nore
288 2082 335 2109 illo
352 2082 424 2109 circa
445 2087 557 2108 externa
571 2082 723 2116 privamur.

239 2173 333 2200 Cannn
350 2179 440 2199 au.em
453 2171 486 2198 66
496 2171 590 2207 synodi
602 2177 683 2199 scxtze
691 2179 706 2198 a
716 2171 760 2198 die
770 2171 989 2201 Rcsurrectionis

206 2227 291 2253 usque
305 2218 337 2244 ad
351 2217 516 2244 Dominicanl
533 2222 691 2252 sequentem
715 2218 828 2252 psalmis
841 2223 867 2245 et
879 2219 988 2253 hymnis
1005 2229 1026 2256 ι)

204 2271 232 2292 ct
247 2264 362 2291 canticis
382 2263 573 2298 spiritualibus
593 2271 690 2290 vacare
705 2264 797 2291 ﬁdeles
810 2265 949 2297 admonet,
964 2269 989 2291 et

205 2311 405 2346 hippodromiis
433 2310 652 2344 spectaculisque
680 2310 794 2344 publicis
827 2311 991 2345 praetermis-

205 2358 254 2389 sis,
273 2357 299 2385 iu
316 2357 404 2384 sacris
418 2355 588 2390 frequentius
606 2356 719 2388 versari,
741 2363 793 2390 qua
806 2356 840 2382 dc
865 2364 946 2383 causa
974 2365 989 2383 a

205 2405 335 2430 servitute
348 2402 446 2429 diaboli
466 2402 571 2428 liberati
593 2410 698 2429 sumus.
726 2402 823 2429 Verum
839 2403 911 2429 enim
927 2410 990 2430 vero

205 2450 391 2476 Christianqu
414 2453 519 2482 oportet
549 2455 686 2481 nunquam
713 2455 765 2474 non
788 2453 908 2482 paratum
927 2455 990 2475 esse

206 2497 238 2522 ad
255 2494 430 2529 suscipienda
442 2501 519 2521 sacra
537 2494 662 2529 mysteria
679 2502 685 2520 :
699 2494 737 2521 ita
761 2494 872 2528 quidem
889 2494 945 2526 liet,
961 2498 990 2520 ut

207 2548 338 2568 uua'cum
353 2541 463 2567 Christo
478 2547 668 2574 resurgant-us,
680 2543 759 2573 atque
778 2539 812 2566 de
827 2539 883 2566 vila
901 2539 947 2566 vili
964 2543 991 2566 ct

207 2593 315 2615 terrena
331 2587 363 2614 ad
381 2586 620 2614 ultramundanam
637 2591 664 2614 et
686 2587 858 2621 spiritualem
874 2593 989 2613 conver-

206 2634 339 2661 mtiuuem
358 2634 526 2660 attollatuur.

243 2744 308 2772 \‘ide
322 2745 403 2772 etiam
423 2746 448 2772 iu
463 2753 523 2780 cap.
538 2746 550 2773 1
569 2746 666 2787 littera:
683 2746 704 2771 Θ
719 2752 853 2772 cauonem
871 2743 902 2771 Gl
922 2752 989 2771 cou-

205 2800 220 2819 c
233 2792 259 2819 lii
276 2793 508 2828 Carthaginiensis.

241 2860 324 2896 218
344 2860 437 2889 Canou
466 2867 556 2889 autem
579 2861 614 2888 89
642 2860 736 2895 synodi
760 2863 842 2887 sextae
864 2857 989 2885 ﬁdelibus

796 139 978 171 MATTIL‘EI
1000 139 1209 169 BLASTARlS

1039 196 1121 221 αὑτὸν
1145 195 1262 229 ἡμέραις
1279 194 1506 226 ὑποϐιόἀσαντες,
1532 195 1681 231 ἀρξάμενοι
1706 196 1843 230 δηλονότι

1042 242 1095 269 ἀπὸ
1112 243 1157 268 τοὺ
1172 241 1270 277 ,ςωμοὸ
1282 241 1370 273 ἔτους,
1387 241 1456 276 πρὸς
1467 242 1506 275 τῷ
1520 242 1586 277 μηδὲ
1599 242 1701 272 πάντας
1714 243 1843 268 δυνατὸν

1041 286 1111 314 εἶναι
1125 289 1188 318 τοὺς
1199 288 1251 313 ἀνὰ
1270 287 1362 313 πᾶσαν
1384 287 1433 322 τὴν
1455 288 1620 322 οἰκουμένην
1634 288 1668 314 τὰ
1694 289 1843 322 Χριστια-

1042 335 1095 361 νῶν
1121 334 1321 369 πρεσϐεύοντας
1344 335 1438 360 πεῖσαι
1466 333 1633 368 μεταμαθεῖν
1665 334 1758 364 αὐτὴν,
1789 334 1842 359 ἐτι

1041 381 1087 406 καὶ
1104 380 1172 414 μετὰ
1187 378 1223 405 τδ¹
1251 379 1333 406 πάλιν
1346 379 1405 414 ἔτη,
1423 380 1470 406 καὶ
1497 378 1575 410 αὖθις
1607 379 1677 414 μετὰ
1695 372 1839 407 τοσαῦτα..

1042 426 1088 452 καὶ
1105 425 1150 452 ἀεὶ
1161 425 1248 457 οὕτως
1263 427 1279 459 ὴ
1295 425 1363 460 αὑτὴ
1375 424 1615 460 παρακολουθήσει
1629 425 1764 459 ἁμαρτία.
1783 424 1841 450 καὶ

1040 472 1131 505 δεήσει
1141 471 1272 502 πολλάκις
1285 471 1380 498 τοῦτον
1398 472 1568 506 μεταποιεῖν,
1585 470 1656 497 ὥστε
1668 469 1777 504 βέλτιον
1792 470 1840 503 μὴ

1041 518 1223 550 καινοτομεῖν.
1239 517 1271 543 ’Π
1286 519 1340 551 γὰρ
1368 516 1480 551 τοιαύτη
1507 517 1669 551 καινοτομία
1695 516 1724 542 οὺ
1747 515 1840 550 μόνον

1040 563 1070 588 ού
1087 563 1231 597 δυνήσεται
1249 555 1287 597 μή
1314 565 1348 598 τῇ
1366 564 1434 598 αὐτῇ
1454 563 1535 590 πάλιν
1560 563 1719 597 περιπεσεῖν
1735 563 1837 596 ἁμαρ-

1040 609 1096 643 τίᾳ,
1113 609 1181 635 ἀλλὰ
1203 609 1251 636 καὶ
1271 610 1394 639 στάσεως
1416 609 1447 635 οὺ
1479 608 1593 643 μετρίας
1625 609 1658 643 τῇ
1675 608 1838 641 Ἐκκλησία⁵

1040 655 1186 689 γενήσεται
1203 644 1342 690 πρόξενος.
1365 654 1423 681 Νῦν
1435 655 1463 681 δὲ
1479 655 1527 681 καὶ
1554 654 1641 685 οὕτως
1656 654 1766 688 ἔχοντος
1781 653 1836 679 τοῦ

1038 700 1162 731 κανόνος,
1180 701 1214 727 τὰ
1241 701 1409 735 καιριώτερα
1430 700 1485 727 τῶν
1508 700 1692 734 ὀφειλομένων
1715 700 1784 734 περὶ
1800 700 1836 725 τι,

1039 743 1136 778 Πάσχα
1163 745 1316 778 τηρεῖσθαι,
1346 745 1380 771 δι’
1406 745 1490 771 αὑτοῦ
1525 744 1641 779 βεϐαίως
1666 743 1833 778 τηροῦνται,

1040 788 1070 814 τὸ
1084 789 1144 824 μετ’
1162 791 1310 825 ἰσημερίαν
1326 790 1458 824 δηλονότι,
1476 791 1522 817 καὶ
1537 791 1567 816 τὸ
1580 791 1649 824 μετὰ
1663 790 1712 823 τὴν
1727 791 1837 815 πανσέ-

1040 834 1131 869 ληνον,
1161 835 1211 870 τὴν
1231 835 1290 870 μετ’
1324 836 1490 871 ἰσημερίαν,
1514 837 1549 862 tit
1574 835 1624 869 τῆς
1651 836 1747 869 ἑορτῆς
1776 835 1835 860 ὑπὸ

1041 881 1160 912 πάντων,
1177 882 1224 907 καὶ
1245 882 1274 908 ἐν
1288 882 1326 916 τῷ
1340 882 1415 917 αὑτῷ
1429 882 1526 916 χρόνῳ,
1539 882 1587 908 καὶ
1603 883 1636 916 τῇ
1651 882 1719 916 αὐτῇ
1733 883 1834 916 ἡμέρᾳ

1041 925 1177 952 τελεῖσθαι
1190 926 1389 958 ἁστασιάστως.
1400 927 1461 953 Ἔτι
1477 926 1505 953 δὲ
1520 927 1545 952 εἰ
1561 926 1649 962 ὀρθῶς
1664 925 1737 961 εἶχεν
1749 929 1764 953 ὁ
1777 936 1834 952 πε-

1042 971 1158 1006 ριοδικὸς
1184 969 1262 1003 οὗτος
1291 972 1361 1000 κατὰ
1388 974 1479 1000 πάντα
1503 974 1605 1005 κανὼν,
1631 973 1763 1004 πολλάκις
1797 974 1835 1000 ἂν

1042 1018 1196 1051 συνέϐαινε,
1211 1019 1262 1054 τὴν
1276 1018 1341 1054 ἑξῆς
1353 1019 1432 1051 εὐθὺς
1453 1020 1560 1055 ἡμέραν
1574 1020 1623 1054 τῆς
1642 1019 1755 1046 ἐκείνων
1769 1020 1836 1055 ἐορ-

1040 1065 1091 1098 τῆς
1112 1066 1176 1099 ἡμῖν
1200 1065 1230 1091 τὸ
1247 1065 1342 1099 Πάσχα
1364 1065 1519 1092 τελεῖσθαι·
1544 1065 1591 1092 νῦν
1607 1066 1636 1092 δὲ
1654 1066 1725 1100 μετὰ
1752 1068 1835 1099 τρεῖς

1041 1110 1215 1145 τούλάχιστον
1232 1112 1340 1146 ἡμέρας
1354 1111 1404 1145 τῆς
1424 1112 1537 1139 ἐκείνων
1558 1111 1656 1146 ἑορτῆς
1671 1112 1687 1145 ὴ
1703 1112 1835 1145 ἡμετέρα

1040 1156 1168 1183 τελεῖται.
1187 1156 1277 1191 Ὅπερ
1297 1157 1339 1183 ἐτι
1370 1157 1471 1191 μᾶλλον
1487 1157 1528 1192 τῷ
1546 1157 1718 1192 ἀποστολικῴ
1734 1158 1834 1183 κανόνι

1041 1202 1202 1236 συμϐαίνει,
1231 1202 1270 1236 τῷ
1299 1203 1477 1238 διοριζομένῳ
1503 1203 1540 1239 μὴ
1563 1204 1616 1230 δεῖν
1641 1204 1671 1230 ἐν
1690 1203 1729 1238 τῷ
1753 1203 1834 1236 αὐτῷ

1040 1247 1128 1282 χρόνῳ
1144 1249 1200 1279 τοῖς
1216 1247 1354 1279 Ἰουδαίοις
1365 1248 1395 1275 τὸ
1414 1249 1510 1284 Πάσχα
1533 1250 1620 1275 τελεῖν
1631 1255 1638 1262 ⁸
1657 1250 1704 1275 καὶ
1719 1250 1735 1284 ἡ
1758 1258 1832 1283 συμ-

1041 1293 1175 1327 6ε6ηκυῖα
1195 1294 1259 1328 περὶ
1280 1294 1311 1320 τὺ
1327 1295 1423 1328 Πάσχα
1443 1295 1593 1330 διαμαρτία
1614 1294 1709 1328 ὥσπερ
1737 1295 1835 1327 ἐξεπί-

1040 1338 1117 1373 τηδες
1132 1340 1205 1365 ποιεῖ
1214 1339 1259 1365 τὸν
1267 1339 1388 1365 τοιοῦτον
1398 1339 1527 1366 ὲπιπλέον
1537 1339 1619 1373 νόμον
1634 1339 1833 1373 φυλάττεσθαι.

1047 1384 1118 1411 Ἀλλ’
1135 1385 1185 1411 οὑκ
1216 1385 1333 1420 ἄκαιρον
1357 1383 1435 1420 οἶμαι
1458 1387 1506 1413 καὶ
1535 1386 1590 1412 τῶν
1606 1385 1759 1420 ἐπικαίρων
1778 1387 1834 1421 ἤδη

1042 1430 1195 1465 μνησθῆναι
1207 1431 1351 1466 χρησμῶν.

1080 1476 1111 1502 '0
1126 1479 1150 1502 α’
1165 1477 1213 1511 τῆς
1245 1477 1274 1502 ἐν
1297 1476 1446 1512 Ἀντιοχείᾳ,
1475 1478 1585 1503 συνόδου
1614 1478 1716 1508 κανὼν,
1734 1478 1832 1512 Ὂρον,

1041 1524 1135 1558 φησὶν,
1148 1523 1304 1559 ἐξενήνοχεν
1319 1525 1335 1559 ἡ
1350 1525 1377 1550 ὲν
1393 1524 1495 1558 Νικαίᾳ
1515 1523 1612 1559 πρώτη
1637 1524 1761 1556 σύνοδος,
1781 1525 1833 1550 ὑπ’

1042 1569 1103 1604 ὗψιν
1125 1570 1172 1596 τοῦ
1186 1569 1316 1601 εὐσεϐοῦς
1332 1570 1464 1604 βασιλέως
1483 1570 1700 1603 Κωνσταντίνου,
1714 1570 1765 1604 τὴν
1782 1571 1834 1596 τοῦ

1041 1616 1117 1650 ἁγίου
1136 1616 1232 1651 Πάσχα
1242 1616 1353 1651 τελετὴν
1367 1616 1403 1651 μὴ
1422 1615 1529 1650 σύναμα
1544 1619 1599 1647 τοῖς
1613 1616 1754 1647 Ἰουδαίοις
1765 1619 1835 1650 τοὺς

1039 1663 1220 1697 Χριστιανοὺς
1244 1662 1331 1696 ἄγειν,
1352 1662 1409 1688 ἀλλ’
1427 1662 1521 1697 ὥσπερ
1542 1664 1598 1694 τοῖς
1621 1664 1715 1697 νόμοις
1730 1666 1835 1700 καὶτῷ

1041 1710 1208 1745 φρονήματι,
1226 1709 1298 1736 οὕτω
1318 1710 1366 1735 καὶ
1388 1710 1426 1744 τῷ
1443 1710 1626 1737 διαλλάττοντι
1646 1711 1701 1737 τῶν
1715 1713 1834 1747 ἡμερῶν

1039 1756 1141 1782 τούτων
1153 1755 1372 1782 ἁποδιίστασθαι.
1390 1755 1459 1789 Τοὺς
1474 1756 1502 1782 δὲ
1515 1757 1560 1782 τὸν
1580 1758 1641 1791 ὅρον
1655 1759 1761 1784 ἐκεῖνον
1774 1767 1834 1785 πα-

1040 1802 1149 1837 ραλύειν
1170 1802 1326 1837 τολμῶντας
1349 1803 1506 1838 κληρικοὺς,
1534 1805 1581 1831 καὶ
1603 1803 1676 1830 οὕτω
1691 1805 1738 1830 τὸν
1764 1814 1834 1831 mw

1041 1848 1227 1883 πειρωμένους
1246 1848 1391 1881 διδάσκειν,
1425 1850 1458 1884 τῇ
1482 1850 1624 1885 ἀφαιρέσει
1653 1850 1750 1885 ζημιοῖ
1777 1851 1834 1882 τῆς

1042 1893 1210 1929 ίερωσὺνης”
1234 1894 1303 1928 πρὸς
1328 1894 1369 1926 at,
1393 1896 1527 1930 ttat}:ng
1547 1896 1704 1931 τολμῶντας
1720 1897 1835 1930 τούτοις

1043 1941 1112 1976 μετὰ
1139 1941 1190 1975 τὴν
1212 1941 1370 1976 καθαίρεσιν
1394 1943 1543 1973 κοινωνεῖν,
1564 1943 1594 1968 οὐ
1618 1943 1673 1976 μὴν
1695 1943 1764 1970 ἀλλὰ
1781 1947 1834 1972 καὶ

1040 1987 1088 2021 τῆς
1102 1986 1154 2020 ἔξω
1173 1986 1219 2013 τοῦ
1237 1987 1360 2022 βήματος
1381 1987 1588 2023 ἀλλοτριοῦσθαι
1606 1991 1702 2024 τιμῆς,
1723 1991 1773 2024 τῆς
1801 1994 1833 2017 ὲν

1040 2034 1071 2067 τῇ
1093 2033 1211 2068 καθέδρᾳ
1226 2032 1338 2068 δηλαδὴ,
1355 2034 1466 2068 καὶτῆς
1486 2035 1580 2070 ἄλλης.
1602 2036 1633 2061 Οἱ
1648 2036 1702 2069 γὰρ
1715 2036 1760 2062 διὰ
1782 2038 1834 2071 μέ-

1040 2087 1114 2114 τριον
1129 2080 1254 2114 πταῖσμα
1269 2080 1317 2114 τῆς
1329 2080 1481 2116 ἱερωσύνης
1506 2081 1678 2117 ἀφῃρημένοι
1695 2082 1746 2117 τῆς
1765 2085 1834 2110 περὶ

1039 2125 1075 2151 τὰ
1090 2124 1142 2156 ἔξω
1155 2126 1238 2159 τιμῆς
1254 2125 1305 2152 οὐκ
1320 2126 1469 2159 εἴργονται.

1082 2169 1113 2196 '0
1125 2170 1168 2202 ξς¹
1176 2171 1224 2205 τῆς
1237 2173 1263 2202 ς’
1275 2170 1385 2198 συνόδου
1396 2171 1450 2197 ἀπὸ
1459 2171 1509 2204 τῆς
1517 2171 1705 2206 ἁναστασίμου
1721 2171 1834 2207 ἡμέρας

1040 2215 1104 2250 ἄχρι
1116 2215 1164 2250 τῆς
1178 2217 1274 2251 καινῆς
1285 2217 1440 2252 Κυρωκῆς,
1452 2218 1480 2242 ὲν
1490 2217 1608 2251 ψαλμοῖς
1621 2217 1772 2252 καὶῦμνοις
1786 2221 1835 2246 καὶ

1039 2262 1123 2296 ᾠδαῖς
1153 2264 1353 2298 πνευματικαῖς
1382 2263 1522 2298 ἑορτάξειν
1546 2264 1735 2290 διακελεύεται
1765 2265 1834 2296 τοὺς

1041 2307 1169 2338 πιστούς·
1194 2309 1241 2334 καὶ
1267 2308 1404 2343 ἐρρῶσθαι
1428 2310 1585 2344 φράσαντας
1612 2311 1672 2340 ταῖς
1699 2310 1834 2346 ἱπποδρο-

1042 2354 1129 2388 μίαις,
1145 2355 1192 2381 καὶ
1206 2356 1266 2386 ταῖς
1287 2355 1424 2389 δημώδεσι
1446 2356 1531 2388 θέαις,
1548 2356 1650 2391 θαμινὰ
1667 2358 1725 2388 τοῖς
1746 2358 1834 2392 ἱεροῖς

1040 2401 1244 2435 ἐπιχωριάζειν,
1266 2401 1324 2428 ἀνθ’
1353 2399 1391 2429 ὧν
1415 2403 1465 2437 τῆς
1489 2402 1537 2429 τοῦ
1561 2403 1685 2429 διαϐόλου
1706 2404 1834 2436 δουλείας

1040 2446 1264 2481 ήλευθερώμεθα.
1291 2447 1344 2473 Τὸν
1358 2448 1414 2481 γὰρ
1436 2447 1525 2482 ἀληθῆ
1539 2449 1703 2482 Χριστιανὸν
1717 2449 1744 2475 Et
1751 2458 1834 2484 οιμον

1042 2490 1111 2518 εἶναι
1126 2492 1165 2517 δεῖ
1183 2492 1276 2527 σχεδὸν
1289 2493 1421 2520 ἑκάστοτε
1440 2494 1508 2526 πρὸς
1533 2495 1584 2529 τὴν
1598 2495 1653 2521 τῶν
1677 2494 1761 2522 θείων
1779 2505 1834 2531 μυ-

1041 2539 1160 2573 στηρίων
1175 2538 1326 2573 ὑποδοχήν
1342 2539 1413 2566 οὕτω
1432 2540 1486 2574 γαρ
1509 2540 1628 2574 ἐσόμεθα
1642 2544 1834 2569 συναναστάν-

1042 2594 1087 2617 τες
1114 2586 1235 2620 Χριστῷ,
1251 2585 1301 2620 τῆς
1313 2587 1483 2621 χαμαιζήλου
1498 2589 1546 2614 καὶ
1561 2589 1658 2623 γηῗνης
1673 2589 1760 2623 ζωῆς,
1784 2594 1834 2616 καὶ

1042 2631 1245 2665 συνυψωθέντες
1273 2633 1341 2668 πρὸς
1366 2633 1550 2668 ὑπερκόσμιον
1571 2635 1618 2661 καὶ
1638 2638 1833 2672 πνευματικὴν

1041 2676 1082 2710 τῷ
1094 2676 1151 2703 δντι
1167 2677 1305 2713 διαγωγήν

1078 2743 1160 2777 Ζήτει
1175 2744 1221 2770 καὶ
1233 2745 1262 2770 ἐν
1274 2744 1314 2779 τῷ
1326 2743 1349 2770 α’
1361 2754 1423 2779 κεφ.
1438 2745 1484 2772 τοῦ
1495 2745 1516 2772 Θ
1528 2747 1662 2782 στοιχείου
1674 2748 1775 2775 κανόνα
1792 2750 1833 2782 ξα¹

1041 2789 1089 2824 τῆς
1101 2790 1130 2815 ἐν
1141 2790 1306 2826 Καρθαγένῃ
1322 2792 1443 2819 συνόδου.

1085 2853 1115 2884 '0
1130 2857 1158 2885 δὲ
1179 2858 1223 2886 πθ⁹
1238 2859 1286 2895 τῆς
1303 2862 1330 2891 ς’
1349 2860 1458 2887 συνόδου
1483 2860 1532 2893 τὰς
1552 2861 1599 2888 τοῦ
1618 2863 1754 2898 σωτηρίου
1776 2863 1831 2892 πά-
