1856 3061
536 212 602 239 Lex.

199 259 348 286 Iustiniani
364 258 469 286 novella
484 258 534 284 l57
563 257 646 285 semel
672 262 718 285 aut
746 257 788 284 bis
818 258 844 284 in
862 265 949 289 anno,

165 313 262 332 mense
292 304 421 331 nimirum
441 302 522 330 Junio
551 307 597 330 aut
625 302 804 337 Septembri,
833 305 952 339 synodos

165 350 299 377 celebrari
336 350 424 384 jubet,
461 348 696 382 metropolitarum
728 348 838 382 quidem
873 350 945 382 apud

165 396 343 429 patriarchas,
377 399 403 421 et
429 394 616 428 episcoporum
648 394 718 428 apud
754 395 950 428 metropolitas,

165 448 320 473 causasque
344 438 506 470 examinari,
522 446 590 473 quas
622 439 744 473 episcopi
776 444 802 466 et
818 439 908 467 clerici
924 444 952 467 et

166 486 290 513 monachi
308 485 421 512 invicem
440 486 576 511 sustinent
593 484 665 511 circa
692 485 772 511 (idem
786 489 812 511 et
828 493 948 513 canones

167 537 196 559 et
214 539 257 558 res
284 531 494 563 ecclesiasticas.
521 535 548 557 et
572 539 631 564 qua:
658 530 729 557 facta
757 537 822 558 sunt
853 537 949 558 contra

165 584 284 604 canones
298 577 397 611 corrigi
411 585 418 608 ;
445 576 620 610 magistratus
641 583 703 602 vero
725 577 771 610 qui
784 585 837 604 non
852 582 952 612 cogunt

165 623 352 657 tuetropolitas
367 629 393 649 et
412 622 556 656 episcopos
574 628 665 648 moras
682 622 823 649 trahentes
849 628 949 649 statuta

163 667 280 694 curtcilia
310 667 459 699 celebrare,
493 671 539 693 aut
566 674 618 693 non
641 667 763 694 indicant
794 668 950 701 imperatori

164 713 364 743 inobedientes,
393 713 523 739 extremis
546 713 685 746 suppliciis
709 713 819 747 subjici.
840 713 874 740 At
887 721 951 741 vero

164 758 222 785 Ιιιυο
253 766 312 792 qua:
336 758 368 784 ad
393 758 508 784 concilia
535 757 696 786 celebranda
722 759 859 793 pertinent
872 759 952 786 ltodie

167 811 281 836 prorsus
302 803 485 838 negliguntur.

266 901 341 930 CAP.
359 901 391 929 Χ.
410 901 447 928 De
463 901 556 928 litteris
575 902 809 930 commendantis.

205 949 302 981 Qtuere
325 952 407 982 caput
427 948 444 975 9
462 949 513 975 litt.
528 949 560 974 A.

163 1005 238 1034 CAP.
251 1004 298 1033 ΧΙ.
320 1006 357 1033 De
380 1006 412 1033 εἰσ
426 1006 469 1039 qui
491 1004 684 1039 conjnrationes
707 1009 731 1031 ει
758 1005 950 1040 fraternitatu,

393 1046 437 1067 aut
456 1040 597 1067 seditiones
615 1044 732 1067 struunt.

199 1121 294 1148 Canon
313 1119 345 1147 18
371 1119 467 1154 synodi
485 1124 602 1152 quartm,
617 1123 644 1146 et
663 1118 697 1145 54
727 1118 823 1153 synodi
851 1121 948 1150 sextm,

163 1168 290 1203 Legibus,
322 1167 419 1201 inquit,
452 1165 596 1197 civilibus,
631 1173 748 1199 quarunt
778 1165 915 1200 pleraeque
935 1173 950 1192 a

166 1214 340 1248 sapientibus
370 1213 510 1240 extraneis
538 1220 586 1239 seu
615 1212 761 1245 gentilibus
790 1211 851 1238 lata:
878 1215 950 1242 sunt,

164 1262 268 1288 uimen
293 1260 493 1295 conjnrationis
508 1259 549 1286 vel
580 1259 759 1286 fraternitatis
777 1258 948 1293 prohibetur,

163 1306 248 1333 multo
263 1313 327 1333 vero
341 1307 425 1340 magis
449 1306 475 1331 in
491 1305 614 1333 Ecclesia
638 1304 695 1332 Dei.
719 1305 849 1340 Quisquis
870 1306 951 1340 igitur

163 1353 206 1379 vel
231 1352 348 1379 clericus
380 1351 422 1378 vel
452 1351 602 1377 monachus
633 1350 789 1386 ltujusmodi
822 1351 951 1378 facinoris

163 1404 226 1424 rens
241 1397 437 1430 deprehensus,
456 1401 503 1422 aut
519 1396 660 1423 convictus
687 1396 781 1429 fuerit,
810 1396 952 1431 conspira-

163 1443 254 1470 tiones
287 1441 436 1477 coagulans
465 1441 555 1476 quasi.
589 1442 646 1468 sive
676 1441 791 1469 tnoliens
821 1441 951 1469 adversus

163 1490 303 1522 episcopos
322 1493 368 1514 aut
384 1486 508 1518 clericos,
525 1485 610 1521 gradu
624 1494 674 1513 suo
697 1487 816 1514 excidat.
849 1486 949 1520 Conju-

163 1535 233 1560 ratio
249 1539 339 1561 autem
355 1537 397 1559 est
419 1533 442 1559 si
461 1532 542 1567 aliqui
561 1537 655 1559 contra
674 1533 780 1567 aliquos
805 1532 949 1560 consilium
964 1553 985 1581 ϐ

164 1579 180 1606 ἰι
191 1583 268 1610 eunt,
283 1583 310 1605 et
327 1585 356 1604 se
372 1577 485 1604 invicem
499 1578 663 1611 juramentis
680 1577 803 1611 obligant
821 1585 836 1604 a
850 1585 949 1612 propo-

164 1625 219 1650 sito
236 1631 287 1650 non
304 1623 449 1654 desistere,
468 1622 619 1657 usquedum
650 1623 682 1649 ad
711 1623 815 1650 exitum
848 1623 949 1655 perdu-

164 1668 266 1700 xerint,
298 1668 378 1694 sicuti
395 1667 494 1693 alicubi
519 1668 545 1693 in
558 1666 672 1694 Actibus
687 1666 717 1694 Β.
733 1666 822 1694 Lucas
848 1675 950 1694 memo-

164 1719 217 1740 rat.
242 1712 375 1740 Videliret
405 1711 562 1738 Iudaeorum
592 1712 715 1738 nonnulli
748 1712 950 1747 conspiratione

165 1759 248 1791 facta,
274 1766 324 1785 sua
353 1758 442 1792 capita
474 1758 653 1789 devovet-unt,
683 1764 712 1784 se
742 1765 831 1791 neque
856 1757 946 1784 cibum

163 1812 254 1838 neque
274 1808 366 1838 polum
385 1808 555 1838 sumpturos,
584 1802 672 1829 dottec
698 1802 809 1830 Paulum
838 1803 950 1829 intelle-

163 1851 274 1878 vissent.
291 1849 460 1877 Fraternitas
479 1857 568 1876 autem
585 1849 694 1884 proprie
716 1854 758 1876 est
772 1853 948 1883 cognatorum

163 1901 210 1923 aut
223 1897 276 1922 alio
294 1896 373 1923 modo
387 1896 594 1930 conjunctorunt
610 1903 766 1930 compages.
795 1894 844 1922 llic
857 1899 948 1921 autem

164 1942 367 1974 ntalignantium
393 1941 481 1968 innuit
513 1940 742 1972 conventiculum,
772 1944 799 1966 et
813 1939 845 1966 ad
873 1939 947 1966 faci—

165 1993 230 2012 nora
248 1985 428 2020 perpetranda
455 1985 674 2012 consensionem.
703 1985 855 2020 Coagulare
883 1992 949 2012 vero

163 2031 220 2057 sive
239 2031 363 2065 τυρεύειν
379 2035 421 2057 est
452 2038 577 2064 perversa
596 2030 756 2065 et'improba
786 2035 890 2057 struere
923 2034 950 2057 et

165 2075 318 2103 tnoliri.Uti
331 2077 414 2103 inillo
426 2077 497 2108 loco,
510 2075 687 2110 Coagulalum
703 2080 744 2103 est
764 2083 812 2102 cor
840 2083 947 2110 eorum,

164 2129 224 2156 pro,
241 2122 372 2149 induruit.

443 2168 522 2203 232
545 2168 633 2203 Leges.

200 2212 253 2245 Qui
279 2213 479 2248 coniurationis
507 2214 641 2241 adversus
676 2213 877 2248 rempublicam
893 2222 946 2242 au-
966 2225 988 2253 ι)

162 2263 224 2286 ctur
242 2259 390 2290 exstiterit,
419 2263 464 2285 aut
492 2259 589 2285 rastris
611 2258 755 2286 insidiatus
784 2259 874 2290 fuerit,
903 2267 950 2289 aut

165 2304 209 2331 illa
226 2304 294 2331 hosti
310 2304 475 2339 prodidciit;
490 2304 569 2338 quive
585 2304 648 2330 dolo
676 2304 748 2330 tttalo
759 2303 931 2337 impedivetit
943 2327 950 2339 ,

164 2351 310 2384 quominus
327 2351 454 2377 hostesin
469 2354 629 2384 potestatem
644 2349 733 2384 populi
750 2348 863 2376 Romani
875 2359 953 2377 veni-

167 2402 237 2429 rent,
256 2401 302 2423 aut
318 2397 453 2423 curaverit
474 2404 520 2424 eos
538 2395 662 2429 adjuVari
683 2395 779 2429 copiis,
797 2395 837 2421 vel
854 2397 950 2426 armis.

163 2443 206 2468 Vcl
227 2443 350 2476 pecunia,
373 2442 416 2469 vel
432 2443 485 2468 :tlio
507 2443 773 2475 moduquocunqnc,
792 2440 848 2474 lege
872 2443 954 2476 maje-

163 2489 245 2515 SIatis
262 2492 379 2514 tenetur.
405 2487 461 2515 lino
490 2496 554 2515 vero
572 2487 678 2513 turbant
698 2487 836 2513 concitare
855 2492 953 2521 praeter

163 2534 320 2561 mandatum
339 2535 520 2570 imperatoris,
542 2534 617 2569 gravi
634 2533 766 2568 supplicio
782 2533 893 2568 dignum
910 2535 951 2562 lex

164 2579 298 2606 decernit.
316 2580 413 2612 Quaere
430 2584 457 2606 et
472 2588 534 2614 cap.
553 2579 584 2606 οι
597 2579 651 2606 litt.
669 2579 702 2606 ll.

202 2669 312 2697 Novella
335 2675 422 2696 autent
439 2670 597 2697 constitutio
613 2671 785 2699 Constantini
801 2672 953 2708 Purphyro—

162 2721 295 2753 gennetaa,
321 2723 383 2742 cunt
399 2715 511 2742 scientia
527 2716 613 2743 Alexii
626 2718 789 2751 patriam-Ine
804 2724 830 2745 et
843 2718 951 2753 synodi.

163 2762 328 2791 anathemati
343 2761 515 2796 subjicitcos
542 2763 589 2797 qui
617 2764 810 2792 macltinantnr
837 2764 950 2791 insidias

161 2815 207 2836 aut
219 2808 364 2840 tumultus,
384 2812 467 2842 atque
482 2809 563 2835 etiam
574 2816 621 2835 cos
634 2809 679 2843 qui
695 2809 755 2836 istis
766 2817 845 2843 oprnt
860 2811 939 2837 l'rrun

161 2857 229 2884 etin
244 2854 398 2884 delectione
416 2859 479 2883 sunt
497 2856 576 2889 socii,
594 2861 640 2883 aut
662 2855 716 2883 illis
743 2856 901 2890 consulunt,
922 2861 950 2883 ct

755 154 937 183 MATTIIJEI
959 154 1166 185 BLASTARIS

963 214 990 242 Α

969 886 990 913 Β

1736 157 1806 190 192

1351 214 1458 246 Νόμος.
1836 244 1839 245 ,

1044 258 1077 284 'H
1093 259 1121 285 δὲ
1140 257 1197 293 ρλζ¹
1218 258 1435 289 Ἰουστινιάνειος
1454 257 1538 293 νεαρὲι
1563 257 1668 294 ἄπαξῆ
1690 259 1731 290 δὶς
1744 258 1808 285 τ’)-ῧ

1005 304 1083 335 ἔτους
1098 304 1137 338 τῷ
1155 304 1256 339 ’ῐουνίῳ
1281 303 1297 338 ἢ
1322 303 1362 338 τῷ
1377 303 1556 338 Σεπτεμϐρίῳ
1571 304 1697 335 συνόδους
1714 304 1785 339 γίνε
1797 319 1807 324 -
1832 328 1835 330 .

1006 349 1068 375 σθαι
1085 348 1210 383 βούλεται
1237 347 1292 374 τῶν
1322 348 1530 382 μητροπολιτῶν
1553 349 1630 383 παρὰ
1654 350 1712 381 τοῖς
1735 357 1806 376 πα-

1004 394 1159 429 τριάρχαις,
1179 393 1227 420 καὶ
1243 394 1298 420 τῶν
1314 393 1472 420 ἐπισκόπων
1485 394 1562 428 παρὰ
1578 395 1634 425 τοῖς
1648 403 1808 430 μητροπο-

1004 439 1104 471 λίταις,
1126 439 1174 465 καὶ
1202 439 1379 472 ἐξετάζεσθαι
1393 439 1442 471 τὰς
1461 440 1562 472 αἰτίας,
1585 439 1617 471 ἃς
1633 442 1656 466 οἱ
1673 441 1799 467 ἐπίσκο-

1004 491 1051 508 ποι
1076 483 1123 509 καὶ
1138 484 1164 510 οἱ
1183 483 1309 518 κληρικοὶ
1325 484 1371 510 καὶ¹
1390 484 1415 509 οἱ
1435 485 1548 518 μοναχοὶ
1570 485 1639 518 πρὸς
1654 485 1804 520 ἀλλήλους

1004 528 1097 563 ἔχουσι
1112 528 1176 563 περί
1190 537 1220 554 τε
1237 529 1366 560 πίστεως,
1382 529 1430 555 καὶ
1446 530 1580 562 κανόνων,
1595 530 1641 556 καὶ
1656 531 1804 565 πραγμά-

1004 583 1058 600 των
1077 574 1325 609 ὲκκλησιαστικῶν,
1341 575 1390 601 καὶ
1415 575 1449 602 τὰ
1477 576 1554 610 παρὰ
1580 576 1643 607 τοὺς
1670 577 1804 609 κανόνας

1004 620 1217 654 ἁμαρτανόμενα
1245 619 1430 655 διορθοῦσθαι·
1448 621 1512 652 τοὺς
1534 621 1562 647 δὲ
1587 621 1724 656 ἄρχοντας
1753 623 1802 658 μὴ

1005 665 1221 700 ἐπιτιθεμένους
1241 667 1298 696 τοῖς
1311 666 1526 701 μητροπολίταις
1542 668 1590 694 καὶ
1608 669 1664 699 τοῖς
1679 669 1803 695 Emend-

1005 719 1089 742 ποις,
1126 712 1351 747 ὑπερτιθεμένοις
1377 712 1426 743 τὰς
1464 713 1636 748 τεταγμένας
1663 714 1801 745 συνόδους
1835 746 1838 748 η

1005 757 1104 786 ποιεῖν,
1123 756 1216 791 ἢτοὺς
1241 758 1278 792 μὴ
1303 757 1486 791 πειθομένους
1515 759 1546 784 οὐ
1567 760 1721 793 μηνύοντας
1750 760 1801 794 τῷ

1006 801 1112 836 βασιλεῖ
1136 802 1259 837 ἐσχάτως
1273 803 1466 836 τιμωρεῖσθαι.
1488 804 1571 831 Ἀλλὰ
1599 804 1630 830 τὸ
1651 806 1705 831 τῶν
1726 814 1802 832 συν-

1006 847 1074 874 όδων
1090 848 1193 875 τούτων
1209 850 1299 884 πάντη
1315 850 1345 876 τὸ
1357 849 1404 877 νῦν
1417 850 1479 885 ἔχον
1495 852 1754 888 καταπεφρόνηται.

1055 905 1181 932 ΚΕΦΔΛ.
1200 904 1227 933 l'.
1246 906 1317 940 Περὶ
1334 907 1527 935 συστατικῶν
1544 908 1733 943 γραμμάτων.

1039 950 1120 984 Ζὴτει
1138 951 1167 977 τὸ
1182 950 1204 978 θ’
1216 952 1366 985 κεφάλαιον
1385 953 1433 979 τοῦ
1448 954 1468 980 Δ
1486 953 1630 988 στοιχείου.

1002 1005 1129 1032 ΚΕΦΔΛ.
1143 1004 1194 1033 lA'.
1212 1005 1282 1043 Περὶ
1297 1005 1357 1043 τῶν
1377 1008 1582 1041 συνωμοσίας,
1603 1009 1622 1043 ἢ
1647 1010 1797 1043 φατρίας.

1210 1042 1230 1074 ἢ
1247 1041 1372 1075 στάσεις
1390 1044 1566 1070 ποιούντων.

1042 1119 1071 1146 '0
1088 1122 1124 1154 ιη’
1137 1119 1188 1155 τῆς
1203 1119 1224 1146 δ’
1238 1120 1349 1147 συνόδου
1373 1121 1474 1155 κανὼν,
1495 1123 1542 1150 καί
1559 1123 1624 1150 ὁ“λδ¹
1637 1125 1685 1160 τῆς
1698 1128 1725 1158 ς’
1744 1133 1798 1151 συ-

1001 1166 1087 1198 νόδου,
1117 1166 1162 1192 Ἐν
1187 1168 1244 1198 τοῖς
1269 1166 1428 1200 πολιτικοῖς,
1455 1169 1533 1203 φασὶ,
1564 1170 1668 1204 νόμοις,
1697 1168 1737 1199 ὧν
1767 1174 1796 1198 ιι

1001 1211 1110 1243 πλείους
1125 1210 1194 1246 πρὸς
1215 1213 1270 1238 τῶν
1286 1212 1339 1245 ἔξω
1365 1213 1456 1248 σοφῶν
1478 1215 1669 1250 συνετὲοησαν,
1691 1216 1721 1243 τὸ
1736 1217 1796 1250 τῆς

1002 1258 1177 1292 συνωμοσίας
1200 1257 1348 1293 ῆφατρίας
1368 1259 1517 1295 ἀπείρηται
1533 1261 1672 1296 τόλμημα,
1693 1262 1795 1297 πολλῷ

999 1311 1032 1337 γε
1046 1303 1132 1338 δήπου
1147 1304 1178 1338 τῇ
1194 1303 1241 1330 τοῦ
1257 1304 1326 1330 Θεοῦ
1351 1305 1611 1341 Ἐκκλησίᾳ.”οστις
1627 1308 1717 1334 τοίνυν
1732 1309 1795 1335 τῶν

1003 1348 1178 1383 μοναζόντων
1192 1349 1208 1384 ἢ
1225 1349 1367 1385 κληρικῶν
1384 1352 1498 1386 τοιούτῳ
1523 1352 1602 1387 ἁλοίη
1619 1353 1794 1389 ἐγκλήματι,

1000 1394 1017 1429 ἢ
1046 1396 1181 1427 σνσκευὰς
1205 1396 1348 1432 ἐλεγχθείη
1372 1398 1505 1432 τυρεΰων,
1532 1400 1592 1434 ήτοι
1618 1400 1790 1433 τεκταίνων,

1002 1441 1164 1473 ἐπισκόποις
1178 1441 1194 1476 ἢ
1208 1442 1360 1477 κληρικοτς,
1374 1443 1421 1469 τοῦ
1436 1444 1538 1470 οἰκείου
1551 1439 1707 1472 ἐκπιπτέτω
1721 1445 1796 1480 βαϐη

1002 1485 1065 1519 μοῦ.
1085 1486 1245 1521 Συνωμοσία
1266 1487 1294 1513 δέ
1311 1488 1369 1514 ἐστι
1391 1489 1422 1514 τό
1441 1497 1517 1530 τινας
1540 1491 1611 1517 κατά
1626 1499 1705 1517 τινων
1724 1491 1794 1526 βου-

1001 1531 1160 1563 λεύσασθαι,
1178 1533 1225 1558 καὶ
1239 1532 1371 1566 ἀλλήλους
1385 1534 1477 1569 ὅρκοις
1490 1535 1630 1570 συνδῆσαι,
1646 1534 1663 1572 ἦ
1679 1538 1734 1572 μὴν
1750 1539 1793 1571 μὴ

1003 1577 1207 1612 ἀποστήσεσθαι
1226 1578 1272 1604 τοῦ
1286 1579 1482 1614 βουλεύματος,
1495 1581 1593 1616 μέχρις
1606 1582 1637 1608 ἂν
1652 1581 1731 1608 τοῦτο
1746 1591 1795 1609 τε.

1002 1621 1111 1656 λεσθείη
1123 1631 1129 1637 ·
1143 1621 1180 1652 ὥς
1194 1631 1244 1648 που
1261 1624 1307 1650 καὶ
1318 1624 1347 1650 ὲν
1358 1625 1417 1655 ταῖς
1431 1625 1550 1660 Πράξεσι
1561 1626 1599 1660 τῷ
1614 1627 1679 1662 Θείῳ
1692 1629 1792 1663 Λουκᾷ

1004 1667 1154 1702 ἱστόρηται,
1168 1667 1210 1694 ὅτι
1227 1669 1393 1703 ποιήσαντές
1409 1678 1480 1702 τινες
1508 1671 1562 1697 τῶν
1588 1672 1722 1699 Ἰουδαίων
1742 1682 1793 1699 συ-

1003 1713 1134 1747 στροφὰς,
1150 1714 1350 1749 ἀνεθεμάτισαν
1362 1716 1486 1749 ἑαυτοὺς,
1504 1717 1572 1751 μήτε
1589 1720 1697 1752 φαγεῖν,
1716 1720 1792 1754 μήτε

1002 1759 1086 1790 πιεῖν,
1102 1758 1154 1790 ἓως
1169 1758 1202 1785 ἂν
1221 1760 1405 1788 ἀποκτείνωσι
1428 1761 1473 1788 τὸν
1496 1762 1614 1791 Παῦλον.
1629 1764 1736 1800 Φατρία
1761 1766 1792 1792 δέ

1001 1806 1061 1831 ἐστι
1075 1807 1177 1842 κυρίως
1195 1808 1223 1833 τδ
1238 1808 1292 1835 τῶν
1307 1809 1447 1843 συγγενῶν
1471 1811 1488 1845 ἢ
1503 1810 1558 1837 τῶν
1578 1811 1664 1843 ἄλλως
1679 1813 1792 1847 ἠνωμέ-

1002 1860 1055 1877 νων
1072 1852 1197 1887 σύστημα
1210 1862 1216 1868 ·
1234 1854 1353 1882 ἐνταῦθα
1375 1857 1404 1883 δὲ
1427 1857 1573 1889 κακοθελὲς
1590 1858 1665 1893 δηλοί
1679 1859 1793 1885 διαὸοἰ-

1001 1896 1068 1929 λιον,
1091 1898 1136 1925 καὶ
1162 1901 1322 1934 συμφωνίαν
1352 1902 1432 1928 τινῶν
1449 1903 1495 1929 ἐπὶ
1516 1904 1632 1937 πράξεσι
1655 1905 1790 1938 φαύλαις.

1002 1942 1133 1978 Τυρεύειν
1150 1944 1190 1976 δὲ,
1209 1945 1238 1971 τὸ
1254 1946 1360 1981 σκληρὰ
1375 1948 1422 1973 καὶ
1435 1950 1541 1984 πονηρὰ
1559 1951 1790 1984 κατασκευάζειν,

1001 1990 1049 2016 καὶ
1065 1991 1248 2025 μηχανοῖιτϐαι⁸
1258 1993 1296 2024 ὡς
1305 1993 1344 2024 τὸ,
1357 2001 1367 2019 ι
1380 1993 1533 2030 Ἐτυρώθη›
1547 1996 1563 2030 ἡ
1577 1995 1673 2030 καρδία
1684 1996 1790 2030 αὐτῶν,

1001 2036 1062 2062 ἀντὶ
1078 2036 1124 2062 τοῦ
1141 2046 1150 2062 ι
1167 2038 1350 2073 ὲσκληρύνϐη.
1363 2048 1373 2064 t

1342 2173 1444 2207 Νόμοι.

1041 2215 1072 2241 '0
1087 2216 1258 2251 συνωμοσίαν
1274 2218 1345 2244 κατὰ
1357 2219 1404 2253 τῆς
1419 2219 1560 2251 πολιτείας
1574 2223 1791 2257 παρασκευάσας

1003 2260 1140 2294 γενέσθαι,
1167 2261 1242 2288 καὶὸ
1273 2263 1471 2295 ίπιϐουλεὺσας
1500 2265 1538 2299 τῷ
1559 2267 1747 2303 στρατοπέδῳ,
1772 2270 1789 2301 ἦ

1005 2307 1063 2338 τοῖς
1080 2307 1220 2341 πολεμίοις
1237 2309 1303 2334 αὐτὸ
1318 2310 1472 2344 προδοὺ;.ἢ
1488 2312 1502 2337 ὁ
1516 2311 1586 2338 κατὰ
1602 2312 1677 2338 δόλον
1697 2314 1791 2347 ἐμπο-

1002 2351 1079 2382 δίσας
1106 2353 1158 2378 ὑπὸ
1178 2353 1330 2387 Ῥωμαίους
1357 2355 1483 2388 γενέσθαι
1508 2357 1569 2388 τοὺς
1595 2357 1754 2392 πολεμίους,
1772 2360 1788 2393 ἣ

1004 2398 1218 2431 παρασκευάσας
1234 2398 1332 2430 αὐτοὺς
1349 2399 1514 2434 βοηζηίιῆναι
1531 2402 1638 2436 πλήθει,
1652 2403 1667 2437 ἢ
1684 2404 1789 2437 ὅπλοις,

1003 2442 1019 2477 ἢ
1032 2443 1180 2477 χρήμασιν,
1194 2445 1210 2476 ἢ
1224 2444 1310 2478 ἑτέρῳ
1329 2446 1477 2480 οἱῳδήποτε
1491 2449 1593 2481 τρόπῳ,
1607 2449 1645 2484 τῷ
1660 2449 1709 2484 τῆς
1723 2451 1790 2477 καί)-

1002 2487 1139 2518 οσιὼσεως
1162 2489 1302 2516 ὑπικειται
1328 2491 1494 2526 ἐγκλήματι.
1515 2492 1594 2520 Ἀλλὰ
1612 2496 1659 2520 καὶ
1676 2496 1706 2522 τὸ
1726 2505 1790 2522 συι-

1002 2534 1118 2565 άγεσοαι
1141 2535 1220 2568 ὄχλον
1233 2536 1318 2569 χωρὶς
1344 2536 1486 2570 βασιλικοῦ
1507 2539 1705 2574 ἐπιτάγματος,
1724 2543 1790 2568 πολ-

1002 2578 1050 2612 λῆς
1065 2578 1140 2610 ἄξιον
1152 2574 1290 2614 τιμωρίας.
1303 2582 1426 2615 κρίνεται
1443 2583 1509 2617 πρὸς
1524 2585 1578 2610 τῶν
1592 2585 1692 2620 νόμων.
1706 2587 1788 2621 Ζήτει

1003 2624 1050 2649 καὶ
1063 2625 1093 2649 τὸ
1109 2627 1151 2650 κα¹
1168 2626 1313 2659 κεφάλαιον
1330 2626 1376 2653 τοῦ
1393 2628 1414 2653 [Ι
1434 2630 1577 2662 στοιχείου.

1044 2669 1074 2696 'll
1089 2670 1116 2696 δὲ
1131 2671 1216 2704 νεαρὰ
1229 2671 1276 2697 τοῦ
1292 2672 1423 2706 βασιλέως
1437 2675 1643 2702 Κωνσταντίνου
1659 2677 1704 2703 τοῦ
1719 2678 1789 2714 Πορ-

1002 2716 1218 2750 φυρυγεννήτου,
1233 2717 1335 2752 είδήσει
1348 2720 1394 2746 καὶ
1413 2720 1459 2745 τοῦ
1475 2722 1646 2757 πατριάρχου
1664 2723 1785 2755 Ἀλεξίου

1001 2764 1048 2789 καὶ
1066 2763 1114 2797 τῆς
1135 2764 1256 2797 συνόδου,
1269 2765 1420 2800 ἀναθέματι
1435 2767 1708 2801 καθυποόἀλλειτοὺς
1723 2771 1788 2805 μέλ-

999 2809 1095 2841 λοντας
1114 2810 1130 2844 ἢ
1143 2810 1299 2842 ἐπιϐουλαῖς
1316 2811 1478 2848 ἐπιχειρεῖν,
1492 2814 1508 2848 ἢ
1529 2815 1636 2850 μούλτῳ
1649 2823 1655 2829 ·
1669 2815 1737 2842 ἀλλὰ
1751 2817 1785 2852 δὴ

1001 2856 1048 2882 καὶ
1059 2855 1123 2887 τοὺς
1137 2856 1364 2892 συμπράττοντας
1376 2860 1422 2886 καὶ
1432 2861 1679 2895 συγκοινωνοίντας
1692 2863 1723 2897 τῇ
1736 2863 1785 2889 αὺ-
