1856 3061
492 214 557 241 Lex.

155 261 303 289 Justiniani
320 261 425 289 novella
440 260 489 287 I37
518 259 602 287 semel
627 264 674 287 aut
701 259 743 286 bis
773 259 800 286 in
817 267 904 291 anno.

121 315 217 335 mense
248 307 377 334 nimirum
396 305 477 332 Junio
507 310 553 332 aut
581 305 760 339 Septembri,
789 306 907 340 synodos

121 353 255 380 celebrari
292 352 379 387 jubet,
417 351 652 384 metropolitarum
684 350 794 385 quidem
829 351 900 384 apud

121 398 299 432 patriarchas,
332 402 359 424 et
384 396 572 430 episcoporum
604 396 674 430 apud
709 397 906 430 tuetropolitas,

121 451 276 476 causasque
300 441 462 472 examinari,
478 448 546 475 quas
578 441 699 475 episcopi
731 446 758 468 ct
773 441 864 469 clerici
880 446 908 469 et

122 489 246 516 monachi
265 488 378 514 invicem
396 488 531 514 sustinettt
549 486 621 514 circa
648 487 727 513 ﬁdem
742 491 768 514 et
783 495 904 514 canoncs

123 540 151 562 et
170 542 214 561 res
240 534 450 565 ecclesiasticas,
477 537 504 560 et
528 541 587 566 quae
613 532 684 559 facta
713 539 778 560 sunt
808 539 905 560 contra

120 587 240 607 canones
254 579 353 613 corrigi
367 588 374 611 ;
401 579 576 612 magistratus
598 586 659 604 vero
681 579 727 612 qui
740 586 793 605 non
808 584 908 614 cogunt.

121 625 308 660 tuetropolitas
323 631 350 651 et
368 625 512 659 episcopos
530 630 621 651 moras
638 624 779 651 trahentes
805 630 905 651 statuta

119 671 236 697 cuticilia
266 670 414 701 celebrare,
449 674 495 695 aut
522 676 574 695 nou
598 669 720 696 indicant
749 670 906 703 imperatori

120 716 320 746 iuobedientes.
349 715 479 742 extremis
503 715 641 748 suppliciis
665 715 776 750 subjici.
797 715 830 741 At
844 723 908 742 vero

121 761 178 788 haec
209 769 268 795 qua:
292 761 325 786 ad
349 761 464 787 concilia
491 760 653 788 celebranda
679 761 908 796 pcrtineutbodie

124 814 237 840 prorsus
258 805 442 841 negliguntur.

223 905 298 933 CAP.
315 904 348 932 Χ.
367 904 404 930 De
419 904 512 931 litteris
531 904 766 932 cammmdetitiis.

162 952 258 984 Quaere
281 955 363 985 caput
384 951 400 978 9
418 951 470 978 litt.
485 951 517 977 Δ.

120 1009 194 1037 CAP.
208 1007 255 1035 XI.
277 1009 314 1036 De
337 1009 369 1035 ίὶι
383 1008 426 1042 qui
447 1007 640 1042 conjuralr'ones
663 1012 687 1034 ει
715 1007 908 1042 [γαίεηιὶίαιι-σ,

350 1049 394 1070 aut
412 1043 554 1070 seditiones
571 1047 688 1069 struunt.

156 1124 250 1151 Canou
269 1122 302 1150 l8
328 1121 424 1157 synodi
442 1126 559 1155 quarm,
573 1125 601 1148 et
620 1121 654 1147 54
683 1119 780 1155 synodi
808 1123 905 1152 sextze,

120 1171 246 1206 Legibus.
279 1170 376 1204 inquit,
409 1168 554 1200 civilibus,
589 1175 704 1202 quarum
735 1167 871 1202 pleneque
892 1175 907 1194 a

123 1216 297 1251 sapientibus
328 1215 467 1242 extraneis
495 1222 543 1242 seu
572 1214 718 1248 gentilibus
746 1213 808 1240 lata:
834 1217 907 1244 sunt,

121 1264 226 1291 crimen
251 1262 450 1298 conjurationis
465 1261 506 1289 vel
537 1261 716 1288 fraternitatis
733 1259 906 1294 prohibetur,

120 1309 206 1336 multo
221 1316 284 1336 vero
298 1309 382 1343 magis
406 1308 432 1334 iu
448 1307 571 1335 Ecclesia
595 1306 652 1334 Dei.
676 1307 806 1342 Quisquis
827 1307 908 1342 igitur

121 1355 164 1381 vel
188 1354 304 1381 clericus
337 1353 379 1380 vel
409 1353 560 1380 monachus
590 1352 746 1388 huiusmodi
779 1352 908 1380 facinoris

121 1407 184 1427 reus
199 1399 395 1433 deprehensus,
414 1403 460 1424 aut
477 1398 617 1425 cottvictus
645 1398 739 1431 fuerit,
767 1398 909 1432 conspira-

121 1446 211 1473 tiones
245 1444 394 1479 coagulans
422 1443 512 1478 quasi.
547 1444 603 1470 sive
633 1443 748 1471 moliens
778 1443 908 1470 adversus

120 1492 261 1525 episcopos
279 1495 326 1516 aut
342 1488 466 1519 clericos.
483 1487 566 1523 gradu
581 1495 631 1515 suo
655 1489 774 1516 excidat.
806 1487 907 1522 Conju-

121 1537 191 1563 ratio
207 1541 297 1563 autent
313 1539 354 1562 est
377 1535 400 1561 si
418 1535 500 1569 aliqui
519 1539 613 1561 contra
632 1535 738 1568 aliquos
762 1534 907 1561 consilinrn
921 1554 943 1583 α

122 1582 138 1608 ix
149 1585 225 1612 eunt.
241 1585 268 1607 et
284 1587 313 1606 se
329 1580 443 1606 invicem
457 1580 621 1613 iuramentis
637 1579 760 1613 obligant
779 1587 793 1606 a
807 1586 907 1613 propo-

122 1628 177 1653 sito
193 1634 245 1652 non
262 1625 406 1657 desistere,
427 1625 577 1659 usquedum
608 1625 640 1651 ad
669 1625 773 1652 exitum
806 1625 907 1657 perdu-

122 1671 224 1702 xerint,
256 1669 336 1697 sicuti
353 1669 453 1696 alicubi
476 1670 503 1696 in
516 1669 631 1696 Actibus
645 1668 675 1696 Β.
691 1668 780 1696 Lucas
806 1677 908 1696 tuentu-

122 1722 175 1743 rat.
200 1715 333 1742 Videlicet
363 1713 520 1741 Iudaeorum
550 1714 673 1740 uouuulli
706 1714 908 1749 conspiratione

123 1762 206 1795 facta,
232 1769 282 1788 sua
311 1760 400 1795 capita
432 1760 611 1792 rlevoverunt,
641 1767 671 1786 se
700 1767 789 1793 neque
815 1758 904 1786 cibum

122 1815 212 1840 rteque
232 1811 324 1841 potum
343 1811 514 1840 sumpturos,
542 1805 630 1832 dottec
656 1804 767 1831 Paulum
796 1804 908 1831 interfe-

121 1854 232 1880 cissent.
249 1852 418 1880 Fraternitas
438 1859 526 1879 autem
543 1852 653 1886 proprie
674 1856 716 1878 est
730 1855 907 1885 cognatorum

121 1903 168 1926 aut
181 1899 234 1926 alio
252 1899 331 1925 modo
346 1899 553 1933 coru'uuctorum
569 1905 724 1931 compages.
753 1896 802 1924 Hic
816 1901 907 1923 autem

122 1944 326 1977 tnalignnntium
352 1944 440 1970 innuit
471 1942 701 1974 conventiculum,
730 1945 757 1968 et
771 1941 803 1967 ad
832 1940 906 1967 faci-

123 1996 189 2015 uora
206 1988 386 2023 perpetranda
414 1987 633 2015 consensionem.
662 1987 814 2022 Coagnlare
842 1994 908 2014 vero

122 2035 179 2060 sive
198 2034 322 2068 rupe-Juv
339 2038 379 2060 est
411 2040 535 2066 penei-sn
554 2032 715 2067 ct'iruproba
744 2037 849 2058 struere
881 2035 908 2059 et

123 2079 223 2106 moliri.
233 2078 277 2106 Uti
290 2080 315 2106 itt
326 2080 373 2106 illo
385 2079 456 2110 loco,
469 2077 645 2113 Coagulalum
662 2082 703 2105 est
723 2085 770 2104 cor
799 2085 906 2111 eorum,

122 2132 183 2159 pro.
199 2125 331 2151 induruit.

401 2171 481 2206 232
503 2170 592 2205 Leges.

158 2215 212 2249 Qui
238 2216 438 2251 conjurationis
466 2216 600 2243 adversus
635 2215 835 2250 rempublicam
852 2223 905 2243 au-

122 2266 183 2289 ctor
201 2262 348 2293 exstiterit,
377 2266 424 2287 aut
451 2261 548 2287 rastris
570 2260 714 2287 insidiatus
743 2261 833 2292 lin-rit,
863 2269 909 2290 aut

124 2307 169 2334 illa
185 2307 253 2334 hosti
269 2306 435 2341 prodiderit;
449 2307 528 2340 quire
544 2306 607 2332 dolo
635 2306 707 2332 tualo
718 2305 890 2339 impedivetit
902 2328 910 2341 ,

123 2353 270 2387 quominus
286 2354 413 2380 hostesin
428 2357 589 2387 potestatem
603 2351 692 2386 populi
709 2350 822 2378 Romani
834 2360 913 2378 veni-

126 2405 197 2431 rent,
215 2404 261 2426 aut
277 2400 413 2426 curaverit
433 2407 480 2426 eos
498 2397 621 2431 adjuvari
642 2397 738 2430 copiis,
755 2397 797 2424 vel
813 2399 910 2428 armis.

123 2445 165 2471 vel
187 2446 309 2479 pecunia,
332 2445 375 2471 vel
391 2445 444 2471 alio
466 2445 546 2470 modo
556 2450 732 2477 quocunque,
751 2443 808 2476 lege
831 2445 914 2478 maje-

123 2492 204 2518 SIatis
221 2495 339 2517 tenetur.
364 2489 421 2517 luto
449 2498 514 2517 vero
531 2489 637 2516 turbam
658 2489 795 2515 c0ncitare
815 2494 912 2523 prretcr

123 2537 280 2564 mandatum
299 2537 480 2572 imperatoris,
501 2537 577 2572 gravi
593 2535 726 2570 supplicio
741 2535 853 2570 dignum
869 2537 911 2564 lex

123 2583 257 2609 decernit.
276 2583 373 2615 Quaere
390 2586 416 2609 et
431 2591 493 2616 cap.
512 2582 543 2609 2t
557 2582 610 2609 litt.
629 2581 662 2608 [1.

163 2672 271 2700 Novella
295 2678 382 2700 autem
398 2673 557 2700 constitutio
573 2673 744 2701 Constantini
761 2674 913 2710 Porpher-

122 2725 254 2756 gennelac,
281 2725 342 2745 cum
359 2718 471 2745 scientia
487 2719 573 2745 Alexii
587 2719 748 2754 patriarchae
763 2726 790 2747 et
803 2720 911 2755 synodi.

123 2765 289 2794 anathemati
303 2765 414 2799 subjicit
427 2773 474 2792 eos
501 2765 548 2800 qui
577 2766 770 2794 tnacltinantur
797 2766 910 2793 insidias

122 2818 167 2839 aut
179 2811 324 2843 tumultus,
343 2815 426 2846 atque
441 2812 523 2837 etiam
534 2819 582 2838 eos
593 2811 640 2846 qui
655 2812 715 2838 istis
726 2819 805 2846 opt-nt
820 2813 900 2838 l‘crun

121 2864 149 2887 et
163 2859 189 2886 in
204 2857 358 2886 defectione
376 2862 439 2886 sunt
457 2858 536 2891 socii,
554 2863 600 2885 aut
623 2857 676 2885 illis
703 2858 862 2892 consulunt,
882 2863 909 2884 ct

710 156 891 185 MATTIIEI
913 156 1120 187 BLASTARIS

1691 157 1747 190 1.92

1306 215 1413 247 Νόμος.

999 260 1032 286 'H
1048 260 1076 287 δὲ
1095 259 1152 295 ρλζ¹
1173 259 1390 290 Ἰουστινιάνειος
1410 258 1494 294 νεαρὰ
1519 257 1624 294 ἅπαξῆ
1645 259 1749 291 δὶςτ-,ὖ

960 306 1038 336 ἔτους
1053 305 1092 340 τῷ
1109 306 1211 340 Ἰουνίῳ
1236 304 1253 340 ἢ
1277 304 1317 340 τῷ
1332 304 1511 340 Σεπτεμΰρίῳ
1527 304 1653 336 συνόδους
1669 305 1749 339 γίνε‹

961 350 1023 377 σθαι
1041 350 1165 384 βούλεται
1192 349 1247 376 τῶν
1278 349 1486 384 μητροπολιτῶν
1508 349 1586 384 παρὰ
1609 351 1667 381 τοῖς
1690 357 1748 376 πα-

959 395 1114 430 τριάρχαις,
1134 395 1182 421 καὶ
1199 395 1254 421 τῶν
1269 395 1427 421 ἐπισκόπων
1440 395 1517 429 παρὰ
1534 396 1590 425 τοῖς
1603 403 1750 430 μητροπο-

959 440 1060 472 λίταις,
1082 440 1130 467 καὶ
1157 440 1335 474 ἐξετάζεσθαι
1348 441 1397 472 τὰς
1417 441 1518 472 αἰτίας,
1540 439 1572 472 ἃς
1589 442 1612 467 οἱ
1629 441 1743 467 ἐπίσκο-

960 492 1006 510 ποι
1032 484 1079 510 καὶ
1094 486 1120 511 οἱ
1138 485 1264 519 κληρικοὶ
1281 485 1327 511 καὶ
1346 485 1370 511 οἱ
1391 485 1504 520 μοναχοὶ
1526 486 1595 519 προς
1610 485 1746 520 ἀλλήλους

959 529 1052 565 ἔχουσι
1068 530 1131 565 περί
1146 539 1176 556 τε
1193 531 1322 561 πίστεως.
1338 531 1386 557 καὶ
1402 531 1535 562 κανόνων,
1550 531 1597 557 καὶ
1612 531 1747 565 πραγμά-

960 585 1013 602 των
1032 576 1281 611 ὲκκλησιαστικῶν,
1298 576 1346 602 καὶ
1370 577 1405 603 τὰ
1433 577 1510 612 παρά
1536 577 1599 608 τοὺς
1625 578 1746 609 κανόνας

960 622 1173 656 ἁμαρτανόμενα
1201 621 1386 656 διορθοῦσθαι·
1403 622 1468 653 τοὺς
1490 622 1518 648 δὲ
1543 621 1680 657 ἄρχοντας
1708 623 1746 658 μὴ

961 667 1177 701 ἐπιτιθεμένους
1197 668 1253 697 τοῖς
1267 667 1482 703 μητροπολίταις
1498 669 1546 695 καὶ
1564 669 1620 700 τοῖς
1635 669 1746 696 ἐπισκό-

961 721 1045 743 ποις,
1083 713 1308 749 ὑπερτιθεμένοις
1333 713 1383 744 τὰς
1420 714 1592 748 τεταγμένας
1619 715 1745 746 συνόδους

961 758 1060 788 ποιεῖν,
1079 757 1172 792 ἢτοὺς
1197 758 1235 793 μὴ
1258 758 1442 792 πειθομένους
1471 759 1502 785 οὗ
1523 760 1677 794 μηνύοντας
1705 761 1745 795 τῷ

962 803 1068 838 βασιλεί
1092 804 1215 838 ἐσχάτως
1230 804 1423 838 τιμωρεῖσθαι.
1444 805 1527 832 Ἀλλὰ
1555 805 1586 831 τὸ
1607 806 1662 832 τῶν
1683 814 1746 832 συν-

962 849 1030 875 όδων
1046 849 1149 876 τούτων
1165 851 1255 886 πάντη
1271 851 1301 877 τὸ
1313 850 1360 878 νῦν
1373 851 1435 886 ἕχον
1451 853 1708 888 καταπεφρόνηται.

1012 906 1138 933 ΚΕΦΑΛ.
1157 905 1183 934 Ι¹.
1203 907 1273 941 Περὶ
1290 908 1484 935 συστατικῶν
1500 909 1690 944 γραμμάτων.

995 952 1077 985 Ζήτει
1094 953 1124 979 τὸ
1139 951 1161 979 θ’
1172 953 1323 986 κεφάλαιον
1342 953 1390 980 τοῦ
1404 955 1425 981 Α
1443 954 1586 989 στοιχείου.

958 1006 1085 1034 ΚΕΦΔΛ.
1100 1005 1151 1034 1Δ¹.
1169 1007 1239 1044 ζιερι
1254 1006 1314 1044 τῶν
1333 1009 1538 1042 συνωμοσίας,
1559 1009 1579 1043 ἣ
1604 1010 1745 1044 φατρίας.

1167 1043 1187 1076 ἢ
1204 1042 1329 1076 στάσεις
1346 1044 1523 1071 ποιούντων.

999 1120 1028 1148 '0
1045 1124 1081 1155 ιη’
1094 1121 1145 1156 τῆς
1159 1121 1181 1147 δ’
1195 1121 1306 1148 συνόδου
1330 1122 1431 1155 κανὼν,
1452 1123 1499 1150 καὶ
1516 1125 1534 1150 ό·
1544 1123 1581 1150 λδ¹
1593 1125 1643 1160 τῆς
1655 1128 1683 1158 ς’
1699 1133 1747 1152 συ-

957 1167 1044 1200 νόδου,
1073 1167 1120 1194 ‘Ev
1144 1168 1201 1199 τοῖς
1226 1167 1384 1200 πολιτικοῖς,
1412 1169 1489 1203 φασὶ,
1521 1170 1626 1205 νόμοις,
1655 1169 1693 1199 ὧν
1719 1174 1744 1198 ct

958 1213 1067 1245 πλείους
1082 1212 1151 1247 πρὸς
1173 1214 1227 1239 τῶν
1243 1213 1296 1247 ἔξω
1322 1213 1413 1248 σοφῶν
1435 1215 1627 1250 συνετίθησαν,
1649 1217 1679 1243 τδ
1693 1217 1746 1250 τῆς

959 1260 1134 1293 συνωμοσίας
1157 1258 1305 1293 ἢφατρίας
1325 1260 1474 1295 ἀπείρηται
1490 1261 1630 1297 τόλμημα,
1652 1262 1745 1296 πολλῷ

957 1313 989 1338 γε
1003 1304 1089 1339 δήπου
1104 1305 1136 1339 τῇ
1151 1304 1199 1331 τοῦ
1214 1304 1283 1331 Θεοῦ
1308 1306 1569 1342 Ἐκκλησίᾳ.”οστις
1585 1308 1675 1334 τοίνυν
1690 1309 1745 1335 τῶν

960 1350 1135 1385 μοναζόντων
1149 1350 1166 1385 ἢ
1183 1350 1325 1386 κληρικῶν
1341 1352 1455 1387 τοιούτῳ
1481 1353 1559 1387 ἁλοίη
1576 1354 1744 1389 ἐγκλήματι,

957 1396 975 1430 ἢ
1003 1397 1138 1428 συσκευὰς
1163 1397 1305 1433 ἐλεγχθείη
1329 1398 1462 1433 τυρεύων,
1490 1400 1549 1434 ἦτοι
1576 1400 1740 1432 τεκταίνων,

959 1442 1121 1474 ἐπισκόποις
1135 1442 1151 1478 ἢ
1165 1443 1317 1478 κληρικοῐς,
1332 1443 1379 1470 τοῦ
1394 1445 1495 1471 οίκείου
1509 1445 1665 1472 ἐκπιπτέτω
1679 1445 1746 1481 βαθ-

959 1486 1022 1520 μοῦ.
1042 1487 1202 1522 Συνωμοσία
1223 1488 1252 1514 δέ
1269 1489 1326 1515 ἔστι
1348 1489 1380 1515 τό
1399 1498 1474 1520 τινας
1497 1491 1568 1517 κατά
1583 1500 1663 1517 τινων
1683 1491 1745 1526 βου-

958 1532 1117 1564 λεύσασθαι,
1136 1534 1182 1560 καὶ
1196 1533 1329 1567 ἀλλήλους
1342 1535 1434 1569 ὅρκοις
1448 1524 1588 1570 συνδῆσαι,
1604 1534 1621 1572 ἦ
1706 1538 1744 1571 μὴ

960 1578 1165 1613 ἀποστήσεσθαι
1183 1579 1230 1605 τοῦ
1244 1579 1439 1615 βουλεύματος,
1453 1582 1550 1616 μέχρις
1563 1582 1595 1608 ἂν
1610 1581 1688 1608 τοῦτο
1701 1591 1746 1609 τε-

959 1622 1068 1657 λεσθείη
1080 1632 1087 1639 ·
1100 1623 1138 1653 ὥς
1152 1632 1202 1650 που
1218 1625 1265 1650 καὶ
1276 1625 1304 1651 ὲν
1315 1626 1375 1656 ταῖς
1390 1626 1508 1661 Πράξεσι
1519 1626 1557 1661 τῷ
1572 1627 1637 1662 θείῳ
1650 1629 1744 1662 Λουκᾷ

961 1668 1112 1703 ἱστόρηται,
1126 1669 1168 1695 ὃτι
1184 1669 1350 1704 ποιήσαντες
1367 1679 1438 1702 τινες
1465 1672 1519 1697 τῶν
1546 1672 1681 1699 Ἰουδαίων
1698 1682 1745 1699 ou-

961 1714 1092 1748 στροφὰς,
1108 1715 1307 1750 ἀνεθεμάτισαν
1319 1717 1444 1749 ἑαυτοὺς,
1462 1718 1530 1752 μήτε
1546 1720 1655 1752 φαγεῖν,
1675 1720 1744 1754 μήτε

960 1760 1044 1790 πιεῖν,
1059 1759 1112 1791 ἓως
1127 1760 1161 1786 ἂν
1179 1761 1363 1788 ἀποκτείνωσι
1386 1762 1431 1788 τὸν
1454 1762 1572 1792 Παῦλον.
1588 1765 1692 1800 Φατρία
1715 1765 1744 1792 δέ

960 1807 1019 1833 ἐστι
1033 1808 1136 1842 κυρίως
1152 1809 1181 1834 τὸ
1196 1809 1250 1836 τῶν
1265 1810 1406 1844 συγγενῶν
1429 1811 1446 1846 ἢ
1461 1811 1515 1838 τῶν
1535 1811 1623 1843 ἄλλως
1637 1813 1745 1847 ἡνωμέ-

960 1861 1014 1879 νων
1030 1853 1155 1888 σύστημα
1168 1863 1175 1870 '
1192 1855 1311 1883 ἐνταῦθα
1333 1857 1362 1884 δὲ
1385 1857 1532 1889 κακοθελὲς
1547 1858 1623 1893 δηλοί
1637 1859 1746 1885 διαδοί-

959 1897 1027 1930 λιον.
1049 1899 1095 1926 καὶ
1121 1901 1280 1935 συμφωνίαν
1310 1903 1391 1929 τινῶν
1407 1904 1453 1929 ἐπὶ
1473 1903 1590 1937 πράξεσι
1614 1905 1744 1939 φαύλαις.

960 1944 1092 1979 Τυρεύειν
1108 1945 1148 1978 δὲ,
1167 1947 1196 1972 τὸ
1212 1947 1318 1982 σκληρὰ
1334 1949 1380 1974 καὶ
1393 1950 1499 1985 πονηρὲ
1517 1951 1744 1984 κατασκευάζειν,

960 1991 1007 2017 καὶ
1023 1992 1206 2027 μηχανᾶσθαι·
1217 1994 1254 2025 ὡς
1263 1994 1302 2026 τὸ,
1316 2002 1325 2020 ι
1338 1995 1491 2031 Ἐτυρώθηι
1505 1996 1521 2031 ἡ
1535 1996 1632 2031 καρδία
1642 1996 1744 2030 αὐτῶν,

959 2037 1020 2063 ἀντὶ
1036 2038 1083 2064 τοῦ
1099 2048 1108 2063 ι
1126 2039 1308 2074 ὲσκληρύνθη.
1322 2049 1331 2065 ι

1300 2174 1404 2208 Νόμοι.

1000 2216 1030 2243 '0
1046 2217 1217 2252 συνωμοσίαν
1232 2218 1304 2244 κατὰ
1316 2220 1363 2254 τῆς
1378 2220 1519 2252 πολιτεῑας
1532 2223 1746 2257 παρασκευάσας

963 2261 1099 2295 γενέσθαι,
1126 2263 1201 2289 καὶὸ
1232 2263 1430 2296 ὶπιὸουλεύσας
1459 2265 1497 2300 τῷ
1518 2267 1704 2306 στρατοπέδῳ,
1727 2269 1744 2301 ἧ

964 2308 1021 2339 τοῖς
1040 2308 1180 2342 πολεμίοις
1195 2309 1262 2335 αὐτὸ
1277 2310 1403 2345 προδοὺς,
1416 2311 1432 2345 ἢ
1448 2313 1460 2337 ό
1475 2312 1545 2338 κατὰ
1561 2312 1636 2338 δόλον
1655 2314 1746 2348 ἐμπο-

961 2353 1038 2384 δίσας
1065 2354 1118 2379 ὑπὸ
1137 2354 1289 2388 Ῥωμαίους
1316 2356 1442 2388 γενέσθαι
1466 2358 1528 2388 τοὺς
1554 2358 1711 2391 πολεμίους,
1728 2359 1744 2392 ἢ

963 2400 1177 2432 παρασκευάσας
1193 2399 1291 2430 αὐτοὺς
1308 2400 1472 2435 βοηςηίιῆναι
1489 2402 1597 2436 πλήθει,
1611 2403 1626 2438 ἢ
1643 2404 1745 2436 ὅπλοις,

962 2443 978 2478 ἣ
991 2444 1139 2478 χρήμασιν,
1153 2446 1169 2478 ἢ
1184 2445 1270 2479 ἑτέρῳ
1289 2447 1436 2481 οἰῳδήποτε
1450 2449 1552 2482 τροπῳ,
1565 2449 1604 2484 τῷ
1619 2450 1668 2484 τῆς
1681 2451 1747 2476 καί)-

962 2489 1098 2520 οσιώσεως
1121 2491 1262 2517 ὺπᾷκειται
1287 2492 1453 2527 ἐγκλήματι,
1474 2493 1553 2520 Ἀλλὰ
1571 2495 1618 2520 καὶ
1634 2496 1664 2521 τὸ
1684 2504 1747 2522 συν-

962 2535 1077 2565 άγεσθαι
1101 2536 1179 2570 δχλον
1192 2537 1277 2570 χωρὶς
1303 2537 1445 2571 βασιλικοῦ
1467 2540 1664 2574 ἐπιτάγματος,
1683 2542 1748 2568 πολ-

962 2580 1010 2614 λῆς
1024 2580 1099 2611 ἄξιον
1111 2575 1249 2615 τιμωρίας
1263 2582 1386 2616 κρίνεται
1402 2584 1468 2618 πρὸς
1483 2585 1538 2611 τῶν
1552 2586 1651 2620 νόμων.
1665 2587 1746 2621 Ζήτει

963 2626 1010 2651 καὶ
1023 2627 1053 2651 τὸ
1069 2628 1110 2652 κα¹
1128 2626 1273 2660 κεφάλαιον
1290 2627 1336 2653 τοῦ
1352 2629 1374 2654 ll
1393 2630 1536 2663 στοιχείου,

1004 2670 1034 2697 'll
1048 2671 1076 2697 δὲ
1091 2673 1176 2705 νεαρὰ
1188 2672 1236 2698 τοῦ
1252 2673 1383 2707 βασιλέως
1397 2675 1602 2703 Κωνσταντίνου
1618 2677 1663 2703 τοῦ
1678 2678 1747 2713 Πορ-

962 2717 1177 2751 φυρογεννήτου,
1193 2718 1294 2752 είδήσει
1308 2721 1354 2746 καὶ
1372 2720 1419 2746 τοῦ
1435 2722 1605 2757 πατριάρχου
1623 2723 1743 2755 Ἀλεξίου

961 2766 1008 2791 καὶ
1027 2765 1074 2799 τῆς
1095 2765 1216 2798 συνόδου,
1229 2766 1380 2800 ἀναθέματι
1395 2768 1595 2795 καθυποὸἀλ).ει
1605 2770 1668 2801 τοὺς
1683 2771 1746 2805 μέ).-

959 2810 1055 2842 λοντας
1073 2811 1090 2845 ἦ
1104 2811 1259 2843 ἐπιδουλαῐ;
1276 2812 1438 2848 ἐπιχειρεῖν,
1452 2815 1468 2848 ἢ
1489 2815 1596 2850 μούλτῳ
1609 2823 1615 2829 ·
1629 2816 1697 2842 ἀλλὰ
1712 2817 1744 2851 δὴ

961 2857 1008 2884 καὶ
1019 2857 1083 2888 τοὺς
1097 2857 1324 2893 συμπράττοντας
1335 2860 1382 2886 καὶ
1392 2861 1639 2895 συγκοινωνοίντας
1652 2863 1683 2897 τῇ
1696 2863 1744 2889 αὺ-
