1875 3059
227 101 278 134 ιιι

228 167 311 187 usura
345 159 452 186 videns.
473 169 482 186 ι
510 159 543 187 Et
577 160 722 188 Psalmista
745 158 781 186 de
815 159 926 186 civitate
951 164 1048 192 quam

227 206 405 234 multitudine
434 207 598 244 delictorum
626 210 732 233 tenetur
756 214 762 233 :
787 214 795 232 ι
820 205 912 240 Neque
941 213 1011 232 ustr-

228 261 273 284 ra.
302 253 400 286 inquit,
431 260 481 280 n--c
507 252 585 279 dolus
612 253 716 287 plateas
738 252 799 286 ejus
821 251 978 286 dereliquit.
1003 259 1012 276 ι

228 298 360 325 Dominus
375 298 556 332 autcm'ipse:
571 307 580 323 ‹
593 297 643 330 Qui
656 302 774 324 mutuoa
787 303 813 324 te
822 297 947 330 accipere
955 296 1013 323 vult

227 351 261 370 ne
279 344 420 370 dimittas.-
439 342 536 369 mutuo
551 342 614 368 date
627 343 666 369 eis
694 350 707 369 a
733 342 836 377 quibus
855 342 1014 377 neutiquam

227 390 350 423 accipiere
367 389 511 423 speratis.»
531 388 596 414 Nam
614 398 624 414 ι
638 389 688 421 Qui
706 389 852 415 miseretur
874 387 1014 422 pauperis,

228 439 322 461 mutuo
334 435 380 460 dat
396 433 459 460 Deo.
478 443 487 458 ι
516 433 588 460 Idem
613 434 687 459 enirn
705 432 770 459 illud
785 438 811 459 et
825 432 926 458 donum
952 435 994 458 est
1008 451 1016 463 ,

226 482 290 516 quia
305 482 373 507 citra
394 488 469 514 spem
484 481 565 506 ullant
583 479 799 514 rccupcrationis
813 488 820 506 :
835 483 862 506 et
881 477 1015 504 creditum

226 531 337 561 propter
352 526 457 552 Domini
475 525 704 556 muniﬁcentiam,
719 525 765 559 qui
792 531 842 558 pro
866 531 900 550 eo
920 523 1016 558 copio~

226 580 272 599 sas
291 580 322 598 ac
339 572 503 606 multiplices
521 571 717 598 retributiones
733 570 809 596 facit.

261 618 355 645 Canou
375 623 464 644 autem
483 617 513 643 l‘l
531 617 627 652 synodi
647 617 753 651 prima,
771 615 923 651 quemlibet
937 615 1018 641 cleri-

227 672 333 696 corurn,
351 669 432 698 atque
444 671 538 690 eorum
563 663 608 697 qui
644 663 671 689 in
691 670 797 689 canone
828 665 1016 692 recensentur,

227 711 324 744 deponi
341 710 436 744 jubet,
464 710 486 736 si
504 709 614 743 insuper
635 709 753 735 habeant
781 707 922 734 oraculum
949 704 1023 733 illud

226 764 347 788 sacrum,
365 756 435 789 quod
452 755 520 785 dicit
537 764 543 782 :
559 765 568 781 ι
589 754 738 782 Pecuniam
763 761 841 780 suam
864 761 918 780 non
944 753 1019 780 dedit

228 803 255 828 in
268 810 390 833 usuram,
411 811 421 827 ι
438 806 465 828 et
478 801 624 828 avaritiam
641 794 673 826 ac
689 805 768 834 turpe
782 800 889 827 lucrum
905 804 1014 826 sectcn~

227 853 282 878 tur,
311 853 394 882 atque
414 855 428 874 a
451 847 621 874 debitoribus
646 854 745 874 usuras
772 846 936 873 centesimas
962 832 1055 872 cxi-B

228 899 303 932 gan}.
321 899 370 921 aut
387 894 544 921 lien-iulius.
558 893 625 920 Nam
644 900 677 921 ex
695 892 778 919 variis
798 899 943 919 usurarum
957 899 1018 926 spe-

227 941 321 967 ciebus
338 941 506 975 gravissinue
527 946 592 968 sunt
606 940 773 971 centesimre,
787 939 845 967 sive
871 939 1018 966 duodecim

228 995 277 1022 pro
296 991 404 1014 centum
422 987 555 1019 nummis,
569 994 628 1021 qua:
645 986 759 1021 quidem
772 985 834 1020 jure
849 985 921 1013 civili
940 993 1018 1011 nurn-

230 1032 353 1060 mulariis
375 1033 540 1060 concedunt.
572 1032 686 1060 Veteres
712 1033 785 1060 enim
813 1032 882 1059 libra
908 1036 1018 1058 centum

228 1082 346 1115 partiutn
367 1082 526 1113 utebantur,
541 1081 622 1109 sicuti
643 1089 692 1108 nos
704 1081 751 1108 illa
769 1078 950 1115 lrexagiorittit
969 1079 1016 1106 72.

233 1126 361 1160 Ἦμιόλια
380 1131 469 1153 autem
484 1132 548 1154 sunt
566 1128 695 1154 semisses
713 1127 798 1154 totius
811 1134 900 1153 usura:
914 1125 1017 1152 duode-

227 1174 280 1200 t-im
301 1181 454 1204 nmnnmm,
470 1174 527 1200 sive
544 1181 603 1201 sex.
618 1173 783 1208 Neutiquam
796 1179 875 1204 vero,
898 1175 929 1199 ut
957 1178 1016 1198 mos

227 1224 280 1252 est,
299 1220 535 1246 aritlnncticorum
551 1220 721 1254 quantitates
737 1226 917 1246 numerorum
940 1217 1015 1244 inter

228 1272 258 1291 se
278 1269 502 1298 comparatorum
518 1265 722 1299 indignantium
737 1284 744 1295 ,
772 1265 874 1300 quibus
888 1271 1018 1290 numerus

227 1315 292 1344 puta
309 1311 435 1337 senarius
451 1311 620 1345 quaternarii
660 1316 713 1342 est.
740 1310 899 1343 bemiolius,
920 1313 948 1336 et
973 1309 1017 1335 hic

228 1356 309 1383 istius
327 1357 536 1391 hyphemiolius.
555 1356 641 1383 llosee
657 1362 747 1384 tamen
770 1356 816 1392 qui
844 1363 898 1383 non
926 1360 1018 1390 aperte

227 1403 336 1436 quidem
351 1411 382 1429 ea
396 1402 510 1434 faciunt,
523 1403 571 1430 sed
590 1403 654 1429 dolo
672 1403 743 1430 malo
767 1407 866 1429 cavent
894 1409 928 1428 ne
950 1401 1018 1436 ltgis

228 1449 334 1476 violatze
361 1454 519 1482 teneantur,
544 1450 649 1477 scilicet
674 1450 819 1484 pecuniam
842 1450 903 1476 aliis
921 1454 1017 1477 mutuo

227 1495 304 1527 dant,
333 1498 360 1521 et
391 1495 571 1529 paciscuntur
603 1495 709 1521 luerunt
741 1494 883 1528 aequaliter
907 1494 1052 1538 partiri,c

227 1542 319 1568 damni
336 1549 400 1568 vero
423 1549 536 1576 prorsus
553 1541 691 1568 immunes
705 1548 788 1573 esse;
808 1541 870 1572 hos,
887 1540 1012 1574 inquam,

227 1588 273 1621 qui
293 1586 356 1614 talia
389 1586 647 1618 comminiscuntur,
665 1590 712 1612 aut
739 1585 854 1620 quodvis
870 1589 949 1619 turpe
974 1586 1015 1612 Iu-

227 1641 305 1660 crum
337 1637 484 1667 quaerunt,
518 1631 700 1666 dchsitionis
728 1638 835 1666 paanam
875 1631 1016 1657 incurrere

227 1686 333 1713 aequum
348 1678 464 1713 judicat,
481 1683 564 1712 atque
578 1685 591 1704 a
604 1677 679 1705 clero
695 1677 854 1704 abelicuari.
869 1676 1015 1710 Bcuignius

228 1725 311 1752 fuerit
325 1731 385 1759 post
409 1724 622 1750 admonitionem
638 1723 715 1757 juxta
734 1730 868 1749 cntionem
886 1721 1016 1756 apostoli.

227 1779 288 1799 cum
304 1779 385 1805 supra
402 1770 541 1797 laudatum
559 1769 627 1796 illud
645 1769 717 1796 lteri.

262 1817 344 1852 246
353 1816 453 1843 Eadem
471 1816 568 1850 repetit
580 1815 703 1842 decimus
712 1822 800 1842 canon
811 1814 908 1849 synodi
918 1819 1013 1848 sextae,

226 1868 308 1898 atque
325 1863 440 1890 clericos
455 1862 636 1889 Iwneratorcs
650 1865 696 1888 aut
711 1868 820 1889 cessare
833 1860 955 1895 praecipit
968 1864 1014 1887 aut

226 1909 346 1943 deperiit.
452 1905 459 1912 ί

259 1955 392 1983 Convenit
402 1963 463 1982 curn
481 1955 542 1982 istis
556 1959 582 1982 et
601 1962 689 1982 canon
704 1955 721 1981 ι
731 1954 838 1981 concilii
855 1954 1013 1982 Laodiceni-

262 2002 380 2035 Quintus
390 2007 479 2029 autem
494 2001 603 2028 concilii
615 2001 848 2036 Cartltaginensis,
863 2001 1013 2028 Avaritiam

228 2048 366 2075 malorum
381 2050 504 2074 ninnium
522 2054 584 2074 esse
602 2052 714 2074 matrem
738 2054 828 2079 neruo,
849 2047 950 2082 inquit,
974 2052 1015 2074 est

227 2095 272 2128 qui
301 2095 414 2121 neseiat.
442 2095 519 2120 lianc
542 2094 626 2127 igitur
650 2094 738 2121 modis
766 2093 894 2120 omnibus
921 2093 1014 2120 tollere

229 2141 394 2167 studendum
411 2145 464 2172 est,
495 2137 577 2173 atque
596 2139 684 2173 tttrpis
704 2138 773 2166 lucri
790 2147 871 2166 causa
901 2138 1013 2165 Patrum

228 2187 401 2214 deﬁnitiones
419 2186 578 2220 neutiquam
594 2184 746 2219 transgredi
762 2192 770 2217 ;
785 2189 859 2211 vetat
876 2183 944 2210 adeo
959 2183 1014 2211 cle-
1030 2190 1053 2219 ί)

229 2237 287 2262 rieo
302 2234 401 2268 quavis
421 2234 455 2260 de
469 2241 498 2260 re
515 2240 629 2260 usuram
649 2239 770 2260 sumere.
795 2231 878 2258 Datur
893 2232 966 2258 enim
986 2231 1013 2258 in

227 2289 339 2308 usttratu
357 2288 411 2307 non
426 2280 513 2307 solum
535 2274 696 2311 argentum,
715 2278 763 2306 sed
793 2283 820 2305 et
846 2277 1013 2305 frumentum

226 2333 253 2354 et
269 2327 359 2354 viuum
374 2331 402 2353 et
411 2326 512 2358 oleum,
528 2326 684 2360 paciscente
698 2325 821 2352 debitore
831 2332 861 2351 se
881 2329 944 2359 post
957 2329 1013 2352 sta-

227 2376 314 2399 tututn
333 2376 440 2406 tempus
458 2370 561 2405 aliquid
594 2371 664 2397 ultra
693 2369 817 2396 reddere.
847 2369 916 2396 Nam
940 2369 1013 2396 circa

226 2426 269 2449 ea.
286 2418 319 2445 de
334 2418 434 2452 quibus
447 2417 536 2445 sancti
558 2416 653 2444 Patres
667 2417 852 2443 decreverunt
862 2436 869 2449 ,
882 2415 1011 2450 suifragia

227 2472 323 2491 rursus
335 2464 411 2496 dare,
429 2468 455 2490 et
469 2464 624 2490 deliberare
639 2464 750 2490 minime
765 2463 861 2489 decet:
881 2467 907 2489 at
923 2462 1012 2497 potius

226 2513 328 2544 absque
340 2510 556 2537 contradictione
571 2517 602 2536 ac
629 2509 821 2544 disquisitione
841 2509 949 2536 curiosa
966 2516 1012 2536 se-

225 2558 282 2592 qui.
302 2558 436 2589 Qnoeirca
450 2557 472 2584 si
497 2556 568 2583 istud
595 2556 672 2583 laicis
699 2556 808 2590 quidem
835 2555 1011 2590 opprobrium

225 2610 308 2639 atque
320 2604 428 2637 culpata
451 2603 572 2636 al'l‘ricet,
595 2603 680 2630 tuulto
694 2610 760 2630 sane
783 2602 871 2636 magis
888 2603 1010 2630 clericis.

261 2649 376 2684 Magnus
391 2655 482 2678 autem
500 2650 616 2678 Basilius
639 2653 665 2678 in
686 2658 792 2678 canone
815 2649 868 2677 H:
887 2650 1011 2677 Clericus

225 2698 272 2734 qui
290 2705 403 2725 usuram
421 2698 524 2733 accepit
538 2718 546 2731 ,
565 2697 608 2731 si,
627 2698 725 2733 inquit,
744 2697 878 2732 iujustunt
904 2698 1009 2724 lucrum

225 2745 252 2772 in
273 2751 407 2779 pauperes
429 2743 585 2779 expendere
619 2743 808 2775 destinaverit.
830 2749 857 2770 et
879 2742 1009 2777 deinceps

225 2789 348 2816 avaritia:
364 2790 489 2817 morbum
507 2791 640 2823 devitarc,
655 2791 687 2817 ad
705 2790 889 2817 sacerdotium
909 2790 941 2816 ad
954 2791 1010 2815 nit-

223 2836 323 2863 tendus
334 2840 387 2863 est.
397 2835 529 2869 Quoniam
544 2843 570 2866 ct
584 2836 648 2864 alibi
661 2837 726 2864 dicit
741 2857 748 2863 .
759 2836 883 2871 Agricola
897 2835 1007 2863 aristam

823 100 1006 131 ΜΑΤΤΙΙᾸΞῙ
1027 100 1242 131 Βιλδτλιιιδ

1807 97 1870 130 164

1063 158 1142 192 δόλῳ,
1167 160 1215 186 καὶ
1228 159 1306 186 τόκον
1319 158 1390 194 δρῶν
1406 158 1453 185 ἐπὶ
1471 158 1560 194 τόκῳ·
1575 166 1584 183 ι
1606 156 1653 184 καὶ
1667 156 1681 183 ὸ
1697 155 1870 192 Ψαλμῳδδς

1067 205 1133 240 περὶ
1149 205 1252 237 πόλεως
1263 206 1293 231 ἑν
1313 205 1412 240 πλήθει
1434 205 1528 232 κακῶν
1553 203 1738 238 εὐθυνομένης
1754 202 1870 238 φησίν·

1073 251 1146 277 (Οὐκ
1158 251 1282 284 ἐξέλιπεν
1297 251 1329 278 ἐκ
1341 251 1394 277 τῶν
1408 250 1545 277 πλατειῶν
1561 249 1644 284 αὐτῆς
1658 249 1737 280 τόκος
1752 249 1808 274 καὶ
1824 248 1870 274 δός

1066 296 1137 328 λος.»
1162 296 1191 323 '0
1200 297 1228 322 δὲ
1241 296 1353 332 Κύριος,
1368 296 1434 323 ιΤὸν
1443 296 1552 323 θέλοντα
1559 295 1612 322 ἀπὸ
1624 295 1669 321 οοῦ
1681 293 1870 321 δανείσασθαι

1068 342 1105 377 μὴ
1119 343 1298 377 ἀποστραφῇς
1310 350 1316 356 ”
1328 342 1465 374 δανείζετε
1480 342 1507 368 δὲ
1519 343 1584 376 παρ’
1597 339 1634 368 ὧν
1655 342 1705 367 οὐκ
1728 339 1870 372 ἐλπίζετε

1067 389 1228 416 ἀπολαϐεῖν·
1236 398 1246 414 ι
1263 398 1272 414 ‹
1280 390 1298 415 0
1312 388 1367 424 γὰρ
1377 389 1459 415 ἐλεῶν
1472 388 1588 423 πτωχὸν,
1599 387 1716 419 δανείζει
1728 387 1793 422 Θεῷ
1801 397 1812 412 ι
1820 395 1828 401 ·
1841 387 1870 412 τὶ

1067 436 1123 470 γὰρ
1139 436 1206 462 αὐτὸ
1222 437 1268 462 καὶ
1284 435 1371 470 δῶρον
1398 435 1450 470 μέν
1467 436 1525 461 ἐστι
1545 435 1590 462 διὰ
1617 435 1666 470 τὴν
1679 433 1870 461 ἀνελπιστίαν

1067 482 1117 516 τῆς
1145 481 1317 516 ἀπολήψεως,
1342 482 1473 515 δάνεισμα
1498 481 1526 507 δὲ
1554 481 1597 507 διὰ
1615 480 1704 506 τὸτοῦ
1720 480 1870 506 Δεσπὸτου

1069 529 1225 562 φιλότιμον,
1250 528 1373 562 δαψιλεῖς
1390 527 1585 558 ἁποτιννύντος
1604 526 1673 561 ὑπὲρ
1697 525 1785 553 αὐτοῦ
1819 526 1870 551 καὶ

1068 574 1287 604 πολλαπλασίους
1303 572 1352 604 τὰς
1364 573 1492 607 ἀμοιόἀς.
1728 595 1731 598 .

1090 619 1138 648 ΓὈ
1154 619 1187 651 ιζ’
1207 619 1257 653 τῆς
1284 621 1309 645 α’
1329 618 1440 644 συνόδου
1471 618 1560 645 πάντα
1586 616 1728 651 κληρικδν,
1752 616 1807 642 καὶ
1827 615 1870 649 τῷ

1068 665 1162 691 κανόνι
1191 663 1396 697 ἐξεταζόμενον,
1427 663 1618 697 καθαιρεῖσθαι
1644 662 1764 695 κελεύει,
1796 662 1870 696 περὶ

1067 712 1209 746 ἐλαχίστου
1235 711 1389 745 τιθέμενον,
1410 710 1441 736 τὸ
1470 711 1575 745 φάσκον
1605 709 1678 744 ἱερὸν
1691 709 1801 742 λόγιον,
1832 709 1870 734 Τὸ

1067 757 1199 793 ἀργύριον
1211 757 1293 784 αὑτοῦ
1311 757 1362 783 οὐκ
1370 757 1469 783 ἔδωκεν
1479 757 1527 783 ἐπὶ
1538 758 1620 791 τόκῳ,
1636 756 1683 782 καὶ
1697 755 1745 790 τὴν
1763 755 1869 780 πλεον-

1069 804 1155 837 εξίαν,
1172 805 1220 832 καὶ
1233 805 1264 831 τὸ
1280 805 1394 839 αἰσχρὸν
1411 804 1546 831 διώκοντα
1565 804 1671 836 κέρδος,
1689 802 1736 829 καὶ.
1761 802 1869 832 τόκους

1069 850 1237 877 ἀπαιτοῦντα
1255 849 1317 880 τοὺς
1332 848 1554 884 δανειζομένους,
1568 848 1584 883 ἢ
1607 846 1834 879 ἑκατοστιαίους,
1851 846 1868 881 ἢ

1068 896 1220 932 ἡμιολίους.
1238 896 1394 927 Πολυειδεῖς
1411 896 1466 930 γὰρ
1477 895 1553 926 ὄντες
1569 895 1593 921 ot
1605 895 1692 928 τόκοι,
1708 894 1869 930 βαρύτεροι

1067 943 1122 970 τῶν
1145 943 1245 969 λοιπῶν
1275 943 1301 969 οἱ
1318 943 1514 973 ὲκατοστιαῖοι,
1538 942 1598 977 ἦτοι
1623 941 1658 967 τὰ
1677 941 1711 976 ιβ’
1736 941 1798 970 ἐπὶ,
1807 942 1870 973 τοῖς

1069 989 1166 1016 ἑκατὸν
1180 989 1347 1024 νομίσματα,
1364 988 1443 1015 ἆτινα
1457 989 1514 1019 τοῖς
1530 987 1709 1021 τοκογλύφοις
1725 987 1868 1022 εἰσπράτ-

1068 1045 1108 1063 τει
1123 1036 1205 1071 νόμος
1224 1043 1230 1051 ·
1249 1035 1273 1062 οῑ
1286 1035 1341 1070 γὰρ
1359 1034 1470 1061 παλαιοὶ
1482 1035 1543 1065 ταῖς
1563 1034 1739 1060 ἐκατοντάσιν
1757 1033 1869 1068 ἐχρῶν-

1067 1091 1114 1116 το,
1139 1082 1234 1116 ὥσπερ
1260 1082 1321 1112 ταῖς
1350 1081 1456 1116 λίτραις
1481 1081 1562 1115 ἡμεῖς
1590 1079 1644 1106 τῶν
1670 1078 1708 1115 οβ’
1725 1078 1866 1113 ἐξαγίων.

1075 1128 1211 1164 Ἧμιόλιοι
1225 1127 1254 1154 δέ
1267 1128 1336 1154 εἰσιν
1349 1128 1374 1153 οἱ
1385 1127 1496 1162 ἡμίσεις
1509 1126 1555 1152 τοῦ
1568 1126 1628 1152 ὅλου
1642 1127 1723 1152 τόκου
1739 1126 1799 1152 τῶν
1811 1126 1868 1151 δὼ-

1068 1176 1134 1202 δεκα
1147 1175 1336 1210 νομισμάτων,
1354 1173 1414 1208 ἦτοι
1434 1173 1467 1200 τὰ
1478 1173 1525 1206 ἓξ’
1540 1173 1570 1199 οὺ
1593 1173 1646 1208 μὴν
1660 1172 1697 1204 ὡς
1722 1171 1789 1203 ἔθος
1807 1174 1868 1203 τοῖς

1069 1221 1262 1258 ἀριθμητικοῖς
1285 1220 1378 1247 καλεῖν
1388 1220 1438 1251 τὰς
1456 1219 1511 1246 τῶν
1529 1219 1655 1254 ἀριθμῶν
1670 1218 1723 1245 ὑπὸ
1739 1220 1773 1244 τὸ
1794 1219 1868 1254 πρός

1068 1277 1094 1295 τι
1109 1267 1259 1303 ποσότητας
1274 1267 1315 1293 ὅτι
1332 1266 1407 1300 ὁμὲν
1429 1265 1459 1298 ἒξ
1479 1265 1571 1299 τυχὸν,
1589 1264 1712 1299 ήμιόλιὸς
1726 1265 1790 1291 ἐστι
1818 1264 1865 1290 τοῦ

1068 1314 1212 1349 τετάρτου,
1229 1311 1304 1344 οὗτος
1319 1312 1348 1339 δὲ
1371 1311 1478 1338 ἐκείνου
1507 1310 1682 1345 ὑφημιόλιος.
1710 1309 1798 1337 Ἀλλά
1818 1311 1865 1336 καὶ

1068 1361 1124 1391 τοῖς
1145 1359 1181 1394 μὴ
1204 1358 1300 1393 ἀνέδην
1324 1358 1403 1384 τοῦτο
1421 1357 1554 1391 μετιοῦσι,
1577 1356 1771 1391 σοφιζομένοις
1783 1356 1814 1382 δὲ
1830 1357 1865 1382 τὰ

1069 1406 1116 1432 τοῦ
1129 1405 1302 1441 πράγματος,
1318 1405 1357 1440 τῷ
1374 1405 1410 1439 μὴ
1426 1403 1528 1430 ἁλῶναι
1553 1402 1742 1438 παρανομίας,
1760 1403 1864 1434 οἵτινες

1068 1453 1116 1480 καὶ
1139 1452 1243 1488 ἑτέροις
1268 1451 1469 1487 ἐγχειρίζοντες
1497 1450 1637 1485 χρήματα,
1651 1449 1682 1475 τὺ
1696 1449 1750 1484 μὲν
1764 1448 1863 1484 κέρδος

1069 1498 1162 1532 ὲξίσης
1183 1495 1358 1532 συμφωνοῦσι
1374 1497 1508 1531 μερίζειν,
1521 1496 1571 1531 τῆς
1586 1496 1614 1522 δὲ
1633 1495 1736 1530 ζημίας
1755 1495 1795 1530 μὴ
1807 1504 1864 1521 κοιρ

1066 1546 1177 1572 νωνεῐν·
1205 1544 1263 1574 τοῖς
1285 1543 1317 1577 δὴ
1345 1544 1457 1570 τοιαῦτα
1474 1541 1664 1577 τεχνάζουσιν,
1693 1541 1710 1576 ἢ
1724 1541 1824 1577 ἕτερόν
1837 1550 1863 1567 τι

1065 1591 1161 1626 κέρδος
1188 1590 1340 1617 ἐπινοοῦσιν
1353 1590 1476 1625 αἰσχρὸν,
1494 1589 1681 1624 καθαιρέσεως
1695 1589 1752 1616 δεῖν
1769 1589 1861 1615 οἴεται

1065 1637 1143 1670 δίκην
1156 1637 1314 1671 λαγχάνειν,
1326 1636 1374 1662 καὶ
1387 1635 1436 1662 τοῦ
1450 1636 1553 1670 κλήρου
1567 1634 1726 1670 ἀλλοτριοῦν
1739 1642 1747 1650 ·
1763 1635 1861 1669 φιλαν-

1067 1683 1240 1718 θρωπότερον
1259 1682 1280 1709 δ’
1303 1682 1336 1709 ἂν
1361 1681 1406 1716 είη
1427 1681 1458 1708 τὸ
1473 1681 1542 1716 μετὰ
1561 1681 1769 1716 παραγγελίαν,
1788 1681 1860 1708 κατὰ

1066 1729 1112 1756 τὸν
1125 1729 1254 1764 ἀνωτέρω
1273 1728 1453 1756 smmum
1471 1727 1586 1754 κανόνα.

1102 1822 1143 1848 Τὰ
1161 1820 1232 1848 αὐτὰ
1247 1820 1302 1856 γὰρ
1315 1820 1362 1846 καὶ
1375 1821 1388 1846 ό
1407 1819 1421 1846 ι’
1437 1821 1488 1855 τῆς
1499 1820 1584 1855 ἕκτης
1601 1819 1681 1853 λέξας
1697 1819 1824 1853 συνόδου,
1843 1820 1857 1854 ἢ

1066 1868 1234 1899 παύσασθαι,
1253 1868 1269 1903 ἢ
1287 1867 1479 1902 καθαιρεῖσθαι
1491 1866 1545 1893 τῶν
1564 1865 1706 1901 κληρικῶν
1731 1866 1801 1898 τοὺς
1816 1874 1858 1892 το·

1067 1915 1220 1949 κογλὺφους
1238 1914 1356 1941 κελεύει.

1101 1960 1212 1991 Τούτοις
1223 1960 1321 1987 ἕπεται
1336 1959 1383 1986 καὶ
1398 1960 1412 1986 ό
1427 1959 1476 1994 τῆς
1489 1959 1517 1986 ἐν
1537 1958 1683 1994 Λαοδικείᾳ
1697 1959 1717 1985 δ’
1735 1958 1839 1986 κανών.

1108 2005 1139 2033 '0
1150 2006 1179 2032 δι
1193 2005 1244 2040 τῆς
1259 2006 1288 2032 ὲν
1305 2005 1470 2042 Καρθαγένῃ
1485 2005 1516 2038 ε’,
1533 2005 1589 2040 Τὴν
1604 2005 1760 2040 ἀπληστίαν
1789 2006 1855 2032 πάν-

1067 2061 1121 2079 των
1135 2052 1190 2079 τῶν
1202 2052 1296 2079 κακῶν
1313 2050 1383 2079 εἶναι
1400 2052 1517 2087 μητέρα,
1529 2051 1628 2085 οὐδεὶς,
1645 2051 1740 2087 φησιν,
1751 2051 1854 2086 ἁγνοί·

1066 2099 1170 2133 ταύτην
1185 2096 1231 2126 οὖν
1247 2098 1439 2133 περιαιρετέον
1451 2098 1621 2130 παντάπασι,
1630 2099 1678 2124 καὶ
1688 2098 1727 2134 μὴ
1742 2099 1854 2133 κέρδους

1066 2144 1180 2179 αίσχροῦ
1196 2146 1277 2180 χάριν
1288 2148 1352 2175 τοὺς
1368 2143 1422 2170 τῶν
1450 2143 1581 2179 Πατέρων
1606 2143 1687 2179 ὅρους
1714 2144 1855 2179 παραϐαί-

1066 2199 1133 2224 νειν,
1147 2191 1194 2217 καὶ
1209 2190 1247 2226 μὴ
1260 2190 1358 2223 ἐξεῖναι
1377 2190 1502 2226 κληρικῷ
1525 2190 1572 2225 ἀφ’
1586 2190 1748 2226 οῑουδήποτε
1763 2191 1854 2226 πράγ-

1067 2245 1152 2272 ματος
1163 2237 1242 2264 τόκον
1254 2237 1356 2265 λαϐεῖν.
1381 2237 1504 2269 Δανείζει
1522 2238 1576 2272 γάρ
1592 2245 1634 2268 τις
1649 2237 1701 2264 οὐκ
1721 2237 1853 2274 ἀργύριον

1044 2298 1047 2299 ν
1067 2284 1159 2318 μόνον,
1171 2283 1240 2310 ἀλλά
1251 2283 1296 2310 καὶ
1312 2285 1396 2316 σῖτον,
1412 2285 1458 2310 καὶ
1472 2281 1553 2316 οἶνον,
1567 2283 1614 2309 καὶ
1625 2283 1725 2318 ἔλαιον,
1739 2292 1851 2319 συμφω-

1065 2329 1173 2361 νοῦντος
1197 2329 1244 2356 τοῦ
1265 2329 1404 2357 δανειστοῦ
1424 2330 1494 2366 μετὰ
1518 2331 1563 2357 τὸν
1577 2331 1732 2366 ὡρισμένον
1757 2331 1851 2366 καιρίν

1065 2375 1123 2401 τόδε
1139 2384 1164 2402 τι
1181 2375 1311 2402 ἐπέκεινα
1339 2375 1443 2404 δοῦναι.
1471 2377 1539 2412 Περὶ
1556 2378 1611 2412 γὰρ
1624 2373 1661 2403 ῶν
1677 2377 1702 2403 οἱ
1719 2376 1787 2404 θεῖοι
1795 2378 1850 2412 ,Πα-

1064 2421 1142 2456 τέρες
1156 2422 1315 2455 ὲθέσπισαν,
1326 2423 1356 2448 οὐ
1367 2423 1408 2448 δεῖ
1423 2422 1592 2457 ψηφίζεσθαι
1607 2423 1654 2449 καί
1662 2422 1847 2457 βουλεύεσθαι,

1065 2468 1122 2495 ἀλλ’
1143 2468 1256 2495 ἔπεσθαι
1283 2469 1368 2503 μηδὲν
1394 2469 1584 2503 ἀντιλέγοντας
1600 2468 1616 2504 ἢ
1635 2468 1848 2504 περιεργαζομέ-

1064 2524 1126 2546 νους
1138 2524 1144 2530 ·
1163 2516 1186 2541 εί
1202 2515 1267 2549 γοῦν
1278 2515 1308 2541 τὸ
1324 2515 1445 2542 τοιοῦτον
1461 2516 1567 2547 λαῐκοῖς
1586 2515 1686 2546 ὄνειδος
1706 2517 1787 2550 φέρει
1805 2514 1846 2541 καὶ

1065 2562 1179 2596 μέμψιν,
1192 2561 1281 2597 πολλῷ
1298 2562 1385 2597 δήπου
1401 2561 1552 2597 κληρικοῖς.

1105 2650 1136 2676 '0
1147 2650 1174 2677 δὲ
1194 2649 1282 2686 μέγας
1308 2649 1457 2682 Βασίλειος,
1476 2651 1504 2676 ὲν
1522 2650 1552 2677 ιδ’
1577 2651 1681 2684 κανόνι,
1706 2651 1736 2677 '0
1755 2652 1843 2682 τόκους

1063 2697 1208 2729 λαμϐάνων
1219 2697 1358 2732 κληρικλις,
1372 2698 1448 2732 φησὶ,
1460 2699 1507 2723 ὲὰν
1518 2698 1700 2732 καταδέξηται
1716 2699 1746 2724 τὸ
1758 2699 1842 2726 ἄδικον

1061 2743 1156 2778 κέρδος
1175 2744 1292 2777 πτωχοῖς
1307 2741 1457 2774 ἀναλῶσαι,
1477 2742 1521 2768 καὶ
1540 2743 1682 2769 είσέπειτλ
1696 2743 1727 2769 τὸ
1741 2744 1789 2778 τῆς
1806 2751 1843 2775 φι-

1061 2788 1247 2824 λοχρηματίας
1271 2788 1440 2822 φυλάξασθαι
1469 2790 1586 2824 νόσημα,
1609 2789 1703 2821 δεκτός
1717 2791 1792 2816 ἐστιν
1808 2791 1840 2819 εἰς

1062 2835 1231 2870 ἱερωσύνην·
1261 2835 1355 2865 ἐπειδὴ
1385 2843 1431 2861 και
1467 2835 1580 2871 ἑτέρωθί
1600 2844 1704 2871 φησιν·
1739 2836 1768 2863 ’0
1797 2835 1839 2871 μὲν
