1875 3059
193 128 245 160 170

777 143 804 172 Μ
810 143 959 175 ᾹΤΤΗΕΙ
983 146 1051 177 HLA
1057 147 1196 179 STARIS

1766 155 1821 186 150

191 187 264 214 inter
295 189 464 221 voluntarios
499 194 651 224 homicidas
679 199 889 233 reptttabuntur.
922 202 966 232 lmg

1062 213 1098 245 ως
1129 207 1158 232 ἐν
1184 207 1240 238 τοῖς
1261 207 1392 240 ἑκουσίως
1408 208 1552 242 φονεύουσι
1575 211 1818 245 καταλογίζονται.

191 237 216 259 rt
241 241 302 268 quae
329 236 455 265 abortum
483 240 583 268 cientia
611 242 808 272 medicamenta
838 246 972 280 praebent,

191 279 231 305 νυΙ
266 289 327 315 quae
343 284 480 319 recipiunt
511 294 613 314 venena
643 288 739 316 [mlum
773 279 898 319 necantia
929 299 973 321 aut

191 325 401 360 praecipitantia,
426 329 492 356 nihil
510 330 590 365 plane
611 340 626 358 a
643 333 804 363 voluntariis
830 336 973 365 ltonticidis

191 370 331 399 diﬂ‘erunt.

224 416 252 443 In
264 424 370 446 canone
382 425 473 449 autem
498 423 553 450 43:
587 424 719 459 Quisquis
745 427 847 455 vulnus
873 428 974 456 letltale

185 462 280 490 vicino
295 464 434 499 indixerit,
462 467 520 496 sive
541 469 615 504 prior
632 477 779 506 aggressus
804 473 852 506 sit,
870 473 927 501 sive
942 481 973 502 se

135 525 142 533 .
189 509 350 544 defenderit,
368 512 504 542 homicida
519 519 573 543 est.

221 557 311 592 Atque
325 565 430 588 canone
445 561 498 589 56:
518 562 570 595 Qui
586 569 639 591 sua
650 570 748 598 sponte
775 565 928 600 interfecit,
946 573 974 596 et

188 608 279 636 postea
293 606 455 639 pmnitentia
471 607 572 636 ductus
591 609 684 641 fuerit.
710 618 758 645 per
772 612 807 639 20
823 619 913 640 annos
929 622 973 641 sa—

187 657 233 676 rra
249 652 443 679 communione
461 654 629 689 privabitur;
646 656 748 684 scilicet
762 658 842 685 annis
856 665 973 693 quatuor

187 701 263 722 extra
281 697 353 724 fores
365 700 478 726 oratorii
491 704 567 728 stans
585 706 611 728 et
631 702 707 734 ﬂens.
725 708 751 729 et
766 705 852 738 palam
867 705 973 733 denun-

187 741 261 769 tians
275 743 378 770 crimen
391 751 482 778 suum,
507 751 589 780 atque
604 755 704 782 rogans
722 750 814 777 ﬁdeles
826 750 971 784 intrantes,

187 791 217 813 ut
233 795 282 821 pro
296 789 356 823 ipso
371 789 455 817 Deum
483 793 587 827 precari
604 794 708 826 Velint;
739 800 795 822 tum
820 803 868 831 per
891 797 973 832 quin-

187 835 337 868 quennium
356 843 408 863 una
425 844 486 864 cutn
508 839 680 868 audientibus
704 842 878 876 egredietur;
908 844 971 871 dcin

186 886 289 914 septem
308 883 387 910 annis
405 884 486 911 simttl
503 892 564 912 cum
581 887 728 915 substratis
744 893 807 914 ante
822 889 923 916 [initam
939 890 974 917 li-
990 879 1010 907 Β

187 927 303 962 turgiam
320 929 415 957 exibit.
429 930 457 957 In
474 931 586 966 reliquis
601 938 731 967 quatuor.
746 934 861 968 pedibus
876 935 971 969 stabit,

186 978 212 1000 et
231 974 281 1002 hoc
295 975 374 1003 faciet
391 977 522 1006 continuo
538 979 564 1006 in
585 979 768 1008 celebratione
781 980 969 1010 Eucharistia.

221 1064 242 1090 Δ
259 1071 432 1093 sacramento
444 1070 534 1094 autem
552 1067 732 1096 Eucharistite
745 1076 793 1104 per
808 1070 970 1098 decennium

184 1110 307 1137 excludit
323 1111 485 1139 homicidam
501 1113 714 1141 involuntarium
748 1123 836 1142 canon
853 1116 898 1144 57.
920 1116 972 1143 Ve-

186 1164 245 1183 rum
263 1156 288 1183 in
310 1164 416 1185 canonc
441 1159 475 1185 54
499 1167 549 1194 pro
570 1161 677 1188 ratione
702 1161 970 1190 circumstantiarum

185 1209 280 1236 pmnas
303 1202 447 1230 homicida:
463 1204 638 1232 involuntarii
655 1206 756 1233 remitti
781 1207 822 1234 vel
844 1207 970 1235 roborari

185 1249 271 1283 iubet.

227 1297 310 1330 atque
325 1295 350 1322 in
363 1303 424 1324 can.
444 1297 474 1324 Η
504 1298 628 1325 Sumcere
645 1298 760 1325 atlirmat
787 1300 815 1327 id
842 1300 970 1335 supplicii

185 1341 369 1370 iuvoluntnrie
392 1343 579 1375 interlicienti,
606 1344 678 1378 qttod
703 1346 828 1373 undecim
851 1354 939 1374 annos
955 1355 970 1374 a

185 1389 377 1416 communione
409 1390 552 1417 abstineat.
575 1391 687 1418 Excedit
702 1392 774 1419 enim
796 1393 867 1419 istud
888 1393 969 1420 etiam

185 1435 374 1469 pra-scriptum
389 1436 476 1463 sacris
491 1437 643 1464 cauouibus
659 1443 777 1472 tempus.
803 1439 897 1471 Quoad
910 1439 971 1467 illos

184 1481 231 1515 qui
247 1482 368 1516 percussi
386 1488 461 1515 sunt,
478 1483 560 1518 legent
574 1483 720 1511 Mosaicam
734 1485 880 1513 observare
889 1493 970 1521 opor-

184 1532 241 1555 tet:
259 1533 286 1555 et
303 1528 376 1556 ltnnc
389 1529 509 1564 quidem,
525 1531 570 1565 qui
587 1536 698 1566 propter
713 1533 807 1567 plagas
828 1532 968 1566 dccttbuit,

185 1581 225 1600 rut
234 1581 281 1602 sus
293 1579 383 1602 tatnen
415 1575 513 1604 baculo
524 1585 573 1603 suo
588 1578 698 1605 innixus
708 1578 837 1609 ambulat.
849 1581 970 1606 occisum

184 1628 245 1647 esse
261 1621 553 1655 minimecxistimare;
568 1624 611 1650 sin
624 1629 715 1650 autent
731 1629 792 1658 post
803 1625 904 1652 vulnus
916 1633 970 1653 non

185 1669 318 1701 surrexit,
330 1670 392 1704 quia
406 1678 467 1697 eum
482 1671 566 1698 nollet
579 1672 735 1700 interﬁcere
745 1673 790 1707 qui
807 1673 971 1703 verberavit.

188 1715 321 1742 nomicida
334 1717 451 1750 quidem
482 1722 533 1749 est.
560 1717 606 1744 sed
636 1718 836 1746 involuntarius
864 1723 972 1753 propter

188 1763 367 1796 propositum.

219 1808 314 1836 Canon
343 1814 430 1836 autetn
447 1809 482 1837 22
495 1810 590 1846 synodi
619 1809 850 1838 Neocaesariensis
867 1818 913 1838 eos
925 1811 970 1845 qui

187 1863 212 1882 tn
232 1855 408 1883 homicidium
425 1856 640 1884 involuntarium
670 1858 804 1888 incidunt,
823 1858 871 1888 ait.
897 1860 972 1893 prior

187 1902 346 1929 constitutio
374 1910 422 1937 per
446 1904 620 1938 septennium
653 1903 860 1931 communicare
876 1909 970 1938 vetat,

187 1949 321 1982 posterior
336 1953 426 1975 autettt
442 1949 660 1983 quinquennium
673 1949 820 1983 adimplere
835 1949 923 1983 jubet.

220 1994 314 2022 Canon
339 2002 404 2023 vero
430 1995 466 2023 23
483 1995 632 2023 homicidas
651 1995 821 2023 voluntarios
849 1996 875 2022 in
897 1995 974 2022 exitu

187 2041 248 2068 vita:
263 2041 295 2067 ad
321 2042 540 2069 communionem
568 2041 674 2069 admitti
698 2041 786 2076 jubet.
813 2041 853 2068 Tu
881 2046 970 2069 tamen

187 2087 278 2121 potius
294 2094 410 2121 sequere
430 2094 549 2114 canones
562 2088 652 2123 magni
670 2087 775 2115 Basilii.

415 2134 492 2161 CAP.
509 2133 550 2162 Vl.
571 2135 607 2161 De
618 2136 740 2163 suicidis.

222 2180 291 2207 Vide
310 2180 342 2206 t2
355 2188 414 2215 cap.
433 2181 486 2208 litt.
502 2180 534 2208 Β.

1027 243 1082 276 Κατ,
1096 250 1124 276 αἱ
1140 250 1173 278 τὰ
1187 252 1375 287 ὲμϐρυοκτόνα
1389 255 1479 281 τοίνυν
1498 243 1687 290 ἑπορέγουσαι
1704 257 1721 291 ἦ
1737 258 1820 293 δεχό-

1027 303 1107 328 μεναι
1127 297 1272 333 φάρμακα,
1288 298 1326 330 ὡς
1350 299 1538 335 ἀμϐλωθρίδια
1561 305 1741 337 προενεγκεῖν
1766 305 1819 331 καὶ

1025 341 1102 376 ἄωρα
1118 342 1152 369 τὰ
1167 344 1338 379 γεννήματα,
1357 345 1432 372 οὐδὲν
1459 347 1515 378 τοῖς
1539 347 1629 374 ἑκοντὶ
1651 349 1819 383 φονεύουσιν

1024 387 1195 416 ἀπεοίκασιν.
1245 406 1249 410 -

1067 433 1112 460 Ἐν
1127 434 1157 461 δὲ
1173 434 1212 470 τῷ
1228 439 1283 470 μγ’,
1297 437 1402 469 Ὀστις,
1417 441 1493 473 φησὶ,
1515 439 1630 467 θανάτου
1653 442 1765 477 πληγὴν
1777 443 1821 477 τῷ

1025 480 1140 515 πλησίον
1149 480 1259 516 δέδωκε,
1274 483 1372 517 φονεύς
1383 484 1468 517 ἐστιν,
1479 485 1536 512 ιῖτε
1547 484 1615 522 ἦρξε
1627 488 1677 521 τῆς
1689 488 1816 524 πληγῆς,

1025 525 1080 553 ε-ῐτε
1097 527 1232 562 ἠμύνατο.

1065 572 1110 600 Ἐν
1125 573 1154 600 δὲ
1171 573 1209 609 τῷ
1222 578 1277 607 νς¹,
1295 575 1326 602 '0
1340 576 1429 603 ἑκοντὶ
1448 577 1593 611 φονεύσας,
1609 578 1706 605 ἔπειτα
1728 588 1818 614 μετα-

1024 618 1162 653 μεληθεὶς,
1184 621 1224 652 είς
1237 620 1262 647 κ’
1276 621 1324 656 ἔτη
1346 622 1396 657 τῆς
1417 623 1561 655 κοινωνίας
1586 624 1712 651 ἐκποδὼν
1736 625 1820 652 ἔσται

1023 663 1077 690 τῶν
1091 665 1281 700 ἁγιασμάτων,
1297 667 1326 692 ὲν
1340 667 1489 701 τέσσαρσιν
1499 669 1588 696 ἐτεσιν
1601 670 1653 704 ἔξω
1664 672 1714 706 τῆς
1726 671 1820 705 θύρας

1023 709 1070 735 τοῦ
1087 710 1236 745 εὐκτηρίου
1253 711 1338 744 ἑστὼς
1351 713 1398 740 καὶ
1413 714 1601 749 προσκλαίων,
1615 716 1663 743 καὶ
1677 716 1728 750 τὴν
1744 715 1823 742 ίδεαν

1023 756 1194 791 ἐξαγορεύων
1218 758 1404 793 παρανομίαν,
1429 760 1482 786 τῶν
1499 762 1640 788 εἰσιόντων
1661 770 1690 788 τε
1706 762 1820 788 πιστῶν

1023 802 1150 836 δεόμενος
1165 802 1249 838 εὐχὴν
1260 803 1331 838 ὑπὲρ
1343 804 1426 831 αὑτοῦ
1440 806 1589 833 ποιεῖσθαι·
1603 807 1631 832 ὲν
1644 807 1725 834 πέντε
1737 808 1819 833 ἔτεσι

1026 848 1095 883 μετά
1110 849 1164 874 τῶν
1189 849 1375 884 ἀκροωμένων
1400 850 1571 882 ἐξελεύσεται
1584 871 1592 884 ,
1617 853 1664 879 καὶ
1685 850 1768 884 αὖθις
1784 854 1821 879 ἐν

1025 893 1094 920 ἑπτὰ
1110 895 1177 928 μετὰ
1202 895 1258 921 τῶν
1285 897 1313 922 tv
1337 896 1493 924 ὑποπτώσει
1521 897 1596 925 ἔνδον
1626 898 1657 925 οὐ
1676 900 1756 933 μενεῖ
1770 900 1821 926 διὰ

1024 941 1130 972 τέλους·
1148 942 1176 967 ὲν
1202 943 1258 974 τοῖς
1281 942 1384 974 λοιποῖς
1400 944 1533 978 τέσσαρσι
1557 945 1743 979 συστήσεται·
1766 947 1820 971 καὶ

1024 986 1110 1014 ταῦτα
1124 987 1271 1022 διηνυκὼς,
1287 990 1317 1016 ὲν
1335 989 1445 1024 μεθέξει
1459 990 1514 1017 τῶν
1533 991 1713 1027 ἀγιασμάτων
1728 993 1821 1026 γενή‹

1026 1040 1113 1060 σεται.

1060 1078 1111 1106 Τὸν
1123 1078 1152 1105 δὲ
1171 1079 1305 1111 ἀκουσίως
1325 1081 1510 1114 πεφονευκότα
1541 1082 1570 1108 tv
1583 1081 1621 1117 τῷ
1635 1082 1674 1114 νζ⁶
1686 1084 1727 1115 είς
1746 1083 1819 1110 δέκα

1025 1124 1073 1158 ἐτη
1088 1124 1138 1159 τῆς
1151 1124 1207 1150 τῶν
1234 1125 1412 1160 ἀγιασμάτων
1435 1127 1580 1158 κοινωνίας
1606 1127 1744 1163 ἀπείργει.
1769 1128 1821 1154 Ἐν

1024 1170 1051 1196 δὲ
1070 1169 1109 1204 τῷ
1132 1170 1168 1196 νδ¹
1186 1171 1256 1197 κατά
1281 1171 1311 1197 τὸ
1334 1171 1432 1206 ἰδίωμα
1471 1172 1522 1206 τῆς
1550 1173 1739 1207 περιστάσεως
1764 1173 1819 1200 τοῦ

1025 1216 1162 1247 ἀκουσίως
1174 1216 1353 1251 φονεύσαντος
1366 1217 1382 1252 ἦ
1399 1218 1517 1252 ὑφεῖναι,
1529 1218 1546 1254 ἢ
1558 1219 1691 1245 ἐπιτεῖναι
1703 1218 1820 1246 κελεύει

1025 1263 1058 1290 τὰ
1073 1263 1208 1297 ἐπιτίμια.

1068 1309 1112 1335 Ἐν
1131 1309 1159 1335 δέ
1175 1317 1205 1343 γε
1219 1309 1257 1344 τῷ
1275 1308 1310 1337 ια’
1324 1310 1490 1345 ἀποχρῶσαν
1516 1308 1588 1346 εἷναί
1614 1319 1681 1346 φησι
1697 1311 1820 1338 καταδί-

1024 1365 1076 1392 κην
1095 1356 1134 1390 τῷ
1149 1357 1284 1388 ἀκουσίως
1299 1357 1470 1391 φονεύσαντι,
1483 1357 1512 1384 τὸ
1529 1358 1575 1384 ἐπὶ
1594 1358 1689 1385 ἕνδεκα
1706 1358 1754 1393 ἐτη
1774 1358 1818 1394 μὴ

1025 1401 1201 1437 κοινωνῆσαι·
1220 1403 1396 1437 ὑπερϐέϐηκε
1416 1404 1470 1438 γὰρ
1493 1404 1539 1430 καὶ
1557 1404 1602 1430 τὸν
1617 1404 1820 1438 τετυπωμένον

1025 1449 1080 1479 τοῖς
1096 1448 1191 1474 κανόσι
1209 1449 1316 1483 καιρόν.
1334 1449 1396 1476 Ἐπὶ
1409 1449 1438 1475 δὲ
1452 1449 1506 1475 τῶν
1519 1449 1687 1484 πληγέντων,
1703 1449 1736 1476 τὰ
1748 1450 1821 1476 Μω-

1026 1497 1095 1528 σέως
1123 1497 1384 1532 παρατηρήσωμεν·
1401 1497 1448 1524 καὶ
1467 1497 1512 1524 τὸν
1538 1497 1735 1524 κατακλιθέντα
1762 1497 1819 1531 μὲν

1026 1542 1079 1569 ὑπὸ
1093 1543 1146 1568 τῶν
1163 1543 1288 1578 πληγῶν,
1302 1542 1335 1573 a;
1351 1542 1440 1575 ἔλαϐε,
1462 1543 1609 1577 βαδίσαντα
1623 1543 1652 1570 δὲ
1666 1543 1749 1569 πάλιν
1767 1545 1819 1569 ἐπὶ

1024 1590 1055 1623 τῇ
1071 1589 1168 1614 ἑαυτοῦ
1188 1588 1288 1623 ῥάϐδῳ,
1302 1589 1332 1614 οὐ
1343 1588 1506 1623 λογισόμεθα
1521 1587 1717 1623 πεφονεῦσθαι.
1737 1589 1769 1614 El
1786 1589 1820 1614 δὲ

1023 1635 1073 1660 οὐκ
1092 1634 1222 1669 ἐξανέστη
1251 1634 1320 1669 μετὰ
1346 1634 1395 1666 τὰς
1421 1635 1539 1670 πληγὰς,
1566 1634 1624 1661 ἀλλ’
1647 1632 1694 1660 οὖν
1710 1634 1750 1669 τῷ
1773 1635 1818 1669 μὴ

1023 1680 1189 1715 προελέσθαι
1214 1680 1295 1707 αὑτὸν
1313 1681 1429 1712 ἀνελεῖν,
1447 1682 1461 1707 ὁ
1474 1681 1618 1715 τυπτὴσας
1634 1681 1730 1715 φονεὺς
1750 1681 1819 1715 μὲν,

1023 1726 1080 1752 ἀλλ’
1095 1727 1223 1758 ἀκούσιος
1236 1727 1280 1753 διὰ
1294 1727 1343 1762 τὴν
1359 1727 1501 1762 πρόθεσιν.

1065 1816 1094 1843 '0
1113 1815 1141 1842 δὲ
1167 1815 1216 1850 τῆς
1243 1816 1272 1842 tv
1301 1816 1422 1852 ’Ᾱγκύρᾳ
1445 1816 1555 1844 συνόδου
1581 1816 1671 1844 κανὼν
1689 1815 1818 1850 ιβ’τοῦς

1023 1862 1145 1896 ἀκουσίῳ
1160 1863 1233 1897 φόνῳ
1248 1865 1460 1897 περιπεσόντας,
1475 1863 1554 1898 φησὶ,
1571 1864 1585 1890 ὁ
1610 1863 1658 1898 μὲν
1678 1863 1818 1898 πρότερος

1023 1909 1085 1942 ὅρος
1100 1910 1128 1935 tv
1147 1907 1278 1943 ἐπταετίᾳ
1293 1908 1400 1935 κελεύει
1414 1908 1460 1935 τοῦ
1473 1908 1576 1935 τελείου
1596 1909 1633 1943 μὴ
1652 1909 1816 1942 μετασχεῖν·

1023 1956 1037 1981 ὁ
1051 1954 1078 1980 δὲ
1093 1954 1217 1989 δεύτερος
1234 1954 1279 1981 τὸν
1295 1955 1430 1989 πενταετῆ
1445 1955 1542 1990 χρόνον
1555 1954 1710 1989 πληρῶσαι.

1066 1999 1095 2027 '0
1109 2000 1138 2027 δὲ
1155 2003 1198 2034 κγ’
1210 2001 1272 2031 τοὺς
1290 2000 1420 2031 ἑκουσίως
1432 2000 1619 2035 φονεύσαντας
1644 1999 1673 2026 ὲν
1688 1999 1728 2034 τῷ
1739 1999 1818 2026 τέλει

1022 2047 1070 2073 τοῦ
1083 2047 1140 2081 βίου
1152 2046 1202 2080 τῆς
1215 2046 1359 2078 κοινωνίας
1371 2046 1516 2079 ἀξιοῦσθαι
1529 2046 1646 2074 κελεύει.
1659 2046 1696 2072 Σὺ
1713 2046 1742 2072 δὲ
1755 2047 1817 2077 τοῖς

1023 2092 1069 2120 τού
1088 2093 1205 2128 μεγάλου
1221 2093 1362 2119 Βασιλείου
1378 2093 1479 2127 μᾶλλον
1495 2093 1589 2120 πείθου
1608 2093 1730 2120 κανόσιν.

1076 2138 1202 2167 ΚΕΦᾹΛ.
1223 2137 1268 2173 ς’.
1283 2138 1353 2174 Περὶ
1365 2139 1425 2166 τῶν
1439 2140 1632 2173 φονευόντων
1644 2139 1786 2173 ἑαυτούς.

1060 2187 1141 2220 Ζήτει
1154 2187 1184 2212 τὸ
1198 2185 1232 2222 ιβ’
1251 2186 1402 2220 κεφάλαιον
1418 2186 1465 2213 τοῦ
1478 2187 1499 2212 Β
1513 2187 1659 2222 στοιχείου.

187 2237 266 2273 255
282 2237 358 2265 CAP.
376 2237 432 2265 νη.
458 2238 502 2280 [ζα
522 2238 639 2280 trudibus
653 2238 763 2272 bellicis,
789 2243 815 2266 σι
836 2238 966 2266 latronum

1062 2244 1148 2271 ΕΦΑΔ.
1170 2244 1208 2272 Ζ’,
1222 2243 1295 2280 Περὶ
1310 2243 1372 2270 τῶν
1388 2244 1491 2280 φόνων
1511 2244 1572 2270 τῶν
1596 2244 1630 2271 ἐν
1653 2245 1814 2280 πολέμοις,

464 2274 688 2307 interfectoribus.

221 2319 338 2355 Magnos
348 2327 413 2347 sane
423 2320 600 2353 Athanasius,
614 2321 640 2347 in
651 2319 767 2355 epistola
779 2319 811 2347 ad
826 2319 951 2347 Ammum
963 2339 971 2352 ,

187 2368 330 2396 nominem
356 2369 493 2400 occidere.
515 2368 616 2403 inquit,
642 2376 695 2396 non
721 2368 796 2400 licet,
815 2368 862 2395 sed
882 2373 972 2395 tamen

187 2416 278 2443 hostes
297 2415 323 2442 in
346 2415 416 2443 bello
432 2415 586 2442 interﬁcere
604 2419 632 2442 et
659 2414 733 2446 licet,
748 2418 775 2442 et
795 2414 874 2441 laude
890 2414 971 2441 etiam

186 2462 297 2498 dignum
309 2467 363 2491 est.

221 2508 335 2544 Magnus
370 2514 461 2537 autem
491 2510 608 2538 Basilius
636 2510 663 2537 in
688 2518 750 2537 can.
783 2509 816 2536 l5
836 2529 843 2542 ,
866 2508 972 2539 Caedes.

187 2555 287 2590 inquit,
312 2555 424 2583 bellicas
450 2555 544 2584 Patres
572 2557 659 2583 nostri
682 2555 828 2582 homicidia
844 2562 905 2591 esse
921 2554 973 2580 mi-

188 2601 263 2628 niute
278 2601 454 2636 reputabant,
474 2602 657 2636 iguosreutes,
679 2605 708 2627 ut
726 2601 792 2627 tuibi
807 2599 923 2631 videtur,
938 2599 972 2626 iis

188 2647 234 2682 qui
254 2655 303 2681 pro
325 2648 424 2674 virtute
438 2651 465 2675 et
482 2648 582 2682 pietate
604 2648 754 2675 decertant.
774 2646 856 2674 Recte
881 2651 972 2673 tamen

188 2694 240 2721 hoc
252 2693 362 2721 consilii
377 2693 485 2720 dedisse
497 2693 632 2725 videnlur,
649 2698 678 2721 ut
690 2702 703 2720 a
721 2693 915 2721 communione
923 2700 971 2728 per

187 2740 336 2767 triennium
367 2745 495 2774 tanquam
514 2741 642 2767 manibus
666 2740 767 2776 impuri
802 2740 969 2768 abstineam.

187 2785 280 2814 Laude
298 2786 371 2814 enim
386 2786 483 2822 dignos
500 2786 638 2814 existimat
651 2787 734 2814 etiam
746 2794 794 2814 eos
804 2791 916 2814 sanctus
926 2785 971 2812 hic

186 2835 268 2860 Pater
279 2833 324 2868 qui
337 2833 363 2860 in
375 2832 468 2861 hostes
482 2834 613 2868 impetum
630 2833 744 2864 faciunt.
755 2836 782 2860 et
791 2840 878 2867 genus
886 2831 968 2858 Citri-

187 2879 308 2908 stianum
326 2878 492 2913 defendunt;
512 2879 578 2915 quid
596 2880 670 2907 enim
689 2878 798 2906 illorum
816 2878 843 2905 in
860 2877 971 2905 tandem

1179 2279 1229 2306 καί
1242 2278 1302 2306 τῶν
1313 2279 1507 2313 φονευόντων
1521 2279 1652 2313 λῃστάς.

1065 2327 1095 2353 Ὀ
1119 2326 1168 2361 μὲν
1187 2325 1272 2361 μέγας
1299 2325 1457 2357 Ἀθανάσιος
1485 2325 1514 2352 tv
1539 2327 1572 2361 τῇ
1590 2325 1658 2361 πρὸς
1687 2325 1816 2361 Ἀμμοῦν

1024 2372 1163 2407 ἐπιστολῇ,
1187 2372 1311 2398 Φονεύειν
1323 2371 1373 2398 οὐκ
1388 2371 1487 2404 ἔξεστι,
1510 2372 1604 2406 φησὶν,
1629 2371 1687 2399 ἀλλ’
1704 2373 1734 2398 ὲν
1761 2381 1816 2398 πο-

1023 2417 1100 2452 λέμῳ
1115 2418 1237 2452 ἀναιρεῖν
1260 2416 1325 2448 τοὺς
1347 2417 1522 2448 ἀντιπάλους,
1553 2417 1600 2444 καὶ
1626 2416 1740 2450 ἔννομον
1765 2418 1816 2444 καὶ

1023 2463 1136 2489 ἐπαίνου
1151 2463 1236 2495 ἀξιον.

1066 2509 1096 2535 ’0
1110 2509 1138 2535 δὲ
1157 2509 1242 2543 μέγας
1257 2508 1397 2539 Βασίλειος
1414 2509 1443 2535 tv
1457 2507 1496 2544 τῷ
1513 2507 1546 2542 ιγ’
1565 2508 1670 2539 κανόνι,
1693 2508 1765 2540 Τοὺς
1782 2509 1814 2535 tv

1024 2555 1154 2589 πολέμοις
1178 2554 1274 2589 φόνους
1289 2555 1314 2580 οί
1338 2555 1457 2589 Πατέρες
1473 2555 1564 2590 ἡμῶν,
1589 2556 1683 2590 φησὶν,
1702 2556 1732 2582 ὲν
1753 2558 1814 2588 τοῖς

1024 2601 1116 2635 φόνοις
1128 2601 1177 2627 οὐκ
1189 2600 1357 2635 ὲλογίσαντο,
1372 2602 1434 2635 ἐμοὶ
1445 2601 1528 2634 δοκεῖ,
1544 2602 1709 2636 συγγνώμην
1720 2602 1814 2634 δόντες

1023 2649 1079 2679 τοῖς
1102 2647 1173 2682 ὑπὲρ
1195 2647 1373 2683 σωφροσύνης
1389 2647 1435 2673 καὶ
1450 2647 1591 2678 εὐσεϐείας
1614 2647 1812 2682 ἀμυνομένοις.

1024 2694 1099 2727 Τάχα
1112 2693 1139 2719 δὲ
1156 2692 1246 2724 καλῶς
1273 2692 1329 2726 ἔχει
1359 2691 1566 2726 συμϐουλεύειν,
1583 2692 1622 2724 ὥς
1636 2692 1686 2724 τὰς
1713 2694 1814 2727 χεῖρας

1025 2740 1061 2774 μὴ
1073 2739 1222 2774 καθαροὺς,
1238 2738 1323 2773 τριῶν
1338 2737 1407 2764 ἑτῶν
1418 2738 1468 2772 τῆς
1485 2737 1629 2769 κοινωνίας
1644 2738 1812 2772 ἀπέχεσθαι,

1022 2786 1061 2811 Δι’
1080 2784 1191 2811 ίπαίνου
1206 2783 1261 2819 γὰρ
1277 2783 1382 2810 τίθεται
1397 2784 1444 2810 καὶ
1468 2784 1482 2809 ὁ
1503 2782 1645 2815 θεσπέσιος
1658 2780 1736 2814 οὗτος
1754 2784 1815 2809 Πα-

1022 2832 1084 2865 τὴρ,
1098 2830 1161 2861 τοὺς
1174 2830 1259 2864 ὁμόσε
1282 2830 1338 2860 τοῖς
1365 2829 1525 2861 ἀντιπάλοις
1552 2829 1681 2864 εὐψύχως
1711 2829 1813 2863 ἰόντας,

1023 2877 1070 2904 καὶ
1096 2876 1141 2904 τοῦ
1160 2875 1214 2902 τῶν
1233 2875 1406 2909 Χριστιανῶν
1431 2875 1528 2909 γένους
1552 2874 1808 2910 ὑπερασπίζοντας.
