1875 3059
149 132 197 165 187

749 139 931 170 ΜΛΤΤΗλ-ἘΙ
953 141 1162 174 BLASTARIS

1716 151 1775 183 188

182 190 208 216 Si
227 198 290 218 vero
305 191 454 220 snﬁ‘oeetur
469 193 542 222 fetus
559 197 706 227 antequam
722 194 807 222 lucem
825 196 926 228 videat,

1021 199 1045 225 El
1058 199 1085 224 δὲ
1099 200 1144 226 καὶ
1159 199 1311 234 ἀφώτιστον
1327 201 1356 228 δν
1377 203 1514 239 ἀπεπνίγη
1534 204 1563 230 τδ
1578 204 1689 239 βρέφος,
1709 207 1778 233 επι-

148 242 246 270 ντςιιιιιι
266 246 361 273 poenas
391 240 474 267 etiam
503 240 574 275 exigi
603 244 710 274 oportet
727 248 741 268 τι
770 243 930 276 parentibus

148 283 268 311 ofﬁcium
288 285 479 322 eleetuosyntc.
745 278 754 290 ἦ

487 344 567 380 Leges
572 365 579 372 .

186 398 365 427 llonticidium
381 409 395 428 a
409 401 551 430 voluntate
570 404 734 435 aestimatur.
751 412 784 432 an
803 407 931 440 proposi-

149 448 205 470 tutn
220 445 269 478 ipsi
285 445 365 472 fuerit
382 447 518 474 hominem
549 449 683 481 occidere,
706 458 740 476 an
757 458 822 478 non.
854 450 932 478 Unde

149 491 188 522 ﬁt,
203 495 232 516 ut
249 492 271 518 is
283 492 327 525 qui
344 492 482 519 hominem
498 495 626 528 percutit.
640 503 695 522 non
710 500 799 522 tatuen
818 497 930 528 occidit,

148 544 345 571 nonnunquam
364 543 494 574 tanquam
521 541 656 568 homicida
684 543 825 576 puniatur,
843 548 870 570 et
888 544 932 571 ille

148 583 194 616 qui
210 584 321 616 occidit,
334 593 395 611 cum
410 588 553 613 verberare
567 588 652 615 solum
662 589 758 622 voluit,
773 597 826 615 non
836 589 932 622 punia-

148 631 193 654 tur
209 635 238 655 ut
252 629 398 657 homicida.
423 631 539 658 Intentio
555 638 645 659 autem
674 634 755 660 anitni
771 642 803 661 ex
833 635 934 662 instru-

149 678 242 700 mento
264 675 432 702 verberantis
465 671 614 710 spectatur.
639 677 721 705 Pcena
746 679 772 706 in
801 680 932 707 sicarium

150 720 336 748 honestiorem
349 728 389 748 est
410 722 575 756 deportatio.
602 725 666 751 sive
689 725 768 758 plena
799 726 932 753 honorum

148 765 312 799 publicatio.
329 766 356 793 ln
376 768 486 795 viliores
507 776 582 800 vero,
607 770 697 804 gladio
715 776 741 797 et
757 771 851 797 bestiis
868 772 933 799 sub-

148 810 194 844 jici
210 816 256 838 :et
267 811 294 838 in
311 819 358 839 eos
374 813 420 847 qui
437 822 468 840 ex
484 814 595 841 lascivia
610 821 637 842 et
650 815 755 842 incuria
791 817 932 850 occidunt,

982 244 1116 271 τείνεσθαι
1133 245 1173 272 δεῖ
1187 248 1243 278 τοῖς
1256 248 1365 281 γονεῦσι
1381 249 1450 283 μετὰ
1469 249 1524 276 τῶν
1550 251 1697 286 ἐπιτιμίων
1720 253 1775 280 καὶ

983 290 1012 316 τὺ
1028 291 1092 325 περὶ
1103 292 1152 326 τὴν
1168 292 1353 328 ἐλεημοσύνην
1370 294 1522 330 φιλότιμον.

1328 351 1428 384 Νόμοι.

1026 403 1054 430 Ὀ
1067 404 1145 438 φόνος
1159 406 1212 432 ἀπὸ
1229 405 1376 438 διαθέσεως
1391 409 1542 441 σκοπεῐται,
1558 409 1582 435 εί
1595 410 1695 437 σκοπὸν
1707 410 1775 445 ἔσχε

985 449 1111 483 φονεῦσαι
1126 450 1182 485 ῆοῠ
1200 459 1206 466 ·
1225 453 1285 478 ὅθεν
1297 453 1371 479 ἔστιν
1387 454 1488 488 εὑρεῖν,
1502 455 1542 481 ὅτι
1560 455 1607 482 καὶ
1622 456 1636 481 ό
1653 456 1774 491 πλήξας,

985 495 1023 529 μὴ
1041 496 1172 529 φονεύσας
1184 497 1221 529 δὲ,
1239 498 1277 529 ὡς
1292 499 1390 532 φονεὺς
1410 501 1570 534 τιμωρεῖται
1587 509 1594 516 ο
1612 502 1658 528 καὶ
1685 503 1698 529 ό
1721 511 1776 536 φο-

984 540 1092 572 νεύσας,
1104 542 1128 567 εί
1147 543 1225 576 μόνον
1242 543 1358 579 ἠθέλησε
1371 545 1480 580 πλῆξαι,
1499 547 1529 572 οὐ
1547 549 1708 581 τιμωρεῖται
1734 548 1776 581 ὡς

984 586 1096 620 φονεύςο
1110 588 1125 623 ἡ
1141 588 1168 614 δὲ
1187 589 1296 624 τοιαύτη
1327 590 1446 623 διάθεσις
1474 592 1526 618 ἀπὸ
1550 592 1596 619 τοῦ
1622 593 1776 627 πλήξαντος

984 632 1099 666 ὀργάνου
1114 636 1265 661 σκοπείται.
1280 636 1333 662 Καὶ
1343 637 1400 662 ἔστι
1414 637 1460 664 τοῦ
1478 638 1526 673 μὲν
1552 639 1675 665 ἑκουσίου
1690 640 1775 671 φόνου

984 679 1114 713 τιμωρία,
1135 680 1180 705 ἐπὶ
1204 680 1254 715 μὲν
1281 681 1390 716 ἐντίμου
1420 684 1608 717 φονεύσαντος,
1636 685 1775 720 δεπορτα-

983 725 1059 758 τίων,
1078 725 1136 760 ἦτοι
1149 725 1237 752 τελεία
1254 727 1384 761 δήμευσις
1403 737 1409 744 ·
1423 729 1468 755 ἐπὶ
1479 730 1507 756 δὲ
1523 730 1577 756 τῶν
1597 731 1727 762 εὐτελῶν,
1743 731 1776 757 τδ

985 769 1057 804 ξίφει
1078 772 1125 797 καὶ
1140 771 1244 806 θηρίοις
1273 773 1459 808 ὑποὸληθῆναι
1475 782 1483 790 ·
1507 777 1554 802 ἐπὶ
1570 777 1598 803 δὲ
1629 777 1676 803 τοῦ
1699 777 1774 803 κατὰ

987 816 1139 853 βλακείανῆ
1155 819 1285 853 ἀμέλειαν
1301 820 1489 854 φονεύσαντος,
1504 822 1651 858 πενταετὴς
1668 822 1773 860 ὲξορία·

148 856 363 890 quinquennalia
383 859 522 894 relegatio.
535 860 722 889 lnvoluntario
744 866 834 889 autem
855 864 931 891 venia

1021 861 1031 888 ἱ
1046 862 1074 889 δὲ
1087 863 1132 890 τοῦ
1147 865 1273 891 ἀκουσίου
1289 866 1437 902 συγγνώμη
1447 867 1560 894 δέδοται.

149 902 321 930 conceditur.

185 946 240 974 Lex
255 948 288 975 de
306 949 520 977 sicarilsdolum
545 951 646 978 malum
671 953 796 988 requirit,
823 958 850 981 et
879 961 934 981 non

149 999 274 1026 magnam
287 995 488 1029 negligentiam:
506 997 578 1024 unde
593 997 615 1024 si
634 999 696 1032 quis
714 999 834 1033 ipsorum
845 1008 876 1027 ex
891 1008 936 1027 su-

149 1037 224 1064 blimi
240 1038 354 1073 lapidem
375 1042 531 1076 projecerit,
546 1049 592 1070 aut
617 1051 723 1072 ramum
740 1046 860 1078 arboris,
891 1051 933 1073 at-

148 1090 201 1118 que
211 1085 365 1119 quempiam
381 1088 523 1120 occiderit.
543 1097 596 1117 non
624 1094 731 1118 tenetur
749 1093 807 1128 lege
839 1098 934 1120 contra

150 1137 277 1158 διοονιος.

186 1177 268 1212 258
293 1177 348 1206 Nec
368 1179 472 1211 infans,
508 1180 560 1208 hoc
585 1187 638 1215 est,
667 1188 769 1218 septem
799 1192 933 1211 annorum

148 1228 227 1256 puer,
245 1231 295 1250 nec
307 1223 427 1252 furiosus
435 1226 517 1254 etedis
540 1233 603 1254 rens
618 1227 675 1262 lege
689 1229 722 1256 de
736 1229 881 1257 homicidis
895 1235 935 1257 te-

149 1271 241 1294 netur.

185 1313 236 1346 Qui
263 1315 343 1342 alicui
373 1318 484 1345 mandat
510 1323 540 1345 ut
562 1319 720 1353 interﬁciat,
747 1324 777 1348 ut
799 1321 934 1349 homicida

149 1357 307 1388 damnatur.

184 1403 214 1431 In
229 1406 357 1434 omnibus
369 1407 531 1436 criminibus
555 1409 695 1444 inquirere
723 1416 841 1446 oportet.
854 1421 887 1441 an
901 1421 935 1441 ex

151 1453 302 1486 proposito,
320 1461 353 1480 an
387 1454 505 1481 fortttito
536 1456 597 1490 quis
630 1459 789 1492 patraverit,
814 1460 936 1495 adeoque

150 1497 192 1524 vel
207 1497 284 1531 juxta
297 1498 415 1534 rigorem
432 1500 509 1535 legis,
525 1502 567 1529 vel
592 1503 685 1531 mitius
716 1512 779 1531 eum
806 1505 931 1539 plectere.

187 1545 238 1576 Qui
253 1546 370 1579 aliquem
387 1555 500 1575 suorum
517 1555 694 1584 cognatorum
722 1552 763 1579 vel
783 1553 934 1581 ascenden-
948 1537 969 1566 α

151 1590 219 1617 tium
235 1592 276 1618 vel
292 1593 519 1620 descendentium
540 1596 694 1629 sustulerit,
719 1598 773 1632 igni
807 1599 934 1627 traditur.

185 1635 237 1669 Qui
255 1644 442 1671 aggressorem
459 1639 493 1666 de
511 1640 562 1668 vita
584 1648 632 1668 sua
645 1642 805 1676 periclitans
822 1644 936 1673 interfe-

149 1683 228 1715 cerit,
246 1688 321 1710 extra
340 1691 437 1711 noxam
451 1689 503 1713 est.

186 1729 215 1756 Si
244 1729 306 1763 quis
328 1734 409 1757 noctu
441 1731 578 1759 furantem
608 1733 790 1767 interfecerit.
817 1738 936 1772 impunis

149 1775 252 1806 evadit,
267 1776 289 1802 si
312 1776 393 1804 modo
409 1776 476 1804 citra
489 1785 568 1804 suum
583 1779 733 1812 periculum
751 1781 803 1816 ipsi
821 1790 934 1815 parcere

151 1821 223 1849 haud
251 1827 367 1857 poterat.
384 1823 480 1857 Quaare
497 1825 523 1852 in
540 1833 600 1862 cap.
618 1826 634 1854 5
659 1827 712 1854 litt.
728 1827 761 1860 A,
776 1833 804 1856 et
828 1836 889 1864 cap.
901 1829 938 1857 29

150 1867 200 1896 litt.
219 1868 249 1895 Γ.

185 1913 294 1940 Norella
309 1920 400 1942 autem
417 1916 506 1943 sancti
528 1917 691 1951 patriarchae
721 1918 879 1952 Athanasii,
910 1924 938 1947 et

149 1959 318 1989 venerabilis
332 1961 507 1996 imperatoris
520 1962 685 1995 Andronici,
703 1966 799 1991 statuit
810 1973 873 1992 eum
888 1974 936 1994 so-

149 2005 312 2041 lum,qui.’in
329 2007 477 2035 ltomicidio
491 2009 679 2043 deprehensus
689 2017 742 2042 est.
761 2013 842 2047 juxta
860 2014 934 2050 leges

150 2052 239 2086 puniri
257 2061 264 2079 :
283 2052 385 2080 liberos
401 2059 491 2081 autem
507 2055 567 2089 ejus
594 2064 647 2083 non
678 2058 823 2091 publicari,
855 2060 937 2087 modo

152 2097 224 2124 haud
242 2097 344 2125 fuerint
358 2099 440 2127 caedis
454 2101 521 2128 socii
540 2103 605 2129 :sed
629 2103 707 2130 bonis
722 2104 869 2138 ejn5juxta
887 2113 937 2132 nu-

152 2151 256 2170 merum
274 2143 392 2172 liliorum
419 2145 585 2179 distributis,
613 2153 718 2182 partem
749 2157 830 2177 unam
854 2151 936 2177 etiam

149 2186 242 2214 occiso
258 2188 389 2223 assignat,
414 2190 530 2218 maxime
548 2191 569 2218 si
589 2191 651 2218 dum
668 2193 776 2226 vixerit,
801 2196 932 2229 pauperie
946 2206 970 2236 υ

151 2231 302 2266 laborabat,
318 2239 344 2260 et
360 2242 469 2262 uxorem
489 2243 521 2262 ae
535 2236 636 2264 liberos
652 2237 758 2272 habuit,
774 2244 800 2266 et
827 2240 930 2268 dunta-

150 2283 197 2305 xat
211 2279 363 2313 portionem
377 2279 519 2308 homicida
534 2281 601 2309 ﬁsco
615 2282 725 2311 cedere.

187 2366 240 2399 Qui
257 2366 389 2395 infantem
415 2372 523 2401 enecat,
544 2368 685 2397 homicidii
709 2377 789 2405 poma
813 2375 933 2401 tenetur.

185 2457 253 2486 Vide
270 2463 297 2486 et
316 2459 384 2487 duas
413 2460 536 2488 novellas
563 2460 735 2496 imperatoris
760 2463 933 2493 Constantini

150 2503 422 2538 Porphyrogetmetzc,
441 2513 490 2540 pro
509 2506 641 2540 qualitate
657 2509 739 2535 caulis
753 2509 821 2536 alias
845 2513 930 2544 atque

149 2550 216 2577 alius
231 2558 324 2584 poenas
347 2552 535 2585 decernentes,
565 2560 592 2580 et
620 2561 755 2588 quosnam
781 2556 934 2585 homicidas

149 2595 222 2622 haud
239 2597 348 2631 rejieere
356 2598 541 2632 oportet,dum
552 2599 586 2627 ad
599 2600 743 2628 ecclesiam
758 2602 932 2638 confugiunt,

149 2651 219 2671 (tuos
238 2651 303 2670 vero
318 2644 431 2672 omnino
448 2645 510 2672 inde
521 2646 648 2675 avellere.

170 2766 248 2794 CAP.
289 2766 335 2794 IX.
364 2766 440 2800 Quod
481 2768 645 2830 phylac‘teria
673 2769 760 2804 facere
796 2770 904 2797 minime

480 2811 570 2830 oborta
587 2823 593 2830 .

480 2811 593 2836 oportet.

186 2859 305 2887 Consule
320 2867 381 2895 cap.
403 2859 415 2887 1
433 2859 486 2887 litt.
505 2859 540 2888 Μ.

1025 951 1054 978 '0
1067 953 1132 987 περὶ
1151 953 1320 988 ἀνδροφόνων
1333 954 1414 989 νόμος
1431 955 1507 982 δόλον
1520 955 1658 990 ἐπιζητεῖ,
1680 957 1728 984 καὶ
1742 959 1775 984 οὑ

986 997 1107 1033 μεγάλην
1117 999 1247 1034 ἀμέλειαν
1262 1007 1270 1015 ·
1290 1000 1351 1026 ὅθεν
1377 1000 1423 1027 ἐάν
1451 1009 1493 1032 τις
1516 1002 1605 1028 αὐτῶν
1629 1002 1659 1035 ἐξ
1687 1003 1775 1038 ὕψους

986 1044 1067 1079 ῥίψας
1081 1045 1097 1080 ἢ
1122 1045 1205 1076 λίθον,
1220 1045 1236 1080 ἢ
1254 1045 1349 1073 κλάδον
1362 1047 1415 1073 ἀπὸ
1429 1047 1547 1082 δένδρου,
1563 1048 1680 1084 φονεύσῃ
1698 1050 1775 1083 τινὰ,

985 1091 1034 1126 οὐχ
1050 1091 1191 1118 ὑπόκειται
1205 1091 1243 1126 τῷ
1262 1091 1375 1127 παρόντι
1391 1092 1477 1128 νόμῳ.

1020 1178 1090 1206 Οΰτε
1105 1179 1208 1213 ῐνιρανς,
1221 1180 1359 1207 τουτέστιν
1373 1180 1387 1207 ό
1399 1181 1544 1216 ἑπταετὴς,
1562 1182 1623 1208 οὔτε
1646 1184 1660 1209 ὁ
1674 1185 1774 1217 μαινό-

986 1235 1082 1261 μενος,
1122 1226 1243 1261 φονεύων
1274 1227 1416 1254 ὺπόκειται
1438 1227 1477 1261 τῷ
1509 1228 1573 1262 περὶ
1600 1228 1775 1264 ἀνδροφόνων

985 1272 1070 1308 νόμῳ.

1026 1320 1056 1346 '0
1073 1320 1259 1355 ἐντειλάμενός
1275 1329 1329 1347 τινι
1351 1321 1490 1356 φονεῦσαι,
1521 1322 1560 1353 ὡς
1582 1323 1680 1358 φονεὺς
1711 1322 1777 1358 κρε-

985 1374 1070 1394 νεται.

1028 1413 1072 1439 Ἐν
1087 1414 1154 1440 πᾶσι
1162 1415 1217 1445 τοῖς
1225 1415 1380 1449 ἐγκλήμασι
1390 1413 1431 1440 δεῖ
1446 1414 1548 1448 ζητεῖν,
1558 1415 1582 1441 εί
1596 1414 1628 1441 ἐκ
1643 1415 1778 1448 προνοίας

986 1457 1002 1493 ἢ
1018 1459 1087 1485 κατὰ
1106 1459 1191 1494 τύχην
1207 1459 1315 1494 ἥμαρτε
1328 1468 1370 1490 τις
1381 1468 1389 1474 ·
1403 1460 1450 1486 καὶ
1464 1459 1548 1492 οὕτως
1561 1460 1577 1495 ἢ
1595 1460 1663 1487 κατὰ
1677 1460 1774 1495 νόμον,

986 1505 1002 1540 ἢ
1018 1504 1170 1540 πραοτέραν
1194 1505 1245 1540 τὴν
1258 1505 1393 1540 τιμωρίαν
1411 1506 1561 1540 ἐπιφέρειν.

1026 1550 1056 1576 'O
1084 1550 1183 1577 ἀνελὼν
1208 1551 1315 1578 ἀνιόντα
1343 1550 1360 1586 ἢ
1385 1551 1514 1578 κατιόντα
1539 1551 1667 1587 συγγενῆ,
1704 1552 1776 1586 πυρὶ

986 1595 1170 1629 παραδίδοται.

1027 1645 1058 1670 '0
1071 1644 1115 1670 τδν
1130 1644 1274 1671 ἐπελθόντα
1286 1645 1428 1679 φονεύσας,
1453 1646 1482 1672 ὲν
1499 1643 1522 1680 ᾧ
1537 1646 1601 1681 περὶ
1626 1646 1675 1680 τὴν
1700 1646 1776 1682 ζωὴν

987 1689 1167 1722 ἐκινδύνευεν,
1180 1690 1325 1722 ἁνεύθυνός
1337 1691 1423 1718 ἐστιν.

1028 1735 1091 1762 Ἐὰν
1114 1736 1159 1762 τὸν
1185 1737 1213 1763 ὲν
1238 1738 1316 1763 νυκτὶ
1334 1737 1483 1763 κλέπτοντα
1510 1738 1628 1774 φονεύσῃ
1641 1747 1693 1770 τις,
1712 1739 1776 1765 τότε

987 1781 1161 1816 ἀτιμώρητος
1176 1782 1262 1816 μένει,
1279 1783 1324 1808 ὅτε
1350 1782 1387 1818 μὴ
1411 1783 1526 1818 ἠδύνατο
1547 1783 1608 1818 δίχα
1634 1784 1682 1810 τοῦ
1707 1784 1775 1811 ἰδίου

987 1826 1109 1854 κινδύνου
1123 1826 1266 1861 φείσασθαι
1279 1827 1373 1855 αὑτοῦ.
1400 1828 1478 1861 Ζήτει
1494 1830 1540 1855 καὶ
1559 1829 1588 1855 ὲν
1608 1829 1647 1864 τῷ
1656 1829 1677 1856 ε’
1708 1839 1773 1864 κεφ.

987 1871 1034 1898 τοῦ
1050 1873 1073 1900 Δ
1088 1873 1231 1908 στοιχείου,
1243 1873 1272 1900 τδ
1284 1873 1324 1900 κο’
1343 1882 1405 1908 κεφ.
1418 1874 1465 1900 τοῦ
1482 1875 1502 1900 Γ
1517 1875 1664 1910 στοιχείου.
1709 1885 1713 1888 ‘

1022 1918 1054 1945 Ἦ
1066 1918 1094 1945 δὲ
1110 1918 1193 1954 νεαρὰ
1206 1919 1253 1945 τοῦ
1268 1919 1345 1953 ἁγίου
1358 1919 1526 1956 πατριάρχου
1549 1921 1709 1949 Ἀθανασίου
1724 1924 1775 1950 καὶ

986 1965 1033 1991 τοῦ
1048 1964 1171 1999 ἀοιδίμου
1189 1964 1321 2000 βασιλέως
1347 1965 1518 2001 Ἀνδρονίκου
1549 1967 1706 2002 διορίζεται,
1726 1969 1774 1994 τὸν

987 2011 1060 2046 φόνῳ
1071 2011 1168 2037 ἁλόντα
1194 2011 1274 2037 αὑτὸν
1299 2011 1379 2045 μόνον
1412 2011 1591 2047 τιμωρεῖσθαι
1616 2014 1687 2040 κατὰ
1707 2014 1776 2046 τοὺς

987 2056 1097 2090 νόμους,
1113 2056 1174 2086 τοὺς
1193 2056 1223 2081 δὲ
1245 2056 1344 2087 παῖδας
1363 2057 1445 2083 αὐτοῦ
1475 2057 1512 2093 μὴ
1539 2058 1713 2093 δημεύεσθαι,
1739 2062 1774 2095 τῇ

990 2101 1131 2136 μιαιφονίᾳ
1143 2101 1180 2135 μὴ
1200 2102 1432 2136 συμπράξαντας·
1466 2103 1649 2139 μεριζομένης
1678 2105 1706 2131 δὲ
1724 2106 1775 2140 τῆς

988 2147 1069 2173 αὐτοῦ
1085 2147 1241 2181 περιουσίας
1258 2147 1326 2173 κατὰ
1336 2147 1381 2174 τὸν
1393 2148 1509 2183 ἀριθμὸν
1523 2150 1575 2175 τῶν
1588 2151 1695 2177 οἰκείων
1708 2153 1775 2178 παι-

988 2193 1051 2225 δων,
1071 2193 1201 2227 ἀπονέμει
1219 2193 1282 2228 μίαν
1297 2193 1343 2220 καὶ
1357 2193 1396 2228 τῷ
1411 2194 1566 2226 φονευθέντι
1589 2196 1696 2230 μερίδα,
1726 2199 1774 2225 καὶ

987 2239 1102 2274 μάλιστα
1115 2240 1139 2266 εί
1161 2240 1241 2275 πενίᾳ
1266 2239 1354 2271 συζῶν
1378 2238 1423 2276 ἦν,
1447 2241 1494 2267 καὶ
1509 2241 1556 2268 ἐπὶ
1589 2245 1698 2276 γυναικὶ
1727 2246 1773 2271 καὶ

985 2286 1077 2312 παισὶν
1096 2285 1202 2319 ἀπῆλθε
1218 2293 1226 2301 ·
1246 2285 1330 2321 μόνην
1353 2285 1381 2312 δὲ
1399 2286 1448 2322 τὴν
1461 2286 1509 2313 τοῦ
1539 2288 1642 2322 φονέως
1673 2292 1773 2324 μερίδα

984 2331 1105 2367 προσκλη
1111 2332 1220 2366 ροῡσθαι
1239 2331 1278 2366 τῷ
1292 2331 1426 2366 δημοσίῳ.

1021 2377 1074 2404 Καὶ
1085 2379 1098 2404 ό
1116 2378 1145 2404 τὸ
1160 2377 1254 2412 νήπιον
1267 2376 1410 2411 φονεύσας,
1424 2379 1546 2415 τιμωρίᾳ
1557 2379 1637 2414 φόνου
1660 2380 1772 2408 ὑπόκει-

984 2433 1042 2452 ται.

1019 2472 1099 2507 Ζήτει
1115 2473 1217 2504 καὶτὰς
1232 2473 1278 2500 δύο
1295 2473 1394 2508 νεαρὰς
1409 2473 1456 2500 τοῦ
1470 2473 1602 2508 βασιλέως
1623 2474 1771 2501 Κωνσταν-

984 2518 1056 2544 τίνου
1081 2518 1128 2544 τοῦ
1155 2520 1406 2555 πορφυρογεννήτου
1441 2519 1510 2546 κατὰ
1543 2519 1591 2554 τὴν
1613 2519 1660 2545 τοῦ
1689 2520 1771 2553 φόνου

985 2565 1126 2599 ποιότητα,
1140 2564 1286 2599 διαφόρους
1300 2565 1348 2591 καὶ
1373 2565 1421 2596 τὰς
1447 2565 1582 2600 τιμωρίας
1610 2565 1773 2600 νομοθετού-

986 2620 1036 2642 ea;
1051 2619 1058 2626 '
1075 2611 1123 2638 καὶ
1137 2610 1211 2642 τίνας
1226 2610 1266 2637 δεῖ
1278 2611 1333 2638 τῶν
1359 2610 1461 2644 φονέων
1484 2611 1710 2646 προσφεύγοντας
1736 2613 1769 2647 τῇ

984 2657 1117 2692 ἐκκλησίᾳ
1158 2657 1196 2692 μὴ
1218 2656 1370 2690 ἐκϐάλλειν,
1395 2657 1442 2684 καὶ
1464 2658 1539 2689 τίνας
1564 2657 1682 2691 ἀφειδῶς
1701 2658 1770 2685 ἀπο-

985 2704 1066 2730 σπᾶν.

1019 2769 1144 2798 ΚΕΦΔΔ.
1168 2769 1207 2798 Θ¹,
1224 2769 1289 2797 "Ott
1307 2771 1344 2798 οὐ
1354 2770 1402 2798 δεῖ
1413 2771 1604 2807 ,φυλακτήρια
1624 2771 1734 2800 ποιεῖν.

1021 2858 1101 2895 Ζήτει
1116 2858 1146 2886 τὺ
1156 2861 1180 2887 α’
1197 2867 1260 2894 κεφ.
1277 2858 1323 2886 τοῦ
1338 2859 1365 2887 Μ
1378 2859 1523 2896 στοιχείου.
