1875 3059
168 135 214 165 191

755 139 886 170 ΜΑΤΤΗ
893 140 939 170 ,Ἥ
961 140 1174 172 BLASTARIS

1742 145 1803 178 19?

162 193 189 234 ut
206 188 337 220 diximus,
349 197 393 218 res
405 196 563 227 peragatur,
582 197 609 220 cl
620 193 746 222 nonnulli
757 195 943 231 episcoporun

1037 205 1076 223 τω
1095 198 1218 232 γένηται,
1236 197 1382 233 ἀνίσχυρον
1402 194 1471 225 εἶναι
1489 199 1538 234 τὴν
1555 199 1732 234 χειροτονίαν.
1764 202 1802 228 ΕΞ

161 227 232 261 forte
241 243 273 261 ex
284 237 469 265 contentionis
477 239 568 266 studio
578 240 824 274 contradicaulme
833 241 956 269 inhibea-

162 286 206 307 tur
213 281 321 316 electio,
334 291 428 312 verum
436 285 566 321 suﬂ‘ragia
575 287 686 323 majoris
692 289 779 324 partis
797 290 914 317 valeant.

196 414 328 442 Ca-tcrum
349 424 438 444 canon
466 418 500 445 49
526 420 635 447 concilii
661 420 897 457 Cartltaginensis,
923 424 952 452 Si

162 460 195 488 de
211 463 339 496 episcopo
357 466 439 490 etiam
459 472 472 491 a
499 466 589 493 tribus
605 467 745 502 episcopis
765 469 865 499 electo.
884 478 952 497 con-

161 508 297 534 troversia
317 509 408 540 aliqua
424 511 585 543 oboriatur,
600 521 615 538 a
639 513 806 547 quibusdam
825 523 858 542 ex
872 516 952 550 plebe

159 561 259 581 causas
276 562 328 581 non
345 557 415 583 satis
431 556 594 585 manifestas
605 559 787 588 merentibus
800 566 949 595 commota,

159 608 276 627 numero
305 601 389 629 trium
419 603 612 639 episcoporum
641 606 711 633 alios
737 607 807 634 duos
831 608 951 641 adjicere

158 651 279 679 oportet,
289 652 319 674 ut
329 655 425 676 omnes
437 649 518 676 simul
529 651 688 678 examinem
701 660 733 679 ea
745 660 806 687 qum
816 653 949 682 adversus

159 693 275 719 electum
291 694 472 728 objiciuntur,
488 701 514 723 et
531 698 618 730 ipsum
637 703 764 733 purgent.

194 739 276 774 260
301 740 398 773 Quaere
425 744 506 769 etiam
527 744 553 770 in
578 752 639 779 cap.
669 745 698 772 ll
729 745 784 773 litt.
810 746 830 772 E
847 753 948 774 canon.

159 784 255 817 prima:
272 794 334 820 ενι.
355 792 473 819 sextum,
489 795 516 815 et
535 789 569 816 28
585 791 681 825 synodi
699 796 815 824 quarta’.

195 828 304 856 Novella
331 836 421 858 autem
437 832 586 862 Iustiniani
610 835 660 862 137
684 843 698 863 a
717 837 805 865 tribus
821 838 949 872 personis

159 875 321 904 electionem
351 878 541 914 episcoporum
575 881 631 908 ﬁeri
658 881 748 917 jubet,
778 883 905 911 videlicet
933 892 949 911 a

161 922 280 955 clericis,
305 928 334 950 et
352 931 365 950 a
383 925 554 960 primoribus
579 927 712 960 civitatis,
735 929 780 956 cui
807 929 950 964 eligendus

160 970 203 993 est
221 968 378 1002 episcopus,
394 969 516 1003 quolibet
533 970 631 998 horum
655 979 737 1006 super
757 980 950 1003 sacro-sancta

161 1012 308 1047 Evangelia
325 1014 376 1041 hoc
389 1014 538 1046 juramcnti
556 1022 714 1051 prmstanle,
736 1026 825 1054 neque
841 1027 890 1054 per
903 1020 951 1048 da-

161 1062 216 1083 tam
235 1063 283 1085 aut
307 1060 472 1093 promissam
495 1063 653 1096 pecuniam,
681 1072 769 1100 neque
789 1066 949 1100 amicitiam,

161 1111 251 1138 neque
267 1106 394 1139 gratiam,
408 1111 455 1134 aut
474 1108 555 1135 aliam
568 1117 763 1145 quamcunque
777 1112 949 1141 allectimtem

161 1149 244 1177 istum
260 1151 371 1185 eligere,
385 1154 432 1179 sed
443 1155 563 1182 scientes
576 1156 666 1190 ipsum
680 1164 742 1185 esse
756 1159 950 1193 orthodoxum,

160 1201 188 1225 et
217 1198 337 1226 honesta:
363 1200 436 1232 vitm,
460 1207 486 1228 et
512 1203 613 1230 habere
637 1212 761 1235 uxorem.
789 1211 816 1233 et
839 1207 948 1241 quidem

162 1244 285 1277 unicam,
311 1253 401 1280 neque
416 1247 526 1274 viduam
553 1250 593 1275 vel
617 1250 800 1284 repudiatam,
828 1252 874 1279 scd
899 1260 950 1280 nec

162 1289 344 1316 concubinam
362 1291 454 1322 alere:
476 1297 503 1320 et
525 1302 558 1320 cx
582 1295 670 1323 tribus
684 1296 781 1324 electis
795 1297 948 1332 digniorem

160 1335 284 1363 ordinari
307 1337 383 1371 juxta
412 1338 572 1367 electionem
611 1345 638 1369 et
665 1343 829 1370 sententiam
872 1345 947 1371 ordi-

161 1382 263 1409 nantis.
292 1381 331 1410 Ita
363 1384 444 1410 vitam
473 1385 618 1414 instituere
640 1387 719 1423 jubet
744 1390 826 1417 etiam
853 1398 950 1425 omnes

160 1426 288 1461 clericos,
305 1429 353 1463 qui
371 1430 547 1460 ordinantur.
564 1432 617 1460 Sed
634 1437 726 1462 tamen
750 1436 869 1463 maxima
885 1445 949 1472 pars

161 1472 261 1500 horum
281 1475 382 1502 rituum
405 1481 471 1503 sunt
499 1482 597 1512 pratter
621 1486 719 1508 sacros
744 1488 876 1515 canones,
900 1483 948 1518 qui

1006 241 1035 268 δὲ
1053 243 1214 275 κανονικῶς,
1229 243 1267 274 ὡς
1283 243 1446 279 εἰρήκαμεν,
1463 244 1497 271 τὰ
1513 245 1558 271 τοῦ
1575 245 1739 281 πράγματος
1754 255 1794 273 τεν

1005 285 1123 322 λεσθείη,
1139 286 1203 313 ἔνιοι
1214 287 1243 314 δὲ
1276 288 1332 314 τῶν
1359 289 1517 316 ἐπισκόπων
1543 289 1608 322 ῐσως
1628 291 1802 325 ἀντιλέγοιεν

1005 332 1178 368 (ριλονείκως,
1197 333 1234 370 μὴ
1251 334 1285 360 τὰ
1301 335 1350 368 τῆς
1364 335 1456 370 ψήφου
1475 336 1676 371 ὲμποδιζέσθω,
1701 338 1760 364 ἀλλ’
1782 339 1800 373 ἡ

1003 378 1057 404 τῶν
1072 378 1203 405 πλειόνων
1216 379 1306 414 ψῆφος
1326 381 1473 415 κρατείτω.

1046 425 1076 451 '0
1093 425 1120 451 δὲ
1136 425 1179 460 μθ¹
1190 425 1240 460 τῆς
1253 427 1281 452 ἐν
1298 426 1475 463 Καρθαγένῃ,
1492 428 1546 454 Τοῦ
1563 429 1728 462 ἐπισκόπου,
1745 439 1796 465 φη-

1004 467 1056 498 σὶν,
1073 468 1252 503 ἐκλεγομένου
1262 470 1337 505 παρὰ
1347 471 1433 506 τριῶν
1445 473 1611 505 ἐπισκόπων,
1626 474 1673 500 ἐὰν
1685 475 1798 510 ἀναιροῇ

1002 521 1044 544 τις
1061 514 1092 539 ὲκ
1107 514 1161 540 τῶν
1174 514 1220 541 τοῦ
1240 515 1328 550 δήμου
1345 516 1494 551 ἀντιλογία,
1509 519 1559 545 οὐκ
1587 520 1695 553 εὐαγεῖς
1718 523 1800 548 εἰσα-

1002 559 1105 592 γόντων
1120 561 1201 586 τινῶν
1217 561 1318 594 αἰτίχς,
1347 562 1387 588 δεῖ
1407 564 1590 598 προστεθῆναι
1618 565 1656 599 τῷ
1681 567 1798 602 ἀριθμῷ

1001 604 1055 631 τῶν
1070 606 1155 640 τριῶν
1167 607 1215 633 καλ¹
1232 607 1341 643 ἐτέρους
1355 608 1411 641 δύο,
1423 608 1493 636 ὥστε
1504 609 1570 645 ὁμοῦ
1584 611 1687 643 πάντας
1703 612 1799 645 ἐξετά-

1002 659 1046 676 σαι
1064 652 1096 677 τὰ
1113 652 1183 678 κατὰ
1192 652 1239 679 τοῦ
1253 653 1439 688 ψηφιζομένου
1457 654 1602 691 λεγόμενα,
1628 657 1674 683 καὶ
1703 659 1798 684 καθα-

1002 696 1048 730 ρδν
1064 697 1145 723 αὐτὸν
1160 698 1310 733 ἀποφῆναι,

1035 743 1116 777 Ζήτει
1130 744 1176 770 xat
1194 744 1223 769 ἐν
1238 744 1277 780 τῷ
1290 749 1324 771 ια’
1339 754 1400 780 κεφ.
1416 746 1463 773 τοῦ
1488 748 1507 773 Ε
1534 756 1619 784 στοιχ.
1649 750 1752 776 κανόνα
1768 745 1798 782 ς’

999 788 1048 823 τῆς
1064 791 1089 814 α’
1102 788 1223 819 συνόδου,
1239 790 1285 816 καὶ
1300 790 1344 826 κη’
1357 792 1406 827 τῆς
1422 793 1556 828 τετάρτης
1577 795 1699 822 συνόδου.

1041 834 1071 861 Ἥ
1086 835 1114 861 δὲ
1130 835 1187 870 ρλζ¹
1204 835 1414 870 Ἰουστινιάνειος
1429 839 1515 875 νεαρὰ
1540 841 1584 867 ἐπὶ
1596 841 1668 875 τρισὶ
1684 841 1799 876 προσώ-

1000 889 1061 912 ποις
1084 881 1115 908 τὺ
1127 881 1258 917 ψήφισμα
1275 883 1398 916 γίνεσθαι
1424 885 1477 911 τῶν
1503 886 1660 913 ἐπισκόπων
1687 887 1800 913 κελεύει

1000 928 1076 962 παρὰ.
1098 936 1128 953 τε
1155 927 1210 954 τῶν
1238 928 1376 964 κληρικῶν
1405 931 1452 957 καὶ
1478 931 1533 957 τῶν
1560 933 1610 967 τῆς
1633 933 1738 963 πόλεως
1763 933 1800 960 τὰ

1000 972 1096 1007 πρῶτα
1129 973 1278 1009 φερόντων,
1305 973 1382 1012 ὲφ¹ᾗ
1411 976 1562 1011 ψηφίζεται
1592 979 1606 1004 ὀ
1631 978 1798 1010 ἐπίσκοπος,

1000 1019 1115 1045 ἑκάστου
1129 1019 1230 1046 τούτων
1244 1021 1316 1047 κατὰ
1334 1022 1387 1047 τῶν
1412 1022 1493 1049 θείων
1520 1024 1718 1057 ὲπομνυμένων
1741 1023 1799 1049 lic--

1000 1065 1145 1099 αγγελίων,
1166 1067 1235 1100 μήτε
1247 1066 1319 1093 δόσει
1333 1068 1456 1102 χρυσίου,
1468 1068 1485 1104 ἢ
1499 1069 1657 1104 ὑποσχέσει,
1673 1070 1688 1104 ἢ
1705 1069 1797 1104 φιλίᾳ,

1000 1111 1016 1146 ἢ
1032 1110 1135 1145 χάριτι,
1148 1111 1165 1146 ἢ
1182 1111 1248 1146 ἄλλῃ
1264 1113 1315 1138 τινὶ
1328 1113 1501 1149 προσπαθείᾳ.
1513 1114 1607 1140 τοῦτον
1620 1114 1797 1148 ἐκλέγεσθαι,

999 1157 1058 1183 ἀλλ’
1076 1157 1176 1189 ειδότες
1186 1159 1219 1193 τῇ
1232 1167 1260 1184 τε
1279 1158 1371 1184 πίστει
1390 1159 1469 1194 ὀρθὸν
1483 1161 1530 1187 καὶ
1543 1161 1581 1195 τῷ
1606 1161 1655 1196 βίῳ
1673 1162 1775 1196 σεμνόν
1787 1169 1795 1177 ο

999 1203 1046 1229 καὶ
1059 1203 1082 1229 εἰ
1095 1202 1157 1237 ἔσχε
1175 1204 1310 1239 γαμετὴν,
1327 1205 1374 1231 καὶ
1390 1205 1474 1240 αὐτὴν
1492 1205 1568 1240 μίαν,
1592 1208 1638 1233 καὶ
1655 1206 1716 1233 οὕτε
1741 1208 1796 1242 χή-

1001 1255 1050 1282 ραν
1066 1246 1082 1282 ἦ
1102 1248 1320 1283 ἐκὸεδλημένην,
1334 1249 1391 1275 ἀλλ’
1408 1250 1469 1276 οὐδὲ
1484 1250 1627 1286 παλλακὴν
1646 1252 1797 1286 ἐκτήσατο,

1000 1294 1047 1320 καὶ
1063 1295 1095 1320 ἐκ
1112 1293 1165 1320 τῶν
1177 1293 1374 1329 ψηφιζομένων
1395 1295 1479 1330 τριῶν
1503 1297 1549 1323 τὸν
1579 1296 1702 1332 βελτίονα
1735 1307 1798 1333 χει-

1000 1340 1166 1374 ροτονεῖσθαι
1180 1341 1213 1375 τῇ
1237 1340 1349 1376 ἑπιλογῇ
1363 1342 1410 1368 καὶ
1434 1343 1468 1377 τῇ
1488 1342 1576 1377 κρίσει
1598 1342 1645 1369 τοῦ
1670 1352 1796 1378 χειροτο-

999 1384 1107 1416 νοῦντος
1124 1393 1131 1401 ·
1143 1385 1264 1412 τοιοῦτον
1278 1385 1350 1420 ἔχειν
1366 1385 1424 1421 βίον
1440 1387 1552 1413 ἀπαιτεῖ
1566 1387 1615 1414 καὶ
1643 1388 1707 1419 τοὺς
1733 1398 1796 1424 χει-

1001 1430 1212 1466 ροτονουμένους
1236 1430 1395 1466 κληρικούς.
1415 1432 1496 1459 Ἀλλὰ
1520 1433 1554 1459 τὰ
1578 1433 1663 1460 πλείω
1685 1434 1795 1461 τούτων

998 1477 1055 1507 τοῖς
1071 1476 1152 1509 ίεροτς
1167 1477 1294 1511 παρεῖται
1308 1477 1413 1509 κανόσι,
1435 1478 1505 1512 μήτε
1530 1479 1601 1505 κατὰ
1623 1478 1677 1505 τῶν
1709 1479 1794 1506 θείων

160 1525 250 1553 neque
278 1521 466 1548 necessarium
509 1523 636 1557 judicant
661 1533 743 1560 super
771 1534 945 1556 satrosaucta

1036 1521 1176 1556 ;αγγελίων
1191 1522 1306 1556 ὀμνύναι
1321 1522 1384 1554 τοὺς
1396 1523 1600 1558 ψηφιζομένους
1626 1524 1680 1551 δεῖν
1698 1525 1796 1560 οἰομέ-

159 1565 303 1602 Evangelia
322 1564 427 1602 jurare,
443 1576 530 1604 neque
545 1570 698 1600 electiones
717 1572 775 1600 ﬁeri
795 1581 809 1602 ει
840 1575 950 1604 clericis

160 1612 202 1638 vel
229 1613 398 1647 primoribus
423 1614 555 1646 civitatis,
585 1616 632 1643 sed
659 1617 693 1644 ab
709 1618 847 1653 episcopis
871 1621 949 1654 solis,

161 1658 207 1693 qui
225 1663 252 1685 et.
268 1659 400 1686 rationem
423 1668 473 1695 pro
499 1661 554 1689 illis
589 1669 681 1690 coram
707 1664 802 1699 judice
826 1667 949 1694 omnium

162 1703 293 1732 reddituri
310 1710 386 1732 sunt.

523 1785 590 1814 Lex.

198 1838 232 1865 At
248 1838 270 1866 si
286 1840 506 1873 accusationem,
520 1842 736 1878 inquitLaliquis
752 1845 869 1872 moverit
884 1852 951 1873 cou-

163 1890 206 1913 tra
222 1887 378 1921 episcopum
398 1888 439 1915 vel
457 1889 598 1922 clericum,
625 1891 670 1925 qui
700 1892 871 1920 ordinandus
896 1898 949 1926 est,

164 1941 248 1968 super
274 1934 372 1969 quavis
396 1943 489 1968 causa,
519 1936 663 1964 diﬂ‘eratur
687 1937 823 1965 ordinatio
842 1939 899 1972 illa,
924 1944 951 1968 et

164 1985 293 2008 accurata
312 1982 480 2009 examinatio
505 1982 640 2010 habeatur
664 1983 735 2011 intra
759 1989 815 2012 tres
831 1993 949 2019 menses,

163 2029 192 2050 et
217 2025 240 2051 si
267 2025 416 2053 obnoxium
440 2026 593 2054 invenerint
618 2035 681 2056 eum
708 2028 754 2063 qui
782 2028 951 2058 ordinandus

164 2075 220 2100 est.
233 2072 316 2098 etiam
332 2071 511 2106 prohibeatur
526 2073 686 2102 ordinatio:
702 2074 744 2102 sin
761 2082 826 2101 vero
846 2075 950 2108 insons,

166 2115 321 2143 ordinetur.
336 2117 371 2143 At
389 2117 413 2145 si
431 2123 583 2146 accusator
598 2127 652 2147 non
676 2121 760 2154 possit
783 2120 909 2154 probare,
927 2121 951 2149 si

165 2162 284 2190 clericus
309 2163 356 2196 sit,
379 2171 431 2191 suo
445 2166 529 2200 gradu
555 2165 685 2200 excidat;
707 2166 750 2194 sin
764 2174 829 2194 vero
852 2167 950 2201 laicus,

1001 1576 1068 1599 νοις,
1085 1568 1155 1602 μήτε
1172 1568 1248 1602 παρὰ
1261 1567 1315 1594 τῶν
1326 1567 1464 1603 κληρικῶν
1478 1569 1494 1604 ἢ
1506 1569 1561 1595 τῶν
1588 1570 1705 1606 πρώτων
1739 1572 1794 1606 τῆς

1000 1613 1105 1644 πόλεως
1121 1613 1171 1644 τὰς
1182 1613 1289 1648 ψήφους
1303 1613 1437 1648 γίνεσθαι,
1453 1615 1522 1642 ἀλλὰ
1540 1615 1627 1650 μόνων
1653 1615 1708 1642 τῶν
1727 1617 1792 1644 ἐπι-

1002 1660 1121 1693 σκόπων,
1147 1660 1172 1686 οἳ
1203 1659 1251 1687 καὶ
1281 1660 1326 1686 τὸν
1338 1660 1409 1696 ὑπὲρ
1431 1661 1535 1689 τούτων
1559 1662 1639 1696 λόγον
1654 1663 1720 1698 πρδς
1741 1662 1793 1691 τοῦ

1002 1703 1091 1730 κοινοῦ
1104 1703 1198 1740 κριτοῦ
1212 1705 1471 1740 είσπραχθήσονται.

1345 1774 1455 1808 Νόμος.

1036 1831 1211 1867 Κατηγορίας
1227 1831 1266 1864 δὲ,
1285 1832 1361 1867 φησὶ,
1380 1832 1447 1868 πρός
1462 1842 1535 1865 τινος
1544 1834 1703 1871 κινηθείσης
1717 1837 1794 1864 κατά

1000 1877 1047 1904 τοῦ
1069 1878 1213 1912 μέλλοντος
1234 1879 1448 1913 χειροτονεῖσθαι
1475 1880 1625 1908 ἐπισκόπου
1653 1882 1669 1917 ἦ
1692 1882 1794 1918 κληρι-

1002 1924 1051 1950 κοῦ
1077 1924 1119 1958 ἐφ’
1140 1923 1287 1958 οἱᾳδήποτε
1312 1924 1397 1960 αἰτίᾳ,
1426 1926 1621 1954 ἀναϐαλλέσθω
1643 1928 1793 1964 ἡτοιαύτη

1001 1969 1166 2005 χειροτονία,
1178 1969 1232 2010 ’καὶ
1247 1969 1360 2004 ζήτησις
1376 1971 1562 2006 ἀκρισεσιάτη
1579 1973 1694 2007 γινέσθω
1708 1975 1794 2009 τριῶν

1002 2017 1067 2043 εἴσω
1083 2016 1175 2052 μηνῶν
1189 2024 1196 2031 ·
1209 2017 1257 2042 καὶ
1271 2016 1357 2050 εἰμὲν
1367 2016 1520 2049 ὑπεύθυνος
1545 2018 1670 2054 εὑρεθείη
1699 2021 1713 2046 ὁ
1726 2021 1794 2055 μέλ-

1001 2063 1055 2090 λων
1066 2062 1349 2098 χειροτονηθήσεσθαι,
1366 2063 1512 2092 κωλυέσθω
1530 2065 1546 2099 ἡ
1562 2067 1715 2100 χειροτονία
1729 2075 1737 2081 ·
1766 2068 1792 2095 εἰ

1001 2109 1030 2136 δὲ
1045 2109 1200 2142 ἀνεύθυνος,
1212 2109 1419 2145 χειροτονείσθω
1437 2117 1443 2125 ⁸
1460 2111 1474 2136 ό
1490 2111 1518 2137 δὲ
1537 2112 1575 2147 μὴ
1593 2112 1705 2148 ἰσχύσας
1720 2114 1792 2140 ἀπο-

1002 2156 1086 2189 δεῖξαι
1101 2157 1265 2191 κατήγορος,
1281 2156 1305 2183 εῑ
1324 2156 1375 2192 μὲν
1391 2157 1522 2193 κληρικδς
1536 2159 1590 2194 είη,
1615 2160 1661 2186 τοῦ
1689 2161 1792 2188 οἰκείου

166 2213 366 2243 competentem
380 2210 577 2239 coercitionem
593 2212 737 2239 sustineat.
750 2211 777 2238 Si
789 2217 878 2240 autem
893 2213 945 2247 qui:

1036 2202 1158 2228 ωθιίσθω
1173 2201 1291 2237 βαθμοῦ,
1307 2203 1331 2228 εί
1353 2202 1380 2229 δὲ
1397 2203 1502 2236 λαῖκὸς,
1517 2205 1719 2240 ζπροσηκόντως
1740 2216 1794 2234 σω-

167 2258 230 2281 aute
239 2254 470 2284 examinationem
481 2264 572 2285 causae
585 2257 660 2284 illum
670 2258 851 2291 ordinaverit,
863 2266 954 2286 sacer-

167 2299 243 2328 dotio
256 2306 371 2328 exuatur
387 2310 439 2330 una
457 2311 518 2330 cum
532 2304 671 2332 ordinato.

203 2346 254 2379 Qui
285 2348 367 2375 etiam
393 2353 487 2377 contra
513 2357 590 2377 suam
613 2350 683 2377 infra
709 2350 778 2378 latas
804 2351 953 2379 sententias

166 2393 397 2429 subscriptionem
424 2395 516 2428 iverit,
531 2396 625 2423 dicens
651 2401 745 2431 postea
774 2398 878 2432 aliqttid
897 2398 949 2426 sibi

169 2438 335 2472 iunotuisse,
362 2441 512 2475 quominus
537 2441 641 2469 elei-tus
659 2442 812 2475 ordinetur,
833 2451 886 2471 non
905 2444 953 2471 dc-

168 2490 298 2518 ponelur,
312 2485 365 2513 nisi
382 2485 588 2521 inarguuientis
602 2487 722 2515 vacillet.

167 2583 244 2611 CAP.
279 2583 314 2611 ll.
346 2584 424 2617 Quod
455 2585 563 2612 minime
593 2589 712 2619 opoﬂeat
743 2586 954 2613 art/inundarunt

213 2618 354 2647 electiones
369 2620 408 2647 νει
421 2628 436 2646 a
454 2618 623 2656 magistram,
642 2621 682 2648 uel
697 2629 713 2648 ο
727 2621 822 2656 popqu
836 2622 904 2656 fieri.

201 2709 298 2742 Quare
312 2716 362 2744 cap
378 2708 410 2737 l9
429 2709 481 2737 litt.
498 2709 530 2737 E.

203 2756 331 2783 Canones
357 2755 468 2789 quidem
499 2756 533 2784 12
556 2761 583 2784 ει
611 2755 645 2783 15
668 2755 780 2784 concilii
804 2754 954 2784 Laodiccni

169 2802 242 2838 plebi
255 2809 309 2829 non
321 2803 481 2836 permittunt
497 2808 545 2831 aut
559 2803 705 2838 episcopos
719 2807 766 2831 aut
780 2803 955 2839 presbyteros

168 2848 281 2882 eligere,
300 2848 346 2876 sed
370 2848 422 2878 hoc
442 2849 502 2878 ﬁcri
527 2851 622 2879 volunt
645 2849 795 2878 secundum
822 2850 954 2878 iudicium

1005 2248 1184 2282 φρονιζέσθω.
1201 2248 1232 2274 Ei.
1248 2248 1276 2275 δέ
1291 2257 1333 2280 τις
1354 2248 1406 2283 πρὸ
1428 2248 1578 2282 ἐξετάσεως
1593 2251 1689 2278 τοῦτον
1700 2261 1794 2288 χειρο-

1004 2295 1139 2329 τονήσειε,
1164 2294 1352 2330 καθαιρείσθω
1370 2294 1481 2329 σύναμα
1503 2296 1542 2330 τῷ
1564 2299 1792 2332 χειροτονηθέντι.

1044 2341 1076 2366 '0
1089 2340 1118 2366 δὲ
1131 2341 1164 2375 τῇ
1183 2340 1272 2374 οἰκείᾳ
1291 2340 1495 2375 ἐναντιούμενος
1521 2343 1586 2377 περὶ
1611 2343 1659 2374 τὰς
1685 2343 1793 2378 ψήφους

1005 2387 1163 2421 ὑπογραφῇ,
1177 2386 1262 2420 λέγων
1276 2386 1346 2421 μετὰ
1359 2386 1445 2413 ταῦτα
1471 2388 1660 2423 μεμαθηκέναι
1684 2390 1745 2416 τόδε
1766 2399 1792 2417 τι

1004 2433 1034 2458 τὺ
1050 2432 1153 2458 κωλὺον
1166 2432 1209 2458 τὶν
1221 2431 1393 2465 ψηφισθέντα
1407 2433 1638 2467 χειροτονηθῆναι,
1656 2434 1744 2467 ἄλλως
1761 2436 1792 2462 οὺ

1005 2476 1245 2512 καθαιρεθήσεται,
1265 2477 1288 2503 ει
1301 2476 1338 2512 μὴ
1361 2478 1425 2511 περὶ
1448 2477 1498 2509 τὰς
1519 2478 1669 2511 ἀποδείξεις
1694 2480 1792 2516 ἀτονή-

1006 2532 1087 2550 σειεν.
1430 2548 1438 2553 χ

1005 2581 1131 2608 ΚΕΦΑΔ.
1149 2580 1186 2607 Β’.
1202 2580 1262 2606 Ὅτι
1278 2580 1329 2611 τὰς
1355 2579 1414 2606 τῶν
1439 2582 1713 2617 χειροτονουμένων
1734 2584 1792 2653 ψη.

1040 2625 1117 2651 φους
1136 2615 1485 2653 οὔτενπαρὰ-ἀρχόντων,
1501 2617 1571 2644 οὒτε
1581 2620 1660 2652 παρὰ
1673 2620 1727 2646 τοῦ
1743 2620 1787 2646 ὃιι

1040 2625 1117 2651 φους
1136 2616 1205 2643 οὔτε
1224 2615 1485 2652 παρὰαάρχόντων,
1501 2617 1571 2644 οὒτε
1581 2615 1660 2652 nupti
1673 2620 1727 2646 τοῦ
1737 2615 1771 2646 ’δι

1038 2650 1098 2687 λιου
1114 2652 1250 2687 γίνεσθαι
1262 2650 1330 2685 χρή.

1041 2708 1160 2745 Ζὴτειτδ
1181 2707 1212 2734 ιθ¹
1227 2716 1290 2741 κεφ.
1305 2706 1352 2733 τοῦ
1372 2706 1392 2732 Ε
1407 2707 1553 2742 στοιχείου.

1042 2755 1075 2781 '0
1093 2763 1125 2789 γε
1142 2753 1195 2789 μὴν
1212 2753 1245 2788 ιβ’
1259 2753 1305 2779 καὶ
1320 2752 1334 2778 ὸ
1349 2751 1382 2786 ιγ’
1396 2752 1446 2786 τῆς
1462 2753 1490 2778 ὲν
1512 2753 1657 2790 Λαοδικείᾳ
1683 2756 1791 2783 συνόδου

1007 2800 1097 2828 κανὼν
1126 2799 1157 2826 οὐ
1171 2800 1226 2830 τοῖς
1241 2797 1330 2833 δχλοις
1345 2797 1539 2832 ἐπιτρέπουσιν
1554 2799 1569 2834 ἢ
1591 2800 1760 2833 ἐπισκόπους
1774 2802 1790 2837 ἢ

1007 2846 1208 2880 πρεσῦυτέρους
1220 2842 1386 2879 ἐκλέγεσθαι,
1402 2842 1470 2870 ἀλλὰ
1482 2845 1514 2880 τῇ
1525 2845 1615 2879 κρίσει
1627 2845 1674 2873 τοῦ
1692 2855 1780 2880 μητοο
