1875 3059
204 148 259 181 219

809 146 1007 178 THEODULI
1026 146 1201 178 MONACHI

1771 150 1834 182 220

240 206 285 234 lll.
307 205 335 234 Si
351 204 416 233 illud
440 205 533 241 itaque
550 205 679 233 decorum
696 203 744 232 libi
764 207 825 238 est;
844 212 905 231 nam
933 204 967 232 bo

1073 205 1110 232 I".
1126 205 1158 233 Et
1172 205 1262 233 τοίνυν
1275 205 1363 246 ὲκεζνο
1379 205 1429 241 μὲν
1454 205 1525 242 ὑπὲρ
1545 205 1592 234 σοῦ
1604 216 1612 223 ·
1635 207 1716 235 τοῦτο
1730 207 1754 234 δ’
1773 209 1834 235 οὐκ

206 253 318 280 alterum
343 253 499 288 neutiquam
523 251 680 287 probaveris
697 256 759 279 :est
773 251 845 279 enim
863 258 985 285 necesse,

205 300 232 326 in
252 299 432 326 admiratione
455 298 594 325 hominum
613 302 638 324 te
662 301 761 332 tuaque
776 297 893 330 versari;
914 297 985 330 quod
1018 335 1020 337 _

205 351 230 373 et
245 345 382 380 proprium
408 344 458 372 hoc
472 344 579 371 virtutis
601 348 654 376 est,
671 344 751 378 cujus
762 344 864 378 primas
887 343 984 371 merito

204 396 295 427 partes
313 390 370 425 ipse
388 390 460 420 fers:
480 394 508 417 et
523 390 594 425 quod
611 390 745 418 universis
762 390 924 422 hominibus,
938 389 984 424 qui

204 444 275 463 nunc
287 441 360 468 sunt,
378 436 479 470 quique
501 441 596 470 postea
616 435 698 462 futuri
714 439 787 467 sunt.
804 435 830 461 in
849 434 985 469 exemplar

202 487 229 509 et
251 487 341 517 typum
365 481 468 516 pulchri
489 482 578 509 omnis
603 486 631 509 et
655 481 773 514 honesti,
799 481 882 508 vitam
909 485 983 507 luam

201 528 316 554 maxime
327 527 494 562 propositam
515 534 576 554 esse
591 531 698 561 oportet
719 535 726 553 :
745 533 850 561 equum
866 526 979 562 proinde

199 572 290 605 fuerit,
306 577 336 599 ut
350 572 444 600 laudes
457 576 516 599 luas
527 573 598 607 iusta
616 571 838 607 magnanimitate
851 570 982 606 excipias,

198 618 325 651 lerasqne
341 617 412 651 quod
429 622 455 644 te
473 624 525 644 non
541 617 647 652 dignam
675 617 742 644 satis
762 616 981 652 pradicatiouem

187 652 320 690 .auferas.
340 661 379 690 Eo
400 670 517 696 namque
533 662 612 690 modo
630 661 701 690 haud
715 669 814 697 paucos
828 662 899 689 ultro
914 669 981 697 ope.

198 716 256 735 ram
280 708 429 736 collaturos
455 708 585 742 habebis;
609 708 707 743 quippe
734 709 856 739 omneis.
881 708 981 743 quibus

198 754 320 781 nonnihil
340 762 402 781 cutn
418 754 571 789 eloquentia
591 761 654 782 usus
671 754 824 787 intercedit,
844 754 870 781 in
889 754 981 781 laudae

198 799 279 826 tionis
292 805 344 826 tua;
357 800 525 828 consortium
554 799 709 827 necessario
724 800 807 827 etiam
831 804 978 828 venturos:

198 853 251 872 non
269 846 392 880 equidem
415 853 469 880 quo
490 853 533 873 res
550 838 612 873 tuas
625 847 779 874 ornatiores
805 853 834 874 se
857 846 980 874 facturos

1036 251 1070 277 ἂν
1083 251 1169 278 ἕλοιο·
1183 251 1372 286 θαυμάζεσθαι
1394 252 1448 287 γὰρ
1464 252 1571 289 ἀνάγκη
1587 254 1621 281 τὰ
1640 255 1685 287 σὰ,
1709 255 1759 281 καὶ
1781 255 1833 281 ὃτι

1036 297 1109 323 τοῦτ’
1124 298 1224 333 ἀρετῆς
1243 298 1319 330 ἴδιον,
1337 296 1371 334 ἦς
1386 299 1466 330 αὐτὸς
1488 301 1558 335 φέρῃ
1578 300 1612 327 τὰ
1637 301 1746 336 πρῶτα,
1774 301 1832 327 καὶ

1036 342 1083 369 τοῦ
1100 343 1126 377 γ’
1140 343 1222 370 ἕνεκα
1239 344 1307 371 πᾶσι
1325 345 1442 379 μάλιστα
1458 347 1566 380 χρῆναι,
1581 347 1638 378 τοῖς
1650 355 1680 374 τε
1697 347 1746 374 νῦν
1760 347 1829 374 οὖσι

1035 390 1091 420 τοῖς
1105 397 1135 414 τε
1149 389 1380 425 ἐπιγιγνομένοις,
1391 392 1566 427 παράδειγμα
1578 392 1624 419 καὶ
1636 392 1720 419 τύπον
1734 393 1828 420 καλοῦ
1849 394 1851 396 ’

1035 434 1136 466 παντὸς
1155 435 1315 469 προκεῖσθαι
1328 437 1364 462 τὰ
1382 436 1416 464 σά
1429 445 1436 453 ·
1449 437 1554 469 δίκαιος
1578 438 1611 465 ἂν
1625 439 1685 475 εἴης
1704 440 1822 474 μεγαλο-

1034 479 1120 514 ψυχίᾳ
1134 480 1203 513 πρὸς
1218 480 1281 510 τοὺς
1298 480 1426 513 ἐπαίνους
1439 481 1601 517 κεχρῆσοαι,
1618 484 1665 510 καὶ
1680 484 1828 519 παραξίαν
1862 494 1863 500 π

1037 524 1362 561 θαυμαζόμενος’φέρειν.
1384 525 1462 554 Οὕτω
1479 527 1533 562 γὰρ
1551 527 1601 554 οὐκ
1615 528 1724 562 ὀλίγους
1747 529 1827 561 ἔξεις

1033 570 1221 606 εἰσφέροντας-
1240 572 1307 598 πᾶσι
1326 571 1380 607 γὰρ
1393 569 1434 603 οἷς
1451 573 1561 606 μέτεστι
1576 573 1673 607 λόγων,
1689 575 1738 601 καὶ
1766 575 1826 600 τῶν

1034 615 1103 650 ὑπὲρ
1120 615 1166 642 σοῦ
1179 615 1266 650 λόγων
1284 617 1390 651 ἀνάγκη
1405 618 1536 652 μετεῖναι·
1554 618 1602 653 οὐχ
1616 618 1687 646 ὥστε
1702 621 1826 653 κοσμεῖν

1033 660 1106 695 ἔχειν
1122 661 1156 688 τὰ
1181 661 1226 688 σά·
1246 661 1303 689 ἀλλ’
1323 662 1369 688 ὑπ’
1389 662 1479 690 αὐτῶν
1504 663 1616 696 τούτους
1640 665 1826 700 κοσμεῖσθαι.

1033 707 1160 742 καθάπερ
1173 707 1220 734 ἐπὶ
1237 708 1292 734 τῶν
1309 707 1459 743 ὀφθαλμῶν
1474 707 1552 744 οἶμαι
1577 710 1731 746 ξυμϐαίνει.
1753 712 1826 739 οῦδὲ

1032 752 1086 788 γὰρ
1099 750 1139 784 οἷς
1154 749 1228 780 οὗτοι
1242 753 1287 780 τδν
1301 754 1377 789 ἥλιον
1388 755 1507 789 ὁρῶντες
1527 755 1712 791 Θαυμάζουσι,
1728 758 1826 792 τούτῳ

1031 797 1109 831 δόξαν
1124 798 1248 826 ἐντεῦθεν
1270 799 1396 834 ἡντινοῦν
1410 799 1584 835 ἐμποιοῦσιν·
1599 801 1668 829 ἀλλὰ
1680 803 1753 836 arpi;
1772 803 1825 829 αὖ·

1032 846 1095 877 τοὺς
1113 845 1214 880 μᾶλλον
1227 845 1386 880 κοσμοῦσιν,
1403 846 1439 881 ἢν
1455 846 1501 873 τοῦ
1525 848 1592 883 ὀρᾷν
1607 848 1713 884 ι’σχουσι
1735 849 1825 876 δύνα-

197 896 319 924 sperenl,
333 890 378 917 sed
394 897 426 918 ex
438 891 538 918 eisdem
552 891 739 918 claritudinem
753 891 967 926 relaturos.Qual

1044 898 1090 921 ιιν,
1101 890 1203 925 ταύτην
1209 890 1313 917 ἐκεῖθεν
1322 891 1487 925 προάγοντες
1498 892 1538 924 εἰς
1550 893 1703 927 ἐνέργειαν.
1713 894 1824 921 Ἀπαν-

197 939 323 973 quiddam
338 939 410 966 circa
430 938 584 970 oculorum,
600 942 627 964 ut
648 938 755 972 opinor,
775 944 851 964 usum
873 937 980 965 contin-

197 985 248 1019 git,
264 984 311 1020 qui
332 984 401 1019 quod
425 983 510 1012 solem
533 987 696 1010 contuentur
711 989 743 1010 ac
761 982 923 1017 suspiciunt,
946 990 979 1011 eo

196 1027 263 1054 nihil
279 1027 316 1054 illi
341 1027 432 1062 glorize
451 1028 569 1059 addunt;
587 1033 680 1053 verum
695 1033 725 1053 se
739 1027 827 1060 potius
847 1027 918 1061 ipsos
933 1035 978 1054 or-

195 1077 270 1105 nant,
290 1072 397 1100 insitam
414 1072 541 1099 nimirum
558 1072 666 1100 videndi
686 1073 739 1100 vim
752 1079 803 1107 ope
816 1072 880 1099 solis
894 1073 921 1099 in
935 1080 980 1100 ac—

195 1122 252 1145 tum
274 1118 464 1151 proveltentes.
484 1116 601 1145 Proinde
619 1118 736 1152 optimos
754 1126 876 1153 quosqtte
894 1119 977 1153 viros,

194 1163 342 1198 quamlibet
367 1163 467 1197 alioqui
485 1162 528 1190 sui
555 1163 677 1198 ipsorum
705 1171 844 1197 praecones
868 1164 918 1198 ipsi
936 1169 978 1192 te-

197 1216 308 1245 stesque
332 1215 407 1242 sunt,
421 1211 473 1238 hoc
498 1211 556 1244 ipso
580 1212 651 1246 quod
675 1211 738 1239 boni
755 1212 886 1246 probique
902 1217 975 1244 suntl

193 1256 369 1290 omniumque
391 1255 575 1290 pradicalione
602 1256 687 1292 digni,
706 1256 810 1284 laudari
833 1262 922 1285 tamen
944 1258 977 1297 ah

194 1301 256 1328 aliis
268 1302 416 1334 cernimus,
431 1308 539 1337 suaque
558 1302 666 1330 virtutis
688 1302 758 1330 hanc
774 1302 848 1330 velut
864 1310 974 1332 merce-

193 1348 254 1374 dem
278 1347 368 1375 ferre:
392 1347 463 1381 quod
489 1352 516 1375 tu
538 1352 694 1383 utrumque,
708 1348 837 1383 singulari
860 1349 976 1384 quadam

193 1393 382 1427 praerogativa,
400 1399 416 1419 ι
431 1397 458 1420 te
474 1393 532 1427 ipso
552 1397 693 1428 acceptum
720 1394 819 1428 habes;
835 1398 892 1422 tum
905 1395 976 1429 quod

193 1444 300 1465 summe
327 1437 398 1465 inter
421 1438 524 1466 omneis
546 1438 720 1467 admirandus
741 1446 789 1475 per
810 1445 836 1467 te
851 1447 891 1473 es,
920 1445 975 1468 tum

192 1483 263 1518 quod
285 1482 419 1511 facundiae
435 1488 487 1511 tu:e
513 1483 633 1512 fructum
660 1484 718 1519 ipse
736 1486 864 1521 percipis,
889 1493 923 1513 ex
943 1494 975 1514 eo

191 1529 262 1562 quod
275 1528 479 1563 propinquitate
492 1529 540 1556 tibi
553 1528 802 1564 conjunctissimos,
819 1535 848 1557 ut
858 1531 974 1566 quisque

193 1627 249 1654 quo
277 1628 331 1647 non
351 1620 412 1648 illos
429 1621 516 1654 magis
542 1628 624 1656 quam
660 1622 831 1656 temetipsum
856 1624 973 1652 cohone-

192 1667 281 1694 slasli.
291 1666 358 1699 lmo,
369 1671 398 1693 ttt
408 1668 508 1694 rectius
518 1667 622 1702 loquar,
634 1671 690 1694 tum
703 1668 763 1696 illos
774 1669 974 1698 laudationibus

191 1713 414 1745 luis_ornatiores
435 1711 543 1746 fecisti,
566 1718 622 1740 tum
642 1713 794 1742 luculenter
814 1715 968 1750 ostendisti,

190 1758 340 1792 cuiusmodi
352 1765 414 1786 esse
429 1763 560 1792 oporteat.
578 1758 668 1793 quite
680 1779 687 1792 ,
713 1760 758 1794 qui
777 1765 890 1789 caeteros
911 1768 972 1789 om-

193 1811 251 1836 nes,
269 1803 404 1831 laudando
424 1810 521 1831 ornare
538 1811 568 1831 se
585 1804 712 1838 postulet.
730 1804 794 1838 Quae
812 1806 893 1840 igitur
915 1812 969 1835 tum

1031 944 1080 966 τας
1097 936 1146 970 μὲν
1161 934 1207 962 οὖν
1220 937 1281 968 τοὺς
1291 936 1429 971 ἀρίστους,
1446 937 1470 964 εί
1485 939 1531 964 καὶ
1547 938 1634 970 ἄλλως
1648 947 1721 966 ουτοι
1739 941 1825 975 σφῶν

1032 981 1124 1008 αὐτῶν
1141 983 1210 1008 εισιν
1223 982 1365 1009 ἐπαινέται
1387 984 1435 1010 καὶ
1453 984 1601 1020 μάρτυρες,
1613 986 1651 1020 τῷ
1667 987 1747 1013 καλοὶ
1769 988 1825 1014 καὶ

1031 1025 1128 1060 ἀγαθοὶ
1144 1027 1297 1061 γεγονέναι,
1310 1028 1356 1054 καὶ
1371 1025 1421 1054 οἷοι
1436 1030 1511 1063 παρὰ
1527 1030 1595 1056 πᾶσι
1611 1031 1823 1066 θαυμάζεσθαι,

1031 1071 1089 1098 ἀλλ’
1105 1071 1151 1098 οὖν
1169 1073 1383 1108 ἔπαινουμένους
1407 1075 1543 1109 δήπουθεν
1566 1076 1611 1110 ὑφ’
1625 1071 1726 1112 ἑτέρων
1744 1079 1822 1114 ’5ρῶ-

1033 1125 1092 1151 μεν,
1112 1119 1159 1144 καὶ
1177 1119 1271 1146 τοῦτον
1301 1119 1396 1154 μισθὸν
1411 1121 1606 1156 κομιζομένους
1620 1123 1668 1157 τῆς
1689 1124 1798 1160 ἀρετῆς
1812 1134 1822 1142 υ

1033 1163 1066 1189 σὺ
1083 1163 1111 1190 δὲ
1124 1164 1262 1191 καὶτοῦτο
1278 1166 1388 1192 κάκεῖνο
1406 1167 1475 1201 μετὰ
1491 1167 1588 1194 πολλοῦ
1606 1168 1653 1195 τοῦ
1668 1170 1821 1204 περιόντος

1033 1209 1107 1245 παρὰ
1122 1210 1221 1236 σαυτοῦ
1237 1210 1327 1238 λαϐὼν
1343 1211 1425 1247 ἔχεις·
1443 1212 1481 1248 τῷ
1504 1222 1534 1239 τε
1559 1213 1676 1248 μάλιστα.
1703 1216 1823 1244 πάντων

1031 1256 1187 1292 θαυμαστὸς
1213 1260 1320 1287 οἴκοθεν
1344 1259 1424 1295 εἶναι,
1439 1262 1478 1298 τῷ
1495 1271 1526 1289 τε
1540 1263 1588 1298 τῆς
1607 1263 1688 1296 αὐτὸς
1709 1265 1821 1292 σαυτοῦ

1025 1301 1152 1340 γλώττης
1166 1306 1301 1341 μετέχειν,
1316 1307 1345 1334 ιν
1358 1304 1398 1340 οἷς
1412 1308 1468 1335 τῶν
1484 1310 1657 1338 οἰκειοτάτων
1668 1311 1823 1339 οὑστινασ-

1029 1348 1077 1376 οῦν
1092 1350 1294 1385 ἀπογεγονότας
1307 1354 1468 1388 προσεῖπες,
1497 1355 1529 1382 οὗ
1549 1356 1650 1390 μᾶλλον
1673 1357 1775 1388 αὐτοὺς
1800 1358 1819 1393 ἤ

1030 1395 1128 1421 σαυτὸν
1143 1395 1268 1423 ἐντεῦθεν
1281 1398 1403 1433 κοσμῶν·
1420 1399 1522 1434 μᾶλλον
1538 1400 1578 1433 δὲ,
1589 1402 1613 1428 εί
1625 1402 1677 1437 χρὴ
1693 1402 1820 1438 τάληθὲς

1028 1439 1126 1472 εἰπεῖν,
1143 1441 1264 1473 ἐκείνους
1274 1451 1304 1469 τε
1320 1444 1374 1476 τοῖς
1389 1444 1465 1479 παρὰ
1480 1446 1578 1472 σαυτοῦ
1596 1446 1684 1480 λόγοις
1700 1447 1820 1483 ἀποφή-

1028 1494 1075 1518 νας
1091 1486 1228 1520 καλλίους,
1254 1488 1335 1521 αὑτός
1361 1499 1390 1516 τε
1419 1491 1514 1525 σαφῶς
1538 1493 1678 1527 ἐπιδείξας
1702 1495 1818 1527 ὀποῖους

1027 1533 1105 1564 τινὰς
1119 1530 1188 1560 εἶναι
1204 1534 1256 1570 χρὴ
1281 1530 1344 1567 τοὺς
1359 1535 1388 1562 σέ
1400 1544 1431 1562 τε
1448 1521 1619 1570 atat-112v“;
1635 1521 1699 1572 τοῦς
1714 1521 1818 1573 ἄλλους

132 1590 137 1595 -
190 1575 261 1602 diem
286 1582 364 1602 suum
379 1575 457 1609 obiit,
485 1574 591 1603 funebri
610 1575 774 1603 allocutione
800 1570 967 1611 collaudasll,

1044 1580 1142 1614 κοσμεῖν
1157 1567 1349 1614 αἱρουμένους
1364 1579 1405 1614 οἷς
1419 1583 1469 1617 μὶν
1488 1583 1534 1610 οὖν
1550 1567 1618 1621 πρὸς
1637 1567 1697 1622 τὴν⁷
1707 1567 1818 1622 tropei:

1028 1632 1078 1650 σαν
1092 1624 1210 1660 σπουδὴν
1228 1626 1282 1653 ἔδει
1301 1628 1452 1664 κεχρῆσθαι
1467 1630 1547 1657 καὶᾶ
1568 1631 1675 1665 μάλιστ’
1690 1633 1815 1668 ἐμαυτὸν

1026 1671 1165 1703 πεπεικὼς
1191 1672 1346 1709 διανέστην,
1371 1677 1476 1711 σιωπῆς
1491 1676 1633 1704 ἀκινδύνου
1651 1678 1702 1713 τὴν
1725 1680 1754 1706 ὲν
1770 1679 1810 1715 τῷ

1025 1716 1114 1751 λέγειν
1127 1715 1214 1753 ἧτταν
1233 1719 1301 1754 ἡδίω
1329 1720 1488 1748 παντάπασι
1503 1722 1608 1757 κρίνας,
1632 1723 1709 1750 ταῦτ’
1733 1725 1813 1752 ἐστιν

1023 1759 1061 1790 ὧν
1071 1762 1124 1790 οὐδ’
1137 1763 1170 1791 ἂν
1183 1761 1234 1798 εἷς,
1247 1764 1285 1796 ὥς
1297 1774 1328 1800 γε
1339 1765 1394 1800 ἐγὼ
1403 1767 1516 1802 νομίζω,
1527 1767 1626 1801 ευνίδοι
1640 1769 1744 1796 καλλίω
1759 1772 1810 1798 καὶ

1025 1809 1081 1841 τοῖς
1096 1809 1257 1845 πράγμασιν
1274 1811 1446 1848 ἀποχρῶντα.

189 1852 222 1878 ad
247 1858 365 1884 praesens
392 1851 544 1878 institutum
573 1852 696 1880 adhiberi
726 1854 890 1889 oportebat.
919 1859 976 1883 tum
1009 1857 1085 1892 queis
1107 1858 1274 1892 potissimum
1295 1860 1421 1888 inductus
1453 1862 1485 1889 ad
1503 1862 1646 1890 dicendum
1679 1872 1811 1899 surrexe-

188 1897 251 1930 ritn,
274 1897 402 1931 illamque
421 1897 447 1925 in
469 1897 582 1926 dicendo
598 1898 775 1928 olfensionem
806 1900 993 1934 jucundiorem
1031 1904 1097 1931 mihi
1116 1905 1227 1933 omnino
1241 1905 1375 1940 duxerim,
1390 1915 1472 1943 quam
1497 1916 1612 1937 vacuum
1637 1897 1756 1945 periculo
1769 1913 1807 1940 si-

188 1943 310 1977 lentium,
331 1943 386 1971 haec
407 1943 463 1972 fere
482 1949 544 1972 sunt
561 1953 569 1972 :
593 1946 691 1981 quibus
707 1947 848 1981 pulchrius
861 1948 988 1983 quiddam
1008 1950 1205 1987 honestiusque
1220 1952 1290 1980 haud
1307 1953 1567 1990 facilequemquam
1602 1943 1810 1992 perspecturutn

187 1990 313 2021 arbitror,
334 1990 482 2025 eademque
507 1991 649 2026 ejusmodi,
671 1997 697 2020 ut
712 1993 792 2021 rebus
806 1993 871 2028 ipsis
885 1995 960 2028 paria
978 2002 1011 2024 ac
1023 1997 1168 2025 sull'eclura
1185 1999 1304 2027 credam.

221 2034 266 2062 Ν.
279 2035 337 2063 Jam
357 2037 439 2070 igitur
458 2037 492 2064 ad
507 2037 593 2072 ipsam
610 2039 700 2074 magni
716 2039 767 2068 viri
787 2039 968 2069 laudationem

187 2088 295 2108 manum
319 2082 492 2116 admoventi,
518 2090 633 2118 eamque
654 2092 796 2120 capessere
819 2085 970 2115 instituenti

187 2127 263 2160 mihi,
280 2127 351 2154 haud
370 2128 443 2155 aliud
469 2129 615 2164 quidquam
632 2135 696 2159 ante
715 2133 841 2165 patriam,
857 2139 971 2168 quaque

1060 2043 1096 2071 Δ’.
1115 2045 1185 2080 Ἤδη
1198 2045 1227 2072 δέ
1244 2054 1279 2081 με
1292 2047 1349 2078 τοῖς
1364 2047 1488 2080 ἐπαίνοις
1503 2049 1675 2084 προσάγοντα
1693 2050 1741 2077 τοῦ
1755 2059 1809 2085 με·

1023 2090 1119 2124 γάλου,
1133 2092 1181 2119 καὶ
1193 2092 1296 2119 τούτων
1306 2093 1519 2129 ἐπιϐαλλόμενον
1534 2095 1679 2129 ἅπτεσθαι,
1697 2097 1811 2130 οὐδενὸς

1023 2134 1099 2171 οἶμαι
1113 2137 1168 2163 δεῖν
1181 2137 1235 2164 τῶν
1249 2138 1337 2165 ἄλλων
1353 2139 1406 2174 πρὸ
1423 2141 1472 2176 τῆς
1485 2141 1615 2176 πατρίδος
1632 2143 1810 2178 μεμνῆσθαι,

186 2170 259 2198 illam
288 2172 439 2207 attingunt,
467 2176 734 2203 commemorandum
769 2177 885 2211 videtur,
916 2179 967 2206 itno

1045 2170 1072 2208 ai.
1096 2183 1143 2209 τοῦ
1161 2183 1221 2210 κατ’
1248 2184 1333 2219 αὐτὴν
1351 2170 1470 2219 ἥξοντος,
1485 2170 1553 2212 ἀλλᾶ
1566 2170 1614 2213 καί
1632 2170 1702 2222 ’μέλ’
1718 2170 1810 2224 αὐτῆς

186 2224 251 2243 vero
269 2218 302 2244 de
317 2218 362 2245 illa
381 2224 444 2247 ante
458 2221 681 2249 cmleraonmino
701 2223 844 2258 agendum,
866 2228 967 2252 natura

1046 2228 1075 2265 ρὸ
1089 2229 1144 2256 τῶν
1160 2229 1249 2257 ἄλλων
1271 2217 1404 2266 ἐπέμενον
1426 2217 1509 2266 φύσει·
1521 2234 1568 2259 καὶ
1588 2217 1681 2269 τέχνῃ,
1701 2235 1750 2261 καὶ

185 2263 305 2298 artisque
320 2265 445 2292 oratoriae
460 2266 588 2301 vestigia,
604 2272 631 2294 et
647 2274 723 2303 aequa
743 2269 885 2304 utriusque
897 2270 970 2298 desi-

184 2307 271 2341 deria,
283 2310 419 2344 sequenti.
431 2310 537 2346 Quippe
551 2313 584 2339 ad
601 2313 672 2340 hunc
685 2314 792 2341 modum
808 2316 888 2351 dirigi
901 2320 971 2344 trac-

185 2352 293 2388 tarique
305 2359 431 2388 oportere
445 2357 606 2390 orationem,
622 2366 682 2386 cum
698 2367 742 2387 ars
754 2361 810 2395 Ipsa
825 2361 897 2389 velut
911 2361 970 2396 lege

183 2399 282 2431 sancit,
309 2404 367 2427 tum
383 2405 410 2428 et
422 2403 614 2431 necessitatem
634 2411 710 2432 suam
728 2409 822 2433 natura
835 2407 969 2443 adiungit.

184 2442 324 2478 Siquidem
340 2448 447 2481 priores
463 2447 556 2476 liberis
583 2454 711 2484 parentes
735 2455 809 2484 sunt,
823 2453 908 2486 patria
923 2442 971 2488 pa—

184 2490 318 2525 rentibus,
346 2493 418 2527 quod
438 2501 471 2522 ex
500 2502 544 2528 ea,
572 2499 701 2530 tanquam
721 2496 905 2532 fundamento,
923 2504 971 2527 aut

184 2534 275 2562 radice
295 2537 428 2572 subjecta,
452 2547 551 2575 genera
581 2541 720 2570 hominum
746 2543 803 2578 ipsa
825 2545 969 2578 oriuntur;

184 2580 257 2608 omni
273 2581 366 2616 itaque
381 2590 415 2611 ex
436 2590 513 2619 parte
529 2587 661 2621 Optimum
673 2608 681 2620 ,
700 2595 845 2624 rerumque
867 2594 969 2617 naturae

183 2627 468 2657 convenientissimum
489 2637 541 2665 est,
568 2637 599 2660 ut
621 2633 714 2668 priore
736 2634 794 2662 loco
821 2635 855 2662 de
880 2636 968 2670 patria

181 2673 267 2700 nostri
295 2674 428 2710 dicamus,
451 2681 506 2705 tum
532 2679 658 2714 deinceps
682 2682 714 2708 ad
736 2685 862 2715 parentes
877 2682 968 2709 venia-

181 2726 252 2752 mus,
269 2720 363 2755 eisque
379 2723 450 2757 quod
464 2723 509 2758 jus
526 2724 621 2760 fasque
634 2730 677 2754 est
692 2727 801 2755 reddam
814 2736 855 2756 us.

218 2766 247 2793 V.
264 2767 323 2794 Jam
339 2768 428 2803 patria
446 2769 578 2803 ejusmodi
603 2778 669 2800 sane
686 2777 738 2805 est,
757 2778 786 2801 ut
811 2781 863 2801 non
887 2773 966 2802 modo

184 2810 257 2838 nulla
280 2812 387 2846 penitus
415 2821 508 2842 carum
536 2822 638 2849 rerum,
663 2825 722 2852 quae
736 2818 864 2846 decorare
886 2820 967 2847 urbes

182 2857 278 2890 solent,
304 2858 483 2894 dcstitualur,
509 2862 555 2890 sed
582 2868 608 2890 ct
635 2869 708 2892 tanta
732 2873 824 2893 eorum
849 2874 965 2898 exsupe-

1019 2275 1085 2310 παρ’
1100 2275 1202 2310 ἀμφοῖν
1218 2275 1350 2308 ἀξιοῦντι·
1364 2276 1415 2312 τῆς
1430 2277 1478 2312 μὲν
1503 2278 1558 2313 γάρ
1570 2278 1628 2304 ἐστι
1639 2279 1721 2313 νόμος
1732 2279 1810 2307 οὕτω

1021 2323 1153 2358 προάγειν
1170 2323 1269 2359 χρῆναι
1282 2323 1327 2350 τὸν
1338 2323 1428 2358 λόγον,
1445 2325 1492 2351 καὶ
1513 2324 1607 2352 τοῦτον
1625 2325 1809 2361 διαχειρίζειν

1020 2368 1067 2395 τὸν
1077 2368 1186 2403 τρόπον·
1201 2369 1218 2403 ὴ
1237 2368 1261 2395 δ’
1286 2369 1341 2404 ἆρα
1357 2369 1436 2404 φύσις
1450 2370 1498 2397 καὶ
1510 2371 1558 2404 τὴν
1573 2369 1603 2402 ἐξ
1616 2370 1702 2405 αὐτῆς
1719 2370 1809 2406 ἀνά-ί-

1020 2421 1071 2447 κην
1086 2413 1274 2449 προστίθησιν,
1297 2414 1369 2450 ἅπερ
1383 2415 1435 2441 τῶν
1450 2415 1499 2449 μὲν
1514 2415 1616 2442 παίδων
1636 2416 1660 2442 oi
1682 2418 1808 2452 πατέρες

1019 2459 1158 2495 πρότεροι,
1174 2460 1278 2486 τούτων
1296 2460 1317 2486 δ’
1331 2460 1366 2488 αὖ
1379 2461 1396 2495 ἡ
1412 2461 1522 2496 πατρὶς,
1537 2461 1575 2496 τῷ
1591 2461 1693 2496 ταύτης
1706 2461 1806 2498 ὥσπερ

1016 2504 1088 2534 τινος
1101 2504 1231 2540 κρηπῖδος
1241 2504 1257 2540 ἧ
1268 2504 1346 2540 ῥίζης
1361 2506 1544 2541 ὑποκειμένης
1553 2506 1586 2532 τὰ
1596 2506 1661 2541 γένη
1672 2506 1806 2541 φύεσθαι.-

1020 2549 1166 2583 κράτιστον
1183 2549 1229 2576 οὖν
1249 2550 1282 2577 ἄν
1295 2551 1337 2586 εἴη
1354 2552 1524 2587 πανταχόθεν
1538 2552 1586 2579 καὶ
1599 2553 1655 2584 τοῖς
1669 2553 1807 2588 πράγμα-

1019 2602 1062 2620 σιν
1076 2592 1160 2628 εϊκον,
1175 2596 1225 2630 τῆς
1239 2597 1403 2630 ἐνεγκούσης
1426 2596 1543 2631 πρόσθεν
1559 2598 1748 2632 ποιησάμενον
1762 2600 1807 2626 λό-

1018 2647 1076 2673 γον⁷
1094 2638 1178 2665 ἔπειτ’
1198 2640 1296 2675 ἑφεξῆς
1306 2641 1352 2667 ἐπὶ
1371 2642 1433 2673 τοὺς
1449 2642 1569 2678 πατέρας
1585 2643 1695 2677 χωρεῖν,
1708 2644 1807 2672 κάκεί-

1017 2693 1072 2717 νοις
1091 2687 1121 2712 τὸ
1133 2685 1207 2718 elato;
1220 2687 1367 2722 ἀπονέμειν

1028 2775 1089 2802 α“Ε’.
1109 2776 1188 2803 Ἐστι
1203 2777 1292 2804 τοίνυν
1305 2776 1375 2813 αὕτη
1389 2761 1512 2814 τοιαύτη,
1535 2779 1574 2811 ὡς
1590 2779 1626 2815 μὴ
1644 2781 1725 2815 μόνον
1741 2781 1803 2814 ἐνὸς

1019 2821 1134 2857 μηδενὸς
1144 2821 1199 2848 τῶν
1209 2823 1259 2849 ὅσα
1271 2823 1349 2850 πόλιν
1359 2823 1412 2850 οἶδε
1422 2824 1564 2859 σεμνύνειν
1576 2825 1637 2861 μηδ’
1646 2827 1803 2854 ὁπωστιοῦν

1016 2866 1177 2902 ἀρισιάναι,
1210 2869 1276 2896 ἀλλὰ
1307 2870 1352 2897 καὶ
1383 2871 1452 2902 μετὰ
1478 2871 1589 2907 τοσῆσδε
1618 2872 1696 2900 ταῦτ’
1724 2873 1805 2909 ἔχειν
