1875 3059
184 141 239 175 223
667 129 670 132 ’
793 118 922 171 Timon

1078 139 1189 170 ἺΑΟΗΙ
1759 138 1818 171 924

225 198 281 226 νυ.
309 197 412 233 Quippe
444 202 470 225 et
496 198 603 232 propria
631 198 750 233 ipsorum
782 199 868 226 virtus
897 198 965 226 clara

1079 197 1096 225 '.
1110 198 1167 233 Τῆς
1190 184 1247 232 γὰρ
1269 196 1425 232 προσούσης
1460 196 1562 231 ἀρετῆς
1582 196 1653 223 οὕτω
1677 196 1819 246 λαμπρᾶὲ

185 245 258 272 adeo
277 252 309 272 ac
331 245 443 272 illustris
467 244 526 276 fuit,
554 249 583 271 ut
602 244 848 279 splendidissimum
874 252 888 272 a
914 245 925 271 li

1080 253 1094 275 ς
1115 243 1162 271 καὶ
1190 242 1358 278 περιφανοῦς
1381 241 1536 276 γεγονυίας,
1549 242 1586 273 ὡς
1602 242 1650 268 καὶ
1670 242 1748 276 παρὰ
1763 240 1818 266 τοῦ

189 290 304 324 elogium
327 290 437 322 tulerit;
462 297 511 317 nec
531 291 601 316 enim
628 295 704 322 parte
727 292 843 325 quadam
865 299 929 319 mort

1078 291 1114 322 ib;
1130 290 1260 320 ἐπιεικῶς
1281 289 1482 324 προσειρῆσθαι
1506 288 1537 314 οὐ
1554 288 1608 323 γὰρ
1622 288 1653 314 τὸ
1670 288 1720 322 μὲν
1735 296 1743 303 ·
1757 288 1818 314 αὖ·

189 335 353 369 optimorum
378 335 499 362 instructi
521 339 611 369 erant,
627 341 704 369 parte
726 337 778 364 alia
803 344 857 364 non
882 337 929 364 iter

1088 335 1192 370 προσῆν
1205 334 1261 362 τῶν
1275 334 1375 367 καλῶν,
1398 335 1429 361 τὺ
1443 335 1465 361 δ’
1476 334 1507 360 οὗ
1518 341 1526 350 ·
1539 335 1599 361 οὐδὲ
1618 334 1649 361 τδ
1662 334 1713 368 μὲν
1738 335 1818 369 μᾶλ-

189 387 239 407 nec
261 380 312 407 hac
327 384 402 413 parte
418 379 490 414 plus,
510 380 552 406 illa
570 381 668 414 minus,
684 380 731 408 sed
744 382 833 408 omnia
849 382 927 409 simul

1090 381 1144 408 τὸδ’
1160 378 1242 416 ἦττον
1253 389 1259 398 ι
1283 380 1352 407 ἀλλὰ
1364 380 1443 406 πάνθῖ
1460 379 1529 414 ὁμοῦ
1545 379 1592 406 καὶ
1611 379 1670 414 μεθ’
1686 379 1817 412 ὑπερϐο-

189 425 287 452 eximie
308 424 451 458 complexi,
476 432 581 452 sutnmo
604 426 796 454 adnitebantur
817 434 908 462 opere,

1084 426 1291 460 συνειλήφεσαν,
1322 425 1417 460 ὥσπερ
1442 423 1659 458 φιλονεικοῦντες
1689 423 1816 458 μηδενὸς

192 479 244 505 qua
264 471 392 498 virtutum
414 471 545 506 particula
569 472 772 500 deﬁcerentur:
789 478 816 501 et
837 475 883 508 qui
902 476 932 501 ta‘

1088 471 1199 506 ἀγαθῶν
1227 470 1398 505 ἐλλελεῖφθαι
1414 479 1422 486 ·
1443 470 1576 501 τοιούτοις
1601 469 1690 497 τοίνυν
1711 469 1817 500 αὐτοῖς

188 517 244 550 jam
257 523 304 551 per
314 523 342 543 se
353 520 442 549 erant,
459 517 492 544 iis
507 517 577 544 hattd
595 517 675 552 paulo
690 518 832 552 gloriosius
848 519 906 551 fuit,
922 527 928 546 t

1074 527 1090 552 ι,
1109 517 1200 553 μεῖζον
1211 518 1251 548 είς
1264 516 1343 548 δόξαν
1357 517 1387 543 τὸ
1411 516 1507 543 τούτου
1526 515 1648 550 πατέρας
1670 514 1814 549 ἠξιῶσθαι

190 561 268 595 hujus
287 561 352 588 tanti
370 562 418 589 lilii
440 567 566 601 parentes
588 562 683 590 ﬁerent
705 563 798 599 dignos
814 564 868 591 Deo
883 564 930 592 vis:

1078 563 1156 589 εσθαι·
1170 561 1258 593 διατίς
1272 561 1333 587 Ὀτι
1344 560 1455 591 ἐκείνως
1472 560 1522 594 μὲν
1535 559 1579 590 ἂν,
1591 559 1615 584 εί
1627 559 1674 584 καὶ
1692 558 1730 593 μὴ
1744 558 1818 584 πολ-

188 606 370 638 Qnamobrem
389 607 479 634 istuc?
507 607 640 640 Quoniam
657 608 701 635 illa
717 609 822 643 quidem
838 615 911 637 certe
927 619 928 622 η

1077 617 1092 641 τ,
1110 608 1169 635 ἀλλ’
1184 607 1230 635 οὖν
1249 605 1459 642 παραπλησίους
1483 605 1515 640 δή
1545 613 1622 635 τινας
1647 604 1737 638 σχοῖεν
1763 603 1817 628 καὶ

188 652 259 679 tione
281 659 359 686 pares
378 653 429 680 sibi
446 653 602 685 nonnullos,
631 653 795 689 virtutisque
817 654 928 690 aaqualit;

1088 655 1154 682 ίσων
1169 653 1430 688 ὰμφισὸητοῦντας·
1455 651 1526 678 οὕτω
1554 650 1583 677 δὲ
1606 650 1661 677 οὐδ’
1685 648 1816 676 ὁντινοῦν

188 698 259 725 haud
283 697 362 725 facile
379 696 524 732 ’cessuros,
545 706 595 727 nec
623 699 684 727 illos
710 704 800 727 tamen
826 701 928 728 admodt

1088 699 1316 729 ἀπάντων.,Ὢστ’
1328 699 1352 724 εἰ
1375 698 1424 724 καὶ
1436 697 1507 724 τοῦτ’
1524 697 1611 723 εἰπεῖν
1626 697 1676 727 δεῖ,
1694 693 1814 722 δοκοῦσί

188 743 299 775 multos,
325 743 459 777 habituri;
484 745 516 771 de
539 745 590 772 hac
610 744 667 780 ipsa
689 745 807 772 omnium
827 745 928 773 homini

1079 745 1230 780 Γρηγόριός
1251 753 1281 771 τε
1305 744 1353 771 καὶ
1373 743 1504 777 Νόννα,ή
1523 742 1647 777 μακαρία
1664 741 1742 773 δυὰς,
1762 741 1817 767 καὶ

189 787 323 814 neminem
349 788 376 815 in
392 794 529 817 certamen
548 791 704 818 admittunt.
722 791 805 824 Unde,
825 791 848 819 si
872 791 929 819 fast

1078 791 1161 827 Γριὰδι
1181 791 1250 826 μετὰ
1261 789 1308 817 τοῦ
1323 790 1417 819 παιδὸς
1435 788 1561 822 σύστιχός
1576 796 1605 813 τε
1622 787 1669 814 καὶ
1683 786 1818 821 σύμμορ-

186 832 286 866 dicere,
302 833 449 868 Gregorius
463 839 490 862 et
502 834 609 868 Nonna,
626 843 674 869 par
686 836 830 871 coniugum
843 837 926 864 beatis

1091 838 1140 865 οὐκ
1157 835 1205 864 οἷδ’
1223 836 1277 864 εἴτε
1292 836 1377 872 γέρας
1390 833 1607 868 καλοκάγαθίας,
1626 833 1680 859 εἴτε
1703 832 1817 866 σύμϐο-

188 885 272 911 mum,
290 884 317 906 et
341 887 393 906 una
419 887 479 907 cum
502 881 556 908 ﬁlio
583 882 783 910 sanctissimam
806 882 928 910 Trinitatt

1077 884 1201 919 ἐναργὲς,
1217 883 1268 918 τῆς
1292 881 1532 911 είσέπειτάὺτοὺς
1559 879 1740 931 Magium;

185 923 281 950 ordine
301 928 329 950 et
353 923 439 951 forma
457 925 654 958 quodammodo
680 926 810 959 referens,
829 927 925 960 probita

1075 929 1197 964 ιιότητος,
1228 928 1284 954 εἴτε
1313 927 1361 954 καὶ
1377 927 1460 962 ἄμφω
1476 925 1557 952 ταυτὶ
1584 925 1630 951 τὸν
1647 923 1815 958 θαυμαστὸν

186 973 220 993 ne
238 975 293 995 suae
308 969 421 1003 pretium
439 969 526 998 dicam
548 971 649 1003 nescio,
667 978 701 998 an
715 976 819 999 certum
835 978 926 1007 except

1075 974 1125 1001 ιονὶ
1137 973 1300 1008 κεκομίσθαι
1313 973 1417 1006 θεόθεν,
1433 972 1496 998 ὅσου
1510 971 1583 1002 τινὸς
1597 970 1695 1000 αὐτούς
1716 967 1815 1014 τεκαὶ

184 1020 222 1040 ra:
234 1014 306 1048 ipsos
320 1015 382 1042 olim
400 1016 574 1044 beatitudinis
588 1017 694 1052 pignus,
712 1025 744 1045 au
761 1023 905 1053 utrumque
921 1027 924 1053 |

628 1025 694 1050 ;nus,
712 1025 744 1045 an
761 1023 905 1053 utrumque
921 1026 966 1053 po-
1019 1020 1114 1047 τοῦτον
1130 1019 1192 1054 ἄγει
1203 1019 1368 1050 δεικνύντος.

182 1059 248 1093 tius,
274 1060 393 1090 divinum
412 1063 484 1090 hunc
507 1063 603 1096 lilium,
625 1071 640 1091 a
668 1064 731 1097 Deo,
750 1065 795 1099 qui
821 1065 913 1099 quanti
935 1070 962 1093 et
981 1065 1054 1100 ipsos
1068 1066 1302 1097 ctillunnfaceret
1323 1065 1477 1099 ltoc,modo
1515 1063 1695 1093 monstrabat,
1729 1067 1816 1088 acce-

184 1107 256 1141 pisse
274 1108 338 1136 milti
354 1110 488 1139 videntur.

223 1152 288 1180 Vlll.
305 1155 417 1188 Quando
432 1159 503 1184 enim
517 1162 543 1186 et
557 1159 641 1187 lilium
657 1159 737 1195 longe
753 1161 884 1195 Optimum
899 1161 963 1188 cutti-

1072 1161 1093 1187 L'.
1115 1159 1226 1194 Ἐπειδὴ
1242 1159 1297 1193 γὰρ
1314 1158 1368 1185 ἔδει
1384 1157 1429 1184 τὸν
1446 1160 1505 1191 μὲν,
1523 1153 1564 1186 οἷς
1583 1156 1694 1190 ἄριστος
1722 1153 1812 1190 ἔμελ-

186 1199 428 1235 neutissimumque
439 1201 569 1235 futurum,
579 1211 611 1230 lle
620 1204 683 1239 quid
701 1205 738 1231 illi
752 1205 784 1231 ad
795 1206 926 1239 omnigen:

1072 1205 1181 1233 ἔσεσθαι
1194 1206 1241 1231 καὶ
1256 1206 1328 1231 πάνυ
1341 1212 1381 1230 τοι
1395 1203 1522 1242 προῦχων
1535 1204 1740 1240 παραπλησίων
1761 1211 1812 1228 τυ-

186 1244 341 1273 felicitatem
367 1247 484 1281 deesset,
504 1249 608 1277 similes
627 1250 691 1277 item
707 1251 828 1278 nancisci
845 1255 922 1286 oport

1072 1262 1073 1271 ι
1089 1253 1136 1279 καὶ
1161 1251 1298 1287 πατέρων,
1323 1249 1359 1282 ὦς
1376 1252 1409 1278 ἂν
1438 1251 1514 1285 αὐτῷ
1531 1249 1702 1284 πανταχόθεν
1715 1248 1759 1282 εἴη
1778 1247 1812 1272 τὸ

184 1294 322 1324 parentes,
341 1296 368 1318 et
381 1292 438 1326 pari
461 1294 566 1321 ratione
588 1300 713 1329 parentes
731 1296 813 1330 ipsos,
836 1297 870 1323 ob
889 1303 919 1322 su

1071 1306 1154 1332 ιιμον,
1172 1298 1226 1324 εδει
1240 1297 1268 1324 δὲ
1282 1299 1352 1324 κατὰ
1369 1297 1414 1323 τὸν
1431 1296 1512 1323 αὑτὸν
1527 1295 1605 1329 λόγον
1617 1295 1664 1321 καὶ
1675 1294 1746 1327 σφᾶς
1761 1292 1811 1319 διὰ

185 1343 255 1362 mam
273 1336 334 1363 vita;
347 1339 567 1373 sanctimoniam,
582 1345 786 1376 spectatamque
800 1341 827 1368 in
840 1342 922 1368 omnil

1078 1343 1124 1370 τοῦ
1141 1343 1199 1378 βίου
1216 1343 1377 1376 φιλοσοφίαν
1399 1343 1447 1368 καὶ
1472 1342 1522 1376 τὴν
1535 1342 1564 1372 ἐς
1579 1341 1669 1366 πάντα
1684 1338 1809 1374 χρηστό-

184 1381 357 1415 probitatem,
371 1383 459 1412 claros
474 1384 500 1412 in
518 1386 612 1420 primis
624 1395 656 1414 ac
668 1388 773 1420 beatos,
789 1388 924 1422 omuimuq

1069 1398 1092 1421 ι,
1110 1388 1253 1422 λαμπρούς
1268 1396 1344 1419 τινας
1367 1388 1437 1422 ἄγαν
1463 1388 1512 1414 καὶ
1533 1385 1671 1421 ζηλωτοὺς
1689 1383 1809 1418 γεγονό-

185 1427 239 1454 Deo
263 1428 448 1463 cltarissimos,
475 1431 627 1460 admirabili
648 1435 763 1468 quadam
788 1433 906 1468 ipsisque

1067 1456 1072 1468 ,
1087 1435 1135 1462 καὶ
1154 1434 1272 1469 μάλιστα
1288 1434 1397 1461 πάντων
1414 1433 1560 1467 θεοφιλεῖς,
1577 1430 1741 1465 θαυμαστῆς
1759 1438 1807 1455 τι-

186 1473 298 1501 millima
327 1475 432 1510 dignari
459 1477 543 1510 prole,
571 1478 608 1505 ita
634 1479 828 1507 convenienter
852 1486 926 1514 prore

1076 1481 1208 1516 ἠξιῶσθαι
1235 1482 1284 1507 καὶ
1300 1480 1348 1514 τῆς
1369 1480 1460 1514 γονῆς,
1479 1479 1527 1506 καὶ
1546 1478 1608 1513 μάλ’
1638 1477 1730 1508 αὐτοῖς
1745 1476 1806 1502 ἑοι-

184 1520 309 1554 utrinque
332 1521 430 1549 accidit
441 1541 449 1554 ,
466 1523 597 1559 alterique
613 1525 647 1552 ab
663 1525 755 1552 alteris
770 1521 840 1559 quo-’l
857 1532 906 1560 par
921 1534 924 1549 ι

1068 1536 1093 1558 ις
1104 1536 1111 1543 ο
1125 1527 1209 1562 ἄμφω
1220 1526 1323 1560 γίνεται
1337 1525 1516 1560 καταλλήλως
1526 1533 1533 1540 ·
1551 1524 1601 1550 καὶ
1620 1523 1684 1557 παρ’
1700 1521 1808 1548 ἑκατέ-

183 1565 330 1599 accipiunt,
349 1567 523 1604 debitumque
542 1569 664 1597 ordinem
683 1571 803 1605 capiunt.
820 1570 886 1598 Nam
900 1578 923 1605 pl

1066 1582 1070 1597 ν
1086 1572 1212 1607 ἑκάτεροι
1227 1572 1351 1607 δέχονται
1371 1571 1400 1597 τὸ
1418 1571 1501 1601 είκὸς.
1521 1570 1576 1595 Καὶ
1601 1568 1651 1603 τὴν
1667 1567 1806 1602 γιγνομὲ-

184 1610 242 1645 pria
261 1612 376 1645 quisque
392 1620 441 1640 sua
457 1618 550 1642 mutuo
566 1615 715 1648 tradentes,
733 1616 902 1651 invicemque
919 1625 924 1643 l

1092 1617 1262 1652 λαμὸάνουσι
1291 1617 1368 1649 τάξιν
1379 1624 1385 1632 ·
1403 1616 1439 1642 τὰ
1450 1615 1514 1651 γὰρ,
1528 1615 1561 1650 δὴ
1585 1613 1695 1648 σφέτερ’
1711 1613 1808 1639 αὐτῶν

183 1655 327 1690 cipientes,
340 1656 379 1683 sic
390 1658 553 1686 conveniunt
566 1660 682 1694 penitus,
698 1666 726 1688 ut
739 1661 853 1695 junctim
866 1662 923 1695 ubiq

1067 1663 1142 1699 ήλοις
1168 1662 1358 1694 ἀντιδιδόντες,
1386 1662 1435 1688 καὶ
1449 1661 1515 1695 παρ’
1530 1659 1806 1708 ἀλλήλων-Εὐξαίμ-

182 1708 432 1730 commemorentur
447 1705 642 1740 sudianturque
654 1726 660 1738 ,
677 1710 704 1733 et
721 1707 787 1739 sint,
804 1707 875 1741 quod
896 1707 922 1734 di

1069 1718 1155 1741 οντες,
1174 1709 1245 1735 οὕτω
1261 1707 1391 1739 καθάπαξ
1417 1706 1630 1742 συμϐαίνουσιν,
1647 1704 1808 1747 dig-culin-

185 1753 239 1780 tur,
266 1757 284 1779 ι,
302 1753 395 1782 terque
414 1754 563 1783 quaterque
579 1750 662 1777 beati.
688 1760 697 1777 ι
721 1751 890 1786 Quapropter
905 1759 925 1779 ct

1066 1754 1179 1782 ιθαικαὶ
1189 1752 1398 1784 συνακοὺεσθαι,
1411 1762 1420 1778 ι
1438 1751 1629 1787 τρισμάκαρες
1642 1751 1720 1781 ὄντες
1735 1759 1744 1775 ι
1764 1749 1806 1780 ὡς

185 1794 291 1828 publice
307 1801 338 1821 ac
352 1795 490 1829 privatim,
510 1799 564 1822 tum
581 1796 724 1829 separatim
749 1797 867 1831 singuli,
885 1798 925 1824 itet

1067 1790 1118 1828 εῖν-
1131 1801 1178 1827 καὶ
1208 1799 1337 1834 τετράκις
1349 1807 1356 1813 ·
1387 1797 1445 1824 ἀνθ’
1462 1795 1499 1824 ὧν
1517 1797 1563 1823 καὶ
1587 1798 1664 1831 κοινῇ
1684 1795 1731 1823 καὶ
1748 1795 1807 1830 ἰδίᾳ

184 1847 237 1875 que
255 1839 327 1868 inter
344 1848 373 1868 se
391 1841 551 1874 comparati,
567 1841 740 1870 admirabiles
754 1843 876 1877 profecto
892 1851 923 1871 su

1076 1845 1138 1872 καθ’
1152 1845 1250 1876 αὐτοὺς
1266 1843 1361 1878 ἀμέλει
1377 1844 1424 1869 καὶ
1436 1843 1504 1878 πρὸς
1522 1842 1666 1876 ἀλλήλους,
1691 1841 1806 1875 θαυμα-

184 1886 366 1921 maximisquc
386 1886 540 1921 dignissimi
564 1886 687 1915 laudibus
707 1897 714 1915 :
735 1890 780 1923 qui
803 1897 856 1916 non
874 1896 924 1916 e554

1067 1899 1088 1923 ις
1115 1891 1184 1917 εἰσιν
1208 1889 1326 1925 ἔχοντες,
1359 1889 1405 1915 καὶ
1435 1887 1571 1922 μεγίστων
1595 1887 1731 1921 ἀξιόχρεῳ
1747 1886 1807 1912 τῶν

183 1939 249 1958 sane
266 1932 344 1966 talus,
359 1932 409 1960 nisi
422 1932 489 1959 tales
502 1937 610 1965 essent;
625 1937 686 1960 sunt
699 1939 788 1960 autem
802 1933 879 1967 tales,
897 1940 923 1968 qt

1065 1936 1148 1967 ιίνων,
1159 1935 1210 1961 οὐκ
1224 1936 1268 1965 ἂν,
1285 1934 1362 1965 ὄντες
1377 1933 1493 1960 τοιοῦτοι
1516 1933 1554 1968 μὴ
1571 1932 1690 1958 τοιοῦτοι
1705 1940 1736 1965 γε
1757 1932 1805 1958 ὗν-

185 1977 257 2004 Ιιῖιιιιι
271 1977 337 2008 1³1⁸5
348 1983 422 2005 ευηῐο
887 1984 892 1989 '
1016 1991 1062 2014 τες
1072 1991 1079 1998 ·
1099 1981 1213 2008 τοιοῦτοι
1225 1981 1253 2006 δὲ
1266 1980 1353 2012 ὄντες,
1367 1979 1408 2006 ἆτ’
1423 1979 1499 2009 ὄντες
1515 1978 1642 2006 τοιοῦτοι.

219 2023 264 2050 lx.
282 2023 339 2062 illic
359 2029 386 2050 et
403 2023 468 2051 illud
484 2023 682 2060 adjungendtiht
699 2034 705 2053 :
725 2026 836 2053 minime
857 2025 959 2060 quidem

1065 2028 1088 2055 i'.
1104 2027 1141 2053 Οὐ
1157 2026 1209 2061 μὴν
1223 2025 1292 2052 ἀλλὰ
1309 2025 1421 2051 κάκεῖνο
1438 2024 1598 2059 προσθεῖναι
1615 2024 1670 2050 δεῖ’
1687 2024 1738 2049 οὐκ
1760 2024 1805 2055 εἰς

184 2069 216 2095 ad
238 2069 364 2102 injuriam
381 2071 500 2104 parentis
514 2072 602 2105 magni
622 2070 743 2106 Gregorii
757 2092 765 2105 ,
780 2077 810 2099 ιιι
832 2072 921 2106 suspic

1063 2073 1126 2105 ιδος,
1140 2073 1178 2102 ὡς
1201 2071 1233 2099 ἄν
1249 2079 1290 2102 τις
1308 2071 1430 2103 εἰκάσαι,
1451 2070 1533 2105 φέρον
1549 2069 1588 2105 τῷ
1609 2069 1656 2096 τοῦ
1680 2070 1803 2104 μεγάλου

184 2114 324 2147 quisquam
351 2113 465 2141 fortasse
481 2116 574 2149 possit,
591 2117 745 2150 pertinens;
765 2125 859 2144 verum
881 2125 924 2152 pat

1065 2119 1112 2155 :pt,
1139 2118 1207 2144 ἀλλὰ
1219 2117 1267 2144 καὶ
1284 2117 1388 2152 σφόδρα
1403 2116 1598 2152 ξυναιρὸμενον
1616 2117 1686 2151 πρὸς
1700 2117 1735 2151 ῆν
1753 2117 1805 2143 κέ-

185 2159 302 2186 ltominis
312 2159 403 2193 gloria:
415 2161 561 2188 maximum
573 2162 661 2195 potius
672 2163 807 2190 cumulum
820 2163 925 2198 adjicigl

1062 2173 1116 2200 mu
1131 2163 1228 2196 δόξαν,
1255 2163 1302 2189 καὶ
1322 2163 1357 2189 τὰ
1375 2163 1472 2197 μεγάλ’
1483 2163 1558 2198 αὑτῴ
1577 2163 1734 2198 μαρτυροῦν
1746 2171 1753 2178 ·
1772 2164 1802 2195 ὃς

186 2211 345 2238 magnaeque
369 2204 509 2239 cujusdam
537 2206 645 2233 virtutis
671 2208 853 2235 testimonium
873 2209 926 2244 per!

1062 2211 1102 2237 ta‘t
1118 2210 1151 2236 δι’
1167 2206 1205 2236 ὧν
1220 2209 1339 2243 πρόσθεν
1354 2209 1479 2244 ἐνόμιζεν
1502 2209 1697 2243 ἀντιπράττειν
1710 2209 1802 2235 ἐδόκει

186 2251 264 2278 bcns.
289 2250 447 2285 Quanquam
470 2248 688 2286 enintpristinis
710 2254 767 2281 suis
790 2254 861 2282 circa
885 2262 926 2282 sat

1064 2256 1087 2290 ξ),
1104 2255 1171 2282 ἀλλὰ
1186 2255 1221 2281 δι’
1243 2252 1280 2281 ὧν
1296 2254 1438 2281 ἐπεδείκνυ
1468 2255 1524 2285 τοῖς
1548 2254 1639 2289 ἔργοις
1654 2256 1804 2290 συμπράτη

184 2297 355 2332 opinionibus
372 2297 426 2324 Deo
447 2298 588 2325 adversari
603 2299 675 2327 visus
686 2304 754 2332 erat,
767 2307 816 2335 per
829 2308 860 2327 ea
875 2305 924 2327 tam

1062 2311 1072 2328 ν
1084 2310 1142 2333 πως
1155 2300 1230 2334 αὐτῷ
1254 2300 1375 2335 ἑωρᾶτοι
1396 2299 1443 2327 καὶ
1458 2301 1588 2327 τάναντία
1617 2301 1726 2335 φρονῶν
1745 2303 1802 2333 τοῖς

183 2350 243 2376 qua:
269 2343 398 2377 operibus
421 2342 488 2376 ipsis
511 2344 656 2378 spectanda
677 2345 809 2378 exhibuit,
833 2347 919 2381 quoda

1061 2357 1109 2381 (ot;
1124 2347 1155 2374 τὸ
1177 2346 1237 2374 καθ’
1252 2346 1328 2381 ἡμᾶς
1343 2347 1544 2383 ὑποσημαίνειν
1564 2348 1669 2374 ἐδόκει·
1682 2348 1733 2382 οὐχ
1749 2346 1801 2384 ἧτ-

184 2387 264 2414 moilo
292 2394 352 2414 cum
380 2387 425 2414 illo
442 2387 533 2416 facere
558 2390 726 2418 setttiebatur
749 2400 755 2417 :
778 2396 805 2418 et
828 2399 889 2419 cum
911 2399 924 2418 a

1058 2403 1061 2416 ι
1074 2393 1128 2420 ἀπὺ
1142 2392 1188 2419 τοῦ
1206 2392 1378 2427 διακειμένου
1397 2392 1450 2418 τῶν
1467 2393 1555 2427 ἔργων
1569 2394 1703 2428 ἡμέτερος
1719 2393 1770 2427 ῶν,
1783 2395 1798 2430 ἦ

182 2434 273 2460 munia
288 2434 377 2460 animo
392 2435 514 2468 sentiret,
533 2435 614 2463 rebus
629 2436 695 2470 ipsis
711 2444 838 2465 arcanam
859 2444 921 2465 nost

1077 2438 1107 2465 τὸ
1125 2438 1207 2469 σέϐας
1221 2437 1360 2472 ἀλλότριος
1372 2446 1378 2452 ·
1393 2437 1423 2463 τὸ
1435 2438 1489 2473 γὰρ
1500 2439 1738 2473 προκατειλῆφθαι
1752 2440 1802 2472 μὲν

184 2479 324 2512 religionis
344 2479 578 2514 significationem
603 2482 669 2509 dare
693 2482 844 2516 videbatur,
871 2484 907 2510 ita

1065 2485 1119 2511 τῶν
1137 2483 1323 2518 ’Υψισταρίων
1350 2483 1474 2519 αἱρέσει·
1502 2484 1550 2510 καὶ
1576 2484 1678 2519 ταύτην
1703 2485 1800 2520 ὥσπερ

185 2524 270 2551 111ιίῗο
295 2526 383 2552 secius
412 2527 550 2554 aetionum
570 2535 680 2555 suarum
707 2528 847 2556 aﬂ'ectionc
873 2537 922 2556 nos

1059 2539 1094 2561 ,ον
1119 2529 1179 2556 τινὰ
1205 2529 1305 2564 κλῆρον
1322 2529 1448 2565 πατρῷον
1461 2529 1628 2564 διαδεδέχθαι
1645 2530 1696 2564 τὴν
1709 2531 1799 2564 νόσον,

184 2574 265 2601 esset,
283 2577 361 2603 quam
377 2571 447 2598 cultu
461 2580 601 2599 sacrorum
616 2573 731 2600 alienus.
744 2573 793 2606 Qui
810 2575 882 2602 enim
896 2583 924 2609 pr

1060 2577 1114 2610 εντ’,
1126 2575 1223 2602 ὣθεοῦ
1234 2576 1375 2611 κριμάτων
1387 2576 1393 2602 l
1407 2586 1415 2602 ι
1433 2575 1480 2602 τοῦ
1494 2577 1582 2602 πάντα
1597 2575 1739 2608 ποιοῦντος
1754 2580 1800 2603 καὶ

184 2619 346 2648 occupatum
374 2615 603 2651 llypsistariorum
630 2619 727 2646 haeresi
748 2620 868 2647 animum
889 2627 921 2654 ge

1059 2621 1267 2653 εασκευάζοντος
1284 2630 1294 2646 t
1308 2621 1382 2656 μόνῳ
1401 2621 1438 2656 τῷ
1453 2621 1606 2656 βούλεσθαι,
1632 2622 1683 2656 τῆς
1697 2622 1749 2656 μὲν
1764 2623 1799 2654 ὡς

183 2665 239 2691 tm,
259 2668 339 2694 quant
358 2660 427 2688 luem
446 2667 571 2696 tanquam
588 2669 691 2698 partem
707 2665 822 2699 aliquant
844 2670 919 2700 pater

1058 2668 1208 2702 νηροτατης
1228 2666 1430 2700 κατεγνωκέναι
1441 2675 1469 2693 τε
1487 2667 1534 2693 καὶ
1550 2667 1682 2702 μισῆσαν
1698 2668 1745 2694 καὶ
1761 2669 1798 2703 μὴ

183 2706 348 2733 hereditatis
370 2712 512 2740 creverat;
527 2715 632 2749 postea,
648 2717 663 2737 ο
681 2711 839 2738 admiranda
856 2711 923 2745 Deij

1058 2722 1098 2740 νον
1107 2713 1172 2739 αὐτὸ
1186 2711 1266 2739 τοῦτο
1279 2712 1387 2747 χαίρειν
1401 2713 1492 2746 ἐάσαι,
1507 2713 1576 2740 ἀλλὰ
1603 2713 1650 2740 καὶ
1665 2714 1715 2749 τῆς
1731 2715 1798 2748 μνή-

182 2751 262 2782 ιίῖοὶιι,
279 2759 288 2775 ι
301 2751 348 2787 qui
365 2751 429 2778 facit
444 2753 533 2780 omnia
544 2744 799 2790 transformatque‘,
815 2765 824 2782 ι
844 2757 901 2784 solo
915 2765 922 2783 ι

1059 2768 1072 2791 ς
1087 2759 1262 2786 παντάπασιν
1280 2758 1392 2793 ἐξελεῖν,
1406 2759 1453 2786 καὶ
1469 2760 1529 2795 μηδ’
1547 2761 1672 2796 ἡντινοῦν
1693 2762 1731 2788 ἔτ’
1751 2762 1799 2788 a-i-

217 2845 227 2860 ’
246 2846 326 2872 Amos
343 2854 366 2878 ν,
384 2846 410 2873 8.
