1875 3059
194 156 250 189 219

799 147 998 180 THEODULI
1017 145 1191 178 MONACHI

1775 141 1834 172 220

231 213 277 242 lll.
298 212 327 241 Si
342 211 408 240 illud
431 211 524 247 itaque
541 210 671 238 decorum
687 207 735 235 tibi
755 210 816 240 est;
834 213 897 233 nam
923 206 977 233 hoc

1064 205 1101 232 1".
1117 204 1149 232 Et
1163 203 1253 231 τοίνυν
1267 202 1355 243 ἑκεζνο
1370 201 1420 238 μὲν
1445 201 1516 237 ὑπὲρ
1536 199 1584 228 σοῦ
1595 209 1604 217 ι
1627 200 1710 228 τοῦτο
1727 199 1756 226 δ’
1778 199 1834 226 οὐκ

198 261 310 288 alterum
335 259 491 294 neutiquam
515 255 672 292 probaveris
689 258 750 282 :est
765 253 836 281 enim
855 259 977 286 necesse,

197 309 224 335 in
245 306 424 334 admiratione
447 303 586 331 hominum
605 306 630 328 te
653 305 754 335 tuaque
768 299 885 332 versari;
905 298 977 332 quod
1010 335 1013 337 Δ

197 359 223 381 et
238 352 375 388 proprium
401 351 451 378 hoc
465 349 572 376 virtutis
593 352 646 380 est,
663 347 744 381 cujus
754 346 856 382 primas
880 344 977 372 merito

197 404 289 435 partes
306 398 363 432 ipse
381 397 454 426 fers:
473 400 500 423 et
516 395 587 430 quod
603 394 738 421 universis
755 392 918 424 hominibus,
931 390 977 424 qui

198 451 269 472 nunc
280 448 354 475 sunt,
372 442 472 476 quique
494 446 589 475 postea
609 439 692 466 futuri
708 442 781 469 sunl,
798 437 823 464 in
842 435 978 470 exemplar

196 495 223 518 et
245 495 335 525 typum
358 487 462 523 pulchri
483 487 572 514 omnis
595 490 625 513 et
649 484 767 516 benesti,
793 483 876 510 vitam
903 487 977 508 tuam

195 535 311 562 maxime
321 533 488 568 propositam
509 538 570 559 esse
586 534 693 566 oportet
714 538 721 556 :
740 535 844 563 aequum
860 526 973 563 proinde

194 581 285 612 fuerit,
300 584 331 606 ut
345 579 439 606 laudes
452 581 511 605 luas
522 577 592 612 iusta
611 573 833 611 magnanimitate
846 571 976 606 excipias,

193 626 320 659 lerasque
337 623 408 658 quod
425 628 450 650 te
468 629 521 650 non
536 622 643 656 dignam
671 620 737 648 satis
758 617 977 654 praedicationem

183 661 316 698 laui‘eras.
336 668 375 696 Eo
396 675 513 702 namque
529 667 607 695 modo
626 665 696 694 haud
711 671 809 700 paucos
824 663 895 690 ultro
909 670 976 698 ope-

194 724 252 744 ram
276 715 425 743 collaturos
451 713 582 746 habebis;
605 712 703 747 quippe
730 711 852 741 omneis.
877 709 978 744 quibus

195 761 318 789 nonnihil
337 769 399 788 eum
415 759 568 794 eloquentia
587 765 652 786 usus
668 757 821 789 intercedit,
840 756 867 783 in
885 755 978 783 lauda-

195 807 277 834 tionis
289 813 342 834 tuae
354 806 523 834 consortium
551 803 707 832 necessario
721 802 804 830 etiam
828 806 976 829 venturos:

196 861 249 880 non
266 853 390 887 equidem
413 859 467 887 quo
488 859 531 878 res
548 843 610 878 tuas
623 851 776 877 ornatiores
803 855 831 876 se
855 848 977 876 facturos

1028 251 1061 278 ἂν
1074 251 1160 277 ἕλοιο·
1175 248 1363 283 θαυμάζεσθαι
1385 248 1440 283 γὰρ
1456 247 1563 283 ἀνάγκη
1579 248 1612 275 τὰ
1632 248 1678 280 σὰ,
1700 246 1762 273 καὶ
1787 246 1835 272 ὅτι

1028 296 1101 323 τοῦτ’
1116 296 1215 331 ἀρετῆς
1235 296 1311 327 ἴδιον,
1329 292 1363 331 ἧς
1379 294 1459 326 αὐτὸς
1480 296 1551 330 φέρῃ
1570 294 1604 321 τὰ
1630 293 1747 329 πρῶτα,
1779 292 1834 318 καὶ

1028 342 1076 369 τοῦ
1093 342 1118 377 γ’
1133 342 1215 369 ἕνεκα
1232 342 1299 368 πᾶσι
1318 341 1435 376 μάλιστα
1450 342 1558 376 χρῆναι,
1574 341 1630 372 τοῖς
1643 349 1673 366 τε
1690 339 1747 366 νῦν
1763 339 1832 365 οὖσι

1028 390 1084 420 τοῖς
1099 396 1128 414 τε
1143 387 1373 422 ἐπιγιγνομένοις,
1384 387 1559 422 παράδειγμα
1571 386 1617 413 καὶ
1629 386 1716 412 τύπον
1732 385 1830 412 καλοῦ

1029 433 1129 464 παντὸς
1148 432 1308 467 προκεῖσθαι
1322 433 1357 460 τὰ
1375 432 1410 460 σά
1422 441 1429 448 ·
1442 432 1548 464 δίκαιος
1571 432 1605 459 ἃν
1619 433 1679 468 εῐης
1697 431 1826 467 μεγαλο-

1028 478 1114 513 ψυχίᾳ
1127 478 1197 512 πρὸς
1212 477 1276 508 τοὺς
1292 477 1420 508 ἐπαίνους
1434 476 1596 512 κεχρῆσθαι,
1612 477 1659 503 καὶ
1675 476 1830 511 παραξίαν

1031 523 1238 558 θαυμαζόμενος
1248 522 1357 558 ’φέρειν.
1378 522 1457 549 οὕτω
1473 522 1527 558 γὰρ
1546 522 1595 549 οὐκ
1610 521 1721 556 ὀλίγους
1747 520 1831 553 ἔξεις

1028 569 1216 604 εἰσφέροντας·
1235 569 1302 595 πᾶσι
1320 568 1375 603 γὰρ
1388 565 1428 599 οἷς
1446 569 1556 601 μέτεστι
1571 567 1669 600 λόγων,
1684 567 1738 593 καὶ
1768 566 1830 591 τῶν

1029 615 1099 649 ὑπὲρ
1115 614 1161 641 σοῦ
1174 613 1261 648 λόγων
1280 614 1386 648 ἀνάγκη
1400 614 1532 648 μετεῖναιο
1550 612 1599 647 οὐχ
1612 612 1683 639 ὥστε
1698 612 1830 645 κοσμεῖν

1029 659 1102 694 ἔχειν
1118 659 1152 686 τὰ
1177 659 1222 686 σά”
1242 658 1299 686 ἀλλ’
1318 658 1365 685 ὑπ’
1385 658 1476 686 αὐτῶν
1499 657 1613 689 τούτους
1635 657 1830 692 κοσμεῖσθαι.

1029 706 1157 740 καθάπερ
1170 705 1216 732 ὲπὶ
1234 705 1289 731 τῶν
1306 704 1455 740 ὀφθαλμῶν
1469 702 1549 740 οἶμαι
1573 703 1730 739 ξυμϐαίνει.
1754 703 1829 731 Οὐδὲ

1029 751 1083 787 γὰρ
1096 748 1136 783 οἷς
1151 747 1225 777 οὗτοι
1238 750 1284 777 ἵδν
1298 750 1374 785 ἥλιον
1385 750 1504 785 ὁρῶντες
1524 749 1710 785 θαυμάζουσι,
1727 750 1829 783 τούτῳ

1028 797 1106 830 δόξαν
1121 796 1245 824 ἐντεῦθεν
1267 795 1393 831 ἡντινοῦν
1408 794 1581 831 ιμποιοῦσινο
1597 795 1665 822 ἀλλὰ
1677 796 1756 829 σφᾶς
1777 795 1827 820 αὖ-

1029 845 1093 876 τοὺς
1111 844 1212 879 μᾶλλον
1225 842 1385 877 κοσμοῦσιν,
1401 841 1437 877 ἢν
1452 841 1499 868 τοῦ
1522 842 1590 877 ὁρᾷν
1606 841 1711 877 ἴσχουσι
1735 841 1828 869 δύνα-

195 886 317 933 sperent,
331 897 377 924 sed
392 886 428 924 exi
437 896 537 924 eisdem
550 895 737 923 claritudinem
751 893 978 927 relaturos.Quale

1052 897 1089 921 ιν,
1099 889 1201 923 ταύτην
1207 887 1311 914 ἐκεῖθεν
1320 887 1485 921 προάγοντες
1496 887 1536 918 είς
1549 886 1701 921 ἐνέργειαν.
1712 886 1827 914 Ἀπαν-

195 947 322 981 quiddam
337 946 409 972 circa
429 944 583 975 oculorum,
598 946 626 968 ut
647 941 754 975 opinor,
774 947 849 966 ttsum
872 938 979 966 contin-

196 993 248 1027 git,
263 992 310 1027 qui
331 990 400 1026 quod
424 989 509 1017 solem
533 990 695 1015 contuentur
710 993 741 1012 ac
761 984 922 1019 suspiciunt,
945 991 978 1011 eo

195 1035 263 1062 nihil
279 1035 316 1062 illi
340 1033 432 1069 glorize
451 1033 570 1063 addunt;
587 1037 680 1057 verum
695 1036 724 1057 se
739 1029 827 1064 potius
846 1029 918 1063 ipsos
932 1035 978 1055 or-

195 1085 270 1113 nam,
290 1079 397 1107 insitam
414 1078 540 1105 nimirum
557 1075 667 1104 videndi
686 1076 739 1103 vim
752 1081 804 1109 ope
816 1074 880 1101 solis
894 1074 920 1100 in
935 1081 980 1101 ae-

196 1130 253 1154 tum
275 1125 465 1159 provehentes.
485 1122 602 1150 Proinde
619 1122 736 1156 optimos
754 1127 876 1156 quosque
894 1120 977 1153 viros,

195 1170 343 1206 quamlibet
369 1169 468 1203 alioqui
486 1168 529 1196 sui
555 1167 678 1202 ipsorum
705 1173 845 1201 pra-cones
869 1165 919 1200 ipsi
937 1169 979 1193 te-

199 1224 309 1253 stesque
334 1216 474 1249 sunt.hoe
499 1217 558 1249 ipso
582 1215 652 1250 quod
677 1215 740 1242 boni
757 1214 888 1248 probique
903 1218 977 1245 sunt,

196 1263 371 1297 omniumque
393 1261 577 1297 pradieatione
604 1260 689 1296 digni,
708 1259 812 1287 laudari
835 1263 924 1286 tamen
946 1259 979 1286 ab

197 1309 258 1336 aliis
271 1309 419 1339 cernimus,
433 1313 542 1342 suaeque
561 1306 668 1333 virtutis
690 1305 760 1333 hanc
776 1305 851 1332 velut
867 1311 976 1332 merce-

196 1356 257 1382 dem
281 1354 371 1382 l'erre:
396 1353 466 1388 quod
492 1357 519 1380 tu
540 1357 697 1387 utrumque,
711 1350 840 1386 singulari
864 1350 979 1386 quadam

196 1399 385 1434 praerogativa,
403 1405 419 1425 a
435 1403 461 1426 te
478 1398 535 1432 ipso
555 1401 697 1432 acceptum
723 1396 823 1430 habes;
839 1400 895 1424 tum
909 1396 980 1430 quod

197 1452 304 1472 sutnme
331 1444 402 1472 inter
424 1443 528 1471 omneis
549 1443 724 1470 admirandus
745 1449 793 1478 per
814 1447 840 1469 te
855 1449 895 1475 es,
924 1445 979 1468 tum

196 1491 267 1526 quod
290 1489 423 1518 facundia
440 1494 492 1517 tu:e
517 1488 637 1516 fructum
664 1488 722 1523 ipse
741 1487 869 1523 percipis,
894 1494 928 1514 ex
947 1494 980 1514 eo

196 1536 267 1571 quod
279 1535 484 1571 prOpinquitate
497 1534 545 1561 tibi
557 1533 806 1568 coniunctissimos,
824 1537 853 1560 ut
864 1532 979 1568 quisque

199 1635 255 1663 quo
283 1635 337 1654 non
357 1627 418 1654 illos
435 1627 522 1660 magis
547 1632 630 1660 quam
666 1625 837 1660 temetipsum
862 1625 979 1652 cohone-

198 1674 287 1702 stasti.
297 1673 364 1706 lmo,
375 1677 404 1700 ut
414 1673 515 1700 rectius
524 1673 628 1706 loquar,
640 1675 696 1698 tum
709 1671 770 1699 illos
780 1670 980 1699 laudationibus

198 1720 420 1753 tuisprnatiores
442 1717 550 1751 iecisti,
572 1722 628 1745 tum
649 1717 800 1745 luculenter
821 1716 975 1750 ostendisti,

197 1765 348 1800 cnjusmodi
359 1772 421 1792 esse
436 1767 567 1798 oporteat,
584 1763 675 1798 quite
687 1782 695 1795 ,
719 1762 765 1798 qui
784 1767 897 1790 caeteros
917 1769 979 1790 om-

201 1818 259 1843 nes,
277 1810 412 1838 laudando
431 1815 529 1836 ornare
546 1815 576 1836 se
593 1807 719 1842 postulet.
737 1807 802 1840 Quae
820 1808 901 1842 igitur
922 1813 977 1835 tum

1030 943 1079 965 τας
1096 935 1145 969 μὲν
1160 932 1205 960 οὖν
1219 935 1280 966 τοὺς
1290 933 1429 968 ἀρίστους,
1445 933 1469 959 εί
1484 933 1530 959 καὶ
1546 932 1634 964 ἄλλως
1647 941 1722 960 ουτοι
1739 933 1828 966 σφῶν

1031 980 1123 1008 αὐτῶν
1141 981 1210 1006 είσιν
1223 979 1365 1006 ἐπαινέται
1387 980 1434 1006 καὶ
1452 979 1601 1014 μάρτυρες,
1613 979 1651 1014 τῷ
1665 979 1749 1006 καλοὶ
1774 979 1827 1005 καὶ

1031 1024 1128 1059 ἀγαθοὶ
1144 1024 1297 1059 γεγονέναι,
1309 1026 1356 1051 καὶ
1371 1020 1421 1050 οἶοι
1436 1025 1511 1059 παρα
1527 1024 1595 1050 πᾶσι
1611 1024 1826 1059 θαυμάζεσθαι,

1031 1070 1089 1098 ἀλλ’
1106 1070 1152 1097 οὖν
1169 1070 1383 1105 ἐπαινουμένους
1408 1070 1543 1104 δήπουθεν
1567 1069 1611 1104 ὑφ’
1626 1071 1729 1106 ἐτέρων
1746 1070 1824 1106 ὁρῶς

1034 1124 1093 1151 μεν,
1113 1118 1159 1143 καὶ
1177 1116 1271 1143 τοῦτον
1302 1115 1397 1150 μισθὸν
1412 1115 1607 1151 κομιζομένους
1621 1116 1669 1150 τῆς
1690 1116 1802 1153 ἀρετῆς
1816 1125 1824 1133 ·

1034 1162 1067 1189 σὺ
1083 1162 1112 1189 δὲ
1125 1162 1263 1189 καὶτοῦτο
1279 1162 1389 1189 κάκεῖνο
1407 1162 1476 1197 μετὰ
1492 1161 1590 1188 πολλοῦ
1608 1162 1654 1188 τοῦ
1669 1163 1823 1197 περιόντος

1034 1208 1109 1244 παρὰ
1124 1208 1222 1235 σαυτοῦ
1239 1208 1329 1235 λαῦὼν
1345 1208 1427 1243 ἔχεις·
1446 1208 1483 1244 τῷ
1506 1216 1536 1234 τε
1560 1207 1678 1242 μάλιστα
1705 1209 1825 1235 πάντων

1033 1256 1189 1292 θαυμαστὴς
1215 1258 1322 1284 οἴκοθεν
1346 1255 1426 1291 εἶναι,
1442 1257 1480 1293 τῷ
1497 1265 1528 1284 τε
1542 1257 1590 1292 τῆς
1610 1257 1690 1289 αὐτὸς
1712 1256 1823 1284 σαυτοῦ

1027 1301 1154 1339 γλώττης
1169 1304 1304 1339 μετέχειν,
1319 1304 1348 1331 ἐν
1360 1300 1401 1336 οἷς
1415 1303 1471 1330 τῶν
1487 1305 1660 1332 οἰκειοτάτων
1671 1304 1824 1331 οὑστινασ-

1033 1347 1080 1376 οῦν
1095 1349 1297 1383 ἀπογεγονότας
1311 1350 1471 1385 προσεῖπες,
1501 1350 1532 1376 οὗ
1552 1349 1653 1384 μᾶλλον
1676 1349 1780 1381 αὐτοὺς
1804 1349 1822 1384 ἦ

1034 1394 1131 1421 σαυτὸν
1146 1393 1272 1421 ἐντεῦθεν
1285 1395 1407 1430 κοσμῶν·
1424 1394 1525 1429 μᾶλλον
1541 1395 1581 1427 δὲ,
1593 1396 1616 1422 εί
1629 1395 1681 1430 χρὴ
1697 1394 1822 1429 τάληθὲς

1032 1439 1129 1471 είτιεῖν,
1147 1439 1269 1471 ἐκείνους
1278 1447 1309 1466 τε
1324 1441 1378 1472 τοῖς
1393 1439 1470 1475 παρὰ
1484 1439 1582 1466 σαυτοῦ
1599 1440 1688 1474 λόγοις
1703 1440 1823 1475 ἀποφή-

1032 1494 1080 1517 νας
1095 1485 1232 1518 καλλίους,
1258 1486 1340 1518 αὐτός
1365 1495 1394 1513 τε
1423 1486 1518 1520 σαφῶς
1542 1486 1683 1520 ῥπιδείξας
1706 1488 1822 1518 ὁποίους

1032 1532 1110 1563 τινὰς
1124 1529 1193 1558 εἶναι
1209 1532 1261 1568 χρὴ
1287 1527 1349 1563 τοὺς
1363 1532 1393 1558 σέ
1405 1540 1436 1558 τε
1452 1532 1500 1558 καὶ
1519 1516 1624 1563 πΙάντας
1640 1532 1703 1565 τοὺς
1718 1533 1821 1564 ᾰλὶους

138 1600 143 1603 -
196 1567 369 1610 diemeuum
385 1567 462 1614 obiit,
491 1579 596 1608 funebri
610 1567 780 1607 allocutione
805 1567 978 1611 colla-rudes”,

1053 1578 1147 1613 οσμεῖν
1162 1567 1355 1613 αἱρουμένους·
1370 1575 1410 1610 οἷς
1425 1578 1475 1613 μὶν
1493 1578 1539 1605 οὖν
1554 1581 1624 1615 πρὸς
1642 1580 1692 1615 τὴν
1712 1579 1821 1614 παροῦ-

1034 1632 1084 1650 σαν
1098 1623 1216 1659 σπουδὴν
1234 1623 1288 1651 ἔδει
1307 1624 1458 1660 κεχρῆσθαι
1473 1624 1552 1652 καὶᾶ
1574 1624 1682 1660 μάλιστ’
1696 1625 1822 1660 ἐμαυτὸν

1032 1670 1172 1702 πεπεικὼς
1197 1669 1352 1706 διανέστην,
1378 1672 1482 1706 σιωπῆς
1497 1671 1639 1698 ἀκινδύνου
1658 1671 1707 1706 τὴν
1731 1672 1761 1698 ὲν
1777 1671 1818 1706 τῷ

1031 1715 1121 1750 λέγειν
1134 1714 1222 1752 ἧτταν
1239 1716 1307 1751 ἡδίω
1336 1716 1495 1744 παντάπασι
1509 1717 1615 1752 κρίνας,
1639 1716 1715 1743 ταῦτ’
1739 1717 1821 1743 ἐστιν

1031 1758 1068 1790 ὧν
1078 1761 1131 1789 οὐδ’
1144 1762 1177 1789 ἂν
1191 1759 1242 1796 εἷς,
1254 1761 1292 1793 ὥς
1304 1770 1335 1797 γε
1346 1761 1402 1796 ἐγὼ
1411 1762 1524 1798 νομίζω,
1535 1761 1633 1796 ξυνίδοι
1647 1762 1750 1789 καλλίω
1767 1763 1818 1789 καὶ

1033 1809 1089 1840 τοῖς
1104 1808 1265 1844 πράγμασιν
1281 1808 1454 1844 ἀποχρῶντα.

197 1860 230 1886 ιιι]
255 1865 373 1892 praesens
400 1857 553 1885 institutum
581 1856 704 1884 adhiberi
734 1856 898 1892 oportebat.
928 1861 985 1883 tum
1017 1857 1094 1892 queis
1115 1857 1283 1892 potissimum
1303 1857 1430 1884 inductus
1461 1857 1494 1884 ad
1511 1857 1654 1884 dicendum
1687 1864 1818 1892 surrexe-

197 1905 260 1938 rim,
283 1904 411 1938 illamque
430 1903 456 1930 in
477 1903 591 1931 dicendo
607 1902 784 1931 oh‘ensionem
815 1902 1002 1937 iucundiorem
1040 1903 1107 1930 mihi
1125 1903 1235 1931 omnino
1250 1903 1384 1936 duxerim,
1399 1910 1480 1938 quam
1506 1910 1620 1931 vacuum
1646 1904 1765 1939 periculo
1778 1905 1815 1932 si-

197 1952 320 1984 lentium,
340 1950 396 1978 haec
416 1950 472 1978 fere
491 1954 553 1978 sunt
570 1957 578 1977 :
602 1950 700 1985 quibus
717 1949 857 1985 pulchrius
870 1948 997 1984 quiddam
1018 1949 1214 1985 honestiusque
1229 1950 1300 1977 haud
1317 1949 1576 1985 facilerquentquam
1611 1955 1817 1985 perspecturuin

196 1998 323 2028 arbitror,
344 1996 492 2031 eademque
517 1995 659 2031 ejusmodi,
681 2000 706 2023 ut
721 1995 801 2023 rebus
815 1996 881 2030 ipsis
895 1996 970 2030 paria
988 2003 1021 2024 ac
1033 1996 1178 2024 suil'eetura
1195 1997 1314 2024 credam.

232 2042 276 2070 IV.
289 2043 347 2070 Jam
367 2043 450 2077 igitur
469 2043 502 2069 ad
518 2042 603 2077 ipsam
620 2042 710 2078 magni
726 2042 777 2071 viri
797 2041 978 2070 laudationem

198 2096 306 2116 manum
331 2089 502 2121 admoventi,
528 2095 643 2123 eamque
664 2095 806 2123 capessere
829 2087 980 2116 instituenti

198 2135 274 2167 mihi,
291 2135 362 2162 haud
381 2134 455 2161 aliud
479 2134 626 2169 quidquam
643 2138 706 2162 ante
726 2135 852 2168 patriam,
868 2141 982 2169 qumque

197 2179 271 2206 illam
300 2179 451 2213 attingunt,
479 2179 745 2206 commemorandum
780 2179 897 2213 videtur,
927 2180 982 2207 imo

1070 2042 1106 2070 Δ’.
1125 2043 1195 2078 Ἤδη
1209 2043 1237 2070 δέ
1255 2051 1289 2078 με
1302 2043 1359 2074 τοῖς
1374 2042 1498 2075 ἐπαίνοις
1513 2043 1686 2079 προσάγοντα
1703 2043 1751 2069 τοῦ
1765 2051 1816 2077 με-

1033 2089 1129 2124 γὰλου,
1144 2091 1191 2117 καὶ
1204 2089 1307 2116 τούτων
1317 2088 1530 2124 ἐπιϐαλλόμενον
1545 2089 1690 2122 ἅπτεσθαι,
1708 2089 1818 2121 οὐδενὸς

1035 2134 1110 2171 οἶμαι
1124 2135 1179 2162 δεῖν
1192 2134 1246 2162 τῶν
1260 2134 1348 2162 αλλων
1364 2135 1418 2171 πρὸ
1434 2136 1484 2171 τῆς
1497 2135 1626 2170 πατρίδος
1644 2135 1817 2170 μεμνῆσθαι,

1036 2182 1084 2209 καὶ
1107 2181 1154 2208 τοῦ
1173 2181 1233 2208 κατ’
1260 2180 1345 2216 αὐτὴν
1363 2181 1482 2216 ἔχοντος,
1497 2180 1565 2207 ἀλλὰ
1579 2181 1626 2207 καὶ
1651 2180 1714 2216 μάλ’
1730 2182 1816 2215 αὐτῆς

197 2232 263 2251 vero
280 2225 314 2252 de
329 2225 374 2252 illa
394 2230 456 2252 ante
470 2225 693 2253 extera-omnino
713 2225 856 2261 agendum,
878 2229 978 2253 natura

1051 2228 1087 2264 τρδ
1101 2227 1156 2255 τῶν
1172 2227 1261 2255 ἄλλων
1283 2227 1416 2263 ἑπόμενον
1439 2227 1522 2262 φύσει
1534 2228 1580 2254 καὶ
1601 2227 1693 2262 τέχνῃ,
1713 2227 1763 2254 καὶ
1778 2227 1817 2262 τῷ

197 2271 317 2306 artisque
332 2271 458 2298 oratoriae
473 2271 600 2305 vestigia,
616 2276 643 2298 et
659 2277 736 2306 aequa
756 2272 898 2306 utriusque
909 2271 983 2299 desi-

197 2315 283 2348 deria,
297 2316 433 2351 sequenti.
443 2316 550 2351 Quippe
564 2317 597 2344 ad
613 2317 685 2344 hunc
697 2317 805 2344 modum
821 2317 901 2352 dirigi
913 2322 984 2345 trae-

199 2361 306 2396 tarique
319 2366 445 2396 oportere
458 2363 620 2394 orationem,
635 2369 696 2390 cum
711 2369 755 2390 ars
768 2363 824 2398 ipsa
839 2363 910 2390 velut
925 2362 984 2397 lege

197 2407 296 2439 sancit,
323 2411 380 2434 tum
396 2408 628 2435 etnccessitatem
647 2415 724 2435 suam
742 2412 836 2435 natura
849 2407 983 2443 adiungit.

199 2451 338 2486 Siquidem
355 2455 461 2488 priores
477 2453 571 2481 liberis
598 2458 725 2488 parentes
749 2458 823 2486 sunt,
837 2454 923 2488 patria
938 2460 985 2489 pa-

199 2498 333 2532 rentibus,
361 2499 433 2534 quod
453 2507 486 2527 ex
515 2507 559 2533 ca,
587 2504 716 2535 tanquam
735 2499 921 2532 fundamento,
938 2504 986 2527 aut

200 2543 290 2570 radice
310 2544 444 2578 subjecta,
467 2553 567 2581 genera
597 2546 736 2573 hominum
761 2546 818 2580 ipsa
840 2546 984 2578 oriuntur;

200 2588 273 2615 omni
290 2589 382 2623 itaque
398 2597 431 2617 ex
453 2596 528 2624 parte
546 2591 677 2625 optimum
689 2611 697 2623 ,
716 2597 861 2625 rerumque
882 2594 985 2617 natura:

200 2634 484 2663 convenientissimum
505 2641 558 2669 est,
585 2642 615 2664 ut
638 2637 730 2672 priore
752 2637 811 2664 loco
837 2636 872 2664 de
897 2636 984 2671 patria

198 2680 284 2707 nostri
312 2681 445 2715 dicamus,
468 2687 523 2710 tum
549 2683 676 2717 deinceps
698 2684 730 2710 ad
753 2686 879 2717 parentes
894 2683 985 2710 venia-

199 2733 270 2759 mus,
287 2727 380 2761 eisque
397 2729 468 2763 quod
481 2728 527 2764 jus
543 2729 638 2764 fasque
652 2733 694 2757 est
709 2730 819 2758 reddam
832 2737 873 2757 us.

236 2773 265 2799 V.
282 2773 342 2801 Jam
358 2774 446 2809 patria
464 2774 596 2808 ejusmodi
621 2782 687 2803 sane
704 2779 756 2807 est,
775 2780 804 2802 ut
829 2783 882 2802 non
905 2775 984 2802 modo

202 2817 275 2844 nulla
299 2818 406 2853 penitus
433 2827 527 2846 earum
555 2827 657 2852 rerum,
680 2828 740 2855 qua
754 2821 882 2848 decorare
905 2821 985 2848 urbes

201 2865 296 2897 solent,
323 2865 502 2900 destituatur,
528 2867 574 2894 sed
601 2872 627 2894 ct
654 2873 726 2896 tanta
750 2875 843 2896 eorum
868 2875 984 2899 σιδηρο-

1032 2274 1097 2309 παρ’
1112 2274 1215 2308 ἀμφοῖν
1231 2272 1363 2305 ἀξιοῦντιθ
1377 2272 1428 2308 τῆς
1443 2273 1491 2308 μὲν
1516 2272 1571 2307 γάρ
1583 2272 1642 2298 ιστι
1652 2272 1734 2306 νόμος
1744 2271 1816 2298 οὕτω

1034 2321 1166 2356 προᾶγειν
1183 2320 1283 2356 χρῆναι
1296 2319 1340 2346 τὴν
1352 2319 1442 2354 λόγον,
1458 2320 1506 2346 καὶ
1526 2318 1620 2346 τοῦτον
1639 2317 1815 2353 διαχειρίζειν

1034 2367 1080 2394 τὸν
1091 2366 1200 2402 τρόπον·
1215 2367 1232 2400 ἡ
1251 2366 1274 2392 δ’
1300 2365 1354 2401 ἆρα
1371 2365 1450 2400 φύσις
1463 2365 1511 2392 καὶ
1523 2365 1572 2399 τὴν
1587 2363 1617 2396 ιξ
1630 2363 1715 2398 αὐτῆς
1732 2363 1815 2396 ἀνά-(-

1034 2421 1085 2446 κην
1100 2411 1288 2447 προστίθησιν,
1311 2411 1383 2446 ἅπερ
1397 2411 1449 2437 τῶν
1464 2410 1512 2444 μὲν
1528 2409 1630 2436 παίδων
1650 2409 1676 2435 ot
1696 2410 1815 2443 πατέρες

1034 2458 1173 2494 πρότεροι,
1189 2457 1293 2484 τούτων
1311 2457 1332 2483 δ⁴
1346 2456 1381 2484 αὖ
1394 2457 1411 2491 ἡ
1427 2456 1536 2491 πατρὶς,
1552 2455 1590 2490 τῷ
1606 2454 1707 2489 ταύτης
1720 2454 1813 2488 ὥσπερ

1032 2503 1103 2533 τινὸς
1116 2502 1246 2538 κρηπῖδος
1257 2501 1273 2537 ἢ
1283 2501 1361 2537 ῥίζης
1377 2501 1559 2536 ὑποκειμένης
1568 2500 1601 2526 τὰ
1611 2500 1676 2534 γένη
1687 2499 1813 2534 φύεσθαι·

1036 2548 1182 2582 κράτιστον
1198 2547 1245 2574 οὖν
1265 2547 1298 2574 ἂν
1311 2548 1353 2582 εἴη
1371 2547 1540 2582 πανταχόθεν
1554 2546 1602 2573 καὶ
1615 2547 1671 2577 τοῖς
1684 2545 1815 2580 πράγμα-

1035 2602 1078 2620 σιν
1093 2591 1176 2626 εῐκον,
1191 2594 1241 2628 τῆς
1255 2593 1420 2627 ἐνεγκούσης
1442 2591 1560 2626 πρόσθεν
1576 2592 1762 2626 ποιησάμενον
1776 2591 1815 2617 λό-

1034 2646 1092 2673 γον,
1111 2637 1195 2664 ἔπειτ’
1215 2638 1312 2672 ἑφεξῆς
1323 2637 1369 2664 ἐπὶ
1388 2637 1449 2668 τοὺς
1466 2636 1586 2672 πατέρας
1601 2637 1711 2671 χωρεῖν,
1724 2636 1816 2664 κάκεί-

1034 2693 1090 2716 νοις
1109 2685 1138 2710 τὸ
1151 2684 1224 2716 εἰκὸς
1237 2684 1385 2719 ἀπονέμειν

1046 2775 1108 2801 ,ηΕἏ
1127 2774 1206 2802 Ἔστι
1221 2774 1310 2801 τοίνυν
1324 2773 1394 2809 αὕτη
1407 2756 1530 2810 τοιαύτη,
1553 2773 1591 2806 ὡς
1609 2773 1644 2809 μὴ
1663 2774 1742 2808 μόνον
1758 2773 1814 2805 ἑνὸς

1037 2820 1152 2856 μηδενὸς
1163 2819 1217 2846 τῶν
1227 2821 1277 2846 ὅσα
1290 2820 1367 2847 πόλιν
1378 2819 1431 2846 οἶδε
1440 2819 1583 2854 σεμνύνειν
1595 2819 1656 2855 μηδ’
1664 2820 1814 2846 ὁπωστιοῦν

1035 2866 1196 2900 ἀφεστάναι,
1229 2866 1296 2893 ἀλλὰ
1326 2866 1372 2893 καὶ
1402 2866 1471 2899 μετά
1497 2866 1608 2901 τοσῆσδε
1637 2865 1715 2893 ταῦτ’
1741 2865 1815 2900 ἔχειν
