1875 3059
149 170 202 201 25-3

758 170 955 200 THEODULI
979 169 1153 200 MONACHI

1712 168 1768 199 ‘Z‘Ut'

149 227 258 262 stigium
275 234 420 262 egressam,
435 232 461 254 et
472 227 590 253 novitate
603 234 650 253 sua
677 226 842 254 rarissimam
861 235 927 258 rem,

1010 227 1040 252 ·τ“ι
1056 226 1111 252 τῶν
1123 224 1286 254 καλλίστων,
1302 224 1316 250 ὃ
1335 223 1372 260 μὴ
1389 224 1456 260 πρὸς
1471 223 1583 250 ἔπαινον
1599 223 1644 250 τίιν
1660 224 1705 250 σον
1722 233 1771 258 χο·

150 273 306 307 bonumque
332 272 466 306 quoddam
482 272 654 304 universale;
672 275 698 298 et
722 277 858 305 postremo
875 272 933 297 uni-

151 325 210 344 eam
229 317 338 343 omnino
354 321 434 351 alque
449 316 617 349 peregrinam
646 317 798 350 quampiam
828 316 931 349 pulchri

147 363 306 393 essentiam,
320 371 350 389 ex
368 361 499 388 universis
515 362 620 389 \irtutis
637 363 756 396 partibus
771 361 932 389 cetiﬂatam:

147 417 262 443 eamque
279 408 314 435 de
332 408 405 435 ttullo
430 408 576 442 exemplari
599 415 768 441 expressam,
794 416 842 434 nec
873 409 934 435 inti-

148 455 228 481 t:tbi|e
243 454 304 481 aliis
320 453 459 488 exemplar
473 454 601 485 futuram,
617 455 663 481 sed
681 455 793 489 primaut
810 455 931 482 eamdem

147 508 177 527 ac
201 500 284 526 solum
312 499 470 527 ntortalibtts
498 505 654 531 ostensam,
673 508 745 526 more
763 508 847 527 sacrm
863 501 931 532 avis,

147 553 225 579 quam
240 545 348 578 dicunt,
363 553 449 579 u5que
468 547 535 572 adeo
559 545 674 577 ttndique
700 546 747 573 tibi
763 553 870 573 coronze
886 546 933 573 de.-

146 594 259 618 hentur:
276 593 396 626 nihilque
417 592 659 626 pulcherrimarum
674 600 762 619 reruttt
784 597 834 624 est,
862 591 932 627 quod

147 644 197 663 tt0ll
217 639 270 665 tuis
283 637 406 664 laudibus
425 637 564 664 ntateriattt
581 643 743 672 suppeditet.
759 643 862 671 tuzeque
879 638 935 672 glo-

985 273 1067 307 ρηγεῖ
1078 280 1085 287 ·
1101 272 1148 299 καὶ
1161 271 1195 298 τὰ
1212 270 1317 306 μεγάλα
1330 270 1398 305 πρὸς
1413 269 1554 305 εὐφημίαν
1565 269 1750 304 ξυμόἀλλεται
1763 279 1770 285 ·

984 319 1042 345 ἀλλ’
1060 318 1101 344 ὄτι
1120 318 1169 352 μὲν
1185 317 1239 343 τῶν
1255 318 1295 348 εις
1313 316 1416 352 ἀρετὴν
1431 316 1569 351 φερόντων
1588 316 1647 347 ἐνὸς
1663 316 1771 346 οὐδενὸς

983 363 1146 398 τοπαράπαν
1177 362 1297 397 ἀπέσχου
1313 383 1321 396 ,
1349 362 1418 389 ἀλλὰ
1446 361 1494 389 καὶ
1521 362 1630 388 πάντων
1668 361 1772 388 τούτωι

983 410 1076 440 ἁπλῶς
1093 409 1193 435 οὑτωσὶ
1210 407 1367 443 περιέσχου,
1385 408 1422 440 ὡς
1438 408 1544 438 οὐδενός
1563 415 1635 438 τινος
1651 407 1706 432 τῶν
1722 407 1771 434 ἄλ-

984 455 1038 482 λων
1048 455 1146 486 οὐδεὶς,
1156 454 1307 488 τεκμήριον
1318 454 1446 489 ἐναργὲς,
1459 455 1475 489 ὴ
1489 454 1634 489 θαυμαστή
1649 462 1689 479 σοι
1704 453 1775 488 προς

986 502 1052 528 Θεὸν
1068 502 1213 535 οἰκειότης,
1227 501 1273 527 καὶ
1285 500 1313 528 τὸ
1333 500 1400 527 Θεὸν
1415 501 1511 535 ἀμέλει
1521 500 1649 533 γενέσθαι
1658 502 1692 536 τῇ
1706 501 1775 535 πρὶς

988 548 1069 573 αὐτὸν
1092 549 1219 583 κοινωνίᾳ
1233 556 1240 563 ⁶
1263 545 1296 584 ἧς
1321 548 1345 574 εἰ
1362 547 1410 574 καὶ
1433 545 1586 582 παράδοξον
1605 547 1690 582 φάναι
1702 567 1709 578 ,
1725 548 1775 573 καὶ

988 595 1053 629 πρὶν
1067 593 1152 630 ἧφθαι
1169 595 1214 621 τοῦ
1228 593 1308 626 εἶναι,
1325 595 1373 621 καὶ
1389 594 1454 628 πρὶν
1470 594 1510 625 εἰς
1524 593 1684 629 ἀνθρώπους
1700 593 1774 620 τελέι

990 648 1045 672 σαι,
1062 641 1157 667 τοῦτον
1169 641 1214 667 τὸν
1231 641 1331 676 τρόπον
1349 640 1478 671 διετέλεις
1496 640 1632 674 μετέχων.

147 684 192 709 rite
223 683 337 710 mirifice
384 683 544 710 velificetur.
571 683 812 711 Verumeuimvero
853 684 923 718 quod
944 685 1015 712 nulla
1034 687 1140 720 penitus
1156 695 1195 720 re,
1229 687 1262 714 ad
1304 694 1416 713 censum
1449 687 1577 712 virtutum
1609 685 1777 718 pertinente.

148 730 321 763 ahstinueris,
334 732 380 758 sed
400 731 455 757 Ιιωε
468 731 556 758 omnia
575 733 610 758 ita
634 732 793 766 simpliciter
808 732 963 766 complexus
980 733 1076 765 fueris,
1113 739 1141 762 ut
1173 742 1253 762 nemo
1291 734 1360 761 alius
1403 733 1484 760 ullam
1514 733 1640 760 virtutem
1677 739 1776 764 unam,

148 777 220 805 tllius
242 778 280 804 rei
295 778 475 805 clarissimum
492 783 679 813 argumentum
697 784 737 807 est
763 780 928 808 incredibilis
950 785 995 808 tua
1011 782 1043 809 ad
1063 783 1146 810 Deum
1169 783 1348 814 familiaritas,
1384 788 1410 809 et
1444 782 1515 815 quod
1541 788 1572 808 ex
1603 781 1693 808 divino
1726 781 1777 808 hoc

149 825 285 852 consortio
305 825 376 853 Deus
392 831 504 854 tutemet
530 827 587 861 ipse
615 835 681 861 pene
708 828 839 855 evasisti:
869 828 946 862 cuius
981 831 1121 862 consortii,
1143 831 1254 857 tametsi
1279 830 1351 857 dictu
1377 829 1492 857 fortasse
1517 828 1664 856 absurdum
1684 827 1778 854 videtr

150 877 204 904 tur,
232 874 302 900 hunc
318 874 343 900 itt
367 875 475 901 ntoduut
505 875 639 910 particeps
664 875 720 909 jam
745 883 817 908 eras,
843 876 998 912 priusquam
1015 885 1076 914 esse
1097 886 1231 913 cmperas.
1254 879 1430 912 hominesque
1455 878 1526 905 inter
1553 877 1669 904 censeri.

184 917 280 946 XXVI.
302 918 405 953 Quippe
421 921 444 947 si
469 929 536 954 quos
556 921 663 956 egregie
683 922 768 949 bonos
793 930 879 957 seque
891 923 930 950 di—

1018 925 1088 957 κεῖν.
1098 925 1129 950 El
1142 925 1197 959 γὰρ
1213 923 1260 956 οὒς
1275 924 1324 960 μὲν
1343 923 1441 955 καλοὺς
1457 922 1595 956 κάγαθοὺς
1610 921 1761 956 ἐσομένους

150 973 216 999 gnos
243 965 349 993 futuros
369 967 554 1001 praecognovit
577 968 656 1000 Deus,
672 975 719 995 eos
737 968 852 995 necdum
870 977 930 996 sus-

151 1015 245 1045 ceptos
264 1017 396 1046 natosque
419 1012 608 1046 praedestinat,
624 1018 653 1040 et
670 1017 698 1039 ιιι
715 1013 811 1047 ingens
824 1014 932 1048 aliquod

151 1057 377 1090 emolumentum,
409 1059 551 1092 omnisque
577 1059 686 1086 decoris
705 1060 802 1093 publici
834 1061 934 1087 szecnlo

151 1107 279 1128 auctores
297 1101 414 1134 futuros,
433 1103 600 1136 despondet;
621 1110 646 1130 tu
664 1111 727 1130 vero
743 1105 774 1131 de
791 1105 844 1131 illis
859 1113 933 1137 eras,

151 1155 220 1180 quos
238 1147 317 1182 longe
345 1149 461 1182 optimOs
483 1148 553 1176 idem
575 1149 769 1184 p'razcognovit,
794 1158 880 1185 eaque
906 1159 935 1178 re

152 1194 379 1228 praedestinavit;
410 1194 445 1221 ita
479 1195 618 1228 probabile
646 1203 730 1228 sane,
757 1197 813 1224 sive
845 1198 935 1225 verius

152 1239 264 1267 omnino
280 1247 391 1280 neeesse
408 1245 458 1273 est,
472 1248 524 1268 non
545 1249 576 1268 eo
586 1241 716 1269 duntaxat
734 1248 854 1277 tempore
867 1245 937 1278 quod

152 1284 221 1317 dixi,
235 1284 346 1311 charum
365 1289 390 1312 te
405 1286 460 1313 Deo
477 1286 696 1322 familiaremque
723 1288 817 1320 fuisse,
843 1290 889 1316 sed
910 1295 939 1317 et

153 1331 243 1358 omnis
263 1331 382 1364 virtutis,
407 1337 435 1358 ut
459 1333 541 1359 verbo
560 1333 659 1367 dicam,
676 1334 934 1362 excellentissimum

153 1378 290 1412 opificem,
318 1379 446 1405 nimirum
473 1379 582 1407 virtutis
606 1387 687 1408 causa
715 1381 936 1414 praedestinatus,

154 1423 232 1451 valde
250 1424 313 1451 item
335 1424 513 1456 admirabilis,
529 1425 645 1459 aliisque
665 1427 790 1453 omttibus
803 1426 937 1453 excelsior

156 1461 244 1498 factus
254 1477 303 1503 es,
331 1471 425 1505 virque
450 1470 574 1506 profecto
597 1471 757 1504 illiusmodi,
782 1478 809 1499 ut
829 1474 936 1500 tametsi

154 1516 363 1551 praedestinatus
392 1525 444 1544 non
478 1517 586 1550 fuisses,
621 1518 718 1545 merito
748 1518 936 1552 praedestinari

985 970 1033 996 καὶ
1058 970 1119 1005 μάλ’
1139 970 1288 1006 ἀξιόχρεως
1303 970 1400 997 ἑαυτοῦ
1423 969 1536 1004 προῄδει
1551 968 1635 1000 Θεὸς,
1651 967 1780 994 τουτουσὶ

986 1017 1128 1051 προορίζει
1153 1016 1200 1042 καὶ
1218 1017 1301 1051 μήπω
1319 1016 1483 1050 γεγονότας·
1504 1015 1541 1043 ὡς
1559 1014 1687 1049 μέγιστον
1705 1014 1763 1047 ἀγα

988 1061 1034 1088 θὸν
1052 1062 1102 1087 καὶ
1118 1062 1198 1089 πάντ’
1217 1062 1362 1096 ἐσομένους
1376 1060 1415 1095 τῷ
1436 1060 1486 1096 βίῳ
1500 1061 1676 1094 προμνᾶται·
1696 1059 1728 1085 σὺ
1750 1059 1779 1085 δὲ

989 1107 1044 1133 τῶν
1063 1107 1172 1144 μάλιστ’
1192 1107 1266 1142 αὐτῷ
1284 1106 1518 1142 προεγνωσμένων
1542 1105 1689 1140 βελτίστων
1703 1124 1710 1136 ,
1727 1105 1777 1131 κστ

989 1153 1114 1179 διατοῦτο
1131 1153 1346 1188 προωρισμένων
1361 1153 1496 1188 ὑπῆρξας,
1512 1152 1616 1184 ἔοικας,
1633 1151 1734 1186 μᾶλλον
1750 1150 1779 1176 δὲ

992 1200 1069 1226 πᾶσα
1085 1199 1203 1235 ἀνάγκη,
1221 1200 1251 1226 οὐ
1270 1199 1351 1233 μόνον
1368 1199 1430 1225 καθ’
1444 1199 1473 1224 ὃν
1486 1198 1554 1233 ἔφην
1570 1198 1665 1233 χρόνον
1682 1197 1783 1230 θεοφι-

991 1245 1040 1279 λής
1061 1253 1102 1276 ’τις
1130 1242 1209 1274 εἶναι,
1229 1245 1278 1271 καὶ
1301 1245 1402 1275 οἰκεῖος
1420 1243 1505 1278 αὐτῷ,
1527 1243 1595 1270 ἀλλὰ
1615 1242 1662 1268 καὶ
1685 1242 1781 1275 πάσης

991 1292 1093 1326 ἀρετῆς
1112 1292 1148 1323 ὡς
1168 1292 1254 1318 εἰπεῖν
1270 1291 1354 1325 ἄκρος
1371 1291 1502 1325 ἐργάτης.
1518 1291 1556 1316 Δι’
1571 1290 1606 1324 ἣν
1621 1289 1667 1315 καὶ
1685 1297 1779 1323 προω-

992 1338 1121 1372 ρισμένος
1148 1337 1305 1372 θαυμαστός
1331 1345 1373 1368 τις
1400 1336 1543 1376 ἄγαν-καὶ
1570 1334 1641 1370 ὑπὲρ
1670 1335 1781 1364 πάντας

990 1384 1126 1417 ὲγεγόνεις
1139 1384 1201 1415 τοὺς
1212 1384 1318 1416 ἄλλους,
1331 1384 1378 1410 καὶ
1391 1381 1459 1415 οἷος,
1473 1385 1498 1409 εξ
1513 1382 1560 1409 καὶ
1575 1382 1612 1416 μὴ
1627 1380 1785 1416 προῦψιπο,

994 1431 1107 1462 εἰκότως
1124 1431 1157 1457 ἂν
1173 1430 1345 1467 προωρίσθοιι
1357 1438 1363 1445 ·
1378 1429 1415 1461 ὡς
1429 1429 1518 1456 πάντα
1533 1428 1567 1455 τὰ
1582 1429 1649 1455 πᾶσι
1665 1428 1719 1458 τοῖς
1736 1427 1784 1453 ἃλς

990 1475 1048 1505 λοις
1068 1475 1150 1502 mos”
1165 1475 1349 1510 εἰργασμένα,
1367 1475 1448 1508 μόνος
1464 1475 1543 1505 αὐτὸς
1561 1473 1731 1507 συνειληφώς
1748 1480 1781 1497 τε

993 1523 1039 1548 καὶ
1057 1522 1246 1556 καταπράξας.

155 1565 305 1598 debueris;
330 1565 429 1601 quippe
461 1566 506 1600 qui
534 1573 606 1592 unus
629 1566 717 1593 omnia
734 1567 793 1593 aliis
812 1568 938 1595 omnibus
969 1569 1106 1604 sigillatim
1127 1571 1246 1605 praestita
1275 1570 1391 1604 junclint
1418 1567 1656 1604 comprehenderis
1685 1566 1783 1594 confe-

157 1613 292 1647 ceriSqne.

193 1659 297 1688 XXV".
320 1659 403 1688 Porro
420 1661 451 1687 de
478 1661 631 1696 eloquentia
659 1667 701 1688 tua
723 1663 812 1689 dicere
839 1671 934 1698 aggre-

1027 1665 1089 1691 KZ’.
1106 1664 1199 1697 Λόγων
1214 1663 1240 1689 δὲ
1254 1663 1316 1697 πέρι
1327 1663 1417 1697 λέγειν
1427 1662 1526 1688 ἐθέλων
1539 1661 1592 1688 τῶν
1606 1660 1670 1693 σῶν,
1683 1661 1786 1694 λόγους

156 1708 233 1733 diens
250 1711 322 1733 luant
335 1706 399 1734 tuilti
417 1706 600 1740 eloquentiam
625 1715 729 1741 Imaque
743 1708 877 1736 orationis
897 1718 938 1735 ro-

157 1753 209 1780 bur
227 1753 387 1787 contingere
409 1753 499 1784 velint,
523 1761 577 1788 quo
603 1762 635 1781 ex
664 1754 768 1781 merito
793 1755 865 1782 illam
893 1763 942 1782 suo

158 1798 351 1825 commendare
376 1805 490 1833 queant;
516 1799 539 1826 is
551 1800 650 1826 etenim
677 1805 704 1826 tu
719 1808 759 1834 es,
781 1801 803 1827 si
824 1809 944 1828 summa—

160 1845 207 1871 tim
222 1852 265 1872 res
279 1845 450 1879 exponenda,
466 1846 511 1879 qui
531 1853 583 1872 nott
600 1846 680 1872 aliter
693 1847 718 1872 in
739 1848 865 1874 omnibus
882 1854 943 1874 ora-

159 1890 241 1918 tionis
268 1890 381 1923 fortnis,.
393 1898 474 1925 quam
490 1891 516 1917 itt
536 1899 588 1918 una
600 1892 725 1925 quapiaut
747 1893 940 1920 elaboraveris.

159 1936 265 1964 Rursus
293 1944 515 1972 unamquamque
542 1938 578 1964 ita
610 1937 730 1972 perfecte
759 1944 941 1973 accurateque

160 1983 384 2017 pertractaveris,
409 1988 438 2009 ut
467 1982 538 2010 haud
565 1988 719 2017 promptum
739 1983 831 2011 videre
846 1984 892 2015 sit,
913 1984 939 2011 in

161 2036 278 2063 quanam
309 2028 478 2063 potissimum
500 2035 617 2063 regnes,
646 2033 673 2056 et
693 2029 735 2056 cui
751 2030 845 2064 prim-.2
862 2037 944 2064 penes

162 2079 190 2101 te
207 2074 357 2100 debeantur
380 2078 482 2108 partes.
512 2073 570 2101 Non
581 2074 653 2101 enim
684 2075 717 2101 ad
742 2075 942 2109 philosophiam

162 2120 248 2148 solam
263 2139 270 2150 ,
292 2120 394 2146 omissa
419 2120 538 2146 oratoria
554 2139 561 2150 ,
592 2120 712 2147 animum
756 2121 943 2155 appellendmn

992 1713 1025 1738 ἂν
1042 1711 1105 1742 τοὺς
1131 1710 1193 1740 σοὺς
1208 1709 1358 1745 ὲῦουλόμην
1371 1731 1378 1742 ,
1399 1710 1446 1736 καὶ
1469 1710 1518 1744 τὴν
1540 1708 1594 1735 τῶν
1617 1708 1671 1733 σῶν
1691 1707 1784 1741 λόγων

996 1757 1092 1792 ῥώμην
1115 1755 1284 1789 κεκτῆσθαι,
1308 1755 1345 1786 ὡς
1366 1755 1398 1781 τὰ
1422 1755 1573 1788 γιγνόμενα
1600 1754 1664 1788 περὶ
1689 1753 1784 1779 αὐτῶν

992 1801 1090 1829 διῖὲναι
1102 1809 1108 1816 ·
1123 1801 1155 1828 σὺ
1171 1801 1224 1834 γὰρ
1240 1799 1295 1831 οὖν,
1306 1801 1330 1826 εἰ
1345 1800 1386 1826 δεῖ
1399 1800 1537 1834 συντόμως
1552 1800 1651 1830 εἰπεῖν,
1667 1800 1680 1825 ὁ
1693 1799 1786 1832 λόγων

997 1847 1046 1882 μὲν
1067 1848 1157 1873 πᾶσαν
1174 1846 1244 1873 ἰδέαν
1263 1846 1300 1877 ὡς
1312 1847 1343 1882 δή
1360 1855 1421 1872 τινα
1436 1846 1500 1880 μίαν
1516 1844 1677 1880 ὲξησκηκώς
1689 1852 1696 1859 ·
1710 1844 1786 1870 οὕτω

996 1892 1018 1918 δ’
1042 1893 1079 1923 εἰς
1098 1892 1183 1926 ἀκρον
1202 1892 1248 1917 καὶ
1266 1892 1326 1926 μετ’
1347 1891 1493 1926 ἀκριϐείας
1508 1891 1641 1924 ἑκάστην,
1663 1889 1699 1920 ὡς
1717 1889 1785 1921 ξυν-

1001 1938 1064 1964 ιδεῖν
1080 1938 1183 1973 ἄπορον
1201 1937 1271 1963 εἶναι
1290 1937 1392 1972 ποτέρᾳ
1406 1937 1509 1963 τούτων
1528 1935 1699 1966 πλεονεκτεῖς
1711 1955 1718 1967 ,
1736 1936 1787 1961 καὶ

998 1985 1050 2011 τινι
1066 1984 1159 2011 δοῦναι
1172 1983 1212 2009 δεῖ
1227 1983 1261 2009 τὰ
1277 1983 1421 2017 πρεσϐεῖα.
1437 1983 1474 2009 Οὐ
1488 1982 1541 2017 γὰρ
1556 1981 1622 2007 αὐτὸ
1636 1979 1717 2007 τοῦτο
1733 1980 1786 2014 μό-

999 2039 1043 2057 νον
1059 2030 1213 2064 φιλοσοφεῖν
1233 2029 1287 2065 (imo
1301 2030 1367 2061 δεῖν,
1387 2028 1545 2064 ῥητορεύειν
1556 2027 1578 2053 δ’
1595 2027 1689 2053 οὐκέτι
1703 2034 1711 2042 ⁸
1727 2026 1786 2052 οὐδ’

998 2074 1030 2103 αὖ
1060 2076 1218 2112 ῥητορεύειν
1247 2075 1297 2110 μὲν
1325 2073 1469 2107 καθάπαξ,
1498 2071 1547 2099 τοῦ
1573 2072 1601 2099 δὲ
1626 2071 1792 2108 φιλοσοφεῖν

999 2121 1116 2156 ἁλογεῐν.
1458 2120 1463 2125 ”

163 2167 276 2200 duxisti,
293 2167 563 2202 nequeecontrario
593 2168 620 2194 in
659 2173 718 2196 arte
761 2170 880 2196 oratoria
921 2177 1033 2203 operant
1079 2177 1197 2200 omnem,
1226 2174 1318 2203 spreta
1344 2167 1524 2202 philosophia,
1553 2167 1601 2194 tibi
1634 2167 1791 2200 ponendam

163 2214 354 2242 existimabas.

198 2259 318 2288 XXVIII.
339 2260 443 2288 Rursus
466 2268 553 2296 neque
565 2260 708 2294 utriusque
728 2265 754 2288 tu
773 2262 881 2296 quidem
902 2270 944 2288 ra-

165 2309 266 2334 tioneut
283 2306 412 2337 habebas,
425 2306 471 2334 sed
485 2313 516 2333 ex
531 2311 606 2340 parte
620 2307 735 2341 quadam
754 2307 885 2334 duntaxat
901 2307 950 2333 ha-

1036 2261 1104 2287 KH’.
1117 2259 1156 2286 Οὐ
1177 2259 1267 2286 τοίνυν
1284 2258 1343 2285 οὐδέ
1364 2267 1405 2284 σοι
1424 2258 1480 2284 τῶν
1500 2258 1639 2291 ἑκατέρων
1667 2258 1789 2292 ἐμέλησε

1003 2306 1052 2342 μὲν
1062 2327 1070 2338 ,
1084 2306 1202 2340 ἐμέλησε
1217 2305 1245 2330 δὲ
1261 2304 1315 2330 ἀπὺ
1332 2306 1446 2339 μέρους,
1461 2303 1498 2335 ὡς
1517 2303 1614 2334 ἐνδεῶς
1631 2304 1678 2330 καὶ
1698 2304 1790 2338 τούτῳ

165 2355 258 2385 Ιιεὺοε,
277 2354 313 2380 ita
331 2358 360 2380 ut
378 2354 500 2380 neutrius
528 2353 679 2388 disciplina:
707 2352 802 2386 plenus
830 2353 944 2386 integer-

1010 2350 1120 2385 εὰκεῐνῳ
1139 2349 1311 2384 κεχρῆσθαι·
1329 2350 1376 2375 καὶ
1397 2349 1492 2383 μηδενὶ
1505 2348 1636 2383 διαρκῶς,
1655 2347 1714 2374 ἀλλ’
1728 2349 1790 2378 ἑνὸς

165 2407 218 2434 que
233 2400 280 2427 tibi
293 2407 357 2427 usus
373 2400 399 2426 itt
409 2399 523 2427 solidunt
535 2403 689 2432 constaret;
703 2406 795 2426 verum
813 2399 890 2425 unius
904 2407 948 2425 ra-

169 2447 251 2473 tionis
266 2446 359 2472 ambas
382 2446 465 2473 hasce
479 2450 571 2480 partes
587 2453 648 2472 esse
661 2450 745 2477 ratus.
763 2453 824 2472 cum
845 2451 947 2479 priete-

168 2498 213 2518 rea
229 2491 315 2518 scires
332 2491 452 2526 perfecte
474 2492 625 2525 sapientem
650 2497 698 2524 per
715 2490 806 2517 omnia
828 2498 951 2523 pertttea-

170 2542 273 2571 turum,
288 2538 325 2565 ita
344 2538 419 2566 hisce
437 2542 462 2565 te
475 2538 573 2565 studiis
591 2537 726 2568 dedidisti,
738 2537 951 2564 utniltilosecius

168 2588 195 2611 ct
221 2583 434 2618 philosophando
449 2583 612 2616 eloquentia:
627 2591 736 2617 operam
762 2584 853 2614 dares,
869 2589 896 2609 et
909 2583 951 2610 itt-

169 2629 256 2656 vicem
282 2636 378 2656 causas
399 2629 505 2656 orando
530 2628 729 2663 philosophiam
755 2630 901 2660 CXCOiL‘I‘PS,
924 2634 948 2654 et

170 2675 196 2702 in
221 2680 336 2708 utroque
352 2681 451 2708 genere
481 2674 649 2701 admirabilis
671 2681 756 2706 esses,
789 2678 815 2700 et
853 2674 902 2700 ltae
923 2673 949 2699 itt

170 2725 246 2754 parte
273 2719 346 2746 velut
365 2719 413 2746 tibi
428 2719 476 2753 ipsi
507 2719 586 2752 longe
609 2725 771 2753 praestares.
790 2718 861 2752 quod
902 2726 951 2744 nec

170 2765 258 2792 studia
273 2764 448 2800 philosophia:
462 2764 580 2792 orat0ria
597 2765 724 2792 facultate
749 2764 891 2799 spoliares,
904 2771 951 2790 ne-

1003 2399 1088 2433 ἄμφω
1100 2397 1187 2424 ταῦτα
1201 2397 1280 2431 λόγου
1298 2396 1368 2431 μέρη
1381 2395 1506 2430 νομίσκς,
1521 2396 1568 2421 καὶ
1581 2396 1625 2421 τὸν
1636 2396 1733 2429 τῳὸντι
1746 2404 1790 2421 σο-

1004 2444 1052 2478 φὸν
1071 2443 1147 2475 εἰδὼς
1163 2443 1206 2469 διὰ
1222 2443 1330 2469 πάντων
1341 2442 1443 2477 ἥκοντα
1454 2461 1462 2473 ,
1478 2440 1550 2467 οὕτω
1567 2440 1671 2471 τούτοις
1688 2440 1790 2466 σαυτὸν

1003 2489 1189 2525 ὲμπαρέσχες,
1204 2489 1242 2519 ὡς
1258 2488 1341 2522 μηδὲν
1357 2485 1438 2523 ἦττον
1455 2488 1502 2513 καὶ
1513 2485 1554 2518 οἷς
1570 2487 1727 2521 φιλοσοφεῖς
1740 2487 1792 2521 ρη-

1004 2535 1127 2569 τορεύειν
1139 2555 1146 2564 .
1163 2535 1210 2560 καὶ
1226 2531 1267 2564 οἷς
1287 2533 1446 2568 ρητορεύεις
1463 2533 1637 2566 φιλοσοφεῖν,
1654 2533 1703 2559 καὶ
1719 2529 1790 2557 εἶναι

1005 2580 1160 2614 θαυμαστὸς
1184 2581 1213 2605 ἐν
1238 2581 1358 2614 ἀμφοῖν,
1388 2579 1436 2606 καλ
1461 2577 1517 2605 οἷον
1542 2579 1680 2613 βέλτιστος
1705 2579 1790 2609 αὐτὸς

1006 2626 1119 2653 σεαυτοῦ
1136 2625 1224 2661 τούτῳ
1242 2625 1282 2660 τῷ
1296 2627 1393 2661 μέρει,
1413 2625 1474 2651 οὔτε
1488 2625 1518 2650 τὸ
1533 2625 1690 2659 φιλοσοφεῖν
1706 2626 1792 2658 ῥητο-

1006 2672 1082 2707 ρείας
1097 2671 1267 2705 ἀποστερῶν,
1280 2670 1335 2697 οὔτ’
1350 2671 1434 2706 αὐτὴν
1449 2670 1550 2705 ταύτην
1563 2670 1697 2704 ἀμέτοχον
1712 2669 1791 2703 φιλο-

1006 2717 1101 2751 σοφιας
1115 2717 1221 2748 δεικνύς
1231 2724 1238 2732 ·
1250 2717 1307 2743 ἀλλ’
1321 2717 1451 2750 ἑκάτερον
1477 2716 1600 2751 ἐκατέρῳ
1613 2715 1709 2748 δεξιῶς
1719 2715 1791 2748 ἄγαν

1008 2763 1163 2795 συνάπτων,
1180 2763 1227 2789 καὶ
1244 2763 1278 2788 δι’
1298 2763 1430 2795 ἑκατέρου
1448 2761 1558 2795 κοσμῶν
1576 2761 1716 2795 ἑκάτερον.

171 2817 224 2843 que
251 2810 321 2837 ltanc
348 2810 433 2844 ipsam
450 2810 626 2844 philosophia:
647 2809 779 2844 praesidiis
790 2809 948 2836 destitutam
967 2808 1102 2840 exiberes,
1133 2809 1181 2836 sed
1195 2808 1308 2835 alteram
1339 2807 1418 2835 alteri
1436 2814 1533 2840 magna
1549 2806 1714 2833 dexteritate
1747 2813 1794 2832 co-

173 2859 292 2889 pulares.
307 2858 461 2892 mutuisque
479 2863 623 2892 utramque
635 2865 784 2887 exornans
803 2857 982 2884 ornamentis.

210 2904 303 2932 XXIX.
325 2905 482 2939 Quanquam
504 2905 569 2939 quid
592 2909 634 2932 est
655 2905 726 2939 quod
748 2905 824 2932 dico?
839 2913 877 2932 stc
890 2905 944 2931 haec

1036 2903 1208 2931 K8'.K1i:o-.
1218 2904 1243 2930 τί
1254 2902 1344 2936 λέγως
1359 2901 1429 2928 οὕτω
1437 2902 1491 2938 γὰρ
1505 2901 1608 2938 Ἐρμῆς
1623 2900 1682 2928 κατ’
1693 2900 1794 2935 Αἶσχύ-
