1875 3059
211 141 269 171 26'2-

799 132 849 163 ΤΗ
856 130 956 161 EODU
962 130 999 159 LI
1020 126 1192 158 MONACHI

1792 116 1855 147 268

213 196 320 224 nimium
335 197 469 228 crcparet,
486 193 547 219 duttt
563 197 668 218 sursum
683 189 810 217 deorsum
826 186 915 214 omnia
930 185 994 212 mis-

1080 191 1111 214 ιν,
1127 180 1174 208 καὶ
1187 179 1255 215 μετὰ
1270 178 1324 206 τῶν
1337 177 1448 210 δούλων,
1461 176 1519 208 πῶς
1533 175 1618 207 slum;
1632 174 1677 201 τὶν
1689 173 1854 203 Asc-nl;th

217 244 307 275 cebut,
323 247 350 269 et
365 251 373 266 ι
393 241 419 268 in
434 239 568 267 excelsum
583 237 752 272 iniquitatem
767 235 925 270 loquebatur
936 232 970 264 “,
985 240 993 256 ι

1049 228 1143 259 τιθείς.

215 295 363 324 orbemque
375 293 509 316 terrarum
523 284 726 312 absurdissimis
738 290 832 310 vocum
846 279 1011 308 novitatibus
1027 277 1185 313 placitisque
1195 274 1250 301 suis
1260 271 1441 310 pervertebut,
1451 270 1576 296 nimirum
1587 267 1733 296 creationis
1744 272 1854 293 rerum

1176 322 1181 324 _
1260 321 1269 324 _
1317 320 1334 324 __
1401 319 1440 324 ,η
1491 318 1498 324 ,
1686 313 1839 324 AnAn"

216 313 362 324 ...νηντη
422 313 440 314 η

214 336 358 364 Auctorem
373 335 399 361 in
415 341 503 360 rerum
517 337 672 360 creatarum
690 330 810 358 ordinem
832 327 976 355 deducens.
996 329 1023 352 et
1038 330 1097 351 cum
1111 322 1208 354 servis,
1222 321 1298 348 nefas
1309 320 1381 347 dictu
1401 320 1408 345 ι
1424 318 1564 345 Dominum
1581 320 1666 350 ipsum
1682 313 1852 341 Collocans.

250 382 295 410 Ll.
312 382 447 409 Cmterum
467 384 496 406 ιιι
508 386 568 406 meo
597 378 663 405 mihi
687 377 819 403 arbitratu
845 373 997 401 oralionem

215 430 316 464 fingere
332 433 396 462 pace
416 431 516 457 vestra,
533 423 826 456 auditores,integrunt
842 421 878 447 sit
893 426 1000 453 qumso;

216 475 348 508 liceatque
369 471 492 499 nonnihil
518 469 660 497 altioribus
675 467 852 502 philosophias
870 464 1002 493 sermoni-

218 528 249 548 us
263 519 413 554 indulgere,
430 517 581 552 primisque
597 515 670 542 velut
695 514 775 541 lineis
791 512 925 539 maximas
945 510 1001 537 Viri

217 553 380 591 adumbrare
404 562 530 588 virtutes.
557 558 694 593 Siquidem
713 557 795 588 enim,
812 560 839 582 ut
862 555 937 582 Plato
953 553 1000 580 do-

215 614 259 636 cet
273 608 324 643 (l),
342 614 422 641 atque
451 613 494 633 res
519 605 575 639 ipsa
592 603 744 633 confirmat,
760 607 813 628 tres
827 601 925 627 aninue
952 599 1001 625 ltu-

216 662 303 681 tuauaa
320 659 409 688 partes
428 655 490 678 sunt
507 657 577 677 :una
594 656 653 683 qua:
669 647 801 675 mentiset
819 644 932 672 rationis
942 651 1003 675 paro

217 702 303 735 ticcps
315 705 371 732 est;
384 699 479 731 altera,
496 698 522 724 in
533 704 584 731 qua
597 696 697 722 irarum
708 693 814 721 exsistit
826 692 925 723 ardor;
939 696 1002 724 pos-

218 751 304 774 trema
319 752 379 780 quae
395 744 562 778 voluptatum
580 741 715 769 illecebris
731 739 892 766 concitatur.
911 737 945 762 Ea
962 743 1001 767 re,

220 797 249 818 ut
266 800 313 826 par
329 794 386 822 est,
403 794 460 816 tres
474 789 539 815 item
554 795 673 814 summas
689 793 719 812 ac
739 784 870 812 latissime
884 786 1006 817 palentes
1022 775 1042 802 Β

217 844 277 865 esse
293 836 411 870 oportuit
428 835 553 865 virtutes,
571 832 670 866 quippe
690 831 808 858 indidem
827 828 936 856 omnino
950 827 1001 853 iui-

220 883 287 910 tium
303 883 441 913 ducentes,
467 879 514 906 sed
527 878 626 913 quibus
639 875 809 911 postmodum
826 875 907 901 etiam
922 873 1003 908 justi-

220 930 285 956 tiam
301 927 424 960 adiecere
444 934 452 952 :
470 924 546 960 gnari
561 923 665 951 scilicet
684 921 768 957 partis
788 921 892 948 ratione
907 919 1006 947 utentis

222 974 355 1008 propriam
373 972 496 998 virtutem
518 968 687 1002 prudentiam
707 973 778 998 esse,
803 964 1006 998 imprudentiam

223 1020 317 1045 \‘itinm
331 1026 338 1046 :
354 1022 381 1043 at
397 1016 501 1042 illarum
516 1021 608 1041 rursus
619 1020 678 1047 qute
692 1012 730 1038 ira
752 1016 799 1037 aut
816 1010 1007 1044 cupiditatibus

223 1064 401 1089 efferri-scunt
417 1079 425 1093 ,
451 1058 609 1094 posterioris
634 1058 741 1092 quidem
772 1056 851 1091 hujus
880 1055 1007 1082 virtutem

225 1108 438 1143 temperantiam,
465 1111 491 1132 et
516 1106 541 1131 in
558 1105 739 1139 voluptatibus
764 1103 965 1134 conlinenliam;
981 1106 1008 1128 at

227 1155 298 1181 illius
311 1153 505 1188 fortitudinem,
519 1150 650 1184 animique
660 1149 886 1176 mansuetudinem
898 1147 1008 1183 perinde

225 1210 255 1227 :n-
278 1201 340 1226 vitia
363 1199 513 1232 utriusque,
548 1203 641 1230 nempe
666 1195 818 1227 irascentis,
843 1195 1009 1220 timidita'em

224 1251 306 1280 atque
322 1244 500 1276 iracundiam,
516 1248 543 1269 ut
557 1241 774 1276 concupiscentis
800 1240 1008 1274 perditissimam

227 1293 301 1318 illam
334 1289 471 1316 libidinem
500 1286 740 1321 intemperantiam,
768 1286 815 1312 scd
833 1285 930 1312 animm
947 1292 1011 1312 vero

226 1337 309 1363 totius
325 1335 461 1364 virtutem,
477 1333 625 1367 justitiam,
638 1337 664 1358 et
678 1336 806 1366 praalerca
823 1329 1010 1356 liberalitatem

226 1387 308 1417 atque
327 1380 581 1414 magnanimitatem,
596 1377 819 1412 quemadmodum
832 1376 908 1407 vitia,
924 1376 1012 1410 injus-

227 1428 325 1458 titiam,
351 1426 568 1457 illiberult'lalem,
581 1423 759 1458 abjectamqne
778 1422 964 1454 humilitatem,
984 1427 1014 1448 ut
1027 1444 1047 1456 η

228 1473 291 1500 hinc
303 1472 370 1498 adeo
388 1471 492 1498 tametsi
510 1475 563 1496 tres
577 1471 707 1495 duntaxat
722 1469 820 1495 animas
835 1473 927 1503 partes
938 1473 1011 1500 sunt,
1026 1458 1047 1472 ¹⁴

228 1520 292 1551 isto,
316 1525 394 1552 quem
421 1517 550 1547 diximus,
577 1516 665 1546 modo,
690 1520 811 1549 quatuor
835 1521 946 1541 necesse
976 1514 1012 1541 sit

233 1565 366 1593 exsistere
381 1564 505 1595 virtutes,
519 1569 546 1588 et
565 1561 598 1588 ad
624 1561 794 1595 prudentiam
818 1568 850 1587 ac
875 1559 1011 1587 fortitudi-

231 1619 291 1638 nem
309 1618 340 1637 ac
355 1609 558 1644 temperantiam
580 1608 710 1634 accedere
736 1607 847 1634 omnino
861 1606 1008 1641 justitiam.

1084 368 1150 396 NA’.
1159 369 1223 395 Δότε
1233 368 1260 394 δέ
1271 365 1440 402 μοιτῷλόγῳ
1475 363 1604 398 βούλομαι
1612 360 1790 396 χρήσασθαι,
1799 356 1854 383 καὶ

1052 416 1234 451 φιλοσοφῆσαι
1251 413 1361 448 μικρὸν,
1377 411 1424 438 καὶ
1449 412 1512 438 ὅσον
1529 407 1693 442 ἐνδεδεῖχθαι
1714 403 1853 432 κάντεῦ-

1051 449 1096 489 θεν
1109 462 1140 488 τὸ
1151 460 1219 495 πρὸς
1230 458 1330 495 ἀρετὴν
1353 457 1400 484 τοῦ
1413 456 1509 491 ἀνδρὸς
1526 455 1622 490 περίον
1632 462 1639 470 ·
1671 451 1761 487 τριῶν
1790 449 1854 484 γὰρ

1050 510 1145 542 ὄντων,
1155 508 1193 539 ὥς
1209 515 1274 541 φησι
1291 505 1413 537 Πλάτων,
1429 504 1477 530 καὶ
1488 501 1604 536 τάληθὲς
1615 498 1766 534 μαρτυρεῖ,
1789 496 1854 521 τῶν

1051 556 1101 590 τῆς
1120 540 1209 588 ψυχῆς
1228 551 1314 586 δήπου
1337 549 1440 584 μερῶν,
1457 545 1578 580 λογικοῦ,
1600 543 1717 578 θυμικοῦ
1730 550 1778 572 τε,
1800 540 1854 566 καὶ

1051 597 1264 634 ἐπιθυμητικοῦ,
1283 596 1395 630 ἔδειμεν
1410 595 1457 621 καὶ
1471 594 1546 628 τρεῖς
1561 591 1596 622 ὡς
1611 590 1683 619 εἰκὸς
1701 587 1781 615 εἶναι
1794 587 1854 616 τὰς

1054 645 1242 681 γενικωτάτας
1264 642 1319 669 τῶν
1349 641 1455 676 ἀρετῶν
1485 639 1521 670 ὡς
1541 638 1590 671 τὴν
1615 635 1702 671 ἀρχὴν
1731 632 1853 660 ἐκεῖθεν

1054 692 1191 727 ὲχούσας¹³
1226 689 1274 716 νῦν
1286 688 1313 715 δὲ
1331 687 1378 714 καὶ
1398 684 1572 717 δικαιοσύνην
1598 681 1695 710 αὑταῖς
1722 685 1854 712 προστι-

1056 723 1151 765 Οξασιν
1163 745 1170 753 ⁴
1190 735 1291 766 εἰδότες
1309 732 1408 768 ἀρετὴν
1422 731 1471 766 μὲν
1481 730 1526 756 τοῦ
1542 725 1712 761 λογιστικοῦ.
1730 723 1763 749 τὸ
1775 730 1855 768 φροξ

1057 785 1132 815 νεῖν,
1153 783 1255 809 κακίαν
1271 780 1299 807 δὲ
1327 767 1525 813 ἀφροσύνην·
1543 773 1590 800 τοῦ
1617 772 1640 798 δ’
1665 771 1700 797 αὖ
1721 767 1853 803 θυμικοῦ

1055 839 1085 857 τε
1106 824 1374 861 καὶὲπιθυμητικοῦ,
1389 823 1434 849 τοῦ
1449 822 1508 857 μὲν,
1526 819 1735 854 σωφροσύνην
1751 815 1807 842 καὶ
1822 815 1854 840 τδ

1056 876 1124 911 πρὸς
1133 874 1180 904 τὰς
1191 873 1286 909 ἡδονὰς
1296 869 1449 906 ἐγκρατές’
1464 868 1511 894 τοῦ
1525 867 1553 893 δὲ
1569 863 1697 900 θυμικοῦ,
1711 861 1854 911 ἀνδρίαν

1056 906 1086 948 τὲ
1101 921 1149 947 καὶ
1168 906 1324 953 πραότητα
1336 924 1342 932 ·
1360 914 1462 942 κακίαν
1485 912 1513 939 δὲ
1529 909 1712 946 ἀμφωτέρων,
1726 906 1779 933 τοῦ
1800 906 1853 940 μὲν

1057 967 1174 993 δειλίαν
1188 950 1236 991 xui.
1253 962 1442 996 ὀργιλότητα,
1457 958 1504 984 τοῦ
1518 965 1549 991 γε
1566 955 1618 990 μὴν
1627 950 1852 988 ἐπιθυμητικοῦ.

1059 1011 1107 1046 τὴν
1121 1009 1231 1037 κάκιστ’
1251 1006 1442 1041 ἀπολουμένην
1464 1002 1651 1031 ἀκολασίαν·
1669 1000 1735 1033 ὅλης
1754 998 1784 1024 δὲ
1801 998 1853 1029 τῆς

1058 1043 1157 1090 ψυχῆς,
1175 1053 1287 1088 ἀρετὴν,
1307 1051 1517 1082 δικαιοσύνην,
1531 1047 1578 1074 καὶ
1604 1044 1713 1080 προσέτ’
1724 1043 1855 1070 ἐλευθε-

1055 1089 1180 1135 ριότητά
1193 1107 1222 1125 τε
1236 1099 1283 1125 καὶ
1295 1096 1535 1132 μεγαλοψυχίαν,
1549 1091 1650 1119 κακίαν
1668 1090 1707 1119 δὲ,
1722 1089 1854 1117 ἀδικίαι·

1059 1147 1106 1173 καὶ
1115 1144 1383 1178 ἀνδλευθερίότητα
1391 1139 1660 1175 καὶμικροψυχίαν,
1670 1138 1707 1168 ὡς
1720 1135 1856 1169 ἀνάγκην

1059 1191 1186 1218 ἐντεῦθεν
1200 1188 1363 1224 εἷναιτριῶν
1377 1187 1462 1213 ὄντων
1475 1185 1596 1215 ἐκείνων,
1622 1184 1760 1218 τέτταρας
1784 1180 1852 1207 ταὺ-

1060 1247 1110 1270 τας
1139 1237 1168 1263 ὃν
1181 1236 1250 1271 ἔφην
1275 1233 1419 1269 γίγνεσθαι
1436 1232 1547 1267 τρόπον,
1578 1230 1626 1256 xui.
1653 1230 1685 1263 τῇ
1713 1227 1853 1263 φρονήσει

1061 1286 1109 1312 καὶ
1126 1283 1224 1319 ἀνδρίᾳ
1240 1281 1288 1309 καὶ
1313 1278 1489 1315 σωφροσύνῃ,
1518 1277 1566 1303 xui
1590 1275 1638 1310 τὴν
1667 1273 1853 1306 δικαιοσύνην

1061 1318 1215 1365 ⁴ιιροσεῖναι.
1229 1324 1279 1353 Ὧν
1297 1326 1383 1361 μείζω
1395 1323 1486 1356 τάξιν,
1504 1320 1714 1357 φρόνησιςέχει,
1728 1319 1769 1350 ὡς
1788 1318 1853 1354 ρίζει

1062 1376 1165 1402 τούτων
1181 1375 1230 1401 καὶ
1239 1372 1314 1408 πηγὴ
1327 1370 1375 1398 xu‘.
1386 1370 1471 1400 αἰτία,
1489 1368 1536 1394 καὶ
1547 1367 1616 1403 μόνη
1630 1365 1774 1400 δυναμένη
1787 1365 1854 1390 ταύ-

1063 1429 1112 1450 τας
1125 1419 1215 1450 καλῶς
1229 1416 1416 1452 δημαγωγεῖν,
1439 1414 1486 1440 xui.
1509 1413 1619 1438 διοικεῖν
1645 1412 1694 1437 xui.
1710 1409 1852 1444 ξυνέχειν,

1066 1467 1114 1494 xui
1129 1467 1166 1500 μὴ
1175 1464 1326 1499 ξυγχωρεῖν
1342 1461 1392 1494 ἔξω
1408 1461 1455 1487 τοῦ
1472 1459 1641 1493 τεταγμένου
1654 1458 1770 1495 χωρεῖν,
1783 1455 1853 1482 ἁλὶὰ

1065 1512 1115 1547 τῆς
1131 1511 1240 1545 φύσεως
1255 1509 1382 1544 ἔχεσθαι·
1401 1507 1431 1533 οὺ
1453 1505 1507 1540 γὰρ
1534 1505 1644 1539 ἀπόχρη
1670 1503 1751 1538 μόνον
1787 1501 1854 1527 ταύ-

1063 1566 1113 1589 τας
1129 1557 1240 1590 ειδέναι,
1257 1555 1325 1582 ἀλλὰ
1340 1554 1387 1581 καὶ
1406 1553 1454 1579 τοῦ
1475 1553 1548 1583 ὅτις
1564 1551 1604 1577 δεῖ
1622 1550 1745 1585 μετιέναι
1763 1557 1853 1582 «pos.

1063 1605 1114 1631 δεῖ.

231 1658 284 1685 llas
302 1658 372 1684 inter
387 1657 500 1684 virtutes
511 1656 633 1683 ordinent
650 1655 792 1689 prudentia
805 1655 890 1686 ducit,
920 1657 1012 1687 utpote
1031 1653 1109 1680 radix
1121 1656 1292 1682 cancrorum,
1305 1654 1332 1676 et
1347 1648 1415 1679 fons,
1431 1652 1458 1674 et
1471 1653 1565 1679 causa,
1581 1650 1608 1673 et
1641 1651 1702 1679 qua:
1735 1643 1796 1671 sola
1822 1641 1851 1669 il—

231 1707 269 1731 las
281 1709 353 1730 recte
366 1710 471 1737 regere,
491 1709 522 1728 ac
537 1702 696 1735 gubernare,
711 1707 742 1726 ac
752 1700 893 1727 continere
914 1699 940 1726 iu
952 1698 1043 1726 officio
1064 1702 1159 1733 potest,
1177 1701 1259 1729 atque
1272 1695 1403 1729 impedire
1413 1694 1494 1721 etiam
1510 1697 1539 1719 ut
1570 1700 1602 1720 ne
1633 1692 1772 1726 legitimos
1803 1699 1850 1718 ex-

232 1755 270 1776 tra
288 1750 353 1774 lines
366 1752 526 1781 evagentur,
543 1746 589 1771 sed
606 1748 729 1771 naturam
747 1751 859 1779 quaaque
869 1749 1090 1776 suamscrvent;
1110 1751 1164 1770 non
1182 1742 1255 1769 enim
1283 1741 1350 1768 satis
1382 1744 1424 1767 est
1449 1741 1498 1766 has
1531 1739 1618 1765 solum
1642 1739 1767 1773 cognitas
1805 1738 1851 1764 ha-

232 1797 296 1825 bere
311 1795 432 1824 virtutes,
449 1793 494 1819 sed
517 1792 626 1825 insuper
640 1790 722 1817 etiam
734 1797 786 1824 quo
803 1790 862 1816 illas
885 1789 1010 1824 persequi
1030 1797 1062 1817 ac
1099 1795 1242 1823 capessere
1272 1786 1351 1814 modo
1367 1793 1462 1820 queas,
1490 1790 1584 1812 notum
1616 1784 1716 1811 habere
1733 1788 1851 1818 oportet.

267 1841 323 1869 LII.
333 1842 397 1873 Qum
406 1848 467 1867 cum
477 1839 513 1866 ita
526 1842 680 1873 comparata
693 1838 757 1869 sint,
767 1844 882 1872 quanam
890 1837 1020 1864 harumce

232 1889 361 1914 virtutum
375 1890 465 1912 auster
473 1883 588 1911 maxime
597 1883 763 1918 praestiterit,
772 1882 798 1909 id
811 1883 1018 1917 haudquaquam

234 1938 387 1968 promptum
405 1930 486 1957 fuerit
502 1930 602 1962 dicere,
619 1929 693 1963 paria
702 1930 774 1956 enim
793 1929 837 1955 ille
853 1928 951 1962 ubique
963 1935 1019 1955 tne-

236 1985 312 2006 retur
334 1982 444 2013 puncta.
479 1976 578 2010 quippe
610 1983 664 2002 non
694 1982 773 2002 secus
799 1980 913 2002 cunctis
936 1981 1016 2008 quam

236 2033 316 2052 uitam
332 2024 497 2058 quampiam,
511 2029 560 2049 nec
572 2029 652 2048 unant
672 2021 751 2048 aliter
768 2029 800 2049 ac
816 2026 941 2053 cunctas,
961 2028 1020 2048 sec-

239 2072 289 2098 tari
315 2071 400 2097 visus.
424 2069 512 2103 Atque
538 2068 680 2102 prudentia
704 2068 810 2101 quidem
844 2075 929 2101 usque
954 2067 1022 2094 adeo

241 2117 292 2152 ipsi
304 2116 446 2143 familiaris
459 2119 528 2147 erat,
540 2119 566 2140 ut
579 2122 631 2141 non
644 2122 754 2141 suorutu
767 2115 853 2141 solum
869 2114 1023 2148 :equalium,

1109 1837 1172 1863 NB’.
1185 1835 1263 1863 Οὖτω
1272 1835 1299 1861 δὲ
1306 1835 1408 1861 τούτων
1415 1834 1603 1868 διακειμένων,
1614 1833 1662 1859 οὐκ
1672 1833 1755 1858 αὐτὸν
1766 1833 1852 1859 εἰπεῖν

1071 1882 1105 1909 ἂν
1122 1883 1195 1917 ἔχοις
1212 1881 1274 1908 καθ’
1289 1881 1385 1916 ἥντινα
1399 1881 1503 1906 τούτων
1524 1880 1647 1914 ἐκράτει,
1663 1878 1721 1904 ἀλλ’
1737 1879 1853 1905 ἑκαστα-

1071 1928 1119 1963 χοῦ
1143 1928 1193 1963 τὴν
1209 1927 1270 1963 ἴσην
1284 1927 1397 1961 ἐφέρετο
1410 1926 1510 1960 ψῆφον,
1525 1925 1562 1956 ὡς
1585 1923 1649 1959 μίαν
1676 1924 1726 1955 τὰς
1751 1924 1851 1953 πάσας,

1070 1975 1087 2009 ἢ
1100 1975 1150 2009 τὴν
1167 1973 1231 2007 μίαν
1257 1972 1294 2003 ὡς
1309 1973 1397 2003 πάσας
1417 1972 1503 1998 δοκῶν
1519 1971 1660 2006 μετιέναι·
1693 1970 1852 2004 φρονήσεως

1075 2020 1124 2056 μὲν
1140 2019 1186 2045 οὖν
1197 2018 1269 2045 οὕτω
1281 2019 1369 2053 τούτῳ
1386 2017 1536 2053 προσῆκεν,
1563 2017 1600 2047 ὡς
1626 2016 1663 2051 μὴ
1693 2016 1776 2050 μόνον
1801 2015 1852 2042 τῶν

1075 2065 1136 2092 καθ’
1156 2064 1251 2096 αὐτὸν,
1271 2063 1338 2090 ἀλλὰ
1354 2063 1466 2089 καὶτῶν
1487 2062 1540 2098 πρὸ
1570 2062 1652 2088 αὑτοῦ
1680 2062 1793 2088 πάντων
1820 2060 1853 2085 τὰ

1075 2113 1208 2147 πρεσὸεῖα
1225 2111 1329 2142 λαϐεῖν,
1345 2111 1392 2137 καὶ
1404 2111 1473 2136 κατὰ
1486 2110 1586 2141 παντὸς
1602 2110 1640 2144 (2)
1655 2109 1775 2143 ἄρασθαι
1790 2108 1852 2142 κρά-

240 2164 287 2191 ιειι
304 2162 424 2189 omnium
438 2161 501 2187 item
516 2160 560 2193 qui
578 2165 656 2187 antea
678 2161 795 2193 fuerant,
818 2159 898 2187 facile
919 2160 1004 2194 prima

1080 2168 1118 2189 ro;
1132 2159 1178 2185 xui
1195 2157 1352 2192 θαυμαστὸν
1369 2156 1453 2190 ἄμφω
1464 2155 1602 2190 γενέσθαι,
1621 2155 1668 2181 xui.
1697 2151 1738 2185 οἷς
1762 2154 1852 2179 τοῦτον

241 2215 312 2236 uutts
326 2207 420 2239 ferret,
438 2211 467 2232 et
480 2206 511 2232 de
526 2206 598 2232 Omni
618 2206 776 2232 surculorum
788 2210 920 2232 vetustate
930 2206 1022 2232 trium-

242 2256 348 2292 pharet,
375 2257 500 2286 essetque
530 2251 651 2278 bifariam
679 2251 812 2286 praecipue
843 2251 1021 2282 admirabilis,

241 2307 298 2329 tum
315 2299 386 2335 quod
402 2306 487 2326 azvum
502 2298 589 2332 ipsum
604 2301 754 2331 superarat,
771 2303 825 2323 tttm
839 2297 911 2331 quod
928 2298 953 2324 in
965 2301 1022 2323 tan-

243 2353 298 2374 tum
311 2350 462 2380 superarat,
481 2348 614 2378 quantum
631 2342 737 2370 nescire
755 2350 834 2369 nemo
851 2343 946 2376 possit.
965 2342 1025 2368 Pri-

243 2399 318 2419 mutn
334 2391 406 2418 enim
428 2397 459 2415 ex
473 2389 506 2416 iis
521 2395 582 2423 quae
594 2388 649 2422 ipse
663 2388 695 2414 dc
715 2388 805 2422 seipso
821 2388 959 2414 hominum
970 2395 1028 2414 om-

245 2440 318 2465 nium
336 2435 518 2472 pulcherrime
532 2434 627 2461 statuit
642 2441 674 2460 ac
685 2433 807 2468 perfecit,
827 2437 944 2460 nostram
960 2433 1029 2460 hanc

243 2482 406 2511 sententiam
425 2480 563 2508 luculente
576 2478 737 2507 confirmat:
750 2479 823 2506 nullo
842 2478 967 2506 videlicet
985 2479 1030 2506 ille

248 2537 322 2555 vanae
342 2528 445 2563 gloriae,
461 2532 487 2554 et
501 2527 639 2562 potentia’,
652 2530 678 2553 et
699 2526 831 2560 superbiae
848 2525 937 2552 studio
950 2526 1029 2551 duce-

250 2576 338 2601 batur.
355 2574 412 2600 Non
435 2573 545 2599 inlidunt
565 2572 638 2598 illum
659 2577 686 2597 et
711 2572 830 2605 fugacem
847 2570 950 2597 colebat
968 2569 1028 2596 Plu-

251 2626 318 2651 tnm,
348 2619 421 2645 illum
446 2618 579 2644 scelerum
603 2617 709 2649 ducem,
733 2616 921 2649 bonarumque
941 2623 1030 2642 rerum

247 2666 366 2692 omnium
383 2670 549 2694 eversorem,
562 2667 591 2688 ut
604 2662 643 2688 sic
658 2670 719 2689 cuin
733 2663 848 2696 quodam
864 2661 959 2696 loquar
971 2668 1033 2695 poe-

287 2731 308 2746 “'
326 2730 396 2757 Psnl.
417 2736 513 2761 Lxxttt,
531 2728 558 2755 8.

281 2779 324 2832 '(l)
342 2796 378 2823 De
394 2795 502 2828 Repulit.
517 2794 563 2822 IX.

1075 2203 1221 2238 ὑπερέσχε,
1249 2204 1296 2228 καὶ
1307 2198 1349 2232 οἷς
1364 2209 1395 2235 γε
1409 2200 1555 2233 τοσοῦτον,
1576 2200 1638 2226 ὅσον
1651 2199 1701 2225 οὐκ
1725 2199 1759 2225 ἂν
1775 2200 1850 2231 ἀγνο-

1075 2250 1164 2285 ἦσαι·
1180 2248 1288 2282 πρῶτον
1303 2247 1422 2282 μὲνγὰρ
1449 2246 1478 2278 ἐξ
1504 2243 1540 2272 ὧν
1571 2246 1635 2279 περὶ
1663 2244 1746 2271 αὐτοῦ
1775 2243 1850 2273 αὐτὸς

1076 2294 1199 2321 κάλλιστ’
1220 2293 1372 2329 ἀνθρώπων
1402 2292 1472 2326 ἔγνω
1491 2291 1539 2318 καὶ
1555 2291 1757 2324 κατεπράξατο,
1775 2291 1849 2324 δῆλοι

1078 2342 1092 2368 ὃ
1107 2342 1177 2375 λέγω
1190 2341 1263 2366 ποιεῖ
1276 2348 1283 2355 ·
1301 2339 1331 2365 οὐ
1349 2339 1432 2373 κενῆς
1456 2338 1534 2372 δόξης
1556 2338 1605 2363 xui.
1628 2337 1789 2365 δυναστείας
1810 2336 1851 2361 καὶ

1080 2386 1164 2419 τύφου
1180 2386 1325 2420 γενόμενος
1341 2384 1469 2419 ἐραστὴς,
1488 2383 1542 2409 οὐδ’
1559 2382 1758 2416 ἀσπασάμενος
1774 2380 1851 2407 πλοῦ-

1078 2440 1123 2458 τον
1146 2431 1190 2458 τὸν
1208 2432 1323 2458 ἄπιστον
1349 2430 1397 2456 καὶ
1421 2429 1570 2464 δραπέτην,
1591 2427 1638 2453 καὶ
1657 2427 1778 2462 ἀρχηγὸν
1803 2425 1849 2450 τῶν

1078 2477 1183 2509 κακῶν,
1213 2477 1259 2502 καὶ
1273 2476 1361 2502 πάντα
1373 2475 1543 2510 χαλέπτοντα
1560 2473 1630 2500 κατά
1647 2481 1709 2499 τινα
1734 2471 1850 2505 ποιητὴν,

1080 2523 1136 2549 οὐδ’
1151 2522 1240 2549 ἄλλων
1259 2530 1290 2556 γε
1322 2521 1427 2551 οὐδενὸς
1449 2520 1504 2546 οὐδ’
1522 2519 1643 2546 ὁντινοῦν
1672 2518 1849 2552 nuncupavi;

1080 2569 1170 2602 λόγον,
1184 2568 1235 2594 ὅσα
1246 2569 1307 2598 τοὺς
1317 2567 1534 2602 προστετηκῧτας
1553 2565 1670 2598 ἀπάγειν
1700 2562 1752 2589 οἶδε
1773 2560 1849 2588 θεοῦ·

1083 2615 1151 2641 ἀλλὰ
1166 2616 1196 2640 τὺ
1212 2615 1282 2649 μέγα
1300 2615 1347 2641 καὶ
1363 2613 1563 2649 περιμάχητον,
1580 2614 1625 2639 καὶ
1639 2612 1719 2647 μόνον
1736 2611 1773 2642 ὡς
1792 2611 1849 2643 ἁλη-

1082 2661 1135 2692 θῶ;
1163 2661 1307 2690 Θεσπέσιον
1325 2660 1419 2695 χρῆμα
1453 2661 1502 2695 τὴν
1527 2660 1627 2694 ἀρετὴν
1651 2659 1688 2690 ὡς
1722 2658 1775 2694 πέρ
1799 2663 1849 2683 τινα

287 2844 325 2879 (Si)
340 2843 416 2869 Addo
430 2841 476 2868 ιοῦ
493 2842 600 2873 αἰῶνος,
618 2845 661 2867 aut
676 2839 722 2866 τοῦ
736 2840 831 2874 χρόνον
846 2843 875 2866 ut
890 2845 962 2866 nunt.
984 2838 1076 2865 XLVI.
