1875 3059
201 139 259 169 ΞῦΊ»
789 129 989 162 ΤΗΕΟΒΗΙ.Ι

1074 126 1182 157 ἹΑΩΙΠ
1768 117 1839 147 203

203 195 310 222 ιιιιιιΙιιιη
324 195 458 227 crcparet,
475 191 537 218 dum
552 197 658 218 sursum
673 188 800 216 deorsum
815 185 905 214 omnia
920 184 983 211 mis-

1074 191 1100 214 ην,
1116 180 1164 207 καὶ
1177 179 1245 214 μετὰ
1260 178 1313 205 τῶν
1326 177 1438 210 δούλων,
1450 176 1508 208 πῶς
1521 175 1607 207 sint»;
1620 174 1666 200 τὶν
1679 173 1838 204 Δεσπότην

206 242 296 273 echat,
312 245 338 267 et
354 249 362 265 ι
382 240 408 266 iu
423 238 557 266 excelsum
573 236 742 271 iniquitatem
756 234 915 269 loquebatur
926 232 959 264 ",
974 240 983 256 ι
1039 228 1133 260 τιθείς.

204 293 352 322 orbemque
364 291 499 314 terrarum
513 283 716 311 absurdissimis
728 289 821 309 vocum
835 279 1001 307 novitatibus
1017 276 1175 313 placitisque
1184 273 1239 302 suis
1249 271 1430 310 pervertebat,
1441 269 1565 296 nimirum
1575 267 1721 296 creationis
1730 273 1837 294 rerum

203 334 347 363 Auctorem
363 333 389 360 in
405 340 493 359 rerum
507 336 661 359 creatarum
679 329 800 356 ordinem
821 327 966 355 deducens.
986 329 1013 352 et
1027 330 1087 351 cum
1101 322 1197 354 servis,
1211 321 1287 348 nefas
1299 319 1371 348 dictu
1391 319 1397 345 l
1413 318 1553 345 Dominum
1569 320 1655 350 ipsum
1671 313 1836 341 collocans.

239 380 284 409 LI.
301 380 436 407 (Ia-terum
457 383 485 404 ut
498 385 558 405 meo
587 377 652 404 mihi
677 376 809 402 arbitratu
834 373 987 400 orationem

204 428 305 463 fingere
321 432 386 461 pace
405 429 506 456 vestra,
523 423 671 453 auditores,
682 422 816 455 integrum
832 420 868 447 sit
882 425 989 453 qureso;

205 474 337 507 liceatque
358 470 482 498 nonnihil
507 469 650 496 altioribus
665 466 841 501 philosophia:
860 463 992 492 sermoni-

208 527 239 546 us
252 517 402 552 indulgere,
420 516 570 551 primisque
586 514 660 541 velut
685 513 764 540 lineis
781 511 914 538 maximas
935 509 990 536 Viri

207 562 370 589 adumbrare
394 561 519 587 virtutes.
546 557 683 592 Siquidem
701 557 784 587 enim,
801 559 828 581 ut
852 553 927 580 Plato
942 553 989 579 do-

204 613 248 635 cet
262 607 313 641 (1),
331 612 411 640 atque
440 612 483 631 res
508 604 564 638 ipsa
580 602 732 632 conﬁrmat,
749 606 802 627 tres
817 600 913 626 animm
941 599 990 624 ltu-

206 660 292 680 tuante
309 658 398 686 partes
417 654 480 677 sunt
495 656 566 676 tuna
583 655 642 682 quae
658 647 789 674 mentiset
808 643 921 671 rationis
931 650 992 674 par-

206 701 292 734 ticeps
304 703 360 730 est;
373 699 468 729 altera,
485 697 511 723 in
521 703 572 730 qua
585 696 685 721 irarutn
696 691 802 720 exsistit
815 691 914 722 ardor;
928 696 992 724 pos-

207 750 292 772 trema
308 751 368 778 qua:
383 742 550 776 voluptatum
569 739 703 768 illecebris
719 738 880 765 concitatur.
899 735 934 762 Ea
951 743 989 767 re,

1073 368 1139 395 NA'.
1148 368 1212 394 Δότε
1222 368 1249 394 δέ
1260 365 1350 401 μοιτῷ
1357 362 1454 401 λόγῳῇ
1464 363 1592 399 βούλομαι
1600 361 1769 397 χρήσασθαι,
1777 357 1838 384 καὶ

1042 415 1223 451 φιλοσοφῆσαι
1241 412 1350 448 μικρὸν,
1366 411 1413 438 καὶ
1438 412 1500 437 ὅσον
1517 407 1682 442 ἐνδεδεῖχθαι
1703 404 1838 433 κάντεῦ-

1040 450 1085 488 θεν
1099 462 1128 488 τὸ
1140 460 1208 495 πρὸς
1218 458 1319 495 ἀρετὴν
1342 457 1388 484 τοῦ
1402 456 1498 491 ἀνδρὸς
1515 455 1611 490 περίον
1621 462 1628 470 ·
1659 452 1743 487 τριῶν
1769 450 1839 484 γὰρ

1039 509 1134 541 ὄντων,
1144 507 1182 538 ὥς
1198 515 1264 540 φησι
1279 505 1402 536 Πλάτων,
1418 504 1465 530 καὶ
1477 501 1592 536 τάληθὲς
1604 499 1748 535 μαρτυρεῖ,
1769 497 1840 522 τῶν

1040 555 1090 590 τῆς
1110 552 1198 588 ψυχῆς
1216 551 1303 586 δήπου
1326 548 1428 584 μερῶν,
1445 545 1567 580 λογικοῦ,
1589 543 1705 578 θυμικοῦ
1717 550 1760 572 τε,
1779 540 1840 567 καὶ

1041 597 1252 634 ἐπιθυμητικοῦ,
1272 595 1384 630 ἒδειμὲν
1399 594 1446 620 καί
1459 594 1534 628 τρεῖς
1549 591 1585 621 ὡς
1601 590 1671 619 εἰκὸς
1689 587 1763 615 εἶναι
1775 587 1839 617 τὰς

1043 632 1230 681 γενικωτάτας
1253 643 1308 668 τῶν
1338 641 1444 676 ἀρετῶν
1474 639 1510 669 ὡς
1530 638 1579 670 τὴν
1604 636 1690 671 ἀρχὴν
1717 632 1840 660 ἐκεῖθεν

1042 691 1180 726 ἐχούσας·
1215 689 1263 716 νῦν
1274 688 1302 714 δὲ
1320 687 1366 713 καὶ
1386 684 1561 717 δικαιοσύνην
1587 681 1683 710 αὑταῖς
1710 686 1840 713 προστι-

1045 724 1140 765 θέασιν
1152 745 1159 752 ·
1179 735 1280 766 εἰδότες
1297 732 1397 768 ἀρετὴν
1410 732 1460 766 μὲν
1470 731 1515 756 τοῦ
1530 725 1700 761 λογιστικοῦ,
1716 724 1747 750 τὺ
1758 731 1842 757 φρο-

209 768 292 772 -.-..τ
310 768 366 778 τ.-
448 768 457 776 ,

209 795 238 816 ιιι
255 798 302 824 par
317 793 374 821 est,
391 792 448 815 tres
463 788 527 814 item
543 794 662 813 summas
677 792 707 811 ac
728 783 859 810 latissime
873 786 995 816 patentes

1074 784 1120 815 ιῖν,
1142 783 1243 809 κακίαν
1259 780 1288 807 δὲ
1315 777 1513 813 ἀφροσύνην·
1531 773 1578 800 τοῦ
1606 772 1629 799 δ’
1653 771 1687 798 αὖ
1708 768 1841 804 Θυμικοῧ

206 843 266 863 esse
281 835 399 869 oportuit
416 834 542 864 virtutes,
560 831 658 865 quippe
678 829 797 857 indidem
815 828 925 855 omnino
939 826 990 853 ini-

208 882 275 908 tium
291 881 430 911 ducentes,
455 877 502 905 sed
516 877 614 912 quibus
628 875 798 910 postmodum
814 874 896 901 etiam
910 873 992 908 justi-

209 928 274 954 tiam
290 925 413 959 adiecere
433 933 440 951 :
458 923 534 959 gnari
549 922 653 950 scilicet
673 921 756 956 partis
777 920 881 947 ratione
895 919 995 946 utentis

211 972 344 1007 propriam
362 970 485 996 virtutem
507 967 675 1002 prudentiam
696 972 767 997 esse,
792 964 995 998 imprudentiam

211 1018 305 1043 \‘ilittttt
319 1024 327 1045 ς
342 1020 370 1042 at
385 1014 490 1041 illarum
505 1020 597 1040 rursus
607 1019 666 1046 qua:
680 1011 719 1038 ira
741 1015 787 1036 aut
804 1010 995 1044 cupiditatibus

211 1062 389 1087 effervescunt
405 1078 413 1092 ,
439 1057 597 1092 posterioris
622 1057 730 1091 quidem
760 1055 839 1090 hujus
868 1055 995 1081 virtutem

212 1107 426 1141 temperantiam,
453 1109 479 1131 et
504 1105 530 1130 in
546 1103 727 1138 voluptatibus
752 1103 954 1133 continentiam;
969 1106 996 1127 at

215 1154 286 1179 illius
299 1152 493 1186 fortitudinem,
507 1149 639 1183 animique
649 1148 874 1175 mansuetudinem
886 1146 997 1183 perinde

213 1208 243 1225 :n-
266 1199 327 1224 vitia
351 1197 501 1230 utriusque,
536 1202 630 1228 nempe
653 1194 806 1226 irascentis,
831 1194 997 1220 timidita'em

212 1249 293 1278 atque
310 1243 488 1275 iracundiam,
504 1246 530 1268 ut
545 1240 762 1274 eoucupiscentis
788 1239 996 1274 perditissimam

215 1291 289 1316 illaut
322 1288 459 1314 libidinem
488 1285 728 1320 intemperantiam,
756 1285 803 1312 sed
821 1284 918 1311 auimte
935 1292 999 1311 vero

213 1335 297 1361 totius
312 1333 449 1363 virtutem,
466 1332 612 1366 justitiam,
625 1336 652 1357 et
666 1335 794 1365 praeterea
811 1329 997 1356 liberalitatem

214 1386 295 1415 atque
315 1378 569 1413 magnanimitatem,
584 1376 807 1410 quemadmodum
820 1376 896 1407 vilia,
912 1376 999 1409 injus-

215 1427 312 1457 titiam,
338 1424 556 1455 “liberalitatem,
569 1422 747 1457 nbjectantque
766 1421 952 1453 humilitatem,
971 1426 1001 1448 ut
1014 1443 1034 1455 η

215 1471 279 1498 hinc
291 1470 358 1497 adeo
375 1469 480 1496 tametsi
498 1474 551 1494 tres
565 1469 696 1494 duntaxat
710 1468 807 1494 anima:
823 1472 914 1502 partes
925 1472 998 1499 sunt,
1014 1458 1035 1471 ’³

216 1518 279 1549 isto,
304 1523 382 1550 quem
409 1515 537 1546 diximus,
564 1515 653 1544 modo,
678 1519 799 1548 quatuor
822 1520 934 1541 necesse
963 1513 1000 1540 sit

221 1563 353 1591 exsistere
370 1563 493 1593 virtutes,
507 1567 534 1587 et
553 1560 586 1586 ad
611 1560 782 1594 prudentiain
805 1567 838 1586 ac
862 1559 999 1586 fortitudi-

219 1617 279 1636 nem
296 1617 328 1636 ac
343 1607 546 1642 temperantiam
567 1607 698 1633 accedere
724 1607 834 1633 oruniuo
849 1605 995 1640 justitiam.

1044 839 1073 856 τε
1094 829 1141 855 καὶ
1149 824 1362 861 ἐπιθυμητικοῦ,
1377 823 1423 849 τοῦ
1438 823 1496 857 μὲν,
1514 819 1720 854 σωφροσύνην
1735 816 1790 842 καὶ
1806 815 1842 840 τὸ

1045 876 1112 911 πρὸς
1122 874 1168 904 τὰς
1179 872 1275 908 ἡδονὰς
1284 869 1437 906 ἐγκρατὲς·
1453 868 1499 894 τοῦ
1514 867 1542 893 δὲ
1557 864 1685 900 θυμικοῦ,
1698 862 1842 895 ἀνδρίαν

1045 906 1075 947 τέ
1090 921 1137 946 καὶ
1157 906 1330 953 πραότηται
1348 915 1450 942 κακίαν
1474 913 1502 939 δὲ
1518 910 1700 946 ὰμφωτέρων,
1713 907 1763 933 τοῦ
1784 906 1842 953 tte-ta

1045 967 1162 993 δειλίαν
1177 950 1224 990 καὶ
1241 962 1431 996 ὀργιλότητα,
1446 958 1492 984 τοῦ
1506 965 1537 991 γε
1555 955 1606 990 μὴν
1616 950 1840 988 ἐπιθυμητικοῦ.

1047 1011 1095 1046 τὴν
1109 1009 1219 1037 κάκιστ’
1240 1007 1431 1041 ἀπολουμένην
1452 1002 1621 1031 ἀκολασίαν
1632 1008 1639 1016 ·
1657 1000 1720 1033 ὅλης
1738 998 1768 1024 δὲ
1783 998 1843 1030 τῆς

1046 1044 1145 1089 ψυχῆς,
1163 1053 1276 1088 ἀρετὴν,
1295 1051 1505 1082 δικαιοσύνην,
1519 1048 1566 1075 καὶ
1592 1045 1701 1080 προσέτ’
1711 1044 1845 1070 ἐλευθε-

1042 1099 1168 1134 ριότητά
1181 1107 1210 1125 τε
1224 1098 1270 1125 καὶ
1283 1096 1523 1132 μεγαλοψυχίαν,
1537 1092 1637 1119 κακίαν
1656 1091 1694 1120 δὲ,
1709 1089 1844 1117 ἀδικίαν

1047 1146 1094 1172 καὶ
1104 1144 1371 1177 ὰνελευθερίότητα
1379 1139 1648 1175 καὶμικροψυχίαν,
1658 1138 1694 1168 ὼς
1706 1136 1845 1170 ἀνάγκην

1048 1191 1174 1218 ἐντεῦθεν
1187 1187 1351 1223 εἷναιτριῶν
1365 1187 1450 1213 ὄντων
1462 1185 1584 1215 ἐκείνων,
1610 1183 1744 1218 τέτταρας
1768 1181 1842 1208 ταύ-

1047 1247 1097 1270 τας
1127 1237 1156 1263 ὃν
1169 1236 1238 1271 ἔφην
1263 1233 1407 1269 γίγνεσθαι
1423 1232 1535 1267 τρόπον,
1566 1230 1614 1256 καὶ
1641 1231 1673 1263 τῇ
1700 1228 1843 1263 φρονήσει

1049 1285 1097 1311 καὶ
1113 1282 1211 1318 ἀνδρίᾳ
1228 1282 1276 1308 καὶ
1301 1278 1477 1315 σωφροσύνῃ,
1506 1277 1554 1303 καὶ
1577 1276 1625 1310 τὴν
1655 1273 1843 1307 δικαιοσύνην

1049 1330 1203 1365 προσεῖναι.
1217 1323 1267 1353 Ὧν
1284 1325 1370 1361 μείζω
1383 1323 1473 1355 τάξιν.
1492 1322 1624 1357 φρόνησις
1632 1320 1702 1356 εχει,
1716 1319 1755 1350 ὡς
1772 1319 1844 1354 ῥίζα

1050 1375 1153 1402 τούτων
1169 1375 1218 1401 καὶ
1227 1372 1303 1408 πηγὴ
1315 1370 1362 1398 καὶ
1374 1370 1459 1400 αἰτία,
1476 1368 1523 1395 καὶ
1535 1368 1603 1402 μόνη
1617 1366 1759 1400 δυναμένη
1770 1365 1844 1391 ταύ-

1051 1429 1099 1450 τας
1112 1419 1202 1450 καλῶς
1216 1416 1404 1452 δημαγωγεῖν,
1427 1415 1474 1440 καὶ
1496 1413 1606 1439 διοικεῖν
1633 1412 1681 1437 καὶ
1696 1410 1844 1444 ξυνέχειν,

1054 1466 1101 1493 καὶ
1116 1467 1153 1500 μὴ
1163 1464 1313 1499 ξυγχωρεῖν
1329 1462 1380 1493 ἔξω
1396 1461 1442 1487 τοῦ
1460 1459 1628 1494 τεταγμένου
1642 1458 1756 1495 χωρεῖν,
1767 1456 1844 1482 ἀλλὰ

1052 1512 1102 1546 τῆς
1118 1510 1227 1545 φύσεως
1243 1508 1370 1544 ἔχεσθαι·
1389 1507 1419 1533 οὐ
1441 1506 1495 1541 γὰρ
1522 1505 1631 1539 ἀπόχρη
1658 1504 1738 1538 μόνον
1771 1502 1846 1528 ταὺ-

1050 1566 1100 1589 τας
1116 1557 1227 1589 ειδέναι,
1245 1554 1312 1582 ἀλλὰ
1327 1554 1374 1581 καὶ
1394 1553 1442 1579 τοῦ
1462 1552 1535 1583 ὅτις
1551 1551 1591 1577 δεῖ
1609 1550 1732 1585 μετιέναι
1751 1557 1845 1583 προσ-

1050 1605 1101 1630 δεῖ.

219 1657 271 1684 llas
289 1657 359 1683 inter
375 1656 487 1682 virtutes
499 1655 620 1682 ordinem
637 1654 779 1688 prudentia
793 1654 878 1685 ducit,
907 1657 1000 1687 utpote
1019 1652 1097 1680 radix
1108 1655 1279 1682 catterairum,
1292 1654 1319 1676 et
1334 1648 1403 1679 fons,
1418 1652 1445 1674 et
1459 1653 1552 1679 causa,
1568 1650 1595 1673 et
1629 1651 1689 1680 qua:
1721 1643 1782 1672 sola
1810 1642 1843 1671 il-

218 1706 256 1730 las
268 1707 340 1729 recte
354 1709 458 1736 regere,
478 1708 509 1727 ac
524 1701 683 1734 gubernare,
698 1707 729 1726 ac
740 1699 880 1727 continere
901 1699 927 1725 iu
939 1698 1031 1726 officio
1051 1702 1146 1733 potest,
1164 1701 1245 1730 atque
1258 1695 1390 1729 impedire
1400 1694 1481 1720 etiam
1497 1697 1527 1720 ut
1557 1700 1589 1719 ue
1620 1692 1759 1726 legitimos
1790 1700 1843 1719 ex-

219 1755 257 1775 tra
275 1749 340 1774 lines
353 1751 513 1780 evagentur,
530 1745 576 1771 sed
593 1748 716 1771 naturam
734 1752 846 1778 quaeque
856 1748 1078 1775 suatuserveut;
1098 1750 1150 1770 non
1169 1742 1242 1768 enim
1270 1741 1337 1768 satis
1369 1743 1412 1767 est
1436 1741 1485 1766 has
1518 1739 1606 1766 solum
1629 1739 1753 1773 cognitas
1794 1739 1844 1765 ha-

219 1796 283 1824 bere
298 1794 419 1822 virtutes,
436 1791 482 1818 sed
504 1791 613 1824 insuper
627 1790 709 1816 etiam
720 1797 773 1824 quo
789 1790 850 1816 illas
873 1789 997 1824 persequi
1017 1796 1050 1816 ac
1085 1794 1229 1822 capessere
1259 1786 1338 1814 modo
1354 1793 1449 1820 queas,
1477 1790 1572 1812 notum
1603 1785 1703 1811 habere
1719 1790 1843 1819 oportet.

255 1840 310 1868 ιιι.
320 1840 384 1872 Quae
393 1846 455 1866 eum
464 1838 500 1865 ita
513 1842 667 1872 comparata
680 1838 744 1869 sint,
754 1844 868 1872 quanam
878 1836 1007 1863 harumce

219 1888 348 1913 virtutum
362 1883 575 1911 uestermaxime
585 1882 750 1917 praestiterit,
759 1882 785 1908 id
798 1882 1005 1916 haudquaquam

221 1937 374 1967 pruinptum
392 1929 473 1957 fuerit
489 1929 589 1961 dicere.
606 1929 680 1963 paria
689 1929 761 1955 enim
780 1928 824 1954 ille
840 1927 938 1961 ubique
950 1934 1006 1954 tne-

224 1984 299 2005 retur
321 1981 431 2012 puncta,
467 1975 565 2010 quippe
597 1983 651 2001 non
681 1981 760 2001 secus
786 1979 900 2001 cunctas
924 1981 1003 2007 quam

223 2032 303 2051 unam
319 2023 484 2057 quatnpiam,
499 2028 547 2048 nec
560 2028 639 2047 unam
659 2020 738 2047 aliter
756 2028 787 2047 ac
803 2024 928 2052 cunctas,
948 2027 1007 2046 sec-

225 2071 275 2098 tari
302 2070 387 2096 visus.
411 2068 499 2102 Atque
525 2067 667 2101 prudentia
691 2066 798 2100 quidem
831 2074 916 2099 usque
941 2065 1008 2092 adeo

228 2116 278 2151 ipsi
292 2115 433 2143 familiaris
445 2118 515 2146 erat,
527 2118 553 2140 ut
566 2121 618 2140 non
630 2121 741 2140 suorum
754 2114 840 2140 soltnn
856 2113 1010 2147 aequalium,

1096 1836 1159 1862 NB'.
1172 1835 1250 1862 Οὕτω
1258 1835 1285 1861 δὲ
1293 1835 1395 1861 τούτων
1402 1834 1590 1868 διακειμένων,
1600 1833 1649 1860 οὐκ
1659 1833 1741 1859 αὐτὸν
1753 1834 1845 1859 εἰπεῖν

1058 1882 1091 1908 ἂν
1109 1882 1182 1917 ἔχοις
1199 1880 1261 1907 καθ’
1275 1881 1372 1916 ἥντινα
1386 1881 1490 1906 τούτων
1511 1879 1634 1914 ἐκράτει,
1649 1878 1708 1905 ἀλλ’
1722 1879 1846 1905 ἑκαστα-

1058 1928 1106 1962 χοῦ
1130 1928 1180 1963 τὴν
1196 1927 1257 1962 ῐσην
1271 1926 1384 1961 ἐφέρετο
1397 1926 1497 1960 ψῆφον,
1512 1926 1550 1956 ὡς
1571 1924 1636 1959 μίαν
1662 1925 1712 1956 τὰς
1737 1924 1845 1956 πάσας,

1057 1975 1074 2009 ἥ
1086 1974 1136 2008 τὴν
1154 1973 1218 2007 μίαν
1243 1972 1280 2003 ὠς
1295 1973 1384 2002 πάσας
1404 1971 1489 1998 δοκῶν
1505 1971 1627 2006 μετιέναι
1640 1978 1647 1985 ·
1679 1970 1846 2004 φρονήσεως

1061 2019 1111 2055 μὲν
1127 2018 1172 2045 οὖν
1184 2017 1256 2044 οὕτω
1268 2019 1356 2053 τούτῳ
1372 2017 1523 2053 προσῆκεν,
1549 2017 1586 2048 ὡς
1612 2017 1650 2051 μὴ
1679 2016 1761 2051 μόνον
1787 2016 1847 2042 τῶν

1061 2064 1123 2091 καθ’
1143 2063 1238 2095 αὑτὸν,
1257 2063 1324 2089 ἀλλὰ
1340 2062 1453 2089 καὶτῶν
1474 2062 1527 2097 πρὸ
1556 2062 1639 2088 αὑτοῦ
1667 2062 1778 2089 πάντων
1807 2062 1847 2088 τὰ

1063 2113 1195 2146 πρεσϐεῖα
1211 2111 1316 2142 λαϐεῖν,
1331 2111 1378 2137 καὶ
1391 2111 1460 2137 κατὰ
1474 2110 1572 2142 παντὸς
1588 2110 1626 2144 (Ξ)
1642 2109 1760 2143 ἄρασθαι
1775 2110 1847 2143 κρά-

226 2164 273 2191 sed
290 2161 410 2189 omnium
425 2160 487 2187 item
502 2160 547 2193 qui
564 2165 643 2186 antea
665 2159 782 2191 fuerant,
805 2157 885 2186 facile
906 2159 996 2193 prima.

1077 2167 1105 2189 ος
1118 2158 1165 2184 καὶ
1181 2156 1339 2192 Θαυμαστὸν
1355 2156 1439 2190 ἄμφω
1451 2155 1589 2190 γενέσθαι,
1607 2155 1654 2181 καὶ
1682 2151 1724 2185 οἷς
1748 2155 1847 2180 τοῦτον

226 2215 298 2236 unus
312 2208 406 2239 ferret,
425 2210 453 2233 et
466 2206 498 2232 de
512 2206 584 2232 omni
604 2205 762 2231 saeculorum
775 2208 906 2231 \‘elustate
917 2204 1009 2231 trium-

228 2257 334 2292 pharct.
361 2257 487 2286 essetque
516 2251 638 2278 bifariam
665 2251 798 2285 praecipue
830 2250 1008 2281 admirabilis,

227 2307 284 2329 tum
301 2300 372 2335 quod
388 2306 473 2326 aevum
488 2298 575 2331 ipsunt
590 2301 741 2330 superarat,
758 2302 812 2323 tum
825 2297 897 2331 quod
914 2297 940 2323 in
952 2301 1009 2323 tau-

229 2353 285 2374 tum
298 2349 449 2379 superarat,
468 2347 601 2378 quantum
617 2342 724 2369 nescire
741 2349 820 2369 nemo
838 2342 933 2376 possit.
952 2342 1012 2368 Pri-

230 2399 304 2419 mum
321 2391 392 2417 enim
414 2397 446 2415 ex
460 2389 492 2415 iis
508 2395 569 2422 quae
580 2387 635 2421 ipse
649 2387 682 2413 de
702 2387 791 2421 scipso
808 2388 945 2414 hominum
956 2395 1015 2414 οιιι-

231 2439 306 2464 niuut
323 2435 505 2471 pulcherrime
519 2433 614 2460 statuit
629 2440 660 2459 ac
671 2433 793 2467 perfecit.
813 2437 930 2460 uostratn
946 2433 1016 2460 hanc

230 2481 393 2511 sententiam
413 2479 550 2506 luculente
563 2478 724 2507 conﬁrmat:
737 2478 809 2506 nullo
828 2478 953 2506 videlicet
971 2479 1016 2506 ille

235 2536 310 2555 Valla?
329 2526 432 2561 gloriae,
448 2530 475 2552 et
489 2525 626 2559 potentite,
639 2529 665 2552 et
685 2525 817 2559 superbia
834 2525 922 2552 studio
935 2525 1015 2551 duce-

236 2576 325 2601 batur.
342 2572 399 2599 Non
423 2571 532 2597 inlidum
552 2570 624 2596 illum
646 2575 672 2596 et
697 2571 817 2604 fugacem
833 2570 936 2596 colehat
954 2569 1014 2596 Plu—

237 2626 305 2650 tnm,
334 2618 408 2644 illum
433 2616 565 2642 scelerum
589 2616 696 2648 ducem,
719 2615 907 2648 bonarumque
927 2622 1016 2642 rerum

234 2666 352 2692 unmium
370 2669 536 2694 eversorem,
549 2666 577 2688 ut
590 2662 628 2688 sic
644 2669 705 2689 cutn
719 2662 834 2696 quodam
850 2660 944 2695 loquar
956 2667 1019 2695 poe-

274 2731 295 2746 "
313 2729 382 2757 Psnl.
403 2736 498 2762 Lxxttt,
516 2728 544 2756 8.

266 2777 310 2831 ‘(|)
328 2796 364 2823 De
380 2795 488 2829 Republ.
502 2795 547 2823 IX.

1062 2203 1208 2238 ὑπερέσχε,
1236 2204 1282 2228 καὶ
1294 2199 1335 2232 οἷς
1350 2209 1382 2235 γε
1395 2200 1541 2232 τοσοῦτον,
1562 2201 1625 2226 ὅσον
1637 2200 1687 2225 οὐκ
1711 2200 1744 2226 ἂν
1760 2200 1844 2231 ἁγνο-

1061 2248 1275 2284 ﬁdat-«ptinet;
1290 2247 1408 2282 μὲνγὰρ
1435 2246 1464 2278 ἐξ
1490 2243 1527 2273 ὧν
1557 2246 1621 2279 περὶ
1649 2244 1732 2272 aitait
1759 2245 1845 2276 αὐτὸς

1063 2293 1185 2321 κάλλιστ’
1207 2293 1359 2328 ἀνθρώπων
1389 2292 1458 2325 ἔγνω
1478 2292 1525 2318 καὶ
1541 2292 1742 2324 κατεπράξατο,
1759 2291 1844 2324 δῆλον

1064 2342 1078 2368 ὃ
1093 2342 1163 2375 λέγω
1177 2341 1250 2366 ποιεῖ
1263 2348 1269 2355 ·
1287 2339 1318 2366 οὐ
1335 2339 1418 2373 κενῆς
1442 2339 1520 2372 δόξης
1542 2338 1591 2363 καὶ
1614 2337 1774 2366 δυναστείας
1797 2338 1847 2362 καὶ

1066 2386 1150 2419 τύφου
1167 2386 1311 2420 γενόμενος
1327 2384 1456 2419 ἐραστὴς,
1474 2383 1528 2409 οὐδ’
1545 2382 1742 2416 ἀσπασάμενος
1758 2382 1846 2407 πλοῦ-

1064 2440 1109 2458 τον
1132 2431 1176 2458 τὸν
1195 2432 1309 2458 ᾶπιστον
1335 2430 1383 2456 καὶ
1407 2428 1556 2464 δραπέτην,
1577 2429 1624 2454 καὶ
1643 2427 1763 2462 ἀρχηγὸν
1790 2427 1845 2451 τῶν

1064 2477 1169 2509 κακῶν,
1199 2476 1245 2503 καὶ
1259 2476 1347 2502 πάντα
1359 2475 1529 2510 χαλέπτοντα
1546 2473 1616 2500 κατά.
1633 2481 1695 2499 τινα
1719 2473 1846 2506 ποιητὴν,

1067 2523 1122 2549 οὐδ’
1137 2522 1226 2549 ἄλλων
1245 2531 1276 2556 γε
1308 2522 1413 2551 οὐδενὸς
1435 2520 1489 2546 οὐδ’
1508 2519 1629 2546 ὁντινοῦν
1658 2519 1845 2553 ποιησάμενος

1067 2568 1156 2602 λόγον,
1171 2568 1221 2594 ὅσα
1232 2568 1293 2598 τοὺς
1303 2567 1519 2602 προστετηκῦτας
1539 2566 1656 2598 ἁπάγειν
1686 2562 1738 2590 οἶδε
1759 2563 1844 2589 Θεοῦ·

1069 2615 1137 2641 ἀλλὰ
1152 2615 1182 2640 τὺ
1198 2615 1268 2649 μέγα
1286 2615 1333 2641 καὶ
1349 2614 1548 2649 περιμάχητον,
1565 2615 1611 2639 καὶ
1625 2613 1705 2647 μόνον
1721 2611 1759 2643 ὡς
1779 2612 1845 2646 ἀλη-

1068 2660 1121 2692 θῶς
1149 2660 1292 2689 θεσπέσιον
1310 2661 1405 2696 χρῆμα
1439 2661 1487 2695 τὴν
1513 2660 1613 2695 ἀρετὴν
1636 2660 1673 2690 ὣς
1707 2659 1762 2694 πέρ
1787 2667 1845 2685 τινα

274 2844 311 2878 (2)
326 2843 402 2869 Addo
416 2842 461 2868 α.οό
478 2842 586 2874 αἰῶνος,
603 2845 647 2868 aut
661 2839 707 2866 τοῦ
722 2839 817 2874 χρόνου
831 2843 861 2865 ιιι
876 2845 949 2865 nunt.
970 2837 1062 2865 XLVI.
