1875 3059
196 141 231 173 ’79
775 144 824 172 TI]
832 143 973 173 EODULI
996 145 1166 175 MUNACHI

1754 146 1819 178 ‘280

178 203 289 230 haberet
300 203 350 238 (Ι).
364 203 410 231 Vir
425 204 550 231 nimirum
562 208 655 238 suapte
668 209 762 230 natura
785 212 798 230 a
814 205 886 232 vitiis
906 213 965 232 om-

1042 207 1130 239 μέσως
1143 207 1208 242 δρᾷν
1224 215 1230 222 ·
1247 206 1307 234 ὅθεν
1319 207 1493 243 θαρρούντως
1510 206 1658 242 ἐπέρχεταί
1669 215 1714 240 μοι
1728 206 1817 241 βοᾷς..

178 248 258 275 nibus
277 249 399 282 alienior,
417 255 443 276 et
459 255 601 284 propterea
617 249 686 276 hanc
701 249 907 284 philosophandi
925 259 966 277 ra-

179 296 282 323 tionem
297 302 416 324 secutus.
439 296 565 330 Ejusdem
594 297 733 324 modestiae,
758 303 892 332 respectu,
915 305 965 324 nec

178 343 321 375 miracula,
345 345 407 370 dum
428 345 516 371 adhuc
534 344 604 370 ittter
617 346 692 372 vivos
707 349 778 377 erat,
795 346 909 380 ipsemet
921 353 965 380 pa-

180 393 263 422 tiare,
287 397 335 416 nec
358 390 441 416 vitam
466 397 542 417 suam
574 391 660 424 signis
682 397 709 418 et
725 392 840 419 ostentis
854 393 965 424 insuper

1019 252 1059 279 ὅτι
1075 254 1123 280 καὶ
1138 253 1219 280 πλέον
1235 253 1290 280 τῶν
1302 253 1390 280 ἄλλων
1414 250 1491 284 οὗτος
1513 253 1636 286 ἐκράτει,
1652 252 1668 287 ἢ
1682 253 1737 279 τῶν
1756 252 1818 285 ἀγ-

1018 299 1106 334 γέλων
1123 300 1223 334 ἡττᾶτο
1235 308 1241 315 ·
1266 297 1304 327 ὧν
1320 300 1429 326 ἔλαττον
1451 300 1520 334 ἔχων
1538 299 1584 325 διὰ
1598 299 1629 325 τδ
1646 298 1738 333 σῶμα,
1764 299 1819 326 διὰ

1022 346 1131 373 πάντων
1143 346 1249 378 τούτοις
1264 345 1388 378 ἐξισοῦτο
1404 345 1459 372 τῶν
1475 345 1563 373 ἄλλων
1576 353 1584 361 ·
1603 345 1703 380 μᾶλλον
1715 345 1745 371 δὲ
1762 344 1819 370 καὶ

1019 392 1114 426 παρίει
1131 390 1257 427 [παρῄει]
1271 390 1339 426 μετὰ
1355 391 1404 424 τῆς
1421 389 1488 425 ὕλης
1500 389 1638 416 τάκείνων
1652 390 1774 420 δεικνύς.

179 432 313 461 illustrare
341 434 443 468 voluit,
460 435 502 462 cui
531 436 582 462 hoc
615 444 670 470 pra:
688 437 742 464 alio
762 437 858 472 quovis
883 437 909 464 in
940 436 1050 471 proclivi
1082 437 1188 469 fuisset,
1208 437 1261 464 nisi
1288 436 1392 463 modica
1426 435 1470 462 ille
1511 436 1640 462 duntaxat
1651 436 1818 469 expetisset.

122 516 130 519 Χ
178 485 205 506 et
232 480 365 514 ejusmodi
397 483 545 516 respuisset
576 483 711 517 gloriam.
736 484 842 511 scilicet
871 492 1015 519 supernam
1053 483 1125 511 illam
1164 484 1359 511 beatitudinem
1390 482 1474 510 solam
1507 482 1644 516 quaerebat
1662 501 1669 513 ,
1702 486 1729 508 et
1756 478 1822 506 Deo

177 528 315 563 conjungi,
330 529 460 564 illumque
481 531 514 558 de
539 531 663 564 proximo
686 533 821 566 coittueri,
844 533 914 560 unde
946 533 1063 560 lldenter
1094 533 1250 560 exclamare
1286 532 1369 565 subit,
1385 532 1473 566 magis
1488 534 1610 558 nastrum
1629 529 1683 557 alio
1699 529 1820 557 vicisse.

177 583 257 609 quam
276 575 374 603 victum
389 577 424 604 ab
440 575 542 610 angelis
559 576 652 610 fuisse,
669 578 796 606 nimirum
807 583 835 605 ut
853 578 888 605 ob
899 585 1055 612 corpoream
1073 578 1169 605 molem
1185 578 1238 605 illis
1256 576 1377 610 inferior,
1412 581 1448 605 tta
1460 581 1555 604 caetera
1581 576 1669 602 omnia
1696 582 1746 609 par
1788 581 1822 602 et

176 622 288 655 aequalis
300 626 367 653 erat,
378 623 436 650 sive
450 623 540 651 verius
551 628 577 650 et
593 624 642 651 hos
656 624 755 651 vicisse
766 631 880 658 quorum
893 631 975 655 opera
995 625 1169 659 quantumvis
1189 624 1300 651 materie
1316 624 1498 650 circum-latus
1510 623 1666 660 praestabat.

214 669 296 696 LXII.
312 670 427 702 Quando
449 670 542 703 itaque
557 670 620 697 talis
635 670 746 697 omnino
765 670 824 705 ipse
844 677 916 702 esse,
937 675 965 696 et

178 715 251 742 hunc
279 716 305 742 in
331 717 437 742 modum
464 715 573 743 ultimas
596 716 726 751 cujusque
748 716 854 743 virtutis
878 721 964 744 metas

179 761 338 795 contingere
354 761 490 793 studebat,
506 768 535 788 ttt
549 762 590 788 sui
605 767 716 795 stupore
733 767 847 788 cunctos
860 761 964 795 percel-

180 807 246 833 leret
262 815 292 834 ac
307 807 451 840 detineret,
470 815 557 842 eoque
575 807 732 839 adduceret,
747 813 776 834 ιιι
795 807 922 834 maximis
939 807 964 833 in

180 855 261 880 rebus
287 854 344 887 ipso
370 855 437 880 duce
464 859 491 880 et
513 859 624 880 auctore
646 858 796 884 uteretttur,
825 860 964 887 unumque

179 899 324 934 prmcipuis
347 898 523 932 dignarentur
545 899 703 929 ltonoribus.
730 898 775 933 qui
799 902 896 931 suopte
921 897 964 924 in-

179 946 259 979 genio
283 949 308 972 et
333 953 380 979 per
402 952 431 972 se
457 944 610 978 huiusmodi
638 951 703 971 sam
725 948 752 970 at
778 943 924 970 haberetur
937 947 966 970 et

180 997 270 1025 esset;
288 992 349 1019 talis
369 992 438 1019 idem
455 992 536 1018 etiant
555 991 618 1018 aliis
635 995 794 1026 procurator
808 990 903 1018 salutis
919 997 966 1017 ex.

180 1038 258 1066 stitit.
276 1039 308 1065 Et
323 1038 358 1064 ita
385 1037 554 1064 admirabilis
581 1037 660 1071 plane
675 1037 708 1064 ad
728 1038 843 1064 salutem
866 1044 964 1069 capes-

181 1084 293 1110 sendam
319 1084 460 1118 impulsor,
480 1089 507 1110 et
531 1083 669 1118 particeps
690 1083 789 1117 operis,
814 1089 841 1111 et
864 1083 965 1115 sooins,

166 1131 342 1164 'adjutorque
356 1134 426 1161 erat,
444 1135 474 1156 ut
487 1129 605 1163 ipsorum
621 1129 734 1163 gloriam
749 1137 804 1156 stne
816 1133 966 1163 antepone-

182 1182 232 1206 ret.
243 1183 357 1209 eamque
372 1183 432 1202 cutn
447 1175 530 1201 Paulo
543 1175 569 1200 ".
581 1175 767 1207 jncundiorem
782 1174 903 1203 duceret,
919 1181 968 1200 nec

183 1222 264 1249 ullum
278 1223 356 1249 liuent
370 1221 468 1249 faceret
485 1221 544 1247 illus
555 1220 714 1247 admonendi
729 1220 760 1251 ",
772 1219 910 1251 hortandi,
921 1219 969 1246 do-

182 1265 272 1301 cendi,
282 1273 361 1302 atque
375 1269 454 1294 etiam
474 1267 615 1299 suadendi,
635 1272 661 1293 ut
675 1266 737 1293 vitia
748 1273 800 1292 non
812 1265 898 1297 ﬂocci,
914 1266 969 1292 vir-

183 1315 249 1341 tutis
265 1319 354 1341 autem
371 1312 455 1339 omnia
473 1318 545 1339 recte
562 1317 702 1347 perSpeeta
716 1311 826 1344 habere,
843 1311 869 1338 id
885 1314 967 1339 unm‘n

182 1359 292 1388 maximi
310 1354 556 1393 facemtt,'quippe
577 1357 621 1393 qni
645 1357 734 1384 omnis
747 1357 804 1391 ipse
817 1357 968 1384 honestatis

182 1413 261 1441 typus
283 1411 366 1437 esset,
392 1410 419 1431 et
436 1405 524 1432 omnia
548 1403 658 1430 omnino
680 1403 806 1430 omnibus
833 1402 922 1434 ﬂeret,
941 1406 969 1429 ut

182 1459 276 1479 omnes
288 1452 398 1479 Christo
408 1451 467 1484 jure
479 1450 630 1484 adoptionis
641 1454 774 1476 assereret
788 1448 885 1482 "‘.Qui
897 1453 971 1476 utra-

185 1505 238 1533 que
256 1498 341 1532 igitur
356 1497 406 1523 iSta
426 1497 524 1523 virtute
547 1496 580 1522 ad
606 1496 677 1522 ltttnc
695 1497 802 1522 modum
821 1495 969 1522 instructus

1051 669 1111 696 EB'.
1131 670 1196 696 Ὀτι
1213 669 1334 701 τοιοῦτος
1362 669 1411 704 μὲν
1439 668 1521 700 αὐτὸς
1545 667 1712 694 ἐσπούδακεν
1725 664 1820 696 εἶναι.

1016 717 1064 743 καὶ
1079 715 1151 742 οὕτω
1172 716 1262 750 πάσης
1285 715 1388 750 ἀρετῆς
1404 714 1448 741 ἐπ’
1463 714 1566 749 ἔσχατα
1582 714 1661 749 ἥκειν
1685 713 1724 745 ὡς
1741 714 1821 740 πάνθ

1016 770 1067 793 τας
1085 762 1219 796 ἐκπλῆξαι
1234 766 1282 788 καὶ
1304 763 1464 796 κατασχεῖν,
1489 761 1537 787 καὶ
1562 761 1656 786 πεῖσαι
1672 760 1766 795 τούτῳ
1780 760 1821 786 τὰ

1017 809 1146 835 πλείστου
1159 808 1243 843 φασιν
1261 807 1324 841 ἄξια
1339 807 1469 843 χρῆσθαι,
1488 806 1535 832 καὶ
1551 806 1632 841 μόνον
1645 805 1740 838 ἀξιοῦν
1757 805 1821 831 τῶν

1018 853 1166 888 μεγίστων,
1189 854 1235 880 τὸν
1258 854 1365 880 οῐκοθεν
1389 853 1436 879 καὶ
1460 852 1526 886 παρ’
1544 842 1641 878 ἑαυτοῦ
1664 850 1746 876 τοῦτο
1764 851 1821 876 καὶ

1016 899 1148 926 δοκοῦντα
1165 899 1212 926 καὶ
1220 900 1284 926 ὄντα
1297 907 1303 914 ·
1316 899 1438 930 τοιοῦτος
1451 898 1479 924 δὲ
1490 898 1538 924 καὶ
1550 897 1607 926 τοῖς
1620 896 1712 928 ἄλλοις
1732 895 1821 931 μελε-

1016 945 1100 976 δωνδς
1114 945 1251 980 σωτηρίας
1272 944 1401 979 κατέστη.
1426 944 1481 970 Καὶ
1505 943 1577 970 οὕτω
1591 942 1752 977 θαυμαστός
1771 950 1820 972 τις

1015 991 1119 1018 τούτων
1135 992 1204 1025 πρὶς
1220 991 1360 1027 σωτηρίαν
1377 990 1508 1024 ἀλείπτης
1533 989 1582 1016 καὶ
1603 987 1820 1022 συναγωνιστὴς

1017 1037 1063 1064 καὶ
1081 1037 1270 1071 συπουδαστὴς
1287 1037 1336 1063 καὶ
1361 1035 1525 1070 συλλήπτωρ
1540 1035 1578 1066 ὡς
1593 1035 1641 1061 καί
1655 1034 1705 1068 τὴν
1718 1033 1821 1060 αὐτῶν

1017 1085 1198 1119 εὐδοκίμησιν
1213 1084 1263 1118 τῆς
1276 1083 1381 1114 οίκείας
1398 1083 1499 1117 μᾶλλον
1514 1080 1654 1117 αἱρεῖσθαι
1668 1080 1717 1107 καὶ
1741 1079 1820 1113 ἡδίω

1020 1130 1124 1166 ταύτην
1140 1130 1209 1157 κατὰ
1222 1129 1329 1156 Παῦλον
1342 1129 1473 1164 νομίζων,
1490 1128 1528 1163 μὴ
1546 1126 1682 1154 παύεσθαι
1697 1125 1819 1156 τούτους

1018 1176 1173 1209 νουθετῶν,
1199 1175 1360 1210 παραινῶν,
1385 1175 1530 1206 διδάσκων,
1557 1173 1606 1200 καὶ
1644 1173 1738 1207 μέντοι
1763 1172 1818 1198 καὶ

1021 1222 1133 1253 πείθων,
1149 1221 1250 1248 κακίαν
1265 1222 1314 1256 μὲν
1329 1220 1393 1255 περὶ
1411 1219 1530 1250 οὐδενὺ·,
1545 1219 1577 1245 τδ
1592 1218 1615 1244 δ’
1628 1218 1646 1245 ἃ
1662 1218 1704 1244 δεῖ
1719 1217 1818 1252 πράτ-

1018 1276 1076 1294 τειν
1089 1268 1188 1294 εἰδέναι
1203 1267 1269 1302 περὶ
1282 1267 1381 1298 παντὸς
1397 1267 1478 1300 μόνον
1498 1266 1648 1296 ποιεῖσθαι,
1659 1263 1745 1294 τύπος
1758 1271 1818 1289 κα-

1018 1312 1064 1339 λοῦ
1081 1313 1182 1344 παντὸς
1199 1312 1281 1344 αὐτὸς
1294 1313 1341 1344 ὢν,
1359 1313 1407 1339 καὶ
1435 1311 1504 1343 ὅλως
1522 1312 1614 1338 πάντα
1628 1311 1698 1336 πᾶσι
1715 1309 1818 1342 γιγνός

1025 1368 1106 1394 μενος
1122 1359 1180 1394 ἑφῷ
1209 1362 1313 1390 πάντας
1341 1357 1499 1392 είσποιῆσαι
1528 1356 1650 1392 Χριστῷ.
1671 1355 1702 1382 '0
1718 1355 1817 1381 τοίνυν

1019 1405 1089 1433 οὕτω
1104 1406 1164 1432 κατ’
1179 1405 1264 1440 ἄμφω
1274 1404 1420 1435 διατεθεὶς,
1433 1405 1480 1430 τδν
1492 1403 1542 1437 τῆς
1555 1401 1731 1436 δικαιοσύνης
1746 1401 1817 1436 ὅρον

1021 1452 1058 1482 ὡς
1075 1451 1182 1486 ἀληθῶς
1201 1451 1308 1486 βεϐαιοῖ
1322 1450 1411 1484 ἐαυτῷ
1422 1458 1451 1476 τε
1465 1450 1513 1476 καὶ
1533 1449 1592 1480 τοῖς
1606 1448 1698 1478 ἄλλοις
1728 1455 1818 1473 τοκα-

1021 1497 1116 1529 ταξίαν
1139 1496 1176 1528 ὡς
1193 1496 1266 1528 εῑκδς
1281 1496 1433 1529 διανείμας,
1451 1494 1498 1521 καὶ
1524 1493 1597 1520 οὕτω
1625 1492 1750 1519 κάλλιστ’
1766 1493 1818 1519 ἁν-

183 1548 252 1575 erat,
271 1544 294 1571 is
311 1550 445 1570 summum
458 1542 569 1576 iustitiae
591 1541 736 1568 terminum
750 1541 892 1568 verissime
906 1540 964 1567 ﬁxit

1042 1543 1138 1576 ρώπων
1153 1543 1199 1568 τοῦ
1212 1541 1271 1568 κατ’
1287 1541 1368 1568 αὑτδν
1385 1541 1518 1567 ταλάντου
1546 1538 1709 1577 φροντίσας,
1719 1538 1757 1569 ὼς
1775 1539 1817 1573 μὴ

183 1597 214 1616 ac
229 1588 355 1616 ﬁrmavit.
379 1586 442 1614 dum
458 1586 521 1617 sibi,
539 1585 603 1613 dum
628 1586 698 1615 aliis,
716 1587 787 1620 quod
810 1585 906 1612 merita
921 1593 965 1612 cu-

181 1635 279 1668 jusque
293 1633 449 1668 exigebant,
463 1637 494 1659 ut
515 1640 619 1665 mqttlltll
640 1636 691 1663 est,
707 1631 853 1663 distribuit,
874 1637 901 1658 et
917 1639 966 1666 op.

183 1681 248 1707 time
273 1680 340 1706 adeo
366 1679 486 1706 omnium
510 1678 603 1705 talenti
640 1678 682 1704 sui
710 1677 842 1704 rationem
866 1677 971 1711 habuit,

1018 1588 1083 1615 δέκα
1099 1589 1201 1619 πόλεις,
1215 1588 1246 1614 τὸ
1260 1587 1307 1614 τοῦ
1329 1587 1403 1613 θείου
1421 1585 1560 1621 χρησμοῦ,
1582 1585 1650 1620 μηδὲ
1677 1584 1816 1619 μυριάκις

1018 1632 1143 1662 τοσάσδε,
1171 1632 1240 1658 ἀλλὰ
1258 1632 1309 1666 τὴν
1331 1631 1386 1657 τῶν
1412 1630 1537 1666 οὐρανῶν
1562 1630 1704 1665 βασιλείαν
1727 1627 1815 1655 ἆθλον

1016 1678 1110 1705 λαϐεῖν
1128 1678 1276 1713 ἀξιόχρεως
1289 1676 1371 1705 εἶναι.

184 1731 212 1752 ιιι
239 1725 412 1760 dignissimus
437 1729 521 1758 esset,
539 1732 590 1751 non
615 1723 661 1758 qui
679 1723 772 1751 decem
791 1724 883 1755 urbes.
907 1729 936 1751 ut
959 1725 1080 1752 divinum
1099 1725 1179 1752 habet
1194 1724 1333 1751 oraculum
1354 1723 1387 1756 ",
1403 1728 1449 1750 aut
1467 1727 1574 1750 centum
1590 1721 1697 1748 urbium
1712 1721 1813 1750 millia-

182 1782 275 1802 verunt
302 1781 414 1807 regnum
434 1773 520 1807 ipsum
543 1773 685 1804 caelorum,
709 1773 849 1806 prmmium
868 1774 1013 1808 acciperet.

216 1820 308 1848 LXIII.
335 1820 421 1855 Atque
435 1819 486 1853 {hic
502 1819 627 1854 equidem
650 1820 722 1846 hunc
744 1819 777 1845 de
793 1819 964 1854 generalibus

182 1868 328 1895 virtutibus
351 1867 438 1894 locum
453 1866 624 1899 concludere,
641 1874 727 1901 neque
745 1866 777 1893 de
794 1866 964 1900 sequentium

181 1919 208 1942 et
233 1913 393 1947 posterioris
418 1914 491 1939 velttt
517 1912 621 1938 ordinis
646 1912 698 1938 ulla
720 1911 808 1945 aliqua
834 1915 963 1945 praeterea

183 1967 262 1996 agere
287 1959 483 1986 constitueram
501 1958 620 1992 :quippe
635 1956 861 1991 quemadmodum
881 1955 906 1982 itt
922 1963 967 1989 ge-

182 2006 292 2033 neribus
306 2005 363 2031 suis
378 2004 483 2039 species
495 2003 679 2033 continentur,
698 2002 723 2028 in
741 2001 882 2036 speciebus
902 2001 965 2028 item

184 2050 340 2081 individua;
363 2050 399 2075 ita
415 2050 597 2082 pertractalis,
614 2052 744 2081 quantum
761 2048 787 2074 itt
802 2047 879 2074 nobis
895 2053 965 2081 erat,

181 2095 366 2130 superiotibus
380 2094 433 2121 illis
447 2094 591 2120 virtutibus
603 2113 610 2124 ,
625 2094 718 2120 eadem
734 2101 815 2127 opera
831 2094 880 2120 has
895 2093 964 2127 ipsas

182 2140 374 2176 propemodum
392 2139 516 2165 oratione
531 2143 622 2165 ttostra
637 2138 873 2171 comprehendisse
889 2138 966 2164 nobis

181 2187 351 2218 Vidtballlllr,
370 2185 603 2212 verumeuimvero
632 2191 665 2211 ne
686 2184 755 2210 idem
772 2183 849 2210 nobis
865 2184 915 2210 hac
938 2184 964 2210 in

181 2242 264 2261 causa
286 2240 335 2259 usu
352 2232 452 2261 veniat.
469 2231 541 2265 quod
566 2231 599 2257 iis
616 2230 724 2262 accidit,
750 2230 795 2264 qui
819 2229 851 2256 de
869 2234 964 2256 natura

1057 1820 1118 1846 ΞΓ’.
1142 1819 1309 1854 Ἐῦουλόμην
1332 1818 1381 1852 μὲν
1397 1815 1444 1844 οὖν
1461 1817 1580 1844 ἐνταῦθα
1602 1817 1650 1843 τοῦ
1672 1816 1812 1850 περὶτῶν

1016 1867 1132 1897 γενικῶν
1148 1866 1254 1901 ἀρετῶν
1275 1865 1356 1899 λόγου
1379 1863 1545 1896 πεπαῦσθαι,
1561 1863 1608 1889 καὶ
1626 1862 1813 1897 μηδηστινοσι

1016 1913 1063 1939 οὖν
1092 1912 1128 1938 ἔτ’
1143 1912 1226 1946 ἄλλης
1255 1911 1309 1937 τῶν
1328 1910 1426 1945 ἑφεξῆς
1438 1919 1467 1936 τε
1484 1909 1531 1936 καὶ
1547 1908 1606 1943 μετ’
1617 1909 1726 1939 ὲκείνας
1743 1917 1814 1943 μνη-

1019 1958 1113 1992 σθῆναι
1127 1966 1134 1973 ⁸
1150 1959 1243 1994 σχεδὸν
1258 1958 1312 1993 γὰρ
1331 1958 1425 1992 ὥσπερ
1441 1957 1497 1987 τοῖς
1514 1955 1605 1989 γένεσι
1622 1954 1672 1989 μὲν
1688 1955 1721 1980 τὰ
1736 1955 1810 1988 εῖόη,

1018 2004 1212 2038 ἐμπεριέχεται
1227 2003 1255 2030 δὲ
1273 2005 1330 2034 τοῖς
1347 2003 1431 2029 εἴδεσι
1448 2003 1482 2029 τὰ
1499 2002 1561 2029 δεῖθ’
1577 2002 1706 2034 ἕκαστον,
1721 2001 1811 2032 οὕτως

1017 2049 1067 2075 ὅσα
1085 2049 1190 2082 ἔξεστιν
1205 2049 1317 2075 ἐκείνων
1344 2048 1519 2083 μνησθέντες,
1538 2048 1585 2074 καὶ
1600 2048 1703 2078 ταύτας
1719 2048 1811 2083 δήπου

1017 2095 1268 2131 συμπαρελάὸομεν
1285 2103 1292 2112 ·
1316 2095 1374 2121 ἀλλ’
1400 2095 1443 2121 ἵνα
1465 2094 1502 2128 μὴ
1527 2094 1628 2120 ταυτὸν
1656 2093 1736 2120 πάθω
1751 2094 1810 2124 τοῖς

1017 2141 1083 2176 περ)⁴
1109 2140 1218 2174 φύσεως
1251 2140 1301 2174 μὲν
1335 2140 1387 2174 τῆς
1413 2139 1589 2174 ἀνθρωπείας
1614 2137 1809 2172 φιλοσοφοῦσι,

1018 2186 1097 2219 λόγον
1113 2185 1136 2212 δ’
1157 2186 1253 2212 οὐδένα
1279 2185 1395 2212 τουτωνὶ
1420 2182 1610 2218 ποιουμένοις,”
1626 2183 1642 2219 ἦ
1659 2184 1706 2210 καὶ
1730 2183 1757 2209 εί
1768 2192 1812 2214 τις

1019 2231 1100 2267 σῶμα
1126 2231 1242 2262 κάλλου;
1265 2229 1295 2257 εὖ
1323 2232 1384 2266 ἕχον
1411 2231 1533 2256 ἐπαινεῖν
1559 2230 1708 2265 ᾑρημένος,
1722 2229 1811 2255 ἔπειθ’

182 2279 298 2305 humana
323 2277 405 2304 multa
423 2276 560 2304 subtiliter
575 2276 723 2310 disputant,
737 2275 806 2301 nulla
826 2274 963 2301 hominum

1045 2286 1057 2308 ς
1088 2277 1136 2311 μὲν
1156 2277 1255 2303 πολλοῦ
1283 2285 1356 2307 τινος
1377 2276 1454 2308 ἀξιον
1469 2276 1556 2310 λέγοι.
1577 2276 1611 2302 τὰ
1626 2276 1654 2301 δὲ
1682 2275 1746 2301 καο“
1761 2275 1812 2301 ἕνα

182 2331 303 2359 tpsurttm
328 2322 429 2349 viritim
446 2321 536 2349 habita
554 2321 657 2348 ratione
670 2340 678 2352 ,
696 2324 742 2346 aut
767 2320 789 2347 si
807 2320 852 2354 qui
868 2327 967 2353 corptts

181 2371 281 2398 eximia
303 2369 393 2404 specie
413 2368 603 2396 commendare
617 2366 725 2399 institit,
742 2366 966 2401 pretiosissimum

183 2417 247 2443 ilhtd
270 2416 378 2451 quidem
399 2423 431 2442 ac
453 2414 676 2442 venustissimum
697 2414 852 2440 summatim
873 2413 966 2444 faciat,

184 2464 350 2496 singulorum
381 2467 471 2490 autem
505 2461 687 2489 membrorum
718 2460 965 2495 pulchritudinem,

182 2516 262 2544 atque
283 2509 442 2536 concinnam
469 2508 541 2534 inter
565 2514 594 2534 se
609 2507 830 2541 compositionem
848 2507 965 2533 omittat.

181 2556 287 2583 idcirco
300 2559 328 2582 et
342 2555 413 2582 hunc
431 2554 518 2588 ipsum
533 2552 651 2579 laborem
667 2571 674 2584 ,
689 2560 736 2586 pro
756 2552 857 2579 viribus
873 2560 967 2586 aggre-

183 2601 253 2632 diar.
276 2600 358 2628 solito
387 2598 552 2626 sanctissimi
580 2598 630 2625 viri
662 2597 796 2633 adjutorio
824 2598 965 2625 subnixus.

218 2704 238 2720 "
257 2704 372 2740 Philipp.
388 2713 427 2737 tv,
443 2714 463 2738 ι,
479 2707 489 2733 l
504 2714 511 2739 ;
529 2706 538 2734 ί
566 2707 662 2735 Thess.
684 2715 704 2740 t,
719 2707 761 2741 l9,
777 2707 824 2734 20.
866 2707 886 2723 ⁸⁸
908 2707 966 2733 Art.

219 2802 257 2836 (l)
275 2801 337 2828 Part
354 2801 463 2830 haberet
477 2807 574 2828 ca'tera
603 2802 650 2827 hoc
664 2799 849 2827 continuatum
873 2798 968 2824 modo:

183 2837 281 2864 Vertttu
301 2838 359 2865 ideo
377 2837 448 2871 quod
472 2838 635 2864 eximiartttn
654 2844 742 2862 rerum
767 2835 888 2871 omnium
919 2841 967 2871 per

184 2879 309 2900 naturam
327 2868 423 2909 expers
436 2877 519 2906 esset,
536 2874 568 2899 ad
581 2872 633 2900 itoc
645 2878 703 2899 sese
718 2869 856 2898 modestiae
873 2868 963 2896 humi-

989 2714 1033 2735 υ.
1049 2707 1094 2734 5i.

1066 2323 1105 2359 ἓν]
1120 2324 1173 2349 τῶν
1198 2323 1299 2358 μερῶν,
1315 2324 1362 2349 καὶ
1378 2324 1452 2354 ὅπως
1467 2323 1522 2357 ἔχει
1551 2322 1619 2356 πρὸς
1633 2321 1740 2355 ἄλληλα
1755 2330 1811 2347 πα-

1022 2370 1141 2404 ραλίποι,
1160 2369 1214 2403 ὲγὼ
1232 2369 1259 2396 δὲ
1276 2369 1324 2395 καὶ
1344 2369 1439 2396 τοῦτον
1459 2369 1533 2400 ὅπως
1549 2368 1581 2395 ἃν
1596 2368 1650 2402 ἔχω
1662 2368 1708 2393 τὸν
1728 2366 1811 2394 ἆθλον

1019 2417 1105 2446 είσίω,
1119 2416 1169 2450 τῆς
1189 2416 1236 2442 τοῦ
1262 2416 1382 2450 μεγάλου
1404 2415 1529 2450 βοηθείας
1546 2414 1584 2444 ὡς
1600 2414 1661 2444 ἔθος
1679 2421 1810 2446 συναιρο-

1021 2463 1116 2498 μένης.
1146 2461 1410 2496 Ταπεινοφροσύνην
1434 2461 1525 2487 τοίνυν
1540 2460 1589 2495 τὴν
1616 2459 1670 2485 τῶν
1698 2459 1811 2491 ἀγαθῶν

1021 2509 1130 2535 πάντων
1162 2509 1262 2540 αίτίαν,
1292 2509 1339 2534 καὶ
1357 2505 1391 2543 ἧς
1421 2507 1485 2533 ἄνευ
1514 2505 1655 2540 οὑδητιοῦν
1677 2505 1732 2531 τῶν
1746 2504 1812 2538 ἁρε-

1019 2556 1073 2581 τών
1088 2555 1203 2588 συσταίη
1222 2555 1280 2580 ποτ’
1296 2555 1340 2586 ἂν,
1377 2554 1427 2580 οὐκ
1454 2551 1503 2580 οἷδ’
1516 2553 1543 2579 εί
1565 2561 1607 2583 τις
1628 2552 1682 2578 τῶν
1700 2551 1810 2577 πάντων

1020 2601 1036 2636 ἢ
1054 2601 1149 2628 τούτου
1169 2601 1249 2627 πλέον
1265 2600 1429 2635 ἑοαύμασεν,
1445 2599 1461 2634 ἢ
1479 2598 1580 2634 μᾶλλον
1593 2593 1701 2632 ἠράσθη
1717 2605 1746 2622 τε
1763 2595 1810 2622 καὶ

1134 2705 1166 2721 ⁸⁸⁸
1179 2705 1191 2733 Ι
1204 2705 1268 2732 Cor.
1287 2712 1314 2732 ιι
1334 2704 1381 2731 22.
1420 2705 1440 2720 ί⁹
1458 2702 1524 2730 Luc.
1539 2709 1598 2735 xu,
1621 2701 1665 2728 l7.

1024 2799 1162 2832 litatisqne
1177 2798 1295 2825 studium
1314 2797 1493 2831 adiunxisset.
1514 2794 1578 2821 "(T‘C
1596 2794 1666 2821 enim
1681 2793 1745 2821 nti/ti
1757 2793 1809 2822 loci

1021 2831 1160 2868 sententia,
1177 2838 1277 2861 retento
1292 2832 1385 2865 καλοῦ,
1400 2839 1456 2858 esse
1472 2831 1583 2858 tiu’ctur.
