1875 3059
198 138 253 170 283

787 138 985 168 'I‘IIEUDULt
1003 138 1176 168 MONACHI

1755 138 1811 170 ΞΜ

197 197 299 229 potest,
323 193 370 228 qui
399 194 516 222 debitam
539 195 661 227 proximo
686 202 734 221 suo
766 193 970 220 bettevolentiau

1054 194 1098 220 ιεῖν
1110 195 1161 220 οὐκ
1174 193 1228 228 ἔχω
1239 199 1244 206 ·
1265 193 1297 219 '0
1306 193 1358 228 γὰρ
1371 193 1415 220 τὸν
1424 193 1550 226 ἀδελφὸν,
1560 193 1652 228 φησὶν,
1669 194 1698 220 ὃν
1714 195 1824 230 ἑώρακε

198 247 253 266 non
271 241 366 271 reddit,
395 247 482 274 neque
507 240 585 273 hujus
610 248 705 267 rursus
728 248 776 274 pro
791 247 823 266 eo
849 247 881 266 ac
904 239 983 266 debet

198 292 292 311 curant
311 284 434 318 ;habere,
453 285 498 320 qui
524 285 595 311 circa
623 285 706 311 Deum
731 284 908 318 negligentior
931 289 983 311 est.

199 329 247 356 Est
271 331 342 356 enim
363 332 435 364 justa
463 331 572 357 omnino
600 338 632 357 ac
656 331 820 357 conveniens
846 330 985 363 utriusque

200 375 321 402 habenda
343 376 422 406 ratio,
438 381 465 402 et
481 380 510 402 ιιι
525 375 570 402 ille
595 374 640 401 Dei
656 381 743 406 amor,
770 374 803 401 ita
827 374 885 400 lnec
904 373 984 400 etiam

200 420 315 454 proximi
332 428 396 447 cura
412 428 518 447 suntnto
531 421 621 448 studio
643 420 846 454 complectenda
859 424 911 450 est,
926 427 985 454 quae

199 465 222 491 si
252 466 404 500 negligitur,
432 473 485 500 quo
512 475 577 494 sane
603 471 683 500 pacto
706 466 780 501 prior
807 466 850 493 ille
875 466 986 494 retineri

199 517 289 544 queat,
304 512 395 539 videre
408 520 460 539 non
476 519 583 546 possunt
597 520 603 539 :
625 511 689 538 Nam
711 513 756 545 qui
774 512 883 538 fratrem
895 519 986 544 suum,

1039 238 1077 273 μὴ
1095 238 1192 273 φιλῶν,
1217 239 1247 264 ὃν
1272 239 1321 273 οὐχ
1343 237 1449 273 ἑώρακε
1472 237 1551 270 Θεὸν,
1577 237 1638 270 πῶς
1664 239 1822 274 ἀγαπήσει;

1039 284 1154 310 Ἔπειτα
1179 285 1195 319 ἡ
1223 283 1368 319 θαυμαστὴ
1399 283 1446 310 καὶ
1459 283 1560 314 ἄτοπος
1577 283 1648 319 ὑπὲρ
1665 284 1714 318 τῆς
1730 286 1824 319 κοινῆς

1039 330 1179 365 σωτηρίας
1196 329 1233 360 ὥς
1259 329 1328 363 ἔφην
1347 329 1445 356 τούτου
1471 329 1575 364 σπουδὴ
1601 330 1648 355 καὶ
1666 330 1696 356 τδ
1721 330 1835 357 διδὸνιι,

1040 376 1107 401 πᾶσι
1129 375 1229 409 μᾶλλον
1242 374 1358 400 ἐνταῦθα.
1376 375 1406 401 τὺ
1423 374 1646 410 συγκεχωρηκὸς,
1666 375 1682 409 ῆ
1711 374 1803 409 ἑαυτῷ
1815 383 1822 390 ⁸

1039 417 1072 455 ἦς
1089 420 1143 447 οὐδ’
1163 420 1196 447 ἂν
1221 417 1261 452 εἷς
1279 417 1356 454 οἶμαι
1384 421 1438 446 τῶν
1468 421 1577 446 πάντων
1603 420 1712 447 κάλλιον
1748 420 1823 455 εὖροι

1042 468 1219 502 γνησιότητος
1233 467 1333 502 δεῖγμα
1347 466 1402 493 οὐδ’
1418 466 1460 501 ἐφ’
1475 463 1496 500 ᾧ
1513 466 1612 501 μᾶλλον
1626 466 1659 493 ἂν
1673 475 1715 498 τις
1727 465 1823 500 ἡσθείη

1039 512 1211 547 φιλούμενος.

199 556 286 589 inquit
304 559 338 589 ",
352 565 432 591 quem
462 558 544 590 vidit,
567 565 618 585 non
637 557 723 592 diligit
738 577 745 589 ,
775 557 857 584 Deum
891 565 970 591 quem
995 565 1047 584 non
1070 558 1146 589 vidit,
1162 556 1297 593 quomodo
1327 557 1441 592 diliget?
1460 557 1533 584 Idem
1567 558 1664 584 deinde
1679 558 1825 587 confirmat

201 604 345 631 ntirilicum
372 605 458 632 nostri
476 609 503 631 et
527 612 543 631 a
568 605 672 632 ratione
690 605 820 636 alienum,
851 603 1003 631 communis
1041 604 1179 631 hominum
1214 603 1308 631 salutis
1328 623 1336 635 ,

201 657 283 676 rtum.

235 693 325 721 LXVI.
354 694 386 721 Et
410 695 480 728 quod
506 695 532 722 in
556 702 588 722 ea
612 695 784 731 adipiscenda
809 695 870 723 aliis
901 695 988 729 potius

200 741 327 766 omnibus
342 748 422 774 quam
442 741 492 767 sibi
513 741 628 774 priorem
643 742 731 768 locum
751 741 842 773 dabat,
859 749 913 775 qtto
926 748 990 775 pro-

1369 604 1440 637 quod
1472 603 1683 631 memoravimus
1714 603 1824 631 deside-

1078 694 1145 727 ΞΤ.
1162 694 1193 720 Εἰ
1205 692 1260 727 γὰρ
1274 692 1375 724 παντὸς
1391 692 1440 727 μὲν
1456 692 1559 726 ἀγαθοῦ
1575 693 1724 726 κεφάλαιον
1739 693 1769 719 τὶ
1783 701 1826 720 σε-

1045 740 1149 767 σῶσθαι
1162 748 1168 754 ·
1189 739 1247 770 πῶς
1264 736 1318 773 γᾶρ
1329 738 1377 770 ob;
1394 739 1473 764 τοῦτο
1489 739 1515 764 δὲ
1531 739 1580 764 οὐκ
1600 738 1634 765 ἂν
1651 739 1741 770 ἄλλως
1753 748 1824 774 παρ-

200 785 270 814 I‘ecto
298 794 377 814 nemo
402 787 531 818 omnium,
559 792 586 813 ut
612 788 738 819 arbitror,
762 787 910 822 speciosius
942 787 967 814 al

1054 787 1098 820 :Iq,
1117 786 1154 821 μὴ
1167 785 1361 820 συναιρομένου
1377 785 1455 817 Θεοῦ,
1472 785 1523 811 κᾶν
1535 786 1625 811 πᾶσαν
1635 782 1710 820 ὦμεν
1725 785 1826 820 ἀρετὴν

200 833 272 866 quod
287 840 421 866 germana!
441 827 728 867 cltaritatis‘specitnen
751 834 871 867 proferre
897 839 989 867 queat,

202 883 229 905 et
262 886 316 913 quo
346 879 432 913 magis
463 880 489 905 in
525 880 584 906 sinu
623 880 737 914 gaudeat
772 879 820 914 qui
859 879 988 913 diligitur.

203 924 308 958 Quippe
338 924 361 951 si
395 924 465 958 boni:
495 925 584 952 omnis
622 932 726 952 summa
763 931 870 952 aeterna
897 926 991 953 salutis

201 971 312 1004 adi-ptio
340 976 391 1004 est,
424 975 452 998 ut
477 971 537 998 sine
563 971 616 998 ulla
642 971 827 998 controversia
852 978 919 998 sane
935 975 988 1004 est,

202 1018 275 1043 salus
302 1022 389 1044 autent
429 1017 507 1044 aliter
535 1024 615 1052 quam
642 1017 696 1045 Deo
724 1017 847 1051 adjutore
873 1016 988 1044 obtineri

202 1063 318 1097 nequit,
351 1064 525 1097 quantumvis
556 1070 651 1090 omnes
687 1064 781 1091 sedulo
813 1071 988 1091 exerceamus

203 1108 318 1135 virtutes
331 1129 339 1141 ,
356 1109 530 1142 qttantutnvis
549 1109 657 1136 (lumina
680 1110 737 1143 ipsa
751 1109 881 1137 sudorum
896 1109 988 1144 Iacry-

206 1161 372 1188 tuarumque
389 1154 596 1189 profundamus,
619 1156 662 1190 qui
682 1156 763 1183 Deum
788 1156 913 1190 precibus
933 1155 989 1182 suis

207 1199 267 1226 aliis
286 1200 372 1232 magis
396 1207 475 1234 quam
493 1201 544 1228 sibi
572 1201 746 1236 propltiabat,
762 1192 815 1235 quo
836 1205 916 1235 pacto
935 1208 989 1228 ttou

207 1251 316 1270 omnem
335 1244 380 1271 illo
397 1244 593 1273 bcuevoletttia':
616 1246 754 1279 egreditur
777 1247 897 1276 modttm,
911 1251 937 1272 et
956 1246 990 1273 ob

208 1289 280 1316 Itane
304 1297 380 1316 suam
406 1291 621 1318 obaeeratiottetn
652 1292 678 1319 in
710 1289 825 1318 tnaxima
855 1291 990 1318 hominem

205 1334 384 1361 admiratione
402 1335 511 1367 habere,
531 1336 623 1370 illique
638 1337 819 1370 congratulari
836 1336 964 1363 debemus
980 1335 991 1362 ?

204 1380 291 1406 Porro
313 1381 334 1408 si
362 1381 436 1408 hisee
463 1381 586 1416 adjiciat,
615 1382 687 1416 quod
717 1389 750 1409 eo
779 1390 840 1416 erga
862 1382 987 1408 inimicos

208 1433 273 1452 suos
297 1426 388 1454 animo
411 1431 495 1458 esset,
511 1431 541 1454 ut
565 1427 624 1454 illos
644 1435 696 1455 non
721 1429 800 1455 modo
822 1435 875 1454 non
901 1427 990 1454 ntinus

200 1471 238 1498 -rlt
249 1478 303 1498 tros
313 1479 392 1506 quam
407 1480 484 1500 suum
499 1473 556 1507 ipse
568 1478 649 1508 caput
660 1473 887 1508 vitamque,qnod
902 1473 987 1505 aiunt,

1045 833 1213 865 ἠσκηκότες,
1242 832 1294 858 κᾶν
1315 832 1455 865 ποταμοὺς
1485 831 1605 865 ἱδρώτων
1626 831 1674 857 καὶ
1698 830 1825 865 δακρύων

1042 879 1217 914 ὲκχὲωμεν,ὀ
1233 879 1329 906 τοῦτον
1343 879 1400 910 τοῖς
1416 878 1508 909 ἄλλοις
1525 878 1625 913 μᾶλλον
1647 879 1662 913 ἢ
1684 878 1777 911 ἑαυτῷ
1793 878 1826 904 δι’

1041 922 1078 952 ὧν
1095 926 1180 952 δεῖται
1195 925 1280 955 τιθεὶς
1299 924 1412 960 εὐμενῆ,
1436 924 1496 955 πῶς
1521 925 1553 951 οὐ
1581 925 1685 956 πάντας
1708 925 1825 959 τρόπους

1041 972 1149 1003 εὐνοίας
1163 972 1254 999 οὐτοσὶ
1281 971 1457 1006 παρελαύνει.
1479 970 1532 997 Καὶ
1548 971 1589 997 δεῖ
1603 971 1696 997 τοῦτον
1722 971 1826 1005 θαυμά-

1041 1016 1099 1049 ζειν
1113 1024 1143 1042 τε
1163 1016 1211 1043 καὶ
1231 1015 1388 1050 ξυγχαίρειν
1415 1017 1531 1050 ταυτησὶ
1555 1016 1605 1050 τῆς
1631 1016 1824 1051 προκλήσεως·

1042 1063 1109 1090 εἰδὲ
1128 1063 1175 1090 καὶ
1199 1062 1234 1089 τὰ
1258 1063 1323 1096 περὶ
1338 1062 1402 1094 τοὺς
1421 1062 1534 1097 ἐχθροὺς
1554 1061 1634 1088 αὐτὸν
1648 1062 1754 1088 οὑτωσὶ
1767 1062 1824 1088 δια.

1042 1108 1149 1135 κεῖσθαι
1165 1108 1321 1142 προσδείης.
1344 1107 1381 1135 ὡς
1405 1108 1451 1134 καὶ
1470 1107 1521 1141 τῆς
1545 1107 1629 1133 αὑτοῦ
1644 1107 1771 1142 κεφαλῆς
1790 1108 1826 1138 ὡς

1042 1155 1130 1180 είπετν
1145 1154 1220 1180 οὐδὲν
1241 1153 1340 1183 αὐτοὺς
1357 1152 1466 1178 ἔλαττον
1484 1153 1573 1186 ἄγειν,
1594 1152 1662 1178 ἀλλὰ
1677 1153 1726 1178 καὶ
1742 1153 1825 1186 φιλεῖν

1041 1200 1087 1227 καὶ
1105 1200 1228 1233 στέργειν
1240 1219 1247 1230 ,
1275 1199 1321 1226 καὶ
1337 1199 1442 1230 τούτοις
1457 1199 1490 1224 τὰ
1507 1198 1605 1232 βελτίω
1624 1198 1822 1233 συνεύχεσθαι,

1042 1247 1088 1272 καὶ
1103 1246 1170 1277 ὅλως
1184 1246 1224 1276 είς
1248 1245 1461 1279 εὐεργετοῦντας
1481 1245 1584 1271 τιθέναι
1594 1253 1601 1260 ·
1618 1245 1696 1270 τοῦτο
1724 1245 1772 1279 μὲν
1786 1243 1823 1274 οἷς

1042 1291 1116 1325 αὑτῷ
1142 1291 1273 1325 μεγίστης
1297 1290 1454 1324 φιλοσοφίας
1483 1289 1549 1322 ὓλην
1573 1291 1727 1324 παρεῖχον,
1748 1289 1824 1316 τοῦτο

1042 1337 1071 1362 δὲ
1088 1333 1128 1368 οἷς
1143 1336 1339 1372 εὐμενέστερον
1352 1335 1426 1370 αὐτῷ
1439 1336 1486 1362 καὶ
1501 1336 1600 1371 μᾶλλον
1615 1336 1694 1362 ἵλεων
1704 1336 1737 1362 τὸ
1749 1336 1824 1362 Θείον

1043 1383 1168 1408 ἐποίουνο
1187 1383 1228 1408 ὅτι
1249 1390 1300 1417 περ
1316 1379 1354 1408 ὦν
1375 1382 1493 1416 ἔδρασαν
1509 1382 1663 1416 ὀφείλοντες
1682 1382 1776 1417 δίκην,
1801 1383 1823 1409 οἱ

1043 1427 1082 1460 δὲ,
1105 1427 1239 1462 τοσαύτης
1257 1427 1407 1462 ἐτύγχανον
1433 1428 1499 1461 παρ’
1521 1427 1603 1454 αὐτοῦ
1631 1427 1680 1462 τῆς
1696 1428 1823 1458 εὐνοίας·

1045 1472 1092 1499 ἐὰν
1108 1472 1198 1499 τοίνυν
1217 1472 1353 1499 καὶτοῦτο
1371 1473 1503 1507 προσθῇς,
1521 1471 1593 1499 ἔστω
1610 1472 1656 1499 καὶ
1676 1472 1758 1499 τοῦτο
1771 1473 1824 1505 τρί-

207 1516 338 1549 Itaheret,
371 1519 418 1544 sed
445 1518 570 1553 diligeret
594 1518 660 1546 item
692 1524 869 1554 amaretque,
896 1524 923 1546 et
947 1519 971 1545 ei

1054 1525 1097 1549 ον,
1113 1516 1188 1543 οὐδέν
1198 1525 1229 1550 γε
1241 1517 1402 1550 ἀτιμότερον
1415 1517 1527 1544 ἐκείνων
1541 1516 1578 1548 ὥς
1596 1525 1628 1550 γε
1642 1516 1697 1550 ἐγὼ
1714 1516 1823 1551 νομίζω,

204 1559 291 1587 {arista
303 1562 393 1589 omnia
407 1567 524 1597 optaret,
538 1563 592 1591 imo
610 1564 637 1590 in
653 1563 721 1591 bene
734 1564 768 1591 de
782 1571 813 1590 se
827 1563 971 1591 nteritorun

1054 1561 1109 1588 ιλλὰ
1124 1562 1172 1588 καὶ
1188 1561 1261 1596 μάλα
1279 1561 1425 1595 ξυμϐαῖνον
1435 1579 1442 1587 .

206 1614 318 1634 numero
337 1608 416 1641 plane
433 1614 584 1643 reponeret,
600 1610 705 1637 scilicet
719 1611 818 1645 partim
836 1611 896 1638 ideo
912 1610 984 1644 quod
1003 1610 1113 1637 maximi
1139 1617 1170 1636 ac
1198 1608 1347 1635 diiIiciliimi
1387 1609 1413 1636 in
1449 1609 1603 1636 Christiana
1652 1609 1819 1644 philoSopltia

206 1653 296 1686 operis
308 1655 458 1683 .materient
485 1654 535 1689 ipsi
546 1655 731 1690 praebuissent,
753 1657 850 1691 partint
866 1656 936 1691 quod
956 1664 987 1683 ea
1009 1664 1038 1684 re
1060 1655 1204 1694 ntagis'illi
1227 1655 1370 1690 propitium
1396 1662 1428 1682 ac
1446 1656 1591 1690 benignum
1615 1655 1696 1682 Deum
1716 1655 1820 1683 eﬂ'ecis-

209 1702 279 1731 si-nl,
304 1699 518 1733 quattdoquidetn
558 1701 602 1734 qui
624 1701 757 1728 scelerum
782 1709 893 1729 suorum
935 1700 1155 1736 ﬂagitiorumque
1195 1700 1362 1735 gravissimis
1393 1703 1549 1727 tenerentur
1584 1701 1681 1734 pinnis,
1723 1705 1822 1728 tantum

210 1745 282 1772 illius
305 1749 394 1772 tamen
438 1746 646 1780 experiebantur
675 1748 811 1776 lenitatem
840 1756 872 1776 ac
895 1749 1124 1780 benevolentiam,
1141 1749 1212 1783 quod
1229 1748 1315 1783 ipsum
1338 1748 1360 1774 si
1384 1749 1570 1782 superioribus
1610 1749 1742 1784 exemplis
1777 1751 1821 1778 ad-

207 1792 315 1827 iunges,
334 1793 442 1820 tertium
463 1793 605 1821 charitatis
620 1794 810 1822 documentum
824 1795 888 1828 erit,
904 1795 989 1823 nihilo
1010 1796 1076 1823 illud
1092 1795 1208 1827 caeteris,
1232 1802 1289 1821 mea
1307 1796 1451 1828 sententia,
1474 1795 1598 1828 inferius,
1632 1797 1685 1823 imo
1720 1805 1822 1832 genua-

208 1846 270 1864 nrun
291 1839 407 1873 undique
419 1843 446 1866 et
460 1839 637 1868 simillimum.

243 1882 343 1911 LXVII.
359 1882 410 1911 Sed
430 1889 456 1911 et
471 1885 674 1912 beneﬁcentiam
695 1884 825 1913 adversus
844 1892 971 1921 pauperet

1077 1884 1135 1911 EZ’.
1161 1884 1216 1918 Τὴν
1231 1883 1258 1910 δὲ
1285 1883 1351 1918 πρὸς
1376 1883 1440 1914 τοὺς
1465 1884 1586 1919 πένητας
1602 1885 1739 1917 εὐποιίαν,
1759 1884 1791 1921 ἧς
1810 1886 1822 1911 ὀ

207 1929 286 1962 cujus
296 1929 368 1956 velut
376 1930 500 1957 columna
511 1931 608 1958 cadum
619 1931 761 1958 altitudine
771 1938 892 1966 aaquans,
903 1936 971 1959 nosti

1054 1931 1108 1965 περὶ
1122 1930 1305 1965 φιλοπτωχίοις
1320 1930 1397 1964 λόγος
1409 1930 1601 1965 οὐρανομήκης
1614 1931 1716 1965 ἕστηκε
1729 1932 1819 1966 στήλη,

210 1982 220 1998 ι
237 1973 270 1999 de
285 1973 407 2000 amandis
419 1975 581 2009 pauperibus
595 1984 603 2000 )
622 1981 709 2003 exstat
722 1976 820 2008 oratio,
843 1976 971 2011 eademqu

1054 1977 1091 2004 ιαὶ
1107 1974 1163 2002 οἷον
1176 1984 1218 2008 τις
1238 1975 1384 2010 νομοθεσία
1397 1975 1444 2002 τοῦ
1467 1975 1535 2010 πρὸς
1553 1976 1616 2006 τοὺς
1632 1976 1734 2008 ἐνδεεῖς
1749 1978 1823 2011 εὐμε-

208 2017 427 2054 ('Itaritaliserga
445 2018 604 2054 indigentes,
622 2021 740 2048 maxime
764 2021 856 2048 morbo
878 2028 988 2056 oppres-

209 2072 266 2096 sos,
289 2065 410 2098 quaedam
442 2066 517 2099 quasi
545 2066 707 2100 legislatoria
732 2067 857 2099 sanetio,
876 2067 902 2094 id
923 2067 990 2094 satis

1043 2022 1118 2055 νοῦς,
1145 2021 1191 2048 καὶ
1212 2021 1331 2056 μάλιστα
1347 2022 1411 2053 τοὺς
1429 2021 1500 2056 νόσῳ
1525 2021 1716 2056 πιεζομένους,
1745 2024 1774 2049 τό
1795 2030 1822 2048 τε

1046 2068 1129 2104 μηδὲν
1144 2067 1254 2093 πώποτε
1274 2067 1339 2101 μήτ’
1357 2066 1478 2101 ἄργυρον
1503 2067 1571 2101 μήτε
1594 2067 1695 2101 χρυσὸν
1714 2067 1823 2102 ἐσχηκέ-

207 2111 375 2144 comprobat,
401 2111 472 2145 quod
500 2111 567 2137 nihil
596 2112 705 2138 omnino
729 2120 858 2146 unquam,
886 2113 986 2139 nttllum

208 2157 267 2182 auri
290 2157 448 2190 argentique
474 2157 633 2190 scriptulum
650 2158 687 2185 illi
713 2158 805 2190 fuerit,
830 2158 909 2184 nullae
925 2158 986 2185 item

208 2208 321 2235 prorsus
338 2207 380 2228 res
394 2201 632 2235 possessionesque
655 2202 728 2234 aliae,
747 2210 840 2229 verum
856 2203 987 2237 quidquid

211 2247 377 2279 obvenisset,
394 2247 419 2273 id
436 2247 532 2280 partim
547 2247 618 2274 ultro
631 2247 655 2274 in
673 2247 820 2275 l'ortunulas
838 2255 902 2275 suas
917 2248 990 2274 invo~

209 2293 328 2320 Imtibus
357 2292 491 2324 cesserit,
518 2293 616 2327 partim
648 2293 673 2319 in
700 2300 800 2327 egenos
828 2292 988 2328 profuderit,

210 2338 325 2372 receptis
344 2338 395 2365 sibi
419 2338 498 2366 modo
522 2339 697 2373 retentisque,
713 2338 790 2365 ttirtis
813 2338 988 2373 quibusdam,

208 2384 287 2418 queis
299 2386 451 2418 regebatur,
468 2384 645 2416 centunculis,
667 2389 695 2410 et
710 2384 752 2411 his
761 2391 826 2412 sane
840 2384 988 2417 vilissimis,

210 2431 326 2465 vitaeque
351 2430 481 2465 religiosae
507 2431 624 2465 apprime
649 2430 870 2464 congruentibus,
885 2437 988 2464 pauen-

211 2478 297 2511 lisque
313 2477 415 2511 aliquot
435 2477 521 2504 libris.
541 2475 598 2504 IIue
619 2476 751 2503 acceduttt
772 2480 799 2503 et
819 2476 935 2511 jejunia,
961 2481 990 2503 et

211 2523 455 2556 humicubationes,
476 2527 504 2549 et
520 2527 658 2550 nocturna:
680 2522 810 2556 pertinaci
833 2527 904 2550 statu
929 2529 990 2556 per-

211 2569 394 2603 vtgilationes,
423 2573 450 2595 et
481 2568 596 2596 assidua:
620 2569 800 2603 ardentesque
830 2576 935 2603 preces,

209 2667 290 2697 typus
307 2660 385 2695 plane
396 2665 465 2688 erat.

246 2705 362 2734 LXVIII.
386 2706 440 2741 Ego
467 2715 530 2735 vero
556 2709 608 2741 his,
637 2713 666 2736 ut
689 2717 748 2743 quae
770 2717 864 2736 omnes
888 2708 990 2743 pridem

211 2752 430 2787 compertissimn
455 2753 564 2788 habent,
588 2755 732 2790 sepositis,
762 2755 794 2782 ad
822 2750 947 2790 magnum
964 2759 992 2782 et

249 2843 271 2858 "
288 2841 296 2869 i
313 2842 390 2870 Joan.
411 2850 435 2871 tv
463 2844 508 2871 “20.

1044 2121 1099 2145 ναι,
1131 2112 1193 2147 μήτ’
1223 2111 1307 2146 ἄλλην
1331 2112 1458 2146 ἡντινοῦν
1481 2112 1643 2146 τοπαράπαν
1674 2113 1821 2147 κτήσασθαι

1041 2160 1149 2192 κτῆσιν,
1169 2158 1238 2185 ἀλλὰ
1252 2158 1307 2184 τῶν
1321 2158 1375 2192 μὲν
1399 2159 1530 2192 ἐκστῆναι
1560 2159 1617 2188 τοῖς
1641 2157 1820 2193 βουλομένοις,

1042 2204 1075 2230 τὰ
1089 2204 1116 2230 δὲ
1133 2204 1265 2238 προέσθαι
1288 2205 1344 2234 τοῖς
1358 2203 1456 2238 πένησι
1467 2211 1474 2218 ·
1491 2203 1560 2237 πλὴν
1574 2200 1611 2229 ὧν
1628 2203 1820 2237 περιεεέεῖλητο

1042 2249 1168 2284 τριχίνων
1182 2250 1296 2284 ῥακίων,
1313 2250 1360 2275 καὶ
1380 2248 1484 2274 τούτων
1503 2248 1631 2276 εὐτελῶν.
1651 2250 1698 2274 καὶ
1716 2249 1819 2283 φιλοσο-

1042 2295 1091 2329 φίᾳ
1104 2295 1273 2329 πρεπόντων,
1296 2295 1341 2320 καὶ
1355 2293 1465 2328 βιϐλίων
1476 2293 1585 2326 ὀλίγων,
1606 2293 1645 2319 ἔτι
1658 2301 1686 2318 τε
1699 2293 1820 2327 νηστείας

1042 2341 1090 2366 καὶ
1107 2340 1271 2374 χαμευνίας,
1298 2340 1346 2366 καὶ
1362 2340 1472 2370 στάσεις
1489 2338 1653 2372 παννύχους,
1669 2340 1716 2365 καὶ
1733 2338 1820 2364 συντό-

1042 2393 1103 2416 νους
1125 2384 1242 2418 δεήσεις,
1273 2384 1319 2410 καὶ
1347 2384 1516 2418 στεναγμοὺς
1558 2383 1606 2409 καὶ
1630 2383 1748 2417 δάκρυα,
1776 2383 1820 2408 καὶ

1043 2430 1170 2465 ἱδρῶτας,
1184 2430 1230 2456 καὶ
1244 2430 1313 2460 ὅλως
1327 2427 1368 2460 οἷς
1382 2430 1394 2455 ὁ
1410 2429 1481 2456 κατὰ.
1492 2429 1559 2454 Θεὸν
1576 2428 1820 2463 χαρακτηρίζεσθαι

1041 2477 1161 2511 πέφυκεν
1175 2475 1318 2511 ἄνθρωπος
1327 2483 1334 2490 ·
1347 2472 1384 2502 ὦν
1397 2471 1475 2505 οὗτος
1491 2475 1672 2510 παράδειγμα
1684 2475 1730 2500 καὶ
1740 2474 1819 2503 τύπος

1042 2523 1099 2553 τοῖς
1113 2522 1203 2553 ἄλλοις
1223 2519 1268 2556 ἦν.
1288 2543 1291 2546 ι

975 2573 1003 2595 et
1022 2569 1146 2603 gemitus,
1171 2573 1198 2595 et
1225 2568 1368 2602 lacrymaa,
1398 2571 1425 2594 et
1451 2567 1575 2600 sudores,
1599 2571 1627 2593 et
1670 2564 1818 2593 summatim

211 2615 339 2650 quidquid
357 2614 474 2650 religiosi
493 2615 634 2650 sanctique
654 2615 772 2643 hominis
786 2617 970 2644 characterem
987 2615 1053 2642 facit
1071 2622 1103 2643 ac
1128 2614 1254 2647 absolvit,

1291 2614 1369 2648 cujus
1403 2619 1496 2641 noster
1520 2614 1581 2640 aliis
1616 2613 1753 2648 exemplar
1791 2619 1818 2638 ac

1080 2708 1143 2735 Eﬂ'.
1159 2705 1252 2733 Ταῦτα
1269 2706 1318 2741 μὲν
1333 2706 1379 2733 οὖν
1394 2706 1432 2737 ὡς
1445 2705 1545 2741 ἔκδηλα
1563 2706 1620 2738 τοῖς
1637 2705 1722 2732 ἅπασι
1737 2712 1818 2738 παρσ-

1045 2754 1125 2781 λίπω.
1158 2751 1229 2787 Ἐγὼ
1247 2751 1269 2779 δ’
1289 2752 1335 2780 ἐπὶ
1348 2752 1379 2779 τὸ
1400 2752 1475 2787 μέγα
1499 2752 1545 2778 καὶ
1565 2751 1664 2786 σεμνὸν
1682 2751 1730 2787 τῆς
1751 2757 1817 2783 παρ-
