1875 3059
162 155 214 186 εὖ

161 211 260 239 Paucis
282 212 373 246 igitur,
389 220 448 246 qua:
463 213 616 248 cupiebam.
632 213 704 241 hunc
724 214 749 242 in
767 215 874 242 modum
896 213 1049 248 explicatis,

162 267 234 285 nunc
251 259 351 286 refero.

780 156 910 186 IIEODU
917 156 955 186 LI
976 156 1150 186 MONACHI

1734 157 1792 189 283

1090 214 1124 240 ad
1170 213 1338 247 superiorem
1368 215 1429 240 vita:
1468 216 1654 242 narrationem
1693 216 1792 250 pedem

196 305 289 333 LXXI.
312 306 357 334 llis
373 314 455 341 porro
469 307 495 333 iu
508 307 590 334 rebus
607 308 728 335 versanti
746 309 824 336 beato
838 307 941 343 Grego-

1031 303 1096 332 OA'.
1118 303 1162 330 ’Ev
1183 303 1275 330 τοίνυν
1289 303 1424 334 τοιούτοις
1449 303 1506 330 δντι
1530 303 1569 338 τῷ
1595 304 1725 339 μακαρίῳ
1741 304 1790 331 κα.ὶ

164 352 214 382 rio,
242 353 405 386 pietatisque
439 352 548 379 scholas
577 353 604 380 in
629 353 715 380 Ponto
740 354 944 382 studiosissime

162 397 249 423 adhuc
265 397 377 424 sectanti
391 417 398 428 ,
415 397 511 424 litterae
528 405 542 424 a
564 402 641 432 patre
661 399 812 426 redduntur
829 398 897 426 adeo
913 398 945 426 iis

162 442 215 469 lius
245 447 370 476 urgentes
397 443 553 476 adventura,
584 448 614 471 υι
647 444 714 471 nihil
734 445 844 471 omnino
873 444 944 471 aliud

161 487 377 520 pmvertendnm
416 488 565 516 videretur.
595 489 700 523 Quippe
731 489 848 517 Caesarie
877 490 944 522 lilio.

161 534 255 567 procul
279 535 366 568 patria
386 535 534 568 exstincto,
562 536 636 562 nullo
657 544 747 563 rerum
772 545 883 564 suarmn
902 545 946 564 re—

160 577 225 604 licto
238 579 355 610 haerede,
367 587 420 606 non
437 587 532 611 uxore.
551 588 604 607 noo
619 581 730 614 liberis;
751 589 811 608 nam
826 583 945 609 caelibem

163 631 271 657 semper
287 624 368 651 vitam
383 631 474 659 egerat
488 633 495 658 ;
515 627 644 661 omnique
660 628 731 659 ideo.
747 629 896 655 secundum
911 629 948 655 ie-

159 676 218 703 ges.
232 670 265 695 ad
282 675 409 703 parentes
431 671 555 698 devoluta
587 672 744 700 haereditate
758 682 764 699 :
779 673 823 701 hic
839 675 946 708 quando

161 719 239 748 pater
265 714 334 748 ipse,
359 722 420 742 cum
442 721 523 743 astate
547 724 578 744 ac
597 718 752 745 valetudine
770 719 870 750 fessus,
890 723 946 746 lum

161 759 313 786 domestico
331 760 383 786 hoc
391 760 503 788 vulnere
516 762 606 789 animo
620 762 762 797 languens,
781 763 860 790 rebus
877 769 948 790 trac-

163 804 252 831 tandis
267 804 354 838 impar
369 811 441 832 esset
455 814 462 832 :
481 814 531 833 nec
547 807 653 834 obviam
678 808 884 835 iutmiueutilms
908 809 948 834 iu-

165 850 246 882 vidis,
260 855 284 876 et
315 851 440 878 inaliena
470 856 601 888 tanquam
615 862 662 880 sua
682 854 871 881 invadentibus
896 854 946 886 ire,

162 903 328 930 manumque
360 904 508 926 conserere
533 899 652 930 valeret;
668 907 751 927 causa
777 905 866 928 autem
889 901 946 927 hzec

161 947 231 972 erat,
248 943 318 976 quod
335 943 477 976 Czesarius,
503 945 548 979 qui
577 946 633 973 fisci
661 946 792 980 principis
827 951 946 980 quaestor

995 351 1048 377 τῶν
1058 349 1105 376 τοῦ
1117 349 1219 376 Πόντου
1231 349 1447 384 φροντιστηρίων
1457 349 1494 376 ἔτ’
1503 349 1625 384 ἐχομένῳ
1637 350 1792 385 γράμματα

999 396 1074 430 παρᾶ
1101 395 1150 422 τοῦ
1182 395 1284 430 πατρὸς
1323 395 1488 428 ἀφικνεῖται,
1516 395 1589 421 οὕτω
1617 396 1667 430 τὴν
1693 395 1792 429 ἄφιξιν

995 441 1190 469 ἐπισπεύδοντα
1203 441 1241 472 ὡς
1258 441 1342 476 μηδὲν
1365 440 1402 467 ἔτ’
1416 441 1479 468 ἄλλο
1494 440 1549 467 τῶν
1570 441 1678 468 πάντων
1697 442 1789 468 δοκεῖν

998 487 1230 521 προύργιαίτερον
1255 484 1404 513 εἶναι’τοῦ
1431 486 1484 521 γὰρ
1511 486 1606 518 παιδὸς
1635 486 1788 522 Καισαρίου

997 533 1040 559 ἐπ’
1057 533 1212 568 ἀλλοδαπῆς
1234 533 1280 558 τὸν
1296 532 1353 566 βίον
1379 532 1568 564 ἀπολιπόντος,
1589 533 1637 560 καὶ
1659 533 1786 568 Nam-

997 579 1059 605 νοῦν
1072 579 1128 605 τοῦε
1142 578 1243 613 κλήρου
1259 578 1380 613 διάδοχον
1404 578 1520 613 ἔχοντος,
1535 579 1565 604 οὐ
1587 579 1703 613 γυναῖκα
1717 599 1725 612 ,
1753 579 1788 605 οὺ

997 625 1092 657 τέκνα,
1107 625 1170 651 οὑδὶ
1185 625 1240 660 γὰρ
1266 624 1388 659 ὡμίλησε
1405 625 1498 660 γάμῳ,
1525 625 1594 651 ἀλλὰ
1619 625 1670 659 τῆς
1690 625 1788 657 οὐσίας

998 672 1105 706 ἀπάσης
1121 672 1168 698 ἐπὶ
1182 673 1244 702 τοὺς
1260 671 1457 706 γεγεννηκότας
1471 672 1542 698 κατὰ
1565 671 1611 698 τὸν
1626 671 1707 706 νόμον
1729 672 1786 698 ιού-

999 726 1058 750 σης,
1073 717 1223 752 ἐπειδήπερ
1249 718 1262 743 ὁ
1287 717 1377 751 πατὴρ
1403 717 1447 743 καὶ
1463 718 1556 751 γήρως
1581 718 1674 744 εἵνεκα
1696 718 1783 751 λέγω,

998 764 1045 790 καὶ
1067 763 1166 795 νόσου,
1187 764 1233 790 καὶ
1258 764 1307 797 τῆς
1332 763 1522 797 κατασχούσης
1546 764 1628 790 αὖτὸν
1650 763 1684 790 δι’
1702 764 1787 790 αὑτὸν

998 808 1130 843 ἀθυμίας,
1157 808 1208 843 οὐχ
1236 805 1290 839 οἷός
1317 817 1346 834 τε
1366 806 1400 842 ἦν
1427 809 1573 843 πράγμασι
1591 808 1709 843 χρῆσθαι
1739 808 1789 835 καὶ

999 855 1068 889 πρὸς
1092 855 1156 886 τοὺς
1175 855 1367 889 ἐπικειμένους
1391 855 1444 880 τῶν
1469 853 1639 888 φθονούντων
1659 854 1706 880 καὶ
1728 855 1789 884 τοῖς

998 899 1150 935 ἀλλοτρίοις
1175 899 1346 931 ὠςόικείοις
1373 899 1570 934 ὲπιπηδὼντων
1593 900 1716 935 ἀντέχειν
1740 901 1789 926 καὶ

998 946 1190 980 διαμάχεσθαι·
1202 946 1275 972 αἰτία
1287 946 1314 972 δὲ
1323 943 1357 980 ἧν
1371 945 1402 972 τὸ
1418 946 1464 972 τὸν
1479 945 1630 981 Καισάριον
1645 945 1698 972 τῶν
1709 945 1790 980 βασι-

162 988 267 1019 fuisset,
286 996 371 1022 eaque
389 997 419 1016 re
430 990 548 1024 aliquant
566 991 680 1025 publicae
699 992 820 1025 pecuniae
839 998 941 1026 partem

1031 991 1077 1018 ίων
1111 991 1256 1027 θησαυρῶν
1285 991 1452 1026 γεγενῆσθαι
1484 991 1604 1026 ταμίαν,
1638 991 1789 1018 κάντεῦθεν

161 1042 255 1061 secum
280 1035 432 1067 habuisset,
469 1037 528 1070 iege
551 1040 763 1071 repetundarum
793 1044 944 1067 teneretur.

160 1079 323 1114 Gregorium
355 1081 447 1115 itaque
470 1082 566 1115 filimu,
594 1084 641 1118 qui
671 1092 714 1111 res
731 1084 865 1119 ejusmodi
886 1085 945 1120 pul-

160 1126 226 1152 chre
243 1130 321 1153 uorat
333 1128 497 1160 expedire,e
507 1128 594 1155 Ponto
609 1129 641 1155 ad
651 1136 680 1155 se
695 1133 821 1156 revocare
836 1137 947 1156 necesse

162 1170 265 1196 habuit.
278 1171 311 1196 At
328 1170 382 1201 ille.
397 1171 439 1198 eui
454 1171 522 1204 patri
537 1179 589 1198 nou
605 1173 793 1206 obtemperare
809 1181 944 1200 summum

161 1215 243 1242 facile
270 1215 345 1242 Itcfus
371 1216 532 1248 habebatur,
556 1222 584 1243 (ιι
606 1218 651 1252 qui
664 1218 750 1250 ipsum
770 1218 835 1245 item
849 1218 943 1246 Jusum

161 1268 250 1287 meum
266 1262 320 1288 suis
333 1262 491 1295 parentibus
505 1263 574 1290 dicto
590 1264 757 1291 obedientem
773 1264 856 1291 fuisse
873 1265 943 1292 scie-

165 1307 221 1339 bat,
241 1307 370 1334 continuo
409 1308 513 1339 aderat,
545 1309 615 1336 haud
645 1317 694 1336 sua
725 1310 833 1344 quidem
864 1311 943 1344 plane

160 1357 266 1385 sponte,
289 1357 314 1379 et
336 1354 433 1387 partim
448 1353 492 1380 ille
513 1359 601 1381 tamen
624 1362 671 1382 sua
693 1363 801 1390 quoque
825 1361 941 1391 sponte:

160 1396 244 1423 invite
262 1396 400 1428 nimirum.
429 1399 501 1432 quod
528 1399 662 1433 religiosae
684 1401 783 1435 quietis
805 1409 871 1434 suae,
888 1410 941 1429 non

996 1036 1134 1071 δημοσίων
1151 1036 1224 1063 ἐστιν
1243 1033 1280 1063 ὧν
1303 1036 1456 1071 εὐπορῆσαι
1478 1036 1629 1070 χρημάτων
1657 1035 1705 1062 καὶ
1729 1036 1788 1061 δεῖν

998 1082 1085 1109 ταῦτα
1101 1082 1276 1115 καταϐαλεῖν,
1295 1083 1334 1113 είς
1351 1083 1475 1116 ἀνάγκην
1489 1082 1606 1117 κατέστη
1619 1082 1665 1108 τὸν
1680 1081 1788 1116 Γρηγό-

998 1136 1057 1162 ριον
1079 1128 1185 1154 ἐκεῖθεν
1207 1127 1274 1161 πρὸς
1290 1127 1386 1153 tatuer
1416 1127 1669 1162 μεταπέμψασθαι,
1697 1128 1787 1154 δεινὸν

998 1174 1063 1200 δντα
1075 1174 1108 1200 τὰ
1128 1173 1241 1199 τοιαῦτα
1265 1173 1422 1208 περαίνειν·
1441 1173 1488 1200 καὶ
1506 1173 1535 1204 ὃς
1557 1173 1587 1200 τό
1606 1182 1636 1199 τε
1666 1173 1704 1208 μὴ
1728 1174 1789 1199 πει-

999 1219 1094 1246 θεσθαι
1116 1220 1202 1253 πατρὶ
1233 1219 1286 1245 τῶν
1308 1219 1492 1246 ἀτοπωτάτων
1514 1219 1638 1254 νομίσας.
1657 1219 1704 1244 καὶ
1726 1218 1788 1252 ἅμα

999 1265 1044 1292 τὸν
1057 1266 1122 1299 ὲμδν
1145 1264 1248 1300 Ἰησοῦν
1260 1265 1482 1299 ὑποτασσόμενον
1496 1265 1553 1294 τοῖς
1565 1264 1690 1297 γονεῦσιν
1706 1264 1788 1295 εἰδὼς

996 1311 1097 1338 αὐτίκα
1110 1311 1202 1345 παρῆν
1215 1319 1221 1326 '
1236 1310 1294 1336 οὔτι
1306 1310 1421 1343 έκώνγε,
1444 1310 1492 1336 καὶ
1505 1309 1576 1336 ἑκὼν
1589 1310 1617 1336 ἔν
1633 1309 1671 1344 τῷ
1687 1310 1786 1344 μέρει”

995 1357 1027 1383 τὸ
1052 1357 1111 1392 μὲν,
1131 1355 1172 1387 οἷς
1196 1357 1343 1392 ἡσυχάζειν
1366 1357 1472 1391 ᾑρεῖτο·
1497 1356 1545 1383 καὶ
1569 1355 1606 1391 μὴ
1632 1357 1787 1390 πράγματα

993 1403 1090 1438 ῑσχειν,
1112 1402 1167 1429 τόδ’
1182 1400 1222 1434 οἷς
1239 1402 1350 1436 ἔμελλεν
1363 1402 1434 1436 ὑπὲρ
1449 1401 1499 1435 τῆς
1513 1401 1560 1428 τοῦ
1577 1402 1710 1435 συγγόνου
1727 1402 1782 1437 ψυ-

160 1441 246 1469 lilium
262 1450 294 1470 ac
308 1443 493 1470 molestiarum
515 1451 610 1472 amans
624 1451 707 1478 esset,
722 1451 747 1473 et
764 1454 812 1473 sua
833 1455 940 1474 rursum

1031 1457 1042 1480 ς
1063 1449 1212 1483 φροντιεῖν,
1232 1449 1280 1474 καὶ
1296 1448 1343 1473 τὸν
1357 1446 1464 1482 πατέρα
1478 1448 1604 1482 κουφιεῖν
1622 1448 1670 1480 τῆς
1696 1448 1787 1478 ἀνίας,

159 1495 264 1523 sponte,
281 1490 352 1524 quod
368 1490 547 1519 fraternarum
563 1494 681 1519 manium
698 1500 807 1521 causam
826 1499 1013 1529 suscepturus,
1037 1501 1194 1529 patremque
1228 1501 1330 1528 angore
1352 1498 1434 1528 atque
1468 1493 1631 1527 aegritudine
1664 1501 1711 1520 sua
1745 1494 1788 1522 le-

159 1542 272 1564 vaturus
290 1543 372 1566 OSSCL

196 1583 301 1613 LXXII.
321 1584 387 1617 Quae
406 1585 499 1612 omnia
523 1591 552 1613 ut
568 1591 642 1613 recte
663 1592 744 1621 atque
758 1589 853 1615 ordine
865 1596 941 1616 com-

160 1634 298 1663 posuerat,
319 1631 354 1656 ita
372 1635 400 1656 ut
416 1631 656 1665 quadruplatorum
686 1641 695 1658 ι
716 1639 822 1660 montes
849 1642 944 1661 omnes

1031 1586 1093 1612 OB’.
1109 1585 1164 1611 Καὶ
1180 1584 1270 1610 τοίνυν
1286 1583 1357 1610 οὕτω
1374 1583 1423 1620 μὲν
1435 1583 1523 1610 πάντα
1538 1582 1624 1610 ταῦτα
1638 1583 1729 1614 καλῶς
1738 1579 1789 1611 καὶ

998 1631 1035 1662 ὡς
1051 1630 1136 1666 ἐχρῆν
1151 1629 1262 1661 διαθεὶς,
1278 1628 1316 1660 ὡς
1330 1629 1384 1656 πᾶν
1401 1629 1463 1663 δρος
1477 1628 1526 1655 καὶ
1541 1628 1636 1663 βουνὸν
1649 1637 1789 1662 συκοφαν-

161 1675 316 1708 collesque,
352 1677 501 1703 secuudum
533 1676 680 1710 Isaia-it",
713 1679 941 1713 deprimerentur.

1031 1677 1070 1702 ιδν
1091 1676 1159 1702 κατὰ
1178 1676 1224 1702 τδν
1245 1675 1359 1701 Ἡσαΐαν
1383 1674 1609 1708 ταπεινωθῆναι,
1636 1675 1683 1701 καὶ
1706 1676 1788 1708 γενέ-

161 1726 189 1747 et
204 1720 378 1748 aufractuosa
401 1727 475 1749 recta
500 1730 532 1750 ac
552 1724 633 1757 plana
649 1724 758 1756 flerent,
780 1735 789 1750 ι
806 1726 899 1753 adhuc
915 1731 942 1753 ut

162 1766 274 1793 fratrem
291 1774 468 1802 sororemque
483 1768 660 1803 Gorgouiam,
690 1770 825 1804 ejusmodi
838 1771 945 1799 concio-

162 1813 241 1839 uibus
257 1812 415 1840 funebribus
431 1813 568 1845 laudarat.
587 1823 647 1849 quae
664 1821 803 1849 stuporem
817 1818 944 1845 omnibus

162 1859 428 1893 :ulmirationemque
442 1859 525 1892 cient,
549 1861 617 1895 patri
637 1861 729 1888 itidem
756 1862 879 1889 bifariam
897 1871 946 1890 au-

161 1904 228 1931 xilio
245 1904 306 1935 fuit.
319 1911 376 1932 tum
388 1906 459 1940 quod
479 1907 608 1940 quidquid
632 1907 695 1935 hinc
710 1909 836 1936 mceroris
849 1916 943 1936 conce-

162 1954 239 1982 perat
254 1950 433 1984 abstergeret,
449 1956 504 1978 tum
520 1953 591 1985 quod
613 1959 697 1980 novas
721 1953 794 1980 illiu‘s
811 1954 944 1982 adversus

160 1996 418 2023 consubstantialem
433 1997 479 2024 Dei
493 1998 640 2025 essentiam
653 1999 868 2028 machinationes
881 2008 944 2028 ror-

163 2043 271 2075 rigeret.
284 2041 388 2069 luterea
401 2043 472 2070 enim
494 2044 556 2070 dum
573 2045 599 2070 iu
614 2045 669 2071 otio
683 2052 732 2072 suo
749 2045 818 2072 filius
836 2046 942 2080 agebat,

162 2091 266 2120 putrem
280 2087 366 2113 solum
384 2087 576 2122 interceptum,
593 2090 638 2123 qui
653 2090 710 2117 Arii
726 2090 823 2118 imbuti
838 2092 945 2126 opinio-

161 2131 241 2157 nibus
263 2136 352 2163 erant,
377 2137 404 2159 et
433 2133 559 2161 infucatis
580 2135 744 2169 quibusdam
760 2144 792 2163 ac
807 2137 944 2170 perversis

162 2177 325 2205 ratiunculis
349 2178 576 2212 circumventum,
601 2185 729 2215 statuque
757 2183 855 2209 mentis
878 2190 945 2217 quo-

159 2223 304 2250 dammodo
315 2224 457 2257 diutotnm,
475 2226 501 2252 in
514 2226 584 2254 hanc
597 2226 719 2254 fraudem
736 2228 895 2262 impellunt:
914 2232 944 2256 ut

159 2273 254 2296 eontra
273 2271 479 2298 coessentialem
498 2271 543 2299 Dei
560 2277 683 2299 naturam
702 2281 781 2300 suum
807 2274 873 2309 ipsis
889 2275 944 2302 cal-

158 2314 250 2342 rulum
279 2315 401 2349 adderet,
431 2316 586 2352 litterisque
609 2319 785 2353 praescriptis.
815 2319 942 2346 damnata

159 2361 250 2395 priore
267 2363 412 2395 sententia.
430 2370 492 2391 cum
512 2363 566 2391 illis
582 2363 693 2396 faceret,
718 2365 764 2399 qui
789 2364 943 2392 similitudi-

159 2417 219 2435 nem
235 2409 351 2444 aliquam
369 2410 396 2437 in
413 2409 560 2438 Divinitate
574 2412 708 2442 sciscant.
723 2417 805 2447 atque
825 2414 874 2440 hoc
892 2421 941 2447 pa-

158 2459 203 2480 cto
231 2459 318 2482 tuma
346 2457 518 2484 coessenliali
549 2457 692 2490 Triuitate,
722 2459 939 2494 quandoquidem

159 2502 237 2527 novis
258 2501 332 2528 hisce
359 2502 466 2536 placitis
489 2504 544 2530 suis
571 2504 656 2538 ipsam
681 2505 844 2540 diremptum
874 2505 939 2538 ibat,

159 2547 336 2580 SCIIICIipSIIIIl
365 2555 514 2582 separaret.
548 2554 603 2577 ιιιιιι
617 2559 630 2576 ﬂ
647 2558 676 2577 se
694 2558 796 2584 suaque
820 2558 942 2578 COIIIIHU-

159 2592 241 2619 uioue
253 2598 369 2621 caeteros
395 2594 562 2628 sejungeret,
590 2601 615 2622 et
645 2596 707 2624 illos
737 2597 873 2630 videlicet,
896 2597 941 2631 qui

159 2637 310 2664 solitariam
342 2641 457 2674 aniplexi
489 2643 582 2674 vitam,
605 2642 689 2670 Deum
707 2643 766 2670 sine
787 2643 841 2670 ulla
857 2644 942 2670 inter-

161 2681 288 2710 missione
314 2690 484 2718 contuentur,
506 2692 534 2714 et
553 2693 687 2722 quotquot
705 2688 805 2722 alioqui
822 2688 940 2722 pietatis,

159 2732 188 2754 et
205 2730 409 2762 congruentium
439 2731 532 2766 pietati
563 2733 728 2765 officiorum,
745 2741 809 2760 cura
826 2739 942 2768 tangun-

997 1722 1060 1748 σθαι
1073 1722 1107 1748 τὰ
1127 1721 1222 1747 σκολιὰ
1246 1721 1285 1752 είς
1301 1720 1382 1747 εὐθέα
1394 1728 1402 1736 ⁸
1417 1720 1508 1754 λόγοις
1528 1720 1550 1746 δ’
1568 1720 1726 1754 ἐπιταφίοις
1741 1721 1788 1746 τὸν

996 1767 1108 1801 ἀδελφὺν
1135 1765 1291 1801 προσειπὼν
1316 1767 1363 1792 καὶ
1391 1766 1441 1800 τὴν
1468 1765 1585 1801 ἀδελφὴν
1620 1765 1788 1800 Γοργονίαν,

996 1814 1101 1843 πάντας
1115 1813 1155 1842 είς
1169 1811 1302 1846 ἔκπληξιν
1336 1813 1382 1838 καὶ
1396 1811 1490 1846 θαῦμα
1510 1811 1642 1842 κινοῦσιν,
1662 1811 1676 1837 δ
1691 1811 1718 1837 δὲ
1739 1812 1786 1837 καὶ

995 1859 1034 1894 τῷ
1051 1858 1134 1892 πατρὶ
1163 1858 1243 1892 διπλῇ
1278 1857 1391 1892 βοηθεῖ·
1417 1857 1455 1891 τῷ
1477 1866 1507 1883 τε
1533 1857 1587 1884 τῶν
1611 1857 1658 1883 ἐπὶ
1680 1856 1788 1889 τούτοις

996 1904 1163 1940 δυσχερειῶν
1179 1903 1345 1935 ἀπαλλάξαι,
1362 1904 1408 1929 καὶ
1421 1903 1459 1938 τῷ
1473 1904 1521 1938 τὴν
1537 1904 1608 1930 κατὰ
1623 1903 1670 1929 τοῦ
1687 1904 1788 1938 όμοου-

997 1951 1055 1977 σίου
1073 1949 1248 1984 καινοτομίαν
1259 1949 1473 1983 διορθώσασθαι·
1488 1950 1584 1976 τούτου
1599 1950 1654 1984 γὰρ
1666 1951 1786 1982 ἀπόντος

995 1997 1024 2024 έν
1040 1997 1149 2032 ἠσυχίᾳ,
1167 1996 1247 2030 μόνον
1265 1996 1290 2022 oi
1306 1996 1340 2022 τὰ
1370 1996 1478 2030 ’Δρείου
1504 1995 1666 2030 φρονοῦντες
1680 1996 1787 2022 ἐκεῖνον

995 2043 1188 2076 ἀπειληφότες,
1211 2041 1257 2068 καὶ
1274 2041 1364 2076 λόγοις
1378 2041 1518 2075 κιδδήλοις
1534 2041 1580 2067 καὶ
1596 2041 1787 2075 διεστραμμέ-

995 2097 1051 2120 νοις
1067 2089 1149 2116 αὐτὸν
1172 2088 1345 2118 ὑπελθόντες,
1371 2088 1418 2114 καὶ
1440 2084 1495 2114 οἷον
1519 2088 1705 2122 ὲκστήσαντες
1719 2087 1787 2113 ἐαυ-

995 2135 1055 2168 τοῦ,
1068 2135 1192 2162 πείθουσι
1215 2136 1294 2170 σφίσι
1321 2135 1392 2161 κατὰ
1408 2134 1454 2161 τοῦ
1475 2135 1619 2169 όμοουσίου
1637 2134 1786 2161 συνθέσθαι

995 2181 1044 2208 καὶ
1061 2181 1105 2207 διὰ
1116 2181 1300 2216 γραμμάτων,
1313 2180 1343 2207 τὸ
1356 2181 1416 2215 μὲν,
1429 2181 1566 2207 ἀπειπεῖν.
1581 2181 1642 2211 Τοῖς
1653 2179 1682 2207 δὲ
1696 2181 1784 2213 ξυνει-

995 2228 1057 2254 πεϊν
1072 2228 1102 2254 τὺ
1115 2228 1269 2262 ὁμοιοῦσιον
1285 2227 1495 2262 δογμάτίζουσι⁶
1508 2227 1556 2253 καὶ
1572 2226 1719 2261 διαστῆσαι
1734 2227 1786 2262 μὲν

995 2273 1093 2300 ἑαυτὸν
1122 2273 1171 2307 τῆς
1195 2273 1341 2308 δμοουσίου
1361 2273 1486 2305 Τριάδος,
1506 2271 1603 2306 ἔπειδὴ
1620 2271 1667 2298 καὶ
1680 2271 1786 2305 ταύτην

995 2319 1076 2350 αὐτὸς
1087 2319 1241 2354 διέστησεν,
1256 2316 1296 2351 οἷς
1310 2319 1449 2350 συνέθετο,
1461 2319 1605 2353 διαστῆσαι
1619 2319 1646 2344 δὲ
1660 2320 1709 2346 καὶ
1721 2319 1786 2349 τοὺς

995 2366 1092 2398 ἄλλους
1117 2365 1217 2392 ἑαυτοῦ
1237 2374 1266 2392 τε
1288 2366 1334 2392 καὶ
1358 2366 1408 2399 τῆς
1426 2364 1510 2391 αὑτοῦ
1533 2365 1691 2395 κοινωνίας·
1718 2364 1784 2396 τούς

996 2420 1027 2438 τε
1039 2411 1084 2438 τὸν
1100 2411 1243 2446 μοναδικδν
1262 2410 1318 2446 βίον
1334 2410 1486 2442 ἀσκοῦντας
1501 2409 1628 2445 καὶπρὸς
1644 2410 1712 2436 om
1729 2410 1785 2436 αἰεὶ

997 2459 1154 2494 βλέποντας,
1170 2459 1217 2485 καὶ
1234 2459 1306 2490 ὅσοις
1319 2458 1415 2493 ἔμελεν
1429 2457 1585 2489 εὐσεϐείας,
1598 2457 1645 2484 καὶ
1661 2457 1708 2484 τοῦ
1722 2458 1783 2484 κατ’

995 2505 1081 2539 αὐτὴν
1092 2505 1256 2539 γιγνομένου
1267 2511 1274 2519 ⁸
1298 2504 1370 2530 οὕτω
1385 2504 1407 2530 δ’
1431 2503 1529 2539 ἔχοντα
1549 2503 1644 2529 τοῦτον
1659 2504 1673 2529 ὁ
1694 2503 1783 2537 μέγας

994 2551 1094 2587 εὑρὼν,
1107 2552 1188 2586 ἀλγεῖ
1203 2551 1253 2585 μὲν
1267 2550 1304 2582 ὼς
1321 2550 1394 2582 εἰκὸς
1413 2551 1460 2577 καὶ⁸
1480 2549 1548 2584 πρὸς
1562 2550 1611 2582 τὴν
1628 2548 1784 2582 μεταϐολὴν

994 2597 1177 2632 δυσχεραίνει,
1195 2598 1242 2623 καὶ
1263 2596 1426 2631 συνάχθετςιι
1440 2595 1514 2630 αὑτῴ
1533 2591 1579 2622 τοῦ
1596 2595 1680 2629 ταύτῃ
1697 2595 1784 2629 προῆ-

994 2643 1068 2678 χθαι,
1084 2643 1120 2674 ὡς
1137 2644 1175 2678 μὴ
1191 2643 1271 2678 μόνον
1284 2642 1334 2677 τὴν
1349 2644 1377 2668 ἐν
1394 2642 1497 2669 ἅπασιν
1513 2640 1594 2668 αὐτοῦ
1614 2641 1670 2671 τοῖς
1687 2641 1783 2670 καλοῖς

996 2689 1138 2723 εὐγένειαν
1152 2689 1198 2715 καὶ
1214 2688 1281 2722 πρὸς
1303 2688 1402 2723 ἀρετὴν
1415 2687 1576 2722 εὐκληρίαν.
1597 2687 1665 2714 ἀλλὰ
1683 2686 1731 2713 καὶ
1747 2686 1782 2720 ἢν

995 2735 1095 2766 πάντες
1115 2735 1178 2769 περὶ
1194 2733 1278 2761 αὑτοῦ
1292 2734 1370 2765 δόξαν
1387 2731 1460 2768 εἶχον
1479 2732 1628 2768 ἀμὸλῦναι.

162 2778 216 2801 tur.
236 2775 291 2803 lluc
310 2777 384 2804 illum
408 2779 487 2814 igitur
506 2781 547 2808 vir
569 2781 703 2808 maximus
715 2781 842 2809 affectum
861 2781 941 2809 modo
959 2788 1087 2812 cernens.
1103 2788 1154 2816 pro
1188 2788 1221 2808 eo
1237 2787 1303 2808 sane
1327 2787 1359 2808 ac
1382 2780 1476 2807 debuit
1500 2779 1660 2814 gravissime
1689 2777 1783 2805 animo

197 2864 219 2879 "
233 2864 273 2892 lsu
293 2874 333 2896 δι,
355 2869 381 2896 4.
