1875 3059
94 131 146 164 289
532 134 729 166 LAUDATIO
747 135 776 165 S.
800 133 993 166 GREGORII
1009 136 1216 168 THEOIDGI.
1663 143 1715 176 ρςο

92 191 327 223 commovebatur,
341 194 369 220 et
384 193 453 220 hanc
481 194 622 221 sententiae
637 194 880 221 commutationem
900 194 1061 229 permoleste
1079 194 1191 227 terebat,
1208 199 1235 222 et
1247 195 1332 222 vicem
1361 195 1434 224 illius
1454 196 1529 231 juxta
1563 205 1623 225 cum
1657 199 1716 233 ipso

92 235 220 269 dolebat;
249 245 282 264 eo
308 238 437 265 nimirum
455 239 542 273 ipsum
569 241 663 267 hacin
679 248 707 267 re
722 245 878 275 provectum
900 239 994 273 fuisse,
1020 245 1049 267 ut
1086 249 1138 268 non
1168 241 1246 268 lllOtIO
1279 242 1406 269 eximiam
1436 243 1463 270 in
1485 244 1623 278 pra-claris
1639 246 1717 273 rebus

92 282 220 309 omnibus
236 288 341 311 natura:
358 292 414 311 suae
437 285 613 318 nobilitatem,
632 291 659 314 et
674 287 766 314 felices
802 288 827 313 in
861 286 959 314 virtute
985 295 1155 322 progressus,
1181 295 1274 315 verum
1301 289 1382 316 etiam
1426 291 1567 325 egregiam
1597 292 1716 318 omnium

93 328 124 354 de
147 328 207 360 ipso
224 329 453 358 existimationem
473 333 629 359 retunderet
651 341 682 360 ac
705 333 874 360 obscuraret.

126 373 188 401 or'.
210 374 300 410 ὐρῶν
311 376 340 403 δὲ
354 377 438 403 αὐτὸν
453 378 508 409 τοῖς
522 380 571 412 τῆς
588 380 771 414 μεταμελείας
784 380 865 415 eam

969 378 1087 407 LXXIII.
1113 378 1160 406 Ubi
1178 380 1342 412 pmnitcnlia:
1368 385 1458 407 autem
1475 381 1595 408 stimulis
1613 386 1716 413 patrem

94 428 175 454 μενον
190 420 317 455 κέντροις
342 423 391 448 καὶ
414 423 473 450 ὃ).ον
489 426 622 457 γεγονότα
645 426 695 459 τῆς
723 426 811 460 λύπης
832 427 880 452 καὶ

93 466 207 500 προσέτι
219 467 268 501 τὴν
284 468 394 503 ἀπάτην
410 469 524 504 νομίσας
540 471 585 505 ὑφ’
599 471 750 505 ἁπλότητος
767 468 881 506 γεγενῆ-

93 511 166 543 σθαι,
183 512 280 547 ἐπειδὴ
297 513 329 539 τὸ
341 514 486 549 γενόμενον
502 516 552 542 οὐκ
566 516 598 542 ἄν
618 517 677 542 ποτ’
693 516 736 550 εἴη
750 516 787 552 μὴ
803 525 880 550 γεγοσ

92 556 147 587 νὸς,
164 557 356 591 ἀναλαμϐάνει
375 567 405 585 τε
422 559 516 586 τοῦτον
535 560 616 591 εὐθὺς
639 561 804 596 σπλάγχνοις
817 570 882 596 χρη-

94 602 236 636 στότητος,
264 604 311 629 καὶ
330 605 542 639 παραμυθεῖται,
569 607 616 632 καὶ
641 607 690 641 τῆς
712 607 761 641 μὲν
777 607 881 641 πλάνης

93 646 214 679 ἀπάγει,
235 648 304 681 πρὸς
320 648 347 674 δὲ
365 649 413 684 τὴν
429 649 561 683 ἀλήθειαν
578 650 711 684 ἐπανάγει
722 670 729 682 ,
749 651 796 677 καὶ
813 651 881 685 μᾶλ-

93 692 137 717 ὶον
151 692 166 725 ἧ
181 692 302 726 πρόσθεν
315 693 407 720 δίδωσι
426 696 457 728 τῇ
474 695 580 730 Τριάδι·
597 696 763 731 νουθετήσας
780 696 880 727 ἱκανῶς

94 739 140 764 καὶ
151 738 264 770 διδάξας
292 739 366 770 ὅπως
376 740 416 766 δεῖ
429 741 530 774 ταύτης
540 742 659 776 γνησίως
669 741 880 773 ἀντιποιεῖσθαι,

94 784 138 808 καὶ
151 783 210 815 τοῖς
225 786 371 818 πατρικοῖς
385 786 457 820 ὅροις
471 787 611 820 ἐμμένειν,
629 788 676 814 καὶ
690 788 773 822 μηδὲν
785 796 882 822 περαι-

94 830 164 862 τέρω
179 830 315 864 προάγειν
327 839 333 845 ·
352 831 398 861 οὓς
415 833 462 858 καὶ
477 833 581 863 πάντας
595 833 645 868 μὲν
658 834 720 865 τοὺς
740 834 788 867 τῆς
800 834 881 859 εὐσε-

94 874 165 905 δείας
188 876 351 909 τροφίμους,
368 878 458 911 πολλῷ
474 878 503 904 δὲ
521 879 601 905 πλέον
618 879 681 909 τοὺς
691 879 745 905 τῶν
768 879 882 914 Ἐκκληι

94 919 156 944 σιῶν
185 920 416 953 προσαιτοῦντας,
443 925 490 950 καὶ
524 924 680 958 ποιμαίνειν
713 923 882 958 ἠξιωμένους

93 963 259 990 ἐπίστασθαι
272 965 338 1000 χρὴ,
349 966 469 998 καὶτοὺς
481 967 576 998 ἄλλους
591 968 728 995 διδάσκειν
739 968 879 1002 δύνασθαι,

92 1008 151 1033 ὅσον
166 1010 268 1035 ἐκεῖνοι
285 1010 335 1044 μὲν
348 1011 418 1045 ὑπὲρ
438 1014 513 1046 σφῶν
535 1013 637 1045 αὐτῶν,
663 1010 736 1040 οὗτοι
750 1013 789 1046 δὲ,
811 1014 881 1049 ὑπέρ

934 426 1058 456 fodicari,
1082 426 1250 459 tristitiaeque
1275 434 1304 453 se
1334 430 1418 453 totum
1445 427 1509 453 dare
1536 428 1715 462 intelligoliat,

932 476 1007 498 ratus
1023 471 1103 498 simul
1131 479 1203 498 mera
1222 472 1306 498 animi
1329 472 1502 506 simplicitate
1524 473 1549 499 in
1565 473 1635 499 hanc
1651 473 1717 499 inci-

932 517 1002 543 disse
1030 516 1165 547 fraudenr,
1195 517 1303 550 quando
1318 517 1390 551 quod
1415 517 1497 544 semel
1514 518 1622 551 :I'actnm
1647 523 1716 550 erat,

931 563 1058 590 infectum
1079 562 1135 589 ﬁeri
1156 563 1455 596 ncquibat,visceribns
1472 564 1614 590 cliaritatis
1627 565 1714 597 ipsum

931 617 946 636 c
964 609 1075 643 vestigio
1087 609 1210 643 suscipit,
1228 614 1253 635 et
1267 611 1432 640 consolatur,
1447 615 1472 636 et
1486 610 1520 637 ab
1530 617 1621 637 errore
1635 618 1714 637 arer-

931 662 991 681 sum
1010 656 1042 680 ad
1057 655 1197 681 veritatem
1221 654 1334 686 reducit,
1365 654 1503 688 magisque
1528 655 1607 681 etiam
1633 663 1714 687 quam

932 704 1010 726 antea
1022 700 1201 727 sanctissimae
1216 699 1345 726 Trinitati
1363 700 1454 731 tradit,
1471 699 1547 733 plene
1570 700 1658 733 ipsum
1676 702 1716 725 vi;

931 744 1029 771 delicet
1043 744 1232 777 cumulateque
1247 744 1505 775 commonefaciens,
1522 749 1548 770 et
1566 744 1714 774 instruens.

931 798 984 824 quo
998 790 1110 816 omnino
1127 794 1206 823 pacto
1220 790 1364 822 genuinum
1379 789 1403 815 in
1421 791 1530 816 modum
1544 790 1713 824 amplecten-

931 836 964 862 da
987 834 1108 862 Trinitas
1130 835 1182 867 sit;
1211 835 1427 869 manendmuque
1445 835 1515 861 intra
1533 835 1641 861 Patrum
1660 840 1715 861 ter-

931 881 1020 908 minos
1032 887 1104 912 esse,
1123 888 1172 906 nec
1189 881 1230 907 vel
1243 881 1374 906 tantulum
1391 881 1504 908 ulterius
1518 881 1611 915 pedem
1623 880 1713 914 profe-

931 927 1056 955 rendum.
1073 926 1146 959 Quos
1163 927 1285 961 cognitos
1304 928 1404 953 habere
1432 927 1510 957 lines.
1529 933 1622 953 omnes
1636 925 1715 960 equi-

932 972 990 999 dem
1009 972 1117 1006 pietatis
1144 972 1268 999 alumnos
1284 976 1400 1006 oportet,
1418 972 1464 998 sed
1482 971 1598 998 maxime
1612 974 1714 1001 tamen,

932 1017 977 1050 qui
1003 1016 1137 1043 antistites
1150 1015 1347 1046 Ecclesiarum,
1361 1023 1392 1042 ac
1411 1020 1534 1049 pastores
1548 1022 1598 1041 suo
1616 1013 1715 1040 merito

92 1062 121 1079 τε
139 1055 257 1087 ἑαυτῶν,
277 1057 326 1083 καὶ
341 1053 379 1082 ὧν
390 1065 420 1090 γε
435 1058 611 1092 προΐστανται
626 1059 734 1091 πάντως
750 1058 867 1092 ὑφέξουσ

965 1061 1070 1088 nstituti
1091 1067 1165 1092 sunt,
1178 1066 1204 1087 et
1217 1061 1328 1088 eosdem
1343 1061 1425 1087 etiam
1438 1061 1508 1086 alios
1518 1067 1595 1093 posse
1606 1060 1713 1090 docere,

92 1098 183 1133 λᾶγον·
201 1100 262 1127 οὐδὲ
280 1102 334 1136 γὰρ
352 1101 421 1128 εἶναι
442 1103 495 1129 τῶν
513 1105 637 1136 εἰκότων,
657 1105 706 1130 οὐκ
725 1103 807 1138 εἶναι,
822 1107 872 1138 τὴν

93 1144 109 1170 ὃ.
125 1145 176 1179 χρὴ
191 1148 302 1180 φρονεῖν
327 1148 374 1173 καὶ
393 1149 524 1182 πράττειν
540 1150 603 1180 τοὺς
620 1150 718 1181 ἄλλους
737 1151 876 1177 διδάσκειν

94 1189 187 1223 ἔχοντα
204 1190 293 1224 τάξιν,
312 1194 354 1224 εις
370 1193 608 1228 μαθητευομὲνους
621 1196 718 1223 τελεῖν.

929 1106 1019 1132 caeteri
1045 1105 1117 1132 enim
1135 1113 1184 1139 pro
1201 1113 1230 1132 se
1243 1106 1358 1138 quisque
1371 1106 1515 1135 duntaxat.
1531 1104 1556 1130 hi
1574 1108 1663 1129 autem
1686 1107 1714 1128 et

931 1159 980 1185 pro
996 1151 1163 1185 semetipsis.
1178 1155 1206 1178 et
1221 1158 1270 1184 pro
1288 1151 1320 1177 iis
1331 1151 1429 1184 quibus
1447 1153 1569 1185 praesunt
1581 1148 1711 1175 rationem

932 1197 1042 1223 omnino
1081 1196 1215 1223 reddituri
1253 1201 1343 1222 erunt.
1370 1196 1474 1230 Quippe
1501 1194 1712 1228 haudquaquam

96 1237 190 1263 rationi
216 1244 430 1265 consentaneum
455 1247 526 1270 esse,
549 1249 602 1267 non
618 1249 678 1268 esse
690 1242 821 1276 profecto,
841 1247 869 1268 ut
888 1243 943 1276 qui,
975 1249 1034 1276 qua:
1050 1243 1151 1270 sentire
1173 1247 1255 1276 atque
1282 1250 1362 1277 agere
1396 1242 1550 1273 conveniat,
1577 1241 1644 1268 alios
1664 1241 1733 1268 d0"

95 1291 154 1310 cere
163 1284 274 1316 debeat,
286 1292 380 1312 eorum
394 1285 451 1320 ipse
467 1287 605 1321 imperitus
614 1288 660 1319 sit,
681 1294 706 1315 et
717 1296 871 1323 quanquam
890 1289 1009 1316 doctoris
1022 1289 1108 1316 locum
1119 1293 1220 1320 teneat,
1237 1289 1306 1315 inter
1325 1288 1472 1322 discipulos
1504 1287 1592 1314 adhuc
1619 1287 1713 1320 reapse

96 1330 234 1356 consistat.

129 1373 176 1400 οΔ¹
207 1375 229 1400 Τ
248 1375 260 1380 ”
290 1386 322 1393 -κ
371 1374 384 1385 ⁷
487 1377 489 1379 ’
578 1379 607 1394 "-

181 1394 187 1401 .
231 1384 262 1401 ου
280 1377 330 1410 μὲι
355 1385 401 1403 ουν
427 1379 538 1414 πατρὸς,
562 1388 648 1410 οιμως
677 1381 877 1416 ἐπικαιρότατα

95 1420 227 1456 προῦστη,
252 1422 301 1447 καὶ
328 1422 358 1448 ὃν
382 1424 431 1458 τῆς
455 1425 494 1455 είς
515 1425 573 1458 φῶς
600 1427 766 1461 προαγωγῆς
790 1428 877 1454 αἴτιον

95 1466 167 1499 ἔσχε,
196 1466 292 1493 τοῦτον
321 1468 419 1502 ἀμέλει
442 1469 489 1496 τοῦ
516 1471 644 1506 ἀληθινοῦ
664 1473 751 1506 φωτὸς
779 1473 876 1508 μικρὸν

93 1512 337 1546 ἀποπλανηθέντα,
365 1515 433 1550 πρὸς
463 1515 536 1542 τοῦτ’
561 1515 640 1548 αὖθις
668 1517 701 1544 αὖ
726 1519 874 1552 ἐπανῆγεν,

93 1557 261 1592 εὐγνώμονος
289 1559 386 1591 παιδὸς
411 1560 493 1594 ἔργον
517 1562 611 1593 ποιῶν,
640 1564 687 1590 καὶ
705 1560 742 1589 ὦν
780 1563 875 1598 εἴληφε

94 1602 156 1636 παρ’
186 1603 306 1635 ἐκείνου,
321 1604 408 1631 πλείω
443 1605 490 1632 καὶ
513 1606 598 1640 μείζω
629 1607 728 1639 διδοὺς,
749 1608 827 1643 εἴπερ
845 1608 875 1634 τὸ

93 1647 276 1681 πλανηθεῖσαν
290 1649 381 1684 ψυχὴν
406 1651 569 1686 ἐπιστρέψαι
593 1654 640 1680 καὶ
664 1653 759 1684 σῶσαι,
782 1653 873 1687 μεῖζον

92 1692 151 1719 ὅτου
173 1702 215 1725 τις
239 1695 274 1721 ἂν
303 1696 376 1722 εῖποι
393 1697 511 1728 παντός·
529 1697 593 1729 τοὺς
612 1699 635 1723 δ’
650 1696 685 1724 αὖ
711 1699 874 1731 διαστάντας

93 1739 137 1765 καὶ
148 1739 230 1773 ζῆλον
251 1740 324 1767 θεῖον
339 1742 541 1778 ἀνηρῃμένους,
565 1743 634 1770 οὕτω
657 1744 772 1779 δυνάμει
792 1745 871 1780 λόγου

965 1379 1082 1407 LXXIV.
1103 1379 1210 1406 Patrem
1242 1379 1332 1412 itaque
1359 1385 1424 1405 sane
1454 1384 1533 1411 quam
1562 1383 1710 1411 opportune

930 1427 981 1454 hoc
997 1431 1076 1461 pacto
1089 1426 1143 1453 suis
1159 1425 1279 1453 consiliis
1294 1425 1472 1458 gubernabat,
1490 1429 1517 1450 et
1529 1431 1610 1457 quem
1628 1424 1667 1450 sui
1683 1423 1710 1450 in

929 1471 1016 1499 lucem
1041 1477 1119 1498 ortus
1146 1475 1285 1497 auctorem
1314 1470 1438 1501 habebat,
1452 1469 1524 1495 illum
1540 1469 1632 1502 utique
1645 1476 1711 1494 non-

929 1517 995 1545 nihil
1012 1525 1025 1543 a
1042 1524 1103 1544 vera
1117 1517 1176 1543 luce
1190 1516 1371 1546 deerrantem,
1387 1522 1482 1541 rursus
1496 1514 1527 1541 ad
1541 1515 1611 1540 hanc
1622 1513 1708 1547 ipsam

930 1563 1046 1594 reduxit,
1073 1562 1134 1589 boni
1159 1561 1322 1595 candidique
1338 1561 1384 1587 lilii
1402 1559 1512 1586 functus
1523 1559 1625 1590 ofﬁcio,
1636 1565 1710 1592 quaa-

927 1616 979 1643 que
998 1616 1012 1634 a
1027 1612 1102 1642 patre
1117 1611 1261 1640 accoperat
1285 1605 1427 1636 beneﬁcia,
1444 1604 1569 1638 pluribus
1583 1611 1614 1630 ac
1626 1603 1710 1636 majo-

927 1655 1002 1682 ribus
1015 1654 1176 1686 exsolvens;
1192 1659 1308 1687 namque
1319 1652 1438 1678 animam
1454 1651 1481 1677 in
1492 1657 1585 1677 errore
1598 1657 1709 1677 versan-

927 1706 979 1728 tem
1002 1701 1027 1727 in
1047 1701 1115 1726 viam
1136 1705 1262 1726 revocare
1283 1705 1315 1725 ac
1335 1704 1444 1724 servare
1464 1696 1534 1730 (Jac.
1549 1703 1575 1721 v.
1595 1695 1668 1727 ult.),
1682 1695 1708 1720 id

926 1744 997 1773 haud
1010 1744 1088 1779 paulo
1103 1745 1188 1778 majus
1200 1744 1253 1770 alio
1264 1743 1371 1777 quovis,
1386 1742 1575 1775 cujuscunque
1591 1739 1708 1766 nominis

93 1788 137 1810 καὶ
155 1786 316 1819 πνεύματος
331 1788 491 1823 ἐπανήγαγε
510 1790 556 1815 καὶ
576 1790 662 1824 τούτῳ
683 1791 807 1826 διήλλαξε
826 1793 868 1818 καὶ

965 1791 1059 1825 νιιίῳιο,
1073 1789 1203 1817 beneﬁcio
1219 1793 1270 1815 est.
1287 1788 1356 1814 Tum
1379 1787 1440 1814 illos
1463 1787 1545 1813 etiam
1561 1786 1605 1820 qui
1626 1792 1640 1811 a
1655 1793 1704 1818 pa-

93 1831 221 1866 uwééqas
234 1832 282 1858 τοῦ
298 1833 405 1866 λοιποῦ,
430 1836 476 1861 καὶ
492 1836 531 1867 εἰς
547 1835 576 1862 ἓν
589 1836 673 1871 ἄμφω
683 1837 717 1864 τὰ
730 1838 800 1873 μέρη
812 1847 873 1864 συν-

92 1876 168 1910 ῆψεν,
195 1877 233 1909 ὡς
250 1879 299 1904 καὶ
315 1879 354 1914 τῷ
380 1880 428 1914 τῆς
447 1881 571 1913 ἑνώσεως
590 1883 699 1917 μεγέθει
718 1884 764 1910 καὶ
782 1886 870 1919 τάχει,

91 1922 136 1956 τὴν
151 1924 297 1950 διάστασιν
313 1925 508 1953 ἀπιστεῖσθαι·
525 1925 565 1958 οἷς
583 1929 638 1962 γὰρ
649 1922 729 1960 αὐτὸς
745 1929 791 1956 τοῦ
806 1939 872 1956 παι-

91 1968 130 1999 δὸς
142 1969 263 2001 ἀκούσας
276 1970 376 1997 αὐτίκα
390 1972 462 2006 μάλα
477 1973 603 1999 συνέθετο
616 1975 663 2001 καὶ
672 1975 722 2000 οὐκ
734 1976 871 2008 ἀντεῖπεν,

91 2014 154 2040 ἀλλὰ
170 2016 218 2042 καὶ
233 2015 287 2041 τῶν
318 2019 519 2051 πεπραγμένων
541 2018 612 2045 οὕτω
629 2020 761 2054 κατέγνω,
777 2021 814 2053 di;
827 2021 872 2046 καὶ

90 2060 204 2095 δάκρυσι
220 2061 361 2093 πλείστοις
382 2062 550 2094 ἐξιλεοῦσθαι
566 2064 594 2090 τὸ
613 2065 700 2097 Θεῖον,
720 2064 758 2095 οἷς
775 2065 870 2100 ἐξέστη

90 2107 137 2141 τῆς
158 2108 189 2140 ἐξ
205 2108 292 2143 ἀρχῆς
309 2101 475 2141 ὑποθέσεως,
500 2110 528 2136 ὲν
541 2110 647 2141 τούτοις
663 2110 784 2144 ἔγνωσαν
808 2112 871 2137 ἁτε-

91 2154 168 2188 χνῶς.
199 2155 238 2185 ὡς
255 2155 285 2180 οὐ
304 2156 466 2189 κακουργῶν
488 2155 549 2181 οὐδὲ
569 2158 798 2192 πονηρευόμενος,
813 2157 871 2183 ἀλλ’

91 2200 267 2235 ἁκεραιότητι
287 2199 398 2235 γνώμης
415 2200 525 2227 κάλλιον
549 2200 622 2235 ἔχειν
636 2202 723 2227 ἐκεῖνο
745 2201 869 2235 νομίσας,

92 2245 238 2279 προσέθετο
250 2253 258 2261 ⁸
273 2245 310 2276 ὡς
328 2245 366 2280 μὴ
378 2245 427 2280 τῆς
442 2245 554 2280 γνώμης
567 2245 635 2272 ἀλλὰ
647 2246 697 2280 τῆς
708 2246 869 2280 ἁπλότητος,

91 2291 203 2317 καὶτῶν
219 2292 408 2326 ἡπατηκότων
431 2290 501 2318 εἶναι
525 2293 555 2318 τὸ
579 2291 718 2326 ἔγκλημα.
737 2291 823 2317 Τοῦτο
838 2291 867 2318 τὸ

91 2335 165 2370 ἔργον
180 2337 231 2362 οὐκ
246 2337 409 2371 ἀτιμότερον
433 2335 530 2371 οἶμαι,
551 2336 614 2363 οὔτε
637 2337 686 2372 τῆς
708 2337 870 2372 θαυμαστῆς

91 2382 213 2417 ἡσυχίας,
227 2382 290 2408 οὒτε
308 2382 363 2409 τῶν
377 2382 485 2408 πολλῶν
507 2383 627 2417 ἱδρώτων
645 2384 691 2409 καὶ
707 2383 806 2414 πόνων,
823 2383 869 2409 καὶ

90 2427 134 2460 τῆς
153 2427 278 2462 μεγάλης
289 2429 317 2453 ἐν
330 2428 453 2462 εὐτελείᾳ
467 2428 626 2463 φιλοσοφίας
637 2437 644 2444 ·
663 2426 763 2462 μᾶλλον
778 2428 806 2454 δὲ
821 2428 867 2454 οὐ·

91 2472 130 2498 δὲν
150 2473 264 2499 ἐκείνων
280 2474 320 2505 εἰς
342 2474 498 2508 φιλοτιμίαν
521 2474 659 2506 τοσοῦτον,
681 2475 742 2501 ὅσον
759 2475 789 2500 τὸ
806 2474 868 2504 τοὺς

90 2518 128 2544 διὰ
157 2519 226 2545 Θεὸν
248 2519 445 2551 στασιάζοντας
469 2521 514 2547 καὶ
538 2520 618 2554 ίερῶς
640 2520 867 2555 διαφερομένους,

90 2564 206 2596 ὁμονοίας
224 2564 334 2599 ἔχεσθαι
355 2566 461 2597 πεῖσαι,
485 2567 530 2592 καὶ
544 2567 656 2601 εἰρήνην
680 2566 867 2600 ἀσπάσασθαι,

90 2609 232 2635 κάντεῦθεν
249 2608 317 2634 Θεοῦ
334 2610 416 2635 παῖδα
432 2610 593 2645 κεκλῆσθαι.

923 1842 999 1864 rente
1012 1843 1071 1862 sese
1084 1835 1311 1863 abalienaverant,
1327 1833 1468 1866 zelumque
1483 1833 1600 1858 divinum
1612 1830 1706 1857 indue-

924 1887 994 1913 rant.
1013 1881 1049 1907 ita
1079 1880 1210 1908 sermonis
1233 1879 1397 1912 spiritusque
1414 1878 1453 1904 sui
1478 1877 1595 1903 ellicacia
1610 1883 1705 1902 rursus

924 1928 949 1954 in
963 1927 1138 1954 concordiam
1158 1932 1218 1951 cum
1244 1924 1289 1950 illo
1308 1923 1427 1954 reduxit,
1452 1929 1483 1948 ac
1506 1921 1704 1951 reconciliavit,

922 1978 948 2000 et
963 1974 988 1999 in
1005 1977 1142 2006 posterum
1167 1970 1320 2004 conjunxit,
1344 1973 1370 1995 et
1395 1973 1537 2001 utramque
1551 1971 1654 2000 partem
1667 1968 1703 1992 ita

922 2017 1094 2049 coaduuavit,
1116 2021 1144 2042 ut
1167 2015 1368 2049 coniunctionis
1396 2010 1468 2040 illius
1494 2013 1660 2047 magnitudo,
1678 2017 1704 2039 et

921 2062 1058 2092 celeritas,
1083 2060 1267 2087 incredibilem
1300 2067 1369 2094 pene
1403 2059 1575 2092 superiorem
1602 2057 1704 2083 Iaceret

922 2107 1136 2134 distractionem.
1163 2105 1265 2143 Quippe
1283 2105 1410 2138 quoniam
1434 2109 1462 2130 ut
1480 2103 1639 2137 sententiam
1658 2102 1704 2129 lilii

920 2159 998 2188 pater
1013 2153 1135 2180 audierat
1149 2151 1283 2185 extemplo
1301 2152 1360 2178 sine
1384 2151 1439 2177 ulla
1464 2150 1643 2184 refragatione
1666 2147 1704 2175 illi

921 2199 1070 2229 accederet,
1090 2198 1145 2224 imo
1160 2199 1243 2224 etiam
1265 2205 1325 2231 qua:
1343 2198 1443 2232 egisset
1460 2196 1500 2222 sic
1521 2197 1578 2230 ipse
1596 2197 1705 2221 damna-

920 2250 974 2276 ret,
989 2249 1017 2270 ut
1033 2243 1175 2270 uberrimis
1191 2242 1321 2277 lacrymis
1338 2243 1417 2276 hujus
1433 2250 1488 2268 sua:
1503 2250 1516 2267 a
1533 2241 1649 2275 pristino
1666 2241 1705 2266 in-

920 2291 1014 2317 stituto
1032 2288 1190 2315 defectionis
1214 2289 1322 2323 veniam
1339 2296 1353 2314 a
1369 2288 1423 2314 Deo
1437 2291 1599 2321 exposceret
1619 2294 1627 2314 :
1643 2286 1705 2312 inde

920 2337 998 2371 plane
1026 2335 1222 2369 intelligebant,
1253 2324 1460 2360 minime‘illum
1490 2333 1552 2359 dolo
1585 2332 1655 2357 malo
1673 2339 1706 2356 ac

920 2381 1081 2410 veleraloria
1093 2380 1207 2415 quadam
1224 2379 1365 2415 praiitate,
1376 2379 1422 2405 sed
1435 2379 1550 2412 ingenua
1563 2378 1644 2403 animi
1661 2377 1704 2403 in-

921 2426 1045 2461 tegritate
1057 2433 1108 2460 qua
1124 2424 1238 2451 rectiora
1251 2425 1294 2451 illa
1306 2431 1367 2451 esse
1380 2423 1430 2450 sibi
1448 2427 1640 2457 persuaserat,
1657 2428 1704 2448 ea-

922 2473 981 2499 dem
999 2472 1152 2506 amplexum
1169 2471 1263 2497 fuisse.
1279 2469 1316 2496 Ita
1333 2474 1363 2496 ut
1387 2469 1488 2496 erroris
1518 2468 1590 2495 illius
1613 2468 1702 2501 culpa,

921 2523 1037 2546 nontam
1047 2518 1147 2548 animo,
1155 2524 1233 2551 quam
1246 2516 1359 2543 incautae
1369 2514 1546 2550 simplicitati,
1556 2513 1705 2546 astutisque

921 2563 1118 2597 deceptoribus,
1136 2562 1292 2595 imputanda
1307 2562 1421 2588 veniret.
1437 2561 1512 2594 Quod
1527 2561 1609 2586 nostri
1625 2565 1704 2592 opus,

919 2616 979 2636 meo
993 2608 1111 2643 judicio,
1129 2607 1337 2640 haudquaquam
1363 2606 1474 2633 minoris
1495 2604 1703 2632 existimandum

91 2659 136 2687 est,
158 2663 238 2689 quam
267 2660 314 2682 aut
346 2656 505 2683 admirabile
527 2656 591 2683 illud
615 2656 711 2687 otium,
736 2660 781 2682 aut
802 2654 875 2681 multi
895 2654 1089 2689 jugeslahores
1104 2652 1281 2688 sudoresque,
1298 2659 1329 2677 ac
1343 2652 1420 2685 plane
1434 2651 1588 2678 cmlestisin
1600 2656 1703 2677 summa

94 2697 238 2734 frugalitate
262 2701 327 2733 vita,
348 2700 406 2727 sive
439 2702 540 2734 potius,

581 2700 647 2727 nihil
678 2700 784 2726 illorum
819 2704 872 2726 tam
904 2705 964 2726 esse
989 2697 1138 2733 gloriosum
1165 2703 1199 2722 ac
1223 2695 1414 2727 honoriﬁcum.
1440 2703 1520 2730 quam
1551 2695 1596 2722 Dei
1622 2703 1703 2721 causa

93 2743 257 2776 dissidentes,
282 2751 431 2779 sancteque
448 2746 519 2772 inter
552 2751 612 2773 sese
645 2749 894 2776 controversantes.
922 2743 955 2770 ad
974 2749 1071 2771 mutua:
1106 2743 1259 2771 concordiae
1275 2743 1404 2776 studium,
1429 2745 1556 2778 pacisque
1574 2751 1704 2776 amorem,

92 2791 229 2825 adducere,
261 2799 347 2826 eaque
378 2800 407 2821 re
443 2793 490 2821 ﬁlii
523 2793 569 2821 Dei
594 2792 801 2828 appellationem
817 2793 840 2809 ’⁸
862 2793 1022 2826 promercri.

120 2851 140 2865 "
155 2850 251 2876 itum.
270 2857 298 2882 ν,
314 2849 341 2876 9.
