1875 3059
155 123 205 155 291

749 118 951 149 THEODULI
974 117 1154 149 MONACHI

1725 119 1784 152 292

191 181 296 211 LXXV.
330 179 400 214 Quid
416 184 471 207 tum
499 186 566 206 vero
593 182 685 213 postea
716 178 827 205 accidit?
844 177 944 212 Nempe

957 178 980 207 Α
1030 177 1091 204 OE’.
1113 177 1146 204 Τί
1160 176 1190 203 τὸ
1205 176 1339 208 ὲντεῦθεν;
1356 177 1434 211 Χρίει
1443 177 1494 212 μὲν
1505 178 1552 204 καὶ
1564 178 1654 205 ἄκοντ’
1674 177 1756 204 αὑτὸν
1767 178 1785 205 ὁ

154 227 315 264 Gregorium
339 224 538 261 quantumlibet
571 224 732 251 renitentem
756 231 834 251 sacro
853 230 943 251 sacer-

155 274 221 301 dotii
253 278 390 307 unguento
422 276 497 306 paler
525 271 609 304 ungit,
626 278 658 297 ac
671 270 823 304 presbyteri
837 270 943 296 honore

155 324 235 354 auget
260 318 414 352 Christique
443 317 594 344 sacriﬁcum
626 317 788 351 inaugurat;
803 316 942 350 quietiam

154 367 312 400 priusquam
327 364 502 397 inungeretur
518 370 550 389 ex
568 362 619 388 hoc
634 362 729 389 ordine
743 367 802 389 erat
815 369 822 394 ;
845 361 943 388 immo-

155 411 226 437 labat
244 410 286 436 ille
302 417 376 440 vero,
394 415 448 435 non
466 408 570 442 Agnuni
599 407 642 434 Dei
661 412 770 441 peccata
786 406 878 433 mundi
895 406 944 434 tol—

154 456 253 482 lentem
281 455 325 488 '°,
352 455 398 481 sed
444 454 498 480 Deo
539 454 656 480 hostium
696 454 788 487 gratia:
827 461 858 480 ac
885 453 943 480 lan-

153 502 195 528 dis‘
214 501 254 533 ³⁰;
284 501 331 527 sed
366 505 393 528 et
434 500 609 533 semetipsum
640 499 775 534 perpetuis
805 498 944 526 laboribus

153 547 355 581 sudoribusque
372 564 379 576 ,
394 549 508 579 actaque
538 545 565 572 iu
581 545 756 572 meditatione
769 545 865 571 mortis
885 545 939 571 vita

153 593 252 624 omni,t
273 592 390 619 hostiam
415 592 561 622 viventem,
590 594 870 624 sanctam.acceptam
887 590 937 622 “,t

154 642 182 664 et
195 641 258 663 ante
286 637 340 670 jam
369 637 498 669 votivam,
514 644 594 670 quatn
610 637 681 663 edita
700 636 726 662 in
741 636 828 663 lucem
845 637 942 668 fuerat,

155 683 342 714 sacriﬁcabat,
373 689 452 715 quam
467 689 517 716 ego
534 689 615 708 unam
631 681 700 708 haud
717 680 839 709 dubitem
856 682 942 714 magis

156 729 210 755 Deo
233 728 343 755 charam
364 728 503 761 magisque
531 727 676 761 pretiosam
692 726 811 758 Christo,
828 727 872 761 qui
887 734 938 753 no-

154 782 210 804 stra
236 783 316 802 causa
343 775 497 802 inunolatus
525 779 578 807 est,
607 774 752 801 allirmare.
794 773 941 808 Postquam

154 821 206 848 hoc
238 821 317 847 ntodo
346 820 372 847 in
409 819 550 854 collegium
564 820 738 847 sacerdotum
756 820 843 853 'pater
857 819 941 848 lilium

153 866 347 900 ceoptuvisset,
363 866 388 892 id
421 866 500 893 unice
520 865 627 900 agebat,
644 869 673 892 ut
686 865 761 892 illutn
778 872 869 894 secum
881 872 942 899 per-

153 917 234 947 pctuo
259 912 396 942 retineret.
425 919 473 939 nec
502 919 612 946 usquam
627 911 680 938 alio
701 911 739 938 illi
757 911 871 939 abeundi
889 919 939 945 po-

155 963 281 986 testatem
314 957 428 985 faciebat
450 965 526 992 :qun
551 958 680 991 deinceps
707 958 758 992 ipsi
788 957 820 984 ad
849 957 942 984 omnia

154 1005 257 1032 dextrae
289 1012 384 1031 manus
411 1005 470 1031 loco
495 1008 567 1031 esset
588 1023 596 1035 ,
623 1011 656 1030 eo
681 1005 750 1037 quod
782 1003 864 1031 simul
889 1011 942 1030 una

994 223 1097 259 πατὴρ,
1113 222 1264 258 ἱερωσύνης
1276 223 1314 257 τῷ
1328 223 1470 257 χρίσματι,
1483 224 1530 250 καὶ
1542 224 1589 258 τῆς
1599 223 1648 250 τοῦ
1661 224 1784 259 πρεσϐυ-

994 269 1073 304 τέρου
1087 269 1170 303 τιμῆς
1189 268 1261 300 άξιοί
1274 277 1281 284 ·
1295 269 1342 295 καὶ
1353 269 1474 296 δείκνυσι
1490 269 1574 304 θύτην
1588 270 1720 305 Χριστοῦ,
1735 270 1783 296 τὸν

994 316 1033 346 εὶς
1042 314 1152 345 τούτους
1163 313 1291 341 τελοῦντα
1301 313 1348 340 καὶ
1361 314 1412 348 προ
1423 314 1472 348 τῆς
1482 314 1609 349 χρίσεως,
1625 316 1673 342 καὶ
1681 315 1782 342 θύοντα

995 362 1055 396 μὲν,
1074 361 1105 386 οὺ
1119 362 1164 386 τὸν
1181 360 1279 395 ’Δμνον
1293 359 1341 386 τοῦ
1362 359 1429 387 Θεοῦ
1443 361 1488 387 τὸν
1497 361 1609 395 σῐροντα
1629 361 1678 396 τὴν
1691 362 1784 396 ἁμαρ-

993 406 1054 432 τίαν
1075 405 1121 431 τοῦ
1145 405 1266 440 κόσμου,
1289 405 1358 431 ἀλλὰ
1381 405 1419 440 τῷ
1439 405 1499 440 Θεῷ
1521 406 1616 433 θυσίιιν
1632 407 1748 433 αἰνέσεω
1773 428 1780 440 ,

994 452 1092 479 θύοντα
1109 451 1137 478 δὲ
1156 452 1203 478 καὶ
1221 451 1316 477 ἑαυτὸν
1335 451 1429 486 ἱδρῶσι
1445 452 1583 486 διηνεκέσι
1603 452 1650 478 καὶ
1669 453 1762 484 πόνοις
1774 474 1781 485 ,

993 500 1039 525 καὶ
1056 497 1095 532 τῷ
1112 497 1228 532 μελέτην
1243 497 1359 524 θανάτου
1376 497 1421 524 τὸν
1436 497 1491 532 βίον
1510 497 1648 524 ποιεῖσθαι
1659 518 1666 529 ,
1683 497 1782 524 ουσίαν

994 545 1096 576 ζῶσαν,
1114 544 1206 577 ἁγίαν,
1225 544 1392 579 εὐάρεστον,
1419 543 1626 578 καθιερωμένην
1652 544 1700 570 καὶ
1727 544 1783 579 πρὸ

994 591 1127 624 γενέσεως
1141 599 1148 606 ·
1165 590 1198 624 ἦν
1213 590 1245 625 δὴ
1266 590 1311 616 καὶ
1329 590 1414 624 μόνην
1430 589 1512 624 ἔγωγ’
1529 590 1564 616 ἂν
1579 590 1663 624 φαίην
1679 591 1782 625 μᾶλλον

994 636 1104 670 θεοφιλῆ
1122 636 1169 662 καὶ
1185 638 1249 670 περ).
1271 636 1392 666 πλείονος
1414 636 1560 670 γινομένην
1582 635 1620 670 τῷ
1651 636 1686 673 §t‘
1706 637 1784 671 ἡμᾶς

992 683 1100 709 τυθέντι
1115 682 1226 717 Χριστῷ
1239 689 1245 696 ·
1265 682 1279 707 ό
1301 681 1352 717 μὲν
1371 679 1418 708 οὖν
1433 681 1505 708 οὕτω
1520 683 1564 708 τδν
1580 681 1661 708 παῖδα
1677 682 1782 717 προϐε-

994 727 1139 762 6λημένος,
1150 728 1232 759 πολὺς
1247 725 1281 763 ἦν
1293 727 1359 762 παρ’
1368 727 1457 762 ἐαυτῷ
1465 727 1558 754 τοῦτον
1572 728 1700 762 κατέχειν
1717 728 1780 753 ἑθέ-

994 774 1058 805 λων,
1078 775 1125 800 καὶ
1144 773 1193 800 οὐκ
1210 773 1262 800 ὲῶν
1282 773 1400 808 ἐτέρωσὲ
1416 782 1454 808 πῃ
1474 774 1587 808 χωρεῖν
1607 773 1640 799 ἴδ’
1655 774 1698 808 εἴη
1715 773 1781 808 περὶ

996 820 1072 847 πάντ’
1087 819 1160 854 αὐτῷ
1173 819 1219 846 τοῦ
1232 819 1326 846 λοιποῦ
1337 820 1397 854 χεὶρ
1409 819 1494 851 δεξιὰ,
1517 810 1584 853 ὁμοῦ
1601 819 1660 854 μὲν,
1676 819 1783 845 συνδιέ-

997 876 1055 894 πων
1067 867 1114 894 καὶ
1126 866 1446 901 συναντιλαμσανόμενος
1460 866 1507 892 τοῦ
1522 866 1647 901 ποιμνίου
1659 865 1706 892 καὶ
1723 873 1784 900 σχε-

995 913 1039 938 δον
1064 912 1144 942 ἄλλος
1167 911 1250 943 αὐτὸς
1273 913 1305 946 τῇ
1327 911 1477 946 Ἐκκλησία
1503 911 1550 937 καὶ
1565 910 1602 938 ὢν
1616 912 1664 938 καὶ
1681 911 1781 943 δοκῶν,

996 957 1064 993 ὁμοῦ
1099 957 1129 984 δὲ
1156 958 1202 985 καὶ
1229 957 1365 993 βακτηρία
1390 957 1435 984 καὶ
1462 957 1577 993 ἔρεισμα
1610 959 1714 992 γήρως,
1734 957 1784 983 καὶ

997 1003 1086 1030 πάντα
1101 1004 1188 1038 τούτῳ
1203 1004 1376 1038 γιγνόμενος.

155 1060 216 1079 cum
243 1053 302 1086 ipso
333 1051 471 1080 commissi
508 1051 596 1085 gregis
622 1051 847 1086 gubernationem
874 1056 956 1085 atque
982 1051 1092 1079 tutelam
1125 1047 1296 1083 sustineret,
1328 1057 1354 1080 et
1387 1051 1444 1079 fere
1479 1052 1547 1078 alter
1573 1052 1630 1086 ipse
1656 1050 1783 1078 Ecclesia:

154 1103 182 1126 et
199 1103 308 1125 essetet
323 1097 481 1128 haberetur,
497 1097 578 1123 simul
593 1098 656 1123 item
674 1097 760 1131 scipio
777 1103 809 1124 ac
821 1096 936 1124 fulcrum
955 1098 1115 1129 senectutis,
1147 1105 1255 1132 unoque
1275 1098 1358 1125 verbo
1385 1098 1475 1124 omnia
1499 1098 1548 1132 ipsi
1567 1102 1647 1125 esset.

192 1143 308 1170 LXXVI.
340 1143 446 1178 Quippe
472 1143 560 1170 soluto
586 1143 643 1177 jam
679 1150 727 1177 per
741 1143 848 1178 longam
877 1144 944 1171 adeo

156 1190 238 1216 vitam
255 1189 369 1216 naturali
381 1189 504 1224 corporis
538 1189 641 1223 vigore,
660 1197 720 1216 cum
735 1197 821 1216 annos
834 1189 945 1217 circiter

157 1235 305 1270 nonaginta
340 1240 418 1262 natus
435 1239 517 1265 esset,
551 1235 623 1261 hami
659 1235 774 1269 amplius
788 1241 834 1262 aut
847 1241 946 1263 semet-

158 1280 218 1316 ipso
236 1285 292 1313 ,aut
317 1280 377 1307 aliis
401 1285 474 1307 recte
495 1280 534 1306 uti
563 1284 678 1314 poterat,
693 1287 786 1316 verum
800 1280 943 1315 plurimum

157 1327 253 1354 alienae
283 1326 341 1360 opis
354 1333 386 1353 ac
416 1326 504 1353 solatii
537 1325 715 1361 fomentique,
744 1331 771 1354 et
808 1327 944 1361 quispiam

157 1373 204 1407 qui
221 1374 306 1407 ipsutn
325 1372 395 1399 velut
412 1375 577 1399 sustentaret
591 1371 788 1407 refoveretque,
803 1372 853 1407 ipsi
877 1379 946 1407 opus

157 1423 228 1446 erat.
259 1416 308 1444 Hie
340 1422 453 1450 noster,
476 1417 626 1445 secundum
655 1423 733 1445 vetus
760 1417 871 1445 verbum
888 1417 948 1452 (l),

159 1464 246 1492 altero
270 1471 411 1496 concesso,
430 1464 543 1491 alterum
575 1464 679 1496 abnuit;
722 1465 946 1499 quemadntodum

159 1511 232 1537 enim
257 1509 326 1538 nihil
358 1510 526 1542 molestius,
551 1515 594 1536 aut
640 1510 729 1537 minus
760 1509 810 1537 sibi
849 1518 949 1538 conve-

1031 1145 1100 1177 (ις’.
1116 1143 1169 1170 Τοῦ
1184 1144 1238 1180 γὰρ
1252 1144 1283 1179 δὴ
1297 1144 1412 1178 φυσικοῦ
1426 1144 1504 1170 τόνου
1516 1144 1553 1178 τῷ
1571 1145 1652 1179 μήκει
1662 1142 1709 1170 τοῦ
1724 1142 1781 1176 βίον

996 1190 1211 1225 παραλυθέντος,
1228 1190 1457 1225 ἐνενηκοντούτης
1471 1190 1526 1225 γὰρ
1557 1187 1606 1225 ἦν,
1621 1189 1678 1215 οὔθ’
1692 1189 1783 1222 ἑαυτῷ

996 1236 1058 1263 οὔτε
1084 1238 1141 1268 τοῖς
1162 1236 1254 1268 ἄλλοις
1276 1234 1332 1267 οἷός
1349 1236 1372 1262 τ’
1396 1233 1430 1271 ἦν
1445 1236 1480 1262 τὰ
1499 1236 1591 1262 είκότα
1618 1234 1781 1270 κεχρῆσθαι,

996 1282 1065 1313 ἀλλὰ
1080 1282 1128 1309 καὶ
1142 1281 1272 1316 πλείστης
1296 1282 1362 1316 δσης
1384 1281 1545 1316 ἐπικουρίας
1562 1281 1662 1313 ἔξωθεν
1678 1280 1782 1306 δεῖσθαι

999 1328 1046 1355 καὶ
1061 1327 1248 1363 παραμυθίας,
1264 1328 1310 1355 καὶ
1324 1328 1379 1355 οἶόν
1393 1337 1466 1359 τινος
1490 1329 1672 1364 ὖπανέχοντος
1688 1328 1783 1354 τοῦτον

999 1374 1107 1405 Ital-tto);
1132 1374 1336 1408 ἁνακτωμένου.
1363 1375 1421 1402 ’08⁸
1444 1375 1538 1410 ἕτερον
1565 1375 1614 1410 μὲν
1637 1375 1675 1406 ὡς
1702 1375 1783 1408 λόγος

999 1418 1099 1452 ὶδίδου,
1123 1419 1218 1454 ἕτερον
1241 1419 1264 1446 δ’
1286 1420 1414 1447 ἀνέντων
1440 1420 1470 1447 τὸ
1486 1421 1536 1455 μὲν
1557 1421 1611 1455 γὰρ
1637 1421 1783 1455 ἀνέχεσθαι

997 1465 1149 1500 φροντίδων
1166 1465 1343 1499 ἁφελκουσῶν
1359 1467 1409 1499 τῆς
1423 1466 1452 1493 ὲν
1469 1467 1614 1502 φιλοσοφίᾳ
1628 1466 1782 1502 ῥᾳστώνης,

996 1509 1085 1538 δεινόν
1099 1515 1128 1537 τε
1144 1511 1236 1546 ἠγεῖτο
1250 1511 1297 1538 καὶ
1309 1512 1408 1548 ἥκιστα
1427 1513 1495 1547 πρὸς
1508 1513 1591 1540 αὐτοῦ
1603 1521 1609 1528 ·
1626 1513 1657 1539 τὸ
1673 1512 1701 1539 δὲ
1714 1521 1785 1546 συμ-

161 1556 240 1582 niens
269 1555 384 1582 ducebat
414 1561 495 1590 quam
522 1555 595 1582 curis
624 1562 655 1582 ac
677 1555 838 1589 negotiis,a
871 1555 944 1583 beat:

944 1564 949 1582 ι
963 1558 984 1587 C
1001 1557 1077 1583 Mdv
1092 1557 1139 1584 καὶ
1157 1559 1348 1592 συμπράττειν
1363 1558 1496 1590 τοκεῦσι,
1513 1559 1560 1585 καὶ
1580 1559 1642 1593 μηδ’
1660 1558 1784 1585 ὁντινοῦν

160 1600 340 1635 philosophia
375 1607 431 1628 sua:
461 1600 552 1635 quiete
577 1608 638 1628 sese
666 1601 857 1632 abstracturis,
895 1601 948 1628 inn-

160 1646 269 1682 pliran‘,
284 1647 324 1673 sic
339 1654 354 1673 e
383 1646 522 1673 contrario
547 1654 609 1673 cum
644 1647 780 1674 voluntate
805 1651 947 1681 parentum

161 1693 319 1719 consentire
350 1711 358 1724 ,
375 1692 483 1727 illisque
511 1693 614 1719 auxilio
630 1700 692 1720 esse
709 1700 770 1725 ,nec
789 1692 842 1719 ulla
853 1700 948 1719 eorum

163 1737 190 1763 in
208 1738 319 1772 gratiam
334 1745 460 1764 recusare
471 1737 642 1770 discrimina,
664 1746 717 1764 non
731 1737 871 1764 minimam
889 1739 951 1772 pie-

163 1782 229 1808 tatis
258 1786 372 1816 partem,
401 1787 483 1816 atque
505 1781 552 1809 Dei
580 1782 659 1809 etiam
678 1782 744 1816 ,qui
765 1787 890 1817 parentes
903 1783 951 1810 lto-

998 1601 1070 1638 ὑπὲρ
1089 1603 1182 1630 αὐτῶν
1195 1603 1318 1631 κίνδυνον
1333 1605 1524 1640 παραιτεῖσθαι
1543 1607 1626 1640 μέρος
1641 1605 1784 1637 εὐσεϐείας

999 1648 1050 1674 οὐκ
1067 1648 1205 1683 ἐλάχιστον
1218 1647 1287 1676 εἷναι
1303 1649 1422 1684 νομίζων
1438 1651 1486 1676 καὶ
1499 1650 1557 1684 ἅμα
1571 1651 1639 1684 πρὸς
1653 1650 1722 1676 Θεὸν
1739 1650 1785 1676 Οε-

1001 1695 1128 1729 ραπείαν,
1143 1694 1172 1725 ὃς
1189 1695 1297 1721 κελεύει
1316 1696 1435 1731 πατράσι
1451 1696 1546 1731 νέμειν
1562 1697 1657 1732 τιμὴν,
1678 1693 1734 1728 οἷος
1751 1694 1786 1730 ἧι

1001 1737 1080 1764 πάντ’
1098 1738 1183 1765 εῐκειν
1199 1740 1338 1767 κελεύοντι
1351 1740 1389 1776 τῷ
1406 1741 1491 1776 πατρὶ
1505 1742 1552 1767 καὶ
1567 1741 1685 1776 δεύτερα
1699 1741 1786 1769 τᾶλλα

1001 1784 1133 1818 νομίζειν.

163 1828 301 1855 norandos
322 1833 449 1856 sanxerat
460 1829 494 1861 ".
508 1828 612 1856 cultum
628 1837 690 1857 esse
705 1834 791 1862 ratus,
808 1830 842 1856 ad
856 1829 947 1856 omnia
964 1831 1034 1864 patri
1065 1831 1170 1866 jubentl
1184 1832 1365 1866 concedenda,
1400 1838 1551 1869 ceteraque
1585 1834 1785 1869 posutabenda,

163 1879 303 1909 promptus
319 1878 388 1902 erat.

198 1934 328 1963 LXXVII.
349 1934 485 1964 Caeterum
502 1936 603 1972 paucis
627 1940 688 1972 post
707 1936 802 1964 diebus
818 1936 907 1964 denuo
919 1937 945 1963 in

163 1979 280 2007 Pontum
292 1981 455 2016 regreditur,
472 1981 504 2008 ad
515 1980 676 2009 familiarem
684 1981 733 2008 sibi
743 1981 949 2016 udatnatatuque

165 2027 295 2061 quietem,
319 2028 450 2055 hactenus
476 2028 619 2061 duntaxat,
635 2034 664 2056 ut
693 2029 812 2063 seipsutn
840 2029 948 2063 penitus

165 2078 314 2107 excuteret,
339 2078 365 2100 et
391 2073 458 2101 alios
483 2082 534 2102 suo
549 2075 672 2109 exemplo
703 2075 812 2101 doceret
833 2095 841 2107 ,
860 2082 912 2101 tton
932 2083 947 2102 e

167 2119 284 2154 vestigio
309 2127 351 2147 res
362 2121 494 2148 maximas
507 2128 538 2148 ac
551 2121 735 2148 sanctissimas
753 2126 853 2147 temere
866 2124 949 2147 attre-

166 2166 281 2193 ctandas
307 2172 379 2198 esse,
408 2173 469 2193 mox
486 2166 546 2193 dein
575 2166 624 2193 sub
639 2166 818 2200 praestitutum
833 2165 901 2193 diem
916 2167 949 2193 ad

167 2218 232 2238 suos
264 2217 378 2245 propere
393 2212 510 2238 recurrit
525 2212 659 2247 patrique,
673 2216 701 2239 et
714 2211 774 2238 urbi
787 2211 891 2245 patriae,
910 2216 949 2238 to-

1036 1935 1096 1964 OZ'.
1105 1937 1180 1970 Τέως
1193 1946 1224 1971 γε
1237 1937 1290 1974 μὴν
1306 1939 1403 1974 μικρὸν
1416 1940 1522 1966 ἐνταῦθ’
1534 1941 1666 1976 ἐπισχὼν,
1678 1942 1787 1976 ἀναχω.

1003 1986 1045 2012 oe!
1061 1984 1110 2019 μὲν
1124 1985 1163 2015 είς
1175 1984 1289 2017 Πόντον,
1306 1986 1354 2012 καὶ
1369 1985 1419 2021 τὴν
1435 1987 1538 2021 συνήθη
1555 1989 1602 2013 καὶ
1615 1987 1695 2022 φίλην
1710 1989 1786 2024 αὐτῷ

999 2030 1124 2064 ἡσυχίαν.
1145 2031 1207 2056 ὅσον
1223 2039 1252 2057 τε
1271 2032 1365 2059 ἑαυτὸν
1382 2033 1581 2068 ἐπισκέψασθαι
1601 2035 1645 2060 καὶ
1660 2035 1723 2064 τοὺς
1738 2036 1787 2061 ἆλ-

999 2074 1060 2106 λους
1077 2075 1230 2109 παιδεῦσαι,
1245 2077 1283 2112 μὴ
1302 2078 1358 2109 τοῖς
1375 2080 1514 2113 μεγίστοις
1528 2080 1608 2111 εὐθὺς
1630 2081 1786 2115 ἐγχειρεῖν

1001 2121 1125 2149 ἐπάνεισι
1137 2123 1165 2150 δὲ
1177 2121 1255 2156 αὖθις
1268 2125 1310 2151 ὃτι
1319 2126 1425 2160 τάχιστ’
1438 2127 1528 2158 αὐτοῖς
1541 2128 1611 2155 κατὰ
1620 2129 1669 2163 τὴν
1684 2129 1787 2164 κυρίαν

1002 2168 1057 2195 τῶν
1072 2170 1195 2204 ἡμερῶν,
1214 2172 1262 2197 καὶ
1278 2171 1386 2199 δίδωσιν
1412 2173 1508 2201 ἑαυτὸν
1525 2174 1563 2208 τῷ
1588 2181 1616 2200 τε
1636 2177 1721 2211 πατρὶ
1739 2178 1787 2202 καὶ

1004 2216 1036 2249 τῇ
1053 2215 1129 2242 πόλει
1140 2223 1148 2231 ⁸
1162 2217 1196 2251 τῇ
1215 2217 1264 2252 μὲν
1274 2236 1282 2249 ,
1298 2218 1444 2253 φάρμακον
1459 2220 1596 2254 σωτηρίας
1610 2221 1655 2247 διὰ
1670 2222 1723 2247 τῶν
1740 2222 1787 2248 λος

168 2261 225 2284 tum
239 2264 299 2285 sese
315 2259 408 2291 tradit,
428 2258 523 2293 patria:
531 2257 698 2285 salutiferum
714 2257 849 2290 quoddam
862 2265 944 2284 reme-

944 2272 949 2278 ι
966 2253 988 2280 D
1003 2269 1074 2294 γων·
1092 2261 1131 2296 τῷ
1148 2262 1193 2294 δὲ,
1215 2264 1308 2298 γήρως
1335 2253 1589 2300 παραμυθίανίκαὶ
1608 2268 1661 2293 τῶν
1680 2268 1788 2294 ὲκεῐῦεν

167 2303 242 2329 dium
256 2310 304 2329 sua
335 2304 486 2330 eruditione
517 2303 697 2336 facundiaque
733 2302 863 2334 futurum,
881 2302 951 2337 patri

168 2352 285 2375 senectae
308 2349 433 2375 solatium
461 2353 637 2381 ortarumque
664 2347 725 2374 inde
758 2355 950 2381 aerumnarum,

168 2400 304 2420 suunnum
339 2393 541 2428 maximumque
572 2393 778 2420 allevatneutum
799 2413 807 2425 ,
823 2393 953 2420 continuo

170 2444 260 2466 autem
275 2439 363 2467 subita
392 2439 491 2467 festum
519 2439 643 2466 oratione
671 2446 783 2470 ornans,
799 2446 830 2466 ac
847 2440 952 2466 decenti

171 2485 365 2513 concelebrans
389 2485 554 2517 laudatione,
573 2486 640 2519 rugae
667 2491 723 2511 sua:
737 2491 846 2512 causam
862 2485 925 2513 dicit
944 2494 951 2512 :

170 2537 286 2565 eamque
309 2536 339 2557 nt
355 2530 520 2565 probabilem
546 2529 653 2564 Deoque
668 2534 771 2564 gratam
786 2537 953 2558 commemo-

1002 2306 1108 2338 δεινῶν,
1121 2307 1276 2342 θαυμαστόν
1287 2318 1346 2335 τινα
1359 2311 1405 2336 καὶ
1416 2311 1544 2345 μέγιστον
1556 2313 1724 2347 κουφισμόν·
1739 2314 1788 2339 καὶ

1003 2350 1093 2384 λόγοις
1112 2352 1295 2388 αὐτοσχεδίοις
1320 2356 1463 2390 κοσμήσας
1481 2356 1531 2392 τὴν
1558 2357 1665 2393 ἑορτὴν,
1687 2359 1733 2384 καὶ
1751 2361 1788 2385 τὰ

1004 2396 1095 2423 εἰκότα
1112 2399 1310 2434 πανηγυρίσας,
1327 2401 1500 2436 ἀπολογεῖται
1517 2403 1565 2437 μὲν
1582 2403 1651 2438 ὑπὲρ
1671 2405 1720 2439 τῆς
1733 2413 1788 2439 φυ-

1004 2441 1067 2476 γῆς,
1095 2442 1142 2469 καὶ
1157 2443 1194 2475 ὡς
1221 2445 1332 2479 εὐλόγου
1363 2447 1411 2473 καὶ
1434 2447 1573 2482 θεοφιλοῦς
1598 2450 1787 2484 μνημονεύει·

1004 2485 1124 2513 δείκνυσι
1141 2487 1168 2514 δὲ
1186 2489 1232 2514 καὶ
1249 2488 1298 2524 τὴν
1315 2490 1354 2522 είς
1369 2491 1467 2522 αὐτοὺς
1486 2492 1533 2517 τοῦ
1549 2492 1651 2527 πατρὸς
1669 2501 1790 2526 μεγαλο-

1007 2531 1117 2566 ψυχίαν,
1134 2533 1293 2570 θαυμαστήν
1308 2544 1368 2564 τινα
1387 2537 1434 2564 καὶ
1451 2537 1576 2565 πλείστου
1591 2538 1680 2566 ἀξίαν.

171 2581 233 2609 rat,
271 2581 328 2604 tum
364 2582 392 2606 et
417 2578 503 2612 patris
533 2578 576 2606 sui
599 2578 636 2614 _in
672 2578 745 2606 cives
786 2578 971 2607 incredibilem
1008 2581 1181 2616 maximoque
1214 2583 1363 2611 habendam
1398 2586 1423 2612 in
1461 2589 1547 2620 pretio
1578 2588 1788 2621 magnanimita-

170 2623 224 2650 lem
238 2622 422 2650 commendat.

207 2723 229 2737 "
242 2721 320 2749 .lnan.
340 2731 359 2755 t,
375 2722 420 2750 29.
460 2724 482 2739 "
500 2724 581 2754 llcbr.
609 2734 667 2758 xut,
683 2725 726 2753 15.

207 2818 245 2851 (ι)
263 2817 342 2846 Iliad.
359 2819 428 2854 \‘lll,
445 2820 508 2848 2-50.

766 2726 785 2741 “
799 2725 880 2754 Rom.
897 2734 945 2759 xu,
959 2726 984 2753 l.
1024 2727 1047 2743 "
1063 2727 1148 2756 Exod.
1169 2735 1216 2760 xx,
1235 2728 1267 2754 tat
1282 2737 1289 2761 ;
1306 2727 1403 2762 Epites.
1423 2736 1460 2762 νι,
1476 2729 1503 2756 2.
