1875 3059
170 123 226 155 ἳ95

784 119 835 149 ΤΗ
841 116 982 148 EODULI
1002 117 1176 147 MONACHI

1736 112 1791 147 296

174 185 248 207 terea
264 179 341 214 longe
353 178 479 206 omnibus
493 178 518 204 in
532 178 611 204 rebus
633 176 882 211 praestantissimus,
899 182 914 202 0

1055 174 1087 208 ῖῷ
1120 173 1263 206 ξυνειδόσι,
1292 173 1375 208 τιμῆς
1403 171 1536 209 ἀπολαύῃ.
1559 172 1591 199 Ὃ
1606 172 1638 207 δὴ
1669 170 1717 198 καὶ
1732 171 1795 197 τότε

173 226 256 259 nique
282 225 380 251 artium
395 225 578 258 virtutumque
592 229 689 258 genere
711 222 879 250 admirabilis
898 225 956 254 est;

175 272 219 298 hic
242 271 311 305 apud
337 272 387 298 hos
411 271 494 305 ipsos,
513 271 556 304 qui
585 270 698 296 istarum
727 275 817 295 rerum
837 268 957 294 onmium

175 318 279 345 conscii
295 322 429 352 testesque
453 319 502 352 ipsi
527 322 600 346 sunt,
616 316 658 351 jus
673 323 751 342 suum
776 315 959 349 honoremque

177 364 306 395 debitum,
322 372 372 390 non
391 363 582 397 consequitur?
596 363 671 395 Quod
688 368 744 389 tum
764 361 893 394 Gregorio
909 368 958 387 usu

176 409 288 435 veniens
315 409 487 436 vehementer
504 408 627 435 homines
655 408 836 442 perturbavit;
863 406 961 441 quippe

176 454 221 487 qui
237 461 341 479 summa
363 453 436 480 illum
455 461 567 488 quaeque
582 453 714 481 aBasiIio
730 459 916 487 accepturum,
934 457 960 478 et

178 508 237 533 quae
254 506 309 527 tum
325 500 452 526 Basilium
471 501 547 532 dare,
569 505 625 526 tum
651 499 812 533 Gregorium
838 499 962 533 accipere

179 555 228 582 par
244 552 312 578 erat,
339 551 533 580 speraveram;
562 553 643 580 parva
664 553 726 572 vero
740 545 872 579 quaepiam
892 544 962 570 dun-

179 597 264 624 taxat,
292 597 318 619 et
345 600 403 626 qum
428 592 495 618 adeo
525 591 595 618 infra
611 589 809 618 sanctissimum
843 591 962 625 ipsmum

179 639 417 669 necessitudinem,
434 637 604 672 aliorumque
619 638 847 670 exspectationem
862 641 962 667 essent.

180 684 268 717 rcipsa
295 683 455 714 cernrbant,
474 687 502 708 ut
525 683 683 716 priusquam
706 681 812 714 ﬂerent,
829 689 907 709 nemo
923 682 964 708 fu-

180 734 240 756 tura
261 729 432 760 credidisset,
457 732 483 755 et
495 728 568 754 facta
585 728 674 755 denuo
698 727 760 755 item
785 727 964 759 incredibilia,

180 776 314 809 (agrisque
340 774 497 808 ambagibus
528 773 658 805 involuta,
684 774 850 805 viderentur,
880 780 966 808 usque

180 819 248 845 adeo
273 824 369 851 praeter
392 826 498 844 omnem
517 818 655 845 hominum
682 825 756 853 spem
778 823 832 845 lum
851 818 965 846 Basilius

180 865 254 890 visus
273 866 325 896 est,
348 871 434 897 neque
460 862 605 898 Gregorio,
621 868 651 890 ut
677 863 775 898 insigni
792 863 870 897 plane
893 864 964 897 viro,

180 909 302 942 aliosque
327 916 421 936 omnes
445 915 630 942 supergresso,
647 908 742 943 dignos
762 908 888 936 habuisse
918 908 966 935 ho-

183 962 264 982 nores
283 963 290 981 :
307 961 395 989 neque
416 958 443 981 ut
459 959 555 981 caetera
577 954 625 988 ipsi
644 953 738 980 viliora
753 958 845 981 essent
862 953 964 985 omnia.

183 1001 309 1028 amicitia:
325 1001 422 1028 saltem
435 1000 496 1035 jura
511 1007 574 1035 erga
586 999 705 1027 sodalem
716 1007 793 1027 suum
808 1000 964 1032 observare,

182 1047 228 1074 sed
244 1046 333 1080 ipsum
348 1054 399 1073 non
418 1053 496 1073 secus
520 1053 551 1073 ac
578 1050 691 1074 ca-teros
722 1046 773 1072 hoc
800 1046 828 1072 in
857 1046 966 1080 negotio

181 1092 292 1123 habere,
307 1092 435 1121 voluisse.
456 1099 509 1126 quo
532 1092 591 1124 ipso
608 1099 660 1120 nou
683 1090 843 1125 Gregorium
869 1091 965 1125 magis,

184 1146 262 1173 quam
280 1138 326 1165 illo
347 1138 533 1172 semetipsum,
547 1138 751 1165 dehonestabat.
770 1137 826 1164 Nisi
843 1137 893 1165 hoc
909 1137 965 1164 for-

181 1189 254 1212 tasse
273 1185 353 1211 modo
369 1183 496 1211 Basiliurn
512 1184 646 1217 quispiam
667 1183 805 1211 defensum
823 1188 879 1215 eat,
894 1183 966 1218 quod

183 1238 270 1264 neque
294 1230 392 1257 sodalis
416 1230 458 1257 sui
485 1230 679 1263 despieatione,
707 1237 793 1264 neque
818 1229 966 1264 singularis

182 1281 262 1310 atque
278 1281 376 1302 mutua:
398 1283 453 1303 suae
468 1275 670 1307 familiaritatis,
687 1275 809 1309 datasque
824 1275 923 1302 dudum
939 1279 967 1303 et

182 1326 298 1355 accepue
318 1321 392 1352 fidei,
408 1321 557 1354 obliviOne,
572 1329 660 1356 neque
684 1329 778 1348 rursus
799 1322 967 1356 ignoratione

182 1367 239 1393 veri
259 1367 347 1401 pretii,
362 1374 415 1401 quo
431 1367 527 1401 dignus
539 1367 648 1394 omnino
665 1366 812 1402 Gregorius
832 1371 914 1400 esset,
934 1368 966 1394 ad

184 1412 254 1439 hanc
279 1412 312 1440 de
337 1412 394 1447 ipso
417 1411 554 1439 ferendam
581 1412 742 1440 sententiam
768 1414 893 1446 veniret;
920 1413 967 1440 sed

183 1458 255 1491 quod
274 1457 408 1484 hominem
425 1456 495 1490 apud
512 1465 540 1484 se
560 1463 689 1491 perpetuo
711 1458 838 1490 retinere,
855 1458 967 1492 ejusque

183 1503 325 1537 praesentia
342 1509 374 1528 ac
391 1502 586 1529 consuetudine
611 1502 704 1529 oculos
722 1503 898 1538 animumque
919 1512 969 1538 pa-

184 1555 261 1575 scere
279 1553 399 1582 cuperet,
418 1555 505 1582 neque
527 1549 717 1576 suavissimam
740 1549 819 1576 modo
833 1550 883 1576 sibi
897 1550 968 1578 illius

184 1601 278 1620 vocem
295 1601 327 1620 ac
352 1593 468 1628 lingnam
485 1594 596 1621 auribus
615 1602 757 1629 usurpare,
777 1595 822 1622 sed
838 1595 968 1622 orationi-

183 1639 235 1666 bus
262 1639 324 1666 item
344 1639 409 1673 ipsis
427 1639 489 1671 frui,
514 1639 547 1666 de
572 1639 668 1673 quibus
692 1644 832 1674 tantopere
858 1640 966 1675 gloriari

185 1684 281 1711 solitus
303 1689 371 1715 erat,
391 1691 494 1718 quanto
510 1692 589 1712 nemo
611 1686 730 1712 omnium
748 1687 780 1711 ad
799 1685 873 1712 illum
895 1686 967 1714 diem

186 1730 220 1756 de
250 1729 305 1756 suis
332 1730 416 1764 ipsius
443 1729 493 1764 (Ι).
525 1729 582 1757 Iloc
602 1738 666 1758 vero
685 1738 746 1758 cum
779 1731 834 1758 alia
865 1732 969 1759 ratione

186 1775 260 1801 nulla
282 1775 411 1809 consequi
432 1780 533 1810 posset,
559 1780 586 1803 et
614 1776 823 1811 flagrantissimo
848 1777 971 1813 GregOrii

186 1821 320 1848 desiderio
338 1820 478 1853 adductus,
491 1829 574 1849 novas
588 1821 648 1848 illas
665 1822 716 1849 sibi
730 1825 899 1855 usurpandas
915 1829 971 1851 sta-

188 1866 240 1893 tuit
269 1865 491 1899 machinationes,
522 1871 551 1894 et
577 1867 657 1894 simul
688 1868 759 1902 quod
790 1870 872 1896 animi
901 1870 972 1898 illius

187 1911 412 1944 magnitudinem,
429 1918 510 1945 atque
526 1920 589 1947 erga
606 1921 635 1939 se
648 1913 860 1946 observantiam,
874 1915 972 1943 claris-

1008 221 1073 255 περὶ
1088 220 1133 246 τὸν
1149 220 1299 256 Γρηγόριον
1328 219 1465 254 δήπουθεν
1482 219 1594 250 γεγονὸς
1624 218 1729 249 πάντας
1749 217 1797 249 ἐξ-

1009 265 1111 300 επληξε
1124 274 1131 282 ·
1148 265 1255 300 μεγάλα
1270 265 1319 300 μὲν
1334 265 1476 297 οἰομένους
1491 263 1524 290 ἂν
1534 263 1608 297 αὺτῷ
1621 263 1696 298 παρά
1712 262 1798 289 Βασι-

1008 312 1081 338 λείου
1096 311 1234 346 γενέσθαι,
1264 311 1311 338 καὶ
1330 311 1382 338 ὅσα
1408 310 1503 337 τοῦτον
1526 310 1651 337 κάκεῖνον
1662 327 1671 340 ,
1683 309 1729 335 τὸν
1745 308 1799 342 μὲν

1009 358 1111 391 δοῦναι,
1130 357 1175 384 τὸν
1186 357 1208 383 δ’
1221 357 1294 388 εἰκὸς
1308 357 1447 391 εἰληφέναι
1458 364 1465 371 ·
1480 357 1566 392 μικρὰ
1578 356 1606 382 δὲ
1623 356 1737 387 ἰδόντας,
1750 355 1799 381 καὶ

1010 404 1097 435 οὕτως
1111 404 1158 437 τῆς
1171 412 1198 429 τε
1214 403 1281 437 πρὸς
1293 402 1425 438 ἀλλήλους
1436 402 1528 429 αὐτῶν
1542 401 1701 437 θαυμαστῆς
1712 401 1799 433 ἕξεως

1011 451 1057 476 καὶ
1081 449 1130 483 τῆς
1153 449 1206 475 τῶν
1235 449 1322 476 ἄλλων
1344 449 1505 484 προσδοκίας
1527 448 1701 475 παντάπασιν
1727 447 1802 473 ἁπο-

1008 496 1115 529 ’δέοντα,
1144 495 1182 527 ὡς
1206 497 1271 531 πρὶν
1288 496 1336 531 μὲν
1353 495 1492 530 γενέσθαι,
1516 495 1553 530 μὴ
1573 493 1747 529 πιστεύεσθαι
1764 493 1802 519 ἂν

1013 542 1190 577 γεγενῆσθαι,
1212 542 1348 577 γενόμενα
1363 542 1391 569 δὲ
1408 542 1489 569 πάλιν
1504 540 1537 569 αὖ
1554 540 1727 568 ἀπιστεῖσθαι
1751 539 1803 566 καὶ

1013 590 1054 619 είς
1071 589 1172 623 ἄπορον
1188 589 1299 614 πίπτειν
1312 597 1318 603 “
1337 588 1421 620 οὕτως
1438 589 1485 616 ἀπ’
1500 588 1606 618 ἐλπίδος
1621 587 1728 621 ἁπάσης
1745 586 1804 612 Bat—

1014 634 1112 665 σίλειος
1135 631 1241 660 ὦπται·
1261 634 1323 660 οὔτε
1338 634 1432 660 τοῦτον
1445 634 1483 665 ὼς
1501 633 1657 667 θαυμαστόν
1676 640 1736 658 τινα
1751 631 1804 658 καὶ

1016 679 1084 713 ὑπὲρ
1101 679 1204 710 πάντας
1220 680 1285 705 ἧντα
1308 680 1369 710 τοὺς
1385 679 1482 710 ἄλλους
1502 678 1537 704 τὰ
1551 677 1643 704 εἰκότα
1658 677 1780 712 τιμήσας
1795 697 1802 707 ,

1015 726 1072 752 οὔτ’
1086 726 1110 752 εἰ
1124 726 1161 761 μή
1177 734 1202 752 τι
1215 726 1320 759 ἕτερον,
1335 726 1397 756 τοὺς
1412 724 1478 758 γοῦν
1494 724 1616 758 ἑταιρίας
1627 724 1724 757 νόμους
1738 723 1806 756 περὶ

1016 773 1097 799 αὐτὸν
1111 772 1242 807 ἐθελήσας
1255 772 1382 805 φυλάξαι,
1399 772 1465 798 ἀλλὰ
1479 771 1550 798 κατά
1565 772 1629 802 τοὺς
1643 771 1740 801 ἄλλους
1755 770 1807 796 καὶ

1017 819 1104 854 τούτῳ
1128 818 1300 854 χρήσασθαι·
1326 819 1357 845 οὺ
1382 818 1482 853 μᾶλλον
1500 817 1593 844 τοῦτον
1620 815 1756 848 ἐντεῦθεν,
1788 815 1806 850 ἢ

1017 866 1112 892 ἑαυτὴν
1135 865 1273 900 ἀτιμάσας
1299 864 1403 891 ἐκεῖθεν
1416 873 1422 879 ·
1440 864 1511 899 πλὴν
1523 863 1549 889 εί
1561 870 1604 894 τις
1626 863 1696 897 ὑπὲρ
1718 861 1806 888 αὑτοῦ

1016 911 1089 938 τοῦτ’
1105 911 1161 946 ἔχει
1177 912 1278 945 λέγειν,
1294 911 1332 942 ὡς
1349 911 1399 937 οὐκ
1414 909 1594 945 ὑπερφρονῶν
1610 909 1656 936 τὸν
1671 909 1782 942 ἑταῖρον
1796 927 1805 938 .

1016 958 1077 984 οὐδὲ
1092 958 1142 992 τῆς
1160 957 1316 993 ὑπερφυοῦς
1330 957 1398 991 προς
1427 955 1560 990 ἀλλήλους
1587 954 1738 989 συμπνοίας
1753 953 1807 980 καὶ

1015 1004 1070 1030 τῶν
1095 1002 1126 1035 ἐξ
1141 1003 1228 1038 ἀρχῆς
1248 1002 1398 1037 ὁμολογιῶν
1417 1001 1493 1036 ἥκων
1515 1002 1555 1032 εἰς
1576 1001 1661 1036 λήθην
1675 1009 1682 1016 -
1698 999 1752 1026 οὐδ’
1767 999 1806 1026 αὖ

1016 1050 1079 1077 ὅσου
1093 1050 1166 1080 τινὸς
1179 1047 1212 1084 ἦν
1227 1049 1330 1079 ἐκεῖνος
1345 1048 1493 1082 ἀξιόχρεως
1506 1046 1621 1080 ἀγνοῶν,
1638 1046 1685 1072 ἐπὶ
1698 1045 1806 1080 ταύτην

1017 1095 1102 1122 ἔπειθ’
1118 1096 1181 1129 ἥκει
1195 1095 1245 1130 τὴν
1259 1094 1377 1129 ψῆφον,“
1389 1094 1448 1120 ἀλλ’
1471 1093 1524 1128 ἄρα
1540 1091 1606 1127 παρ’
1620 1091 1693 1125 αὺτῷ
1706 1089 1806 1116 τοῦτον

1017 1141 1090 1175 ἔχειν
1110 1140 1208 1166 ἐθέλων
1223 1139 1289 1170 αἰεὶ,
1316 1138 1364 1165 καὶ
1389 1138 1456 1173 ὸρᾷν
1481 1137 1528 1163 καὶ
1544 1137 1674 1168 ξυνεῖναι,
1699 1135 1746 1161 καὶ
1765 1134 1807 1169 μὴ

1019 1187 1098 1222 μόνον
1114 1186 1163 1221 τῆς
1177 1185 1289 1221 ἡδίστης
1305 1183 1388 1211 αὑτοῦ
1405 1183 1443 1218 (ﬁ)
1462 1184 1554 1218 φωνῆς
1567 1191 1596 1209 τε
1612 1184 1661 1209 καὶ
1676 1182 1805 1215 γλώττης

1017 1232 1139 1265 ἀκούειν,
1164 1231 1233 1258 ἀλλὰ
1258 1232 1305 1258 καὶ
1328 1230 1415 1264 λόγων
1438 1230 1585 1256 ἀπολαύειν
1608 1229 1730 1259 ἐκείνων,
1761 1225 1806 1258 οἷς

1018 1279 1200 1314 ἐφιλοτιμεῖτο
1221 1277 1367 1307 τοσοῦτον,
1389 1276 1427 1307 ὡς
1451 1275 1527 1302 οὔπω
1552 1276 1608 1305 τοῖς
1633 1274 1728 1300 ἑαυτοῦ
1748 1274 1807 1299 τῶν

1019 1326 1129 1352 πάντων
1145 1325 1242 1356 οὐδεὶς,
1263 1324 1322 1351 ἐπεὶ
1340 1323 1414 1350 τοῦδε
1431 1323 1524 1357 τυχεῖν
1539 1322 1589 1348 οὐκ
1603 1321 1690 1352 ἄλλως
1706 1318 1762 1351 οἷος
1778 1319 1806 1346 τ’

1017 1369 1064 1407 ἦν,
1075 1372 1247 1403 καινοτομεῖν
1260 1370 1304 1397 διά
1319 1378 1348 1395 τε
1361 1369 1407 1395 τὸν
1423 1369 1504 1395 πόθον
1520 1369 1588 1404 das-co
1604 1369 1668 1399 δεῖν,
1688 1367 1733 1392 καὶ
1746 1366 1810 1400 ἅμα

1018 1417 1066 1452 τὴν
1079 1416 1126 1442 τοῦ
1140 1415 1288 1451 Γρηγορίου
1305 1413 1507 1449 μεγαλοψυχίαν
1525 1416 1572 1441 καὶ
1587 1414 1620 1449 ῆν
1638 1412 1705 1448 ripa;
1721 1412 1808 1438 αὑτὸν

1019 1460 1092 1498 εἶχεν
1109 1461 1176 1488 αἰδῶ
1200 1461 1294 1496 σαφῶς
1310 1459 1491 1494 ἐπιστάμενος
1505 1467 1511 1474 ·
1532 1456 1570 1487 ὧν
1588 1458 1714 1485 τοσοῦτον
1729 1457 1810 1492 αὐτῷ

1021 1508 1130 1543 περιῆν,
1153 1506 1218 1533 ὥσθ’
1235 1508 1304 1541 ὅπερ
1319 1507 1422 1533 ἐκεῖνον
1446 1506 1531 1540 ἐχρῆν
1548 1506 1615 1541 πρὸς
1629 1504 1710 1531 αὑτὸν
1732 1504 1817 1533 ὲνδετ

1021 1554 1134 1588 δεῖχϐαι,
1147 1553 1183 1585 ὡς
1191 1553 1245 1588 ἄρα
1257 1553 1320 1588 περὶ
1331 1552 1452 1583 πλείονος
1463 1551 1544 1578 αὑτὸν
1555 1551 1664 1577 πάντων
1675 1550 1810 1579 ποιεῖται,

1023 1600 1061 1634 τῷ
1081 1600 1117 1634 ιιὴ
1132 1599 1322 1634 συντεταχέναι
1346 1599 1402 1629 τοῖς
1425 1597 1526 1629 ἀλλοις,
1542 1596 1614 1623 τοῦτ’
1634 1596 1714 1622 αὐτὸν
1737 1595 1811 1629 πρὸς

1023 1646 1127 1672 ἐκεῖνον
1151 1645 1220 1680 μετὰ
1237 1643 1333 1671 πολλοῦ
1358 1644 1405 1671 τοῦ
1425 1644 1564 1678 περιόντος
1588 1642 1733 1677 είργάσῦαι
1746 1648 1752 1655 ·
1774 1641 1811 1666 δι’

1023 1687 1060 1716 ῶν
1074 1689 1127 1725 γὰρ
1139 1690 1207 1725 πρὸς
1218 1690 1267 1724 τὴν
1278 1689 1446 1725 χειροτονίαν
1456 1688 1557 1724 ταύτην
1568 1688 1745 1722 καλούμενος,
1758 1687 1812 1713 οὐκ

1023 1736 1169 1762 ἀντεῖπεν·
1193 1735 1247 1762 οὐδ’
1272 1735 1465 1770 ἀπεπήδησεν·
1480 1735 1549 1768 ὅπερ
1573 1735 1675 1765 ἐκεῖνος
1697 1733 1811 1765 πάντως

1020 1780 1121 1807 ἔπαθεν
1135 1781 1180 1812 ἂν,
1203 1781 1227 1806 εί
1243 1780 1398 1807 τούναντίον
1415 1780 1485 1815 πρὸς
1507 1780 1612 1806 ἐκεῖνον
1627 1777 1702 1805 ταῦτ’
1727 1779 1811 1809 auiti;

1022 1823 1079 1861 εἶχε
1105 1826 1200 1856 ποιεῖν.
1224 1825 1324 1858 ἔδειξεν
1347 1826 1409 1852 ὅσου
1432 1826 1503 1856 τινος
1530 1826 1656 1852 τάκείνου
1680 1826 1809 1859 τιμᾶται,

1022 1872 1069 1898 καὶ
1092 1871 1129 1902 ὡς
1152 1871 1202 1905 τὴν
1230 1871 1328 1898 ἑαυτοῦ
1354 1870 1433 1903 δόξαν
1458 1871 1602 1906 παραπολὺ
1628 1871 1676 1905 τῆς
1700 1871 1812 1897 ἐκείνου

1023 1916 1140 1950 νομίζει.

186 1959 254 1985 sime
269 1963 436 1993 perspectam
452 1959 573 1985 haberet.
592 1958 696 1991 Quibus
720 1964 811 1985 noster
823 1960 968 1990 virtutibus
989 1969 1092 1991 tantum
1116 1961 1274 1996 praestabat,
1296 1966 1325 1988 ut
1346 1962 1417 1997 quod
1442 1969 1505 2002 erga
1551 1961 1625 1988 illum
1670 1961 1814 1988 declarare

186 2004 302 2032 Basilius
321 2005 449 2032 debuerat
465 2004 594 2038 ofﬁcium,
615 2009 718 2032 tantum
734 2013 763 2033 se
801 2006 928 2035 nimirum
962 2018 1043 2046 supra
1078 2010 1146 2037 alios
1178 2016 1271 2036 omnes
1307 2008 1438 2044 Gregorio
1463 2007 1587 2040 deferre;
1619 2011 1649 2033 ut
1677 2013 1811 2034 novorum

187 2052 299 2080 istorum
327 2054 479 2080 antistitmn
506 2053 532 2080 in
552 2061 665 2081 numero
686 2053 760 2080 illum
801 2061 853 2082 non
889 2063 1044 2091 reportaret,
1072 2058 1099 2085 id
1126 2057 1226 2085 Basilio
1254 2057 1384 2091 majorem
1416 2055 1537 2091 profecto
1562 2055 1589 2081 in
1618 2054 1729 2081 modqu
1755 2055 1814 2088 ipse

188 2103 336 2133 prastaret,
357 2107 390 2127 eo
418 2099 543 2127 videlicet
572 2100 642 2134 ipso,
663 2100 734 2133 quod
762 2100 795 2126 ad
821 2101 977 2135 praedictam
997 2103 1231 2138 inaugurationem
1259 2107 1390 2134 vocatus,
1416 2100 1483 2128 nihil
1509 2100 1718 2130 eontradiceret,

1763 2109 1815 2129 nec

187 2146 338 2180 aufugeret,
368 2145 596 2179 quemadmodum
626 2146 685 2171 sine
716 2144 800 2172 dubio
835 2145 956 2174 facturus
976 2147 1064 2175 fuerat
1096 2147 1221 2180 Basilius,
1247 2147 1269 2174 si
1303 2151 1397 2173 contra
1423 2145 1574 2179 ejusmodi
1618 2146 1757 2180 quidpiam
1786 2147 1813 2174 in

187 2193 263 2219 ῑΙιιηιι
287 2192 441 2219 faciendum
468 2191 609 2218 habuisset
626 2191 786 2226 Gregorius,
809 2191 875 2218 satis
891 2193 1020 2227 ostendit,
1044 2198 1070 2222 et
1085 2194 1177 2228 quanti
1202 2193 1392 2220 auctoritatem
1418 2192 1490 2220 illius
1531 2191 1644 2224 faceret,
1677 2196 1706 2219 et
1739 2193 1813 2226 quod

188 2239 258 2266 illitis
274 2239 387 2271 gloriam
406 2246 461 2265 suae
477 2231 554 2273 longe
570 2238 729 2266 anteferret.

220 2283 352 2311 LXXXII.
376 2284 448 2311 Cave
465 2291 528 2311 vero
542 2284 630 2315 dicas,
643 2283 711 2315 Quid
733 2283 815 2318 igitur
836 2284 960 2319 extemph

1074 2282 1123 2310 IB'.
1143 2283 1198 2310 Καὶ
1214 2282 1287 2313 ὅπως
1305 2281 1342 2316 μὴ
1360 2282 1459 2318 εἴπῃς·
1485 2280 1519 2307 Τί
1536 2278 1582 2307 οὖν
1605 2280 1686 2310 εὐθὺς
1708 2280 1814 2307 ἐκεῖθεν

185 2331 248 2358 inde
275 2338 335 2357 sese
360 2330 488 2357 subduxit
514 2329 681 2365 Gregorius?
714 2329 766 2355 Deo
786 2329 911 2356 nimirum
937 2330 971 2358 ad

187 2377 238 2403 hoc
271 2375 374 2409 pariter
402 2382 434 2401 ac
463 2375 528 2402 illud
559 2368 822 2408 impellenteptum
855 2374 971 2408 primum

188 2423 281 2454 cessit,
311 2427 365 2448 tmn
394 2426 488 2455 postea
517 2428 612 2448 rursus
635 2420 749 2455 aufugit,
777 2420 822 2454 qui
840 2427 972 2447 summam

188 2466 252 2493 item
270 2466 393 2501 Gregorii
411 2467 496 2492 nostri
513 2466 595 2492 animi
612 2466 823 2492 moderationem
837 2471 974 2492 monstra~

188 2514 245 2544 bat,
260 2518 287 2540 et
301 2512 381 2539 simul
400 2519 487 2545 neque
500 2512 593 2539 orbem
611 2517 743 2538 terrarum
769 2512 814 2538 tuli
829 2513 919 2539 orbari
938 2513 975 2540 si-

188 2560 270 2586 nebat
288 2559 364 2590 viro;
382 2558 489 2592 qualem
506 2565 568 2592 ego,
586 2565 682 2592 nempe
697 2558 806 2592 pulchra
824 2558 914 2585 omnia
929 2567 975 2593 pa-

190 2605 258 2631 riter
283 2608 469 2637 pervagatum,
485 2596 618 2630 néminem
636 2603 691 2630 ullo
710 2611 828 2637 unquam
856 2609 975 2638 tempore

189 2650 283 2676 videre
304 2649 425 2681 tuemini,
450 2656 536 2683 neque
553 2650 651 2683 ipsum,
668 2649 805 2684 ipsiusque
821 2649 976 2682 exquisitis-

188 2696 271 2722 simas
289 2695 397 2722 dicendi
417 2701 498 2728 artes,
521 2695 547 2722 in
571 2695 687 2722 obscuro
708 2702 739 2741 af:
763 2695 894 2721 vilissimo
916 2696 974 2723 loco

1021 2330 1126 2365 ἀπέδρα
1139 2338 1147 2362 ς
1163 2329 1208 2355 τοῦ
1231 2329 1285 2364 γὰρ
1299 2327 1366 2355 Θεοῦ
1383 2328 1431 2354 καὶ
1445 2327 1524 2354 τοῦτο
1534 2327 1644 2353 κάκεῖνο
1658 2326 1811 2360 κινοῦντος,

1021 2374 1077 2408 εἷξέ
1100 2384 1129 2402 τε
1149 2375 1198 2410 τὴν
1217 2374 1314 2410 ἀρχὴν,
1343 2375 1388 2401 καὶ
1405 2374 1438 2400 αὖ
1459 2374 1539 2400 πάλιν
1562 2373 1668 2407 ἀπέδρα
1681 2381 1688 2389 ·
1713 2376 1766 2409 τήν
1783 2383 1812 2400 τε

1023 2421 1173 2447 ἐπιείκειαν
1199 2419 1294 2446 τούτου
1308 2419 1470 2451 δεικνύντος,
1487 2419 1534 2445 καὶ
1547 2419 1604 2453 ἃμα
1619 2419 1668 2444 οὐκ
1680 2418 1815 2452 ἀνεχομέ-

1024 2475 1082 2499 νου,
1101 2467 1136 2501 μή
1150 2475 1180 2492 τε
1196 2466 1246 2500 τὴν
1260 2465 1422 2499 οἰκουμένην
1433 2465 1529 2499 ἀνδρὸς
1545 2464 1710 2499 ἐστερῆσθαι
1725 2464 1814 2490 τοιού-

1026 2521 1092 2545 του,
1124 2510 1179 2538 οἷον
1209 2512 1263 2546 ἐγὼ
1293 2512 1388 2538 οὐδένα
1418 2511 1461 2537 διὰ
1487 2511 1595 2537 πάντων
1623 2510 1710 2541 οὕτως
1740 2510 1814 2536 ἰόντα

1027 2558 1169 2584 οὐπώποτε
1183 2555 1261 2590 εἶδον,
1279 2557 1341 2592 μήτ’
1353 2557 1434 2584 αὑτὸν
1448 2556 1495 2583 καὶ
1506 2557 1567 2586 τοὺς
1579 2555 1662 2582 αὐτοῦ
1674 2555 1771 2588 λόγους
1785 2556 1813 2582 ἐν

1028 2603 1133 2638 φαύλῳ,
1146 2604 1192 2630 καί
1208 2603 1312 2634 οὐδενὸς
1329 2603 1394 2635 ἀξίῳ
1409 2601 1634 2636 συγκλεισθέντας
1647 2600 1753 2635 χωρίῳ,
1767 2600 1812 2626 λα-

1028 2650 1085 2676 θεῖν
1103 2650 1151 2676 καὶ
1174 2646 1228 2675 οἷον
1254 2649 1465 2682 ἀποσϐεσθῆναι,
1491 2647 1618 2681 καθάπερ
1641 2646 1702 2673 τινὰ
1726 2647 1813 2681 μέγαν

1028 2695 1144 2730 πυρσὸν,
1169 2695 1218 2728 τῆς
1233 2694 1424 2728 προσηκούσης
1440 2693 1505 2727 ’ὑλης
1517 2693 1566 2719 οὺκ
1579 2690 1670 2725 οὔσης.

190 2743 296 2770 clausas
319 2742 419 2773 latere:
445 2748 471 2770 et
513 2745 704 2778 propemodum
724 2735 880 2778 'castiugni,
909 2743 995 2769 instar
1034 2742 1101 2769 faris
1133 2743 1273 2779 cujusdam
1307 2741 1440 2775 ingentis.
1471 2740 1570 2766 idoneo
1603 2740 1739 2766 destituta:
1766 2735 1817 2765 aii-

191 2795 292 2819 nn-nto.

228 2849 267 2883 lt)
286 2849 397 2886 Grogor.
411 2850 531 2886 Epimph.
549 2850 630 2878 Dusil.
651 2851 711 2877 iuil.

1055 2849 1091 2882 (Δ)
1108 2847 1148 2873 An
1164 2846 1237 2881 αἰτῶ
1248 2854 1277 2872 ev
1296 2845 1377 2880 Greg.
1403 2844 1526 2878 Ιξρίιιιῃίι.
1546 2843 1608 2871 lius.
1624 2843 1686 2870 ﬁne.
