1875 3059
64 132 114 164 305

525 127 721 160 LAUDATm
744 129 774 158 S.
792 127 983 158 GliEGORlI
1004 126 1211 158 TllEtlLOGI.

1636 123 1698 155 306-

63 191 123 226 θρον
151 190 282 226 καχεξίαν
307 189 516 222 ἀποκλυζόντων
543 190 582 224 τῷ
612 189 660 223 τῆς
683 187 803 215 διδασκαῖ

950 191 1034 212 ιιιιιιιιι
1051 185 1100 212 fuit
1117 184 1273 220 mysterium
1293 182 1349 218 (8),
1367 181 1481 209 maxima
1507 181 1620 208 subinde
1643 188 1690 207 ca-

63 238 176 273 ποτίμῳ,
205 238 276 272 πρὸς
299 237 328 264 δὲ
363 236 556 272 τὴνεῑλικρινῆ
587 236 634 262 καὶ
662 233 788 269 καθαρὰν
805 233 852 260 καὶ

63 283 180 318 ἡδίστην,
192 285 239 311 καὶ
253 283 310 310 τῶν
335 283 473 318 Ὀλύμπου
494 282 663 317 πραγμάτων
686 280 850 315 αἰτιωτάτην

64 330 150 357 πίστιν
160 351 166 362 ,
173 329 384 365 μεθισταμένων
396 337 430 356 τερ
436 329 482 356 καὶ
491 328 710 364 μετατιθεμένων
719 327 769 362 ὅλῃ
779 327 852 361 ψυχῇ

63 384 89 402 τε
100 377 147 402 καὶ
159 376 275 412 γνώμῃ,
291 375 340 402 καὶ
351 376 520 411 πειθομένων
536 375 595 402 ἀντὶ
603 374 649 401 τοῦ
659 374 766 408 φρονεῖν
782 372 800 399 ἃ.
816 372 853 407 μὴ

61 420 106 451 δεῖ,
115 421 226 454 φρονεῖν
237 419 256 446 ἃ.
264 420 314 447 δεί”
325 420 419 454 καὶτῷ
428 420 504 454 καλῷ
516 420 562 447 καὶ
576 419 729 454 γιγνομένῳ
740 419 854 454 προστί-

63 466 164 497 θεσθαι,
175 466 224 492 καὶ
238 465 314 492 τοῦθ’
327 466 416 498 οὕτως
439 465 559 501 ἀκριὸὦς
572 465 809 500 ἐνσημαινομένων
818 473 857 499 τῳ

62 511 136 545 βάθει
161 511 215 546 τῆς
250 511 387 544 διανοίας,
399 511 436 543 ὡς
467 511 505 546 μὴ
521 511 603 546 μόνον
622 510 720 541 αὐτοὺς
748 509 859 540 τούτους

61 556 178 589 ἁκλινεῖς
197 557 327 590 καθάπαξ
343 558 453 585 ἑστάναι
468 557 682 592 ἐρηρεισμένους
693 557 727 591 τῇ
735 556 783 589 τῆς
793 565 802 582 ι
815 555 856 582 πί-

61 610 144 634 στεως
155 602 256 638 πέτρᾳ,
278 613 288 629 ›
305 603 376 630 ἀλλὰ
390 603 438 630 καὶ
451 604 506 629 τῶν
528 603 590 637 ἄρτι
605 602 814 636 καθιπαμένων
830 602 858 628 ἐν

60 647 174 681 τούτοις,
183 649 335 681 παιδευτὰς
351 649 470 683 ἀγαθοὺς
483 648 650 676 καθεστάναι
661 648 709 683 καὶ
720 646 856 678 πλάστας.

908 239 972 265 pere
992 231 1158 259 incrementa
1184 228 1409 263 corroborariquc
1424 231 1581 259 cernerent.
1600 232 1626 254 et
1648 234 1694 253 se-

908 280 964 314 ipsa
986 278 1077 306 multis
1101 277 1224 313 partibus
1243 276 1455 303 ttutnerosiorem
1485 274 1542 302 ﬁeri
1567 281 1613 308 per
1631 273 1693 300 insi-

907 333 985 361 gnem
1012 332 1105 353 eorum
1132 330 1274 351 numerum
1299 322 1346 357 qui
1371 329 1419 349 sua
1439 321 1562 356 qttotidie
1587 319 1695 347 noutina

907 371 1025 403 dabant;
1042 370 1087 404 qui
1100 369 1201 396 atnaris
1217 375 1248 396 ac
1262 368 1372 395 nefariis
1389 367 1422 394 de
1438 367 1493 394 Deo
1507 373 1603 393 vocum
1619 364 1690 392 novi-

908 417 1009 445 tatibus
1025 417 1153 450 falsisque
1164 415 1348 450 opinionibus,
1365 414 1438 441 velut
1450 412 1583 441 exitiabili
1598 411 1695 439 anima:

909 461 1039 497 languore
1052 481 1059 493 ,
1079 460 1151 488 dulci
1167 464 1298 495 gratoque
1322 459 1445 487 melioris
1466 458 1648 486 institutionis
1662 457 1692 484 ιι.

909 516 997 545 quore
1015 508 1119 540 dilutis,
1138 511 1268 542 protenus
1283 506 1316 534 ad
1333 507 1482 537 sinceram,
1500 509 1526 532 et
1545 511 1651 539 puram,
1671 507 1695 530 el

909 555 1114 587 suavissimam,
1138 559 1166 582 et
1184 561 1245 589 quae
1266 561 1356 581 rerum
1375 553 1524 581 caelestium
1546 552 1696 587 adipisccn.

911 602 1006 629 darum
1020 600 1161 636 potissima
1175 607 1257 627 causa
1273 604 1325 632 est,
1339 600 1430 632 ﬁdem,
1444 603 1500 628 toto
1515 603 1624 634 pectore
1637 598 1691 627 ani-

911 654 1010 682 moque
1032 654 1061 674 se
1085 646 1253 682 recipiebant
1272 650 1355 682 atque
1380 645 1543 673 transibant.
1569 645 1697 680 llliusque

60 694 128 727 loco,
152 680 227 730 quod
249 680 334 730 impia
358 680 385 723 et.
409 680 503 723 illicita
530 694 607 730 prius
635 680 789 726 senserant,
819 692 853 720 ad
874 697 948 720 recta
962 680 1116 726 sentiendo,
1131 680 1278 728 veramque
1293 680 1320 720 et
1353 692 1498 727 genuinam
1532 691 1697 727 amplecten-

60 741 118 767 dam
136 741 304 775 doctrinam,
319 742 537 775 adducebantur,
549 749 631 777 quam
645 745 774 769 accurate
787 741 855 767 adeo
876 740 985 775 alteque
1001 739 1100 767 animis
1113 739 1169 768 suis
1181 739 1385 775 imprimebant,
1421 743 1450 766 ut
1465 747 1520 766 non
1539 738 1590 772 ipsi
1611 738 1691 765 modo

62 787 164 814 immoti
180 787 260 822 plane
279 793 446 823 perstarent,
467 788 582 816 ﬁrmatis
599 788 626 816 in
642 797 652 813 ι
670 791 746 822 petra
763 785 822 814 ﬁdei
843 794 853 811 ι
873 785 1006 821 vestigiis,
1024 786 1072 814 sed
1092 792 1186 813 eorum
1205 785 1279 818 item,
1296 785 1342 820 qui
1376 785 1550 820 postmodum
1574 785 1608 812 ad
1640 785 1698 812 itare

61 834 152 862 eadem
171 835 353 868 accedebant,
375 835 496 871 magistri
512 836 676 870 ﬁctoresque
691 834 786 869 optimi
805 833 982 860 exsisterent.
1464 860 1467 863 _

94 882 158 910 ΗΘ.
197 882 317 910 Ἔπειτα
332 883 381 910 τοῦ
398 883 477 910 πάντ’
491 883 604 919 ἀρίστου
627 883 676 910 καὶ
692 883 834 917 θαυμαστο

958 881 1085 910 .XXXIX.
1099 882 1168 910 Tum
1182 882 1276 910 deinde
1290 881 1369 918 longe
1380 881 1483 918 optimo
1496 881 1698 910 laudntissimo-

64 929 367 964 βασιλέως,(Θεοδόσιος
384 929 412 957 δὲ
429 927 464 965 ἦν
482 930 497 956 ὁ
513 930 600 965 μέγας
617 929 662 956 διὰ
673 929 753 956 ταυτὶ
770 937 854 964 προσ-

64 975 181 1010 ρηθεὶς”)
202 975 252 1002 καὶ
280 975 330 1002 σύν
354 983 386 1010 γα
409 976 501 1011 πάσης
530 976 581 1010 τῆς
610 975 777 1010 εὐσεδοὺσης
802 983 854 1009 φα-

62 1019 150 1054 τρὲας,
179 1020 273 1046 πᾶσαν
289 1020 420 1056 σπουδὴν,
435 1022 528 1048 πᾶσαν
545 1020 641 1056 δέησιν
663 1020 853 1055 προσηχότων,

62 1064 97 1096 ὠς
109 1065 145 1091 ἂν
163 1067 177 1092 ὁ
193 1065 281 1100 μέγας
289 1065 340 1101 τῆς
355 1066 518 1101 Ἐκκλησῐας
529 1067 675 1102 προσταίη,
689 1068 735 1094 καὶ
751 1067 856 1102 πρόμα-

63 1120 107 1147 χος
136 1112 222 1139 ἔπειτ’
245 1113 332 1147 αὐτῆς
356 1113 398 1148 εἴη
421 1114 469 1139 καὶ
488 1113 620 1148 πρόϐολος
647 1113 782 1149 ἀσφαλὴς,
809 1113 855 1140 τὸν

63 1158 116 1183 τῶν
145 1158 284 1192 αἱρέσεων
307 1159 390 1185 σάλον
415 1159 650 1194 ἀποκρουόμενος,
675 1159 690 1185 ὁ
713 1160 761 1185 καὶ
776 1158 855 1186 πάντ’

64 1203 132 1239 αὐτῇ
148 1204 235 1231 ταῦτα
251 1205 300 1231 καὶ
316 1204 371 1240 πρὸ
386 1205 434 1240 τῆς
450 1205 629 1239 προκλήσεως
644 1204 764 1239 γεγονώς
778 1214 785 1221 ·
809 1205 856 1232 καὶ

65 1251 149 1278 πάλαι
170 1251 321 1287 προσήκων
340 1252 496 1278 ἐπιστατεῖν
514 1252 575 1285 λκαὶ
599 1252 749 1287 δυνάμενος
777 1252 856 1286 μόνος

64 1296 98 1328 ὡς
126 1297 234 1332 ἀληθῶς
256 1297 306 1333 τὴν
327 1297 377 1332 μὲν
404 1298 495 1333 πάσης
517 1298 676 1334 ἡστινοσοῦν
698 1298 857 1334 δυσχερείας

65 1344 206 1379 ἀνω-πέραν
219 1345 380 1372 παντάπασι
399 1345 484 1377 δεῖξαι
497 1354 504 1362 ν
523 1346 616 1373 πᾶσαν
633 1345 663 1372 δὲ
677 1346 785 1381 ἀγαθὴν
799 1347 857 1379 ἕξιν

67 1389 114 1416 καὶ
135 1390 309 1418 παντοδαποῦ
325 1390 408 1418 καλοῦ
425 1390 506 1427 ζῆλον
517 1391 578 1423 ταῖς
599 1391 730 1419 ἁπάντων
747 1392 857 1426 ἐντῆξαι

66 1435 177 1470 ψυχαῖς,
190 1437 286 1472 ἐπειδή
308 1445 360 1472 περ
376 1437 425 1472 ὀψέ
442 1443 509 1464 ποτε
520 1438 568 1465 καὶ
594 1438 673 1473 μόγις
689 1437 804 1472 ἐπείσθη
827 1446 857 1464 τε

66 1483 116 1509 καὶ
140 1483 316 1516 κατένευσεν,
332 1483 388 1510 οὔτ’
400 1484 526 1520 ἀντέχειν
553 1484 591 1510 ἐτ’
607 1484 690 1517 ἀξιῶν
719 1485 766 1511 καὶ
781 1484 858 1511 θείαν

66 1527 103 1558 ὼς
120 1528 228 1563 ἀληθῶς
243 1529 337 1563 ψῆφον
351 1529 453 1564 ταύτην
466 1528 594 1564 νομίζων,
613 1529 651 1566 μὴ
664 1530 691 1556 δὲ
703 1529 757 1565 γὰρ
771 1530 859 1562 ἄλλως

67 1573 196 1608 ἐπιϐῆναι
212 1574 262 1609 τῆς
283 1575 490 1603 Κωνσταντίνου
520 1576 743 1612 χρηματισθῆναι
778 1585 860 1603 τοκα-

67 1620 180 1654 ταρχᾶς.
203 1621 281 1647 Ἐπεὶ
296 1621 390 1648 τοίνυν
413 1621 501 1654 οὕτως
525 1622 661 1654 συνέθετο,
687 1623 734 1650 καὶ
759 1624 791 1658 τῇ
812 1623 859 1650 τοῦ

67 1664 234 1698 κρατοῦντος
250 1666 412 1701 προδλήσει,
431 1667 576 1703 θαυμαστὴ
592 1668 621 1695 δὲ
637 1668 706 1703 αὕτη
718 1688 725 1700 ,
742 1669 790 1695 καὶ
802 1669 861 1704 μεί-

68 1710 122 1742 ζων
136 1711 407 1746 ἦνπαραδάλλεσθαι,
421 1715 470 1748 τῆς
484 1715 618 1749 καθέδρας
631 1715 729 1750 ἐπέϐη,
745 1715 793 1741 καὶ
806 1716 862 1743 τῶν

68 1757 117 1791 τῆς
140 1758 286 1789 εὗσεὸείας
316 1759 488 1794 πραγμάτων
521 1760 585 1795 μάλ’
611 1761 786 1796 ἐρρωμένως,
813 1762 861 1790 καὶ

72 1803 139 1838 μετὰ
155 1804 292 1840 πλείστης
311 1805 378 1839 ὅσης
393 1806 563 1834 ἀντεποιεῖτο
590 1807 742 1843 ῥᾳστώνης,
758 1809 782 1834 of
800 1809 859 1844 μὲν,

67 1851 223 1885 ἀμύνεσθαι
255 1852 320 1883 τοὺς
336 1851 467 1886 ὑϐριστὰς
482 1853 601 1887 οἰόμενοι
617 1853 682 1886 δεῖν,
697 1854 742 1880 καὶ
759 1851 797 1881 ὦν
821 1855 861 1887 είς

68 1897 164 1928 αὐτοὺς
179 1897 402 1932 ἐπλημμέλησαν
411 1897 612 1933 εἰσπράξασθαι
623 1898 714 1934 δίκην,
727 1900 810 1926 πᾶσιν
821 1898 862 1932 οἷς

70 1942 152 1978 εἶχον,
166 1944 276 1971 πείθειν
291 1944 378 1972 ταῦτα
394 1945 441 1971 καὶ
455 1944 500 1972 τὸν
517 1945 596 1979 ᾱγιον
609 1945 779 1981 ἐπεχείρουν,
798 1955 862 1973 συν-

70 1991 257 2025 αγωνίσασθαι
272 1990 378 2022 τούτοις
400 1990 446 2017 καὶ
461 1991 614 2025 συλλαϐεῖν,
630 1991 680 2027 τήν
700 2000 730 2018 τε
746 1991 794 2019 τοῦ
813 1992 861 2028 βα-

71 2036 167 2069 σιλέως
184 2037 257 2072 πρὸς
278 2037 361 2064 αὑτὸν
387 2036 603 2073 ειδότεςροπὴν,
631 2038 682 2071 τῆς
701 2047 731 2064 τε
746 2039 862 2073 καρδίας

68 2077 102 2108 ὧν
115 2082 219 2109 ἔπαθον
236 2081 419 2116 ζωπυρούσης
435 2082 484 2116 τὴν
497 2083 618 2117 μνήμην,
637 2083 685 2109 καὶ
700 2083 749 2110 οὐκ
773 2084 862 2119 ἐώσης

68 2128 110 2154 τὸν
122 2128 258 2162 λογισμὸν
273 2128 398 2162 ἠρεμεῖν.
415 2128 444 2154 '0
461 2128 500 2161 δὲ,
516 2129 620 2164 πραέιᾳ
641 2129 687 2156 καὶ
708 2129 861 2165 φιλανθρώ-

69 2183 108 2209 πῳ
133 2176 224 2210 φωνῇ,
240 2172 340 2209 πρῶτα
366 2174 415 2208 μὲν
443 2175 572 2210 ἐπειρᾶτο
589 2175 638 2210 τὴν
657 2175 748 2202 αὐτῶν
773 2176 862 2210 ὁρμὴν

68 2220 274 2252 καταστέλλειν,
291 2219 389 2252 λέγων·
407 2228 417 2245 ι
437 2220 493 2246 Οὐκ
507 2219 595 2246 οἴδατε
611 2221 688 2246 ποίου
706 2221 860 2256 πνεύματός

69 2265 140 2294 ἐστε,
151 2274 160 2290 ι
180 2265 218 2296 ὡς
239 2265 286 2290 καὶ
302 2263 414 2290 τοιαῦτα
428 2265 560 2299 πράττειν
577 2265 758 2300 προάγεσθσι;
775 2266 861 2294 ἔπειθ’

68 2310 102 2342 ὡς
121 2311 289 2345 θαυμαστὴν
317 2310 520 2345 μεγαλοψυχίας
552 2311 701 2338 ἀποίσεσθε
727 2311 807 2345 δόξαν
824 2313 861 2348 μὴ

68 2357 172 2388 τούτοις
191 2356 360 2388 ἐπεξιόντες,
379 2356 523 2391 ἀρκοῦντος
549 2357 630 2391 μόνου
644 2357 690 2383 τοῦ
710 2357 840 2384 δύνασθαι
854 2366 860 2373 ·

69 2402 96 2426 τὴ
120 2401 149 2427 δὲ
170 2402 304 2436 μέγιστον
320 2401 366 2426 καὶ
382 2400 510 2427 πλείστου
531 2401 562 2436 δή
578 2409 649 2432 τινος
666 2423 673 2434 ,
691 2402 715 2427 εί
741 2403 790 2434 μὲν
808 2403 861 2438 γὰρ

71 2448 293 2482 φιλανθρωπίας,
315 2447 378 2480 ἔφη,
390 2447 495 2481 τύχοιεν
519 2448 584 2482 παρ’
598 2448 687 2482 ἡμῶν,
701 2449 819 2483 βελτίους
831 2458 860 2475 τε

75 2495 183 2520 ἔσονται
205 2494 325 2527 τάχιστα
349 2492 397 2524 τᾶς
420 2492 519 2527 ψυχὰς,
535 2491 563 2519 εὖ
581 2491 648 2523 οϊδα,
669 2495 715 2519 καὶ
732 2495 861 2528 φέροντες

73 2543 139 2574 σφᾶς
150 2540 251 2570 αὐτοὺς
265 2534 479 2574 ἐγχειριοῦσίτῇ
496 2539 556 2566 καθ’
570 2540 641 2574 ἡμᾶς
657 2540 807 2576 Ἐκκλησίᾳ
828 2538 862 2574 ἦς

73 2587 159 2617 κακῶς
176 2585 381 2620 ἀπερρώγεσαν
394 2593 400 2599 “
420 2585 451 2611 ἂν
467 2585 501 2616 δ’,
519 2585 532 2611 ὃ
543 2585 580 2619 μὴ
599 2585 703 2619 γέιοιτο
719 2586 724 2612 l
738 2594 862 2621 τιμωρη-

74 2632 172 2666 σόμεθα
199 2632 285 2665 σφᾶς,
304 2631 343 2665 τῷ
360 2639 389 2656 τε
406 2630 548 2657 δυασεϐεἴν
564 2632 604 2657 ἔτι
620 2631 719 2666 μᾶλλον
740 2632 860 2666 προσθή-

76 2688 173 2712 σονται,
189 2680 237 2705 καὶ
253 2677 430 2704 παντάπασιν
447 2678 610 2705 ἀπολοῦνται
623 2688 631 2704 ι
642 2679 676 2705 δι’
687 2677 733 2710 οὓς
745 2679 862 2712 Χριστὸς

77 2725 210 2761 ἐτεθνήκει
224 2734 231 2741 ”
247 2736 256 2752 ι
272 2727 336 2752 ὅσον
350 2721 396 2751 οὖν
412 2725 499 2751 ἐκεῖνο
514 2725 610 2751 τούτου
629 2727 794 2760 σεμνότερον
811 2726 860 2752 καὶ

108 2797 127 2813 ⁵³
144 2797 210 2825 Luc.
236 2805 275 2829 Ix,
307 2795 352 2823 55.

105 2869 180 2903 tibiis
195 2868 244 2896 Gr.
269 2865 401 2894 Naziattz.
420 2868 444 2894 in
463 2866 648 2902 Emi/mnium,
667 2867 728 2896 ﬁne.

907 934 960 962 que
974 929 1138 963 imperatore
1154 927 1206 964 (9),
1223 935 1332 963 unaque
1348 935 1410 956 cum
1425 929 1484 962 ipso
1497 928 1629 955 universo
1643 928 1694 961 pio-

908 981 966 1000 rum
988 970 1070 1006 ctetn,
1097 981 1180 1002 omne
1211 975 1330 1002 studium
1353 982 1519 1009 omnemque
1539 975 1699 1002 obtestatio-

906 1026 969 1046 nem
989 1020 1146 1052 adbibente,
1168 1026 1197 1047 ut
1218 1021 1258 1047 vir
1275 1021 1411 1048 maximus
1430 1025 1555 1055 suscepto
1569 1019 1700 1047 Ecclesia:

899 1066 979 1094 .illius
1005 1067 1175 1101 pontiﬁcatu,
1204 1067 1331 1102 deinceps
1353 1070 1538 1101 propugnator
1564 1066 1697 1099 ejusdem,

907 1120 1043 1148 rupesque
1066 1113 1232 1144 ﬁrmissima,
1248 1113 1345 1140 fluctus
1361 1112 1503 1140 haeresium
1519 1111 1638 1139 fractura
1656 1116 1698 1139 at-

908 1167 962 1195 que
978 1160 1134 1194 depulsura,
1153 1165 1225 1187 esset
1249 1168 1257 1187 :
1273 1159 1319 1194 qui
1336 1163 1414 1186 antea
1434 1158 1516 1186 etiam
1537 1165 1616 1193 quam
1633 1165 1699 1192 pon-

909 1206 973 1233 tifex
987 1211 1140 1238 crearetur,
1159 1206 1215 1233 hinc
1231 1206 1320 1233 omnia
1341 1205 1471 1233 Ecclesiae
1488 1205 1588 1238 fuerat,
1603 1209 1629 1232 ct
1642 1205 1697 1239 jam

908 1252 1012 1287 pridem
1038 1252 1084 1279 illo
1109 1259 1227 1280 munere-
1249 1251 1436 1287 dignissimus,
1458 1256 1485 1280 et
1511 1252 1582 1279 solus
1605 1259 1698 1278 revera

908 1298 1031 1330 idoneus,
1054 1298 1098 1333 qui
1122 1298 1193 1325 illam
1210 1298 1353 1332 quibusvis
1378 1298 1510 1326 molestiis
1528 1297 1696 1332 superiorem

910 1343 989 1378 plane
1016 1349 1156 1378 praestare,
1201 1349 1282 1379 atque
1311 1344 1425 1372 invicem
1455 1343 1553 1370 bonum
1575 1343 1696 1370 habitum

909 1397 1027 1421 omnem,
1049 1390 1211 1424 virtutisque
1230 1390 1365 1417 universa:
1383 1389 1559 1422 desiderium,
1577 1390 1697 1416 omnium

910 1436 1008 1462 animis
1021 1437 1094 1463 velttt
1106 1435 1338 1470 colliquefactum,
1351 1435 1494 1462 infundere
1506 1439 1607 1470 posset.
1621 1435 1698 1461 Post»-

911 1490 990 1517 quam
1007 1482 1114 1509 tandem
1132 1482 1289 1516 aliquando,
1309 1489 1433 1516 aegreque
1448 1481 1592 1508 admodum
1614 1481 1699 1508 cessit

911 1529 1070 1564 adnuitque,
1089 1535 1139 1556 nec
1153 1527 1222 1555 ultra
1235 1528 1398 1556 obstinatius
1414 1535 1564 1563 repugnare
1583 1527 1622 1554 fas
1637 1534 1698 1554 esse

913 1575 1020 1608 statuit,
1050 1575 1130 1602 simul
1150 1575 1271 1602 divinum
1300 1574 1412 1602 omnino
1443 1573 1575 1602 calculum
1603 1573 1701 1601 suﬁra—

913 1621 1040 1656 giumque
1068 1629 1129 1649 esse
1153 1625 1239 1651 ratus,
1267 1629 1327 1648 nam
1345 1621 1447 1655 absque
1469 1628 1502 1648 eo
1521 1624 1612 1652 esset,
1632 1627 1700 1647 nun—

913 1675 994 1703 quam
1015 1675 1043 1695 se
1059 1669 1093 1695 ab
1109 1667 1186 1694 initio
1197 1667 1229 1694 de
1242 1667 1365 1694 adeunda
1379 1666 1617 1701 Constantinopoli
1633 1666 1701 1693 divi-

913 1715 987 1742 nitus
1002 1715 1167 1742 admonitum
1187 1715 1279 1742 fuisse.
1296 1715 1441 1750 Postquam
1457 1715 1541 1750 igitur
1557 1714 1608 1742 itoc
1622 1719 1700 1749 pacto

913 1767 1041 1788 assensus
1064 1765 1115 1793 est,
1134 1765 1160 1788 et
1181 1761 1351 1796 imperatoris
1385 1768 1469 1796 opera
1496 1765 1578 1796 atque
1603 1760 1700 1788 suﬁ‘ta-

912 1807 1031 1842 gatione,
1049 1815 1110 1842 quae
1130 1814 1235 1834 summa
1254 1815 1319 1834 sane
1332 1811 1359 1834 et
1372 1808 1432 1835 sine
1445 1807 1568 1841 exemplo
1583 1808 1698 1834 maxima

913 1857 982 1886 erat,
1001 1853 1156 1880 cathedram
1178 1853 1359 1887 pontiﬁcalem
1382 1852 1552 1883 conscendit,
1575 1853 1700 1886 pictatis-

915 1906 967 1934 que
986 1899 1093 1934 negotia
1110 1904 1220 1927 strenue
1238 1899 1410 1933 fortiterque,
1426 1903 1453 1926 et
1468 1899 1566 1926 eximia
1584 1899 1700 1933 quadam

915 1945 1087 1976 dexteritate.
1115 1944 1308 1972 administrare
1336 1943 1465 1971 instituit.
1489 1943 1549 1971 Mox
1569 1949 1701 1978 quotquot

914 1991 1050 2026 protervis
1068 1990 1122 2018 illis
1141 1990 1314 2017 vexatoribus
1335 1990 1393 2017 suis
1413 1989 1499 2017 vicem
1523 1989 1700 2022 reddendam,

914 2037 1141 2071 superiorumqne
1157 2036 1316 2071 ittjuriarum
1333 2036 1482 2071 exigendas
1498 2036 1531 2063 ab
1556 2036 1589 2063 iis
1606 2043 1701 2070 poenas

915 2083 1083 2116 statuebant,
1100 2089 1262 2116 quacunque
1279 2087 1404 2117 poterant
1419 2082 1536 2115 ratione,
1558 2082 1701 2109 sanctissi-

915 2137 986 2157 mum
998 2130 1060 2156 item
1074 2129 1159 2156 virum
1175 2129 1232 2156 suis
1249 2137 1394 2164 aggregare
1405 2129 1540 2164 partibus,
1555 2129 1581 2156 in
1596 2129 1702 2164 operis-

914 2183 966 2210 que
981 2175 1108 2210 pellicere
1135 2175 1306 2207 societatem,
1331 2175 1506 2206 laborabant,
1524 2175 1594 2202 haud
1615 2175 1702 2206 ignari

913 2229 992 2256 quem
1010 2221 1054 2247 ille
1069 2221 1163 2255 gratia;
1183 2221 1406 2256 auctoritatisque
1428 2221 1514 2248 locum
1540 2222 1609 2255 apud
1627 2221 1702 2256 priu-

912 2268 999 2302 cipem
1015 2267 1159 2297 obtineret,
1177 2267 1255 2294 simul
1279 2272 1306 2294 et
1325 2272 1424 2294 eorum
1441 2275 1501 2301 quae
1524 2268 1701 2302 pertulerant,

914 2313 1086 2345 memoriam,
1103 2314 1177 2340 velut
1194 2314 1311 2347 sopitum
1338 2314 1438 2346 ignem,
1461 2320 1534 2346 aegro
1554 2314 1703 2340 suscitanle

913 2363 1031 2394 pectore,
1059 2366 1146 2394 neque
1177 2359 1255 2385 istaut
1287 2359 1369 2385 auitni
1399 2360 1608 2385 commotionem
1638 2366 1702 2385 cou-

914 2406 1057 2438 quicsccre
1076 2405 1193 2431 sinente.
1216 2405 1247 2431 At
1263 2404 1413 2438 Gregorius
1434 2404 1491 2430 miti
1507 2408 1588 2438 atque
1608 2405 1702 2431 Imma-

913 2449 1025 2476 nissima
1049 2457 1130 2480 voce,
1161 2449 1276 2483 priutum
1303 2456 1396 2475 corum
1425 2449 1551 2475 cohibere
1576 2449 1701 2476 ardorem

912 2495 1098 2529 impetumque
1122 2494 1242 2520 tontabat
1259 2502 1265 2520 :
1285 2503 1293 2518 ι
1317 2493 1442 2528 Nunquid
1460 2494 1581 2526 nescitis,
1597 2495 1697 2529 inquit,

912 2542 990 2575 cujus
1025 2549 1070 2568 vos
1100 2541 1210 2574 spiritus
1227 2541 1334 2572 estis”,
1354 2549 1363 2566 ι
1385 2545 1413 2567 ιιι
1431 2540 1463 2567 ad
1493 2541 1549 2568 hinc
1581 2542 1702 2569 audenda

913 2587 1115 2622 prorutnpatis?
1128 2587 1195 2613 Tum
1208 2593 1347 2622 quautam,
1361 2595 1496 2623 quantque
1513 2588 1702 2616 admirabilem

915 2634 978 2661 inde
995 2634 1223 2667 magnanimitatis
1247 2633 1352 2661 laudent
1373 2634 1491 2661 habituri
1513 2635 1583 2669 sitis,
1602 2635 1624 2663 si
1647 2636 1702 2662 sola

917 2680 1043 2707 vindicta:
1069 2680 1199 2708 facultate
1213 2682 1345 2715 contenti,
1360 2681 1520 2709 delictorum
1536 2682 1575 2709 eis
1590 2681 1709 2716 gratiam

917 2725 1044 2753 faciatis?
1067 2725 1188 2761 Denique
1205 2727 1278 2762 quod
1302 2727 1460 2761 maximum,
1482 2735 1641 2763 sutnmoque
1662 2727 1708 2755 fa.-

894 2867 931 2902 (9)
949 2866 1116 2897 Theodosio.
