1878 3060
67 187 112 217 33⁵1

505 188 698 218 LAUDATIO
717 189 750 220 S.
762 188 955 220 GREGORII
967 190 1172 222 THEOLOGI.

1634 195 1686 228 338

67 244 167 277 αἰρεσιν
194 243 408 277 στηλιτεὺουσα,
437 240 474 270 ὧν
500 243 567 270 ἄνευ
591 244 642 270 οὐκ
666 244 707 271 ενι
723 244 796 279 βιοῦν
811 244 840 271 τδ

909 245 974 278 Deo,
985 246 1137 273 clarissima
1152 246 1279 275 omnibus
1294 247 1319 274 in
1334 248 1394 276 luce
1402 255 1515 283 ponens,
1525 256 1686 285 omnemque

67 289 100 320 ὡς
126 287 239 321 ἀληθῶς
267 287 344 321 βιοῦν
386 288 535 324 ᾑρημένον,
575 289 704 316 τοσοῦτον
740 289 856 316 ἐκείνων

66 333 146 360 ταῦτα
166 333 321 367 περίεστιν,
339 335 402 360 ὅσον
410 335 441 360 τὺ
455 336 530 370 κοινῇ
545 335 714 365 λυσιτελοῦν.
735 334 780 361 τοῦ
800 344 855 370 μη-

67 379 105 405 δὲν
120 388 146 406 τι
159 380 338 414 κεκτημένου
353 381 481 407 τοσοῦτον
492 389 501 397 ·
517 381 575 416 ἅμα
589 381 617 408 δὲ
640 380 688 407 καὶ
702 377 736 415 ἧς
749 381 855 412 ἐκεῖνος

68 425 189 451 τεθέαται
205 426 355 460 κλίμακος.
368 427 419 453 οὐκ
434 427 519 461 ἐπέϐη
535 435 543 443 ο
560 428 574 454 ὁ
588 426 610 453 δ’
625 428 665 458 εἰς
682 426 766 461 ἄκρον
780 425 854 460 φιλο-

69 471 158 504 σοφίας
172 471 257 502 αὑτός
272 480 303 498 τε
315 469 381 507 ἧκε,
401 473 446 499 καὶ
463 474 518 504 τοῖς
532 473 622 504 ἄλλοις
637 473 703 499 πᾶσι
721 471 854 508 θαρρούν-

68 527 116 548 τως
133 519 288 546 ἐπιϐαίνειν
316 520 454 554 παρέσχεν
467 528 474 535 ·
492 517 530 546 ὢν
548 520 658 546 εἰδότων
679 519 708 546 τὸ
722 519 790 551 δέον,
807 519 854 545 καὶ

67 564 127 597 περὶ
144 565 202 591 τῶν
220 565 376 599 μελλόντων
393 566 498 600 ἀγαθὰς
523 565 648 592 ἐντεῦθεν
677 564 854 600 κεκτημένων

66 610 187 642 ἐλπίδας.
203 612 305 645 μᾶλλον
318 612 352 639 ἄν
363 621 403 643 τις
418 611 559 647 Γρηγορίῳ
571 610 714 646 συγχαίροι
730 611 746 645 ἢ
759 610 798 645 τῷ
806 610 853 637 τοῦ

71 655 162 682 Ἰσαὰκ
177 658 227 683 καὶ
246 657 347 684 Ἰακὼὸ
361 658 417 684 τῶν
428 658 558 692 ἐγγόνων,
572 654 612 689 οἷς
622 657 726 688 ἐκεῖνος
736 656 772 682 τὰ
790 655 853 690 μέ).-

65 701 139 728 ὶ.ο·ιτα
155 701 307 737 «psus-rs.

906 291 1020 318 heresin
1038 291 1142 326 publica
1161 293 1358 327 prescriptione
1374 295 1524 330 contigeris,
1547 295 1606 324 sine
1621 297 1685 331 qni-

905 335 954 363 bus
968 335 1059 364 vivere
1086 338 1191 372 nequit,
1212 339 1340 373 quisquis
1367 347 1458 370 verm
1483 341 1575 369 vivere
1602 342 1686 369 vitam

902 382 1056 415 constituit,
1073 387 1146 417 patet
1167 390 1232 410 sane
1257 388 1360 412 tantum
1382 386 1440 413 haec
1469 387 1528 414 istis
1542 392 1684 421 praestabo,

903 431 1003 462 quanto
1015 429 1086 462 quod
1100 429 1207 464 egregio
1220 430 1329 464 publico
1342 431 1467 464 inservit,
1481 437 1544 459 ante
1562 433 1628 460 illud
1644 439 1686 461 est

903 474 974 507 quod
991 473 1051 508 ejus
1064 474 1170 508 generis
1183 475 1262 503 habet
1277 475 1351 502 nihil.
1364 476 1463 504 Adhmc
1486 485 1538 505 nec
1553 486 1621 514 quas
1634 480 1682 506 vi-

903 517 983 545 debat
1014 518 1102 545 scalas
1125 520 1283 546 conscendit
1313 519 1437 549 Jacobus.
1455 521 1552 549 Noster
1580 529 1682 556 autem,

901 571 963 590 cum
991 563 1048 595 ipse
1081 571 1217 591 summum
1244 565 1391 592 sanctioris
1413 566 1588 602 philosophiae
1618 576 1682 603 gra-

901 608 963 635 dum
976 613 1119 636 assecutus
1141 613 1204 643 est,
1224 614 1280 637 tum
1297 610 1359 638 aliis
1378 613 1504 640 omnibus
1521 613 1592 641 haud
1605 614 1683 641 dubi-

903 658 994 681 tanter
1017 655 1179 682 ascendendi
1203 655 1358 684 facultatem
1381 658 1464 690 dedit,
1479 666 1546 693 quos
1562 663 1588 686 et
1600 659 1682 687 oﬂicii

903 699 945 727 sui
957 699 1012 734 jam
1030 699 1221 734 intelligentes,
1235 706 1263 728 et
1278 709 1309 728 ea
1327 710 1358 729 re
1371 703 1487 738 optimas
1504 703 1599 731 futura:
1609 705 1682 732 salu-

65 748 96 775 lis
120 756 184 782 spes
215 749 341 785 adeptos,
361 751 461 786 iustius
473 750 572 784 aliquis
586 747 718 784 Gregorio
728 746 878 784 gratuletur
893 754 900 773 :
917 753 997 780 quam
1017 745 1143 782 quiquam
1158 747 1193 775 de
1225 747 1308 775 lsaaci
1338 753 1366 776 et
1395 748 1489 777 Jacobi
1528 751 1681 786 nepotibus,

64 803 119 829 quae
133 795 201 830 ipsis
215 796 272 824 fata
288 797 406 825 Iacobus
417 798 566 826 cecinerat.

96 846 172 873 Plﬂ'.
184 846 242 872 Kal.
261 846 315 881 μὴν
330 847 355 872 εί
368 846 415 872 καὶ
431 845 592 882 θαυμαστὴν
610 845 669 880 ἔχει
692 842 842 879 φιλοτιμίαι

935 839 1050 867 CXVIII.
1074 840 1134 868 Jam
1159 845 1190 869 ut
1215 841 1400 870 incredibilem
1420 843 1475 871 ﬁlio
1488 844 1549 879 ejus
1563 844 1681 879 Joscpbo

71 891 166 925 Ἰωσὴφ
190 890 231 927 τῷ
247 892 356 918 ἐκείνου
375 892 461 924 παιδὶ,
486 893 517 919 τό
543 891 574 918 τέ
596 892 621 919 οί
634 892 683 927 τῆς
707 890 849 924 δεσποίνης

65 938 258 972 ἑπιμανείσης,
279 936 419 973 ἀνώτερον
442 937 535 966 τοῦτον
549 934 652 971 ὦφθαι,
667 937 714 967 καὶ
732 935 849 971 κρείττω

64 983 114 1009 τῶν
136 984 246 1011 ἐκεῖθεν
268 984 354 1019 βελῶν
364 993 372 1001 ·
403 984 432 1011 τό
456 985 480 1011 τ’
496 984 529 1012 αὖ
545 985 588 1012 διὰ
606 985 653 1011 τὸν
668 985 722 1010 τῶν
736 982 849 1017 ὀνείρων

64 1030 223 1065 ἑρμηνείαν,
237 1030 349 1066 ἀπάσης
365 1030 507 1065 Αἰγύπτου
520 1030 623 1066 τροφέα
638 1030 685 1057 καὶ
698 1029 848 1065 μελεδωνὸν

64 1076 246 1110 καταστῆναι,
258 1077 308 1103 καὶ
318 1077 460 1110 γεγονέναι
470 1078 526 1108 τοῖς
536 1077 697 1112 πράγμασιν
708 1076 737 1102 ἐν
748 1075 847 1110 καιρῷ,

63 1118 129 1155 ἦπου
146 1122 248 1156 κομιδῇ
275 1123 368 1149 πᾶσαν
385 1123 504 1149 ἐπαίνων
520 1123 673 1158 ὑπερδολὴν
688 1121 848 1155 ὑπερϐαίνει

64 1166 96 1192 τὰ
107 1167 199 1193 τοῦδε·
211 1167 287 1194 οὕτω
301 1167 353 1202 μὲν
367 1168 518 1202 παρθενίαν
526 1169 570 1196 διὰ
584 1169 641 1204 βίου
653 1168 753 1199 παντὸς
768 1168 849 1202 ἐσχη-

65 1214 138 1242 κᾶτος
153 1213 187 1248 [Γ.
209 1213 392 1250 ἡσκηκότο;],
403 1215 441 1246 ὡς
457 1215 489 1242 ἄν
506 1224 578 1246 τινος
596 1215 657 1249 ἦτοι
672 1214 848 1241 παντάπασιν

65 1258 285 1294 ὑπερδεδηκότος
292 1259 323 1285 τὸ
331 1260 420 1294 σῶμα,
436 1260 453 1296 ἢ
464 1261 542 1295 σῶμα
551 1269 582 1294 γε
592 1260 684 1293 eam,
698 1260 737 1291 ὡς
749 1260 846 1292 είπεῖν,

63 1304 247 1338 κτησαμένου,
273 1305 450 1332 ἔπιτοσοῦτον
477 1306 506 1332 δὲ
523 1306 620 1340 σοφίας
641 1307 736 1337 ἰόντος,
753 1305 791 1337 ὼς
809 1305 847 1340 μὴ

64 1350 102 1376 ὅτι
127 1358 158 1383 γε
179 1351 232 1382 τὰς
254 1350 312 1376 τῶν
334 1351 526 1385 (τερετιζόντων
543 1351 648 1383 πλοκὰς
663 1352 711 1378 καὶ
727 1352 848 1386 στροφὰς

64 1395 196 1428 διαλῦσαι,
214 1396 264 1422 καὶ
289 1397 344 1423 πᾶν
368 1397 394 1423 εῐ
407 1405 433 1423 τι
447 1397 570 1424 τοιοῦτον
594 1397 699 1424 σκῶλον
716 1399 748 1424 ἐκ
764 1397 846 1431 μέσου

64 1442 107 1467 καὶ
125 1442 221 1475 πάλαι,
242 1443 291 1469 καὶ
316 1441 365 1469 νῦν
389 1442 568 1477 πεποιῆσθαι,
583 1443 651 1470 ἀλλὰ
671 1443 788 1470 καὶτῶν
802 1444 847 1470 ἀν-

63 1486 176 1519 θρώπων
192 1487 330 1520 ἑκάστους
343 1488 535 1523 πνευματικῶς
548 1488 704 1525 διατρέφειν
716 1488 845 1516 ἑκάστοτε

64 1531 203 1560 δύνασθαι.

95 1653 167 1681 ΡΙΘ¹.
191 1655 271 1682 Ἐπεὶ
293 1654 340 1681 καὶ
359 1655 404 1681 τὸν
429 1655 502 1682 κατὰ
526 1657 604 1690 γένος
628 1655 725 1690 ἐκείνῳ
741 1656 844 1691 προσήο

63 1709 142 1729 κοντα
166 1701 226 1728 ’1ὡὸ
241 1709 314 1735 φημι
330 1701 375 1728 τὸν
388 1701 518 1736 Αὑσίτην,
540 1702 611 1728 πάνυ
629 1701 776 1736 θαυμάζων
796 1702 844 1737 τῆς

65 1746 220 1781 καρτερίας,
236 1746 294 1781 ἐγὼ
318 1746 347 1773 δὲ
372 1747 420 1773 καὶ
435 1747 530 1774 τοῦτον
548 1748 614 1775 πολὺ
637 1747 737 1783 μᾶλλον
751 1749 779 1774 ὲν
795 1749 844 1775 αὑ-

65 1795 118 1824 τοῖς
145 1793 253 1824 τούτοις
274 1792 291 1828 ἢ
311 1793 416 1820 ἐκεῖνον
442 1793 497 1829 ἔχω
528 1794 689 1829 Θαυμάζειν.
714 1791 764 1821 Ὠν
790 1796 843 1830 γὰρ

65 1841 166 1872 ἐκεῖνος
186 1841 264 1868 ἄκων
285 1841 438 1875 ἐστέρητο,
468 1840 585 1868 πλούτου
611 1842 659 1868 καὶ
687 1841 768 1877 δόξης
796 1842 844 1868 καὶ

66 1886 171 1913 πάντων
192 1884 234 1918 οἷς
250 1886 393 1921 ἄνθρωποι
419 1888 563 1923 χαίρουσι,
583 1887 661 1914 ταῦθ’
680 1888 758 1920 οὗτος
773 1888 844 1916 ἑκὼν

65 1931 107 1958 δ.ὰ
120 1932 239 1966 Χριστὸν
266 1932 426 1968 ἀπηξίωσεν
450 1933 536 1968 ἴσχειν
551 1942 559 1949 ο
587 1935 713 1966 κάκεῖνος
733 1935 782 1970 μὲν
803 1932 844 1967 οἷς

67 1977 130 2011 πρὸς
152 1977 203 2008 τὰς
227 1977 306 2010 θείας
332 1977 438 2012 ψήφους
461 1980 599 2006 ἀντειπεῖν
618 1979 687 2011 ὅλως
714 1980 762 2015 οὐχ
789 1979 844 2014 οἶός

66 2031 91 2048 τε
115 2022 163 2056 ὢν,
181 2024 252 2058 προς
279 2024 483 2059 μεγαλοψυχίαν
499 2025 528 2057 ἐξ
550 2025 674 2061 ἀνάγκης
693 2026 842 2062 ἐχώρησεν,

66 2069 160 2102 ἒζειξεν
173 2070 212 2101 ὡς
230 2069 260 2096 τὸ
273 2069 311 2105 μὴ
327 2070 413 2096 ταῦτα
424 2070 533 2104 παθεῖν,
544 2071 608 2106 περὶ
625 2071 749 2104 πλείονος
765 2071 843 2108 ἦγεν.

73 2114 101 2140 ’0
121 2115 159 2147 δὲ,
181 2115 304 2150 μάλιστα
325 2115 432 2142 πάντων
454 2116 524 2150 ἔχων
541 2117 588 2143 καὶ
609 2117 731 2152 χρήμασι
746 2120 845 2154 περιῤ-

69 2160 168 2193 ρεἶςθαι
184 2161 234 2187 καὶ
247 2160 393 2197 δυναστείᾳ
408 2162 535 2197 προέχειν
549 2163 596 2189 καὶ
613 2163 746 2190 πάντοθεν
766 2173 843 2199 περι-

67 2204 220 2238 ίὶλίτιεσθαι,
242 2205 348 2233 τούτων
363 2207 438 2234 οὐδὲν
453 2207 507 2234 οὐδ’
523 2208 601 2243 ὄναρ,
618 2208 655 2239 ὡς
675 2209 766 2243 λόγος,
782 2209 844 2245 ἠνέ-

66 2259 151 2286 σχετο,
165 2253 240 2279 ἀλλὰ
257 2252 308 2287 τὴν
321 2253 370 2287 τῆς
386 2253 546 2288 φιλοσοφίας
564 2254 652 2289 μάζαν
670 2256 718 2282 καὶ
736 2256 766 2282 τὸ
781 2256 845 2283 λαν-

62 2297 147 2325 θάνειν
162 2299 214 2325 καὶ
232 2298 316 2333 μηδὲν
332 2299 407 2334 ἔχειν
422 2299 468 2326 τοῦ
483 2301 584 2332 παντὸς
597 2300 722 2336 ἐτιμᾶτο.

92 2565 158 2591 ιίςν.
174 2564 276 2592 Maras!
303 2564 352 2598 μὲν
377 2561 424 2590 οὖν
445 2564 483 2598 τῷ
513 2564 658 2599 νομοθέτῃ,
689 2565 735 2591 καὶ
762 2565 842 2592 Δαὸὶδ

62 2610 97 2644 τῷ
114 2610 161 2636 τοῦ
184 2609 302 2641 Ἰεσσαὶ,
319 2609 365 2635 καὶ
381 2609 449 2636 ἄλλα
474 2609 524 2644 μιν
551 2610 638 2643 δήπου
665 2618 842 2645 προσμαρτυ-

63 2655 143 2688 ρεῖιαι
167 2654 225 2681 τῶν
250 2653 373 2688 ἀγαθῶν.
397 2655 430 2681 Ὃ
454 2654 483 2680 δὲ
511 2654 619 2681 πάντων
638 2653 776 2690 ἐξαίρετον
796 2656 841 2682 καὶ

63 2701 136 2727 ιὶονεὶ
168 2700 314 2735 κολοφὼν,
342 2700 477 2728 ἐπιείκεια
504 2702 552 2728 καὶ
579 2702 717 2736 πραότης·
741 2702 788 2728 καὶ
811 2703 841 2728 τὸ

66 2747 131 2772 κατὰ
144 2747 194 2780 μὲν
208 2746 259 2781 τὴν
273 2745 320 2772 τοῦ
342 2746 409 2773 Θεοῦ
429 2746 543 2782 καρδίαν
557 2747 749 2779 πολιτεύοντας
760 2746 840 2781 εῐναι,

65 2792 128 2827 ὑπὲρ
145 2793 172 2819 δὲ
200 2793 257 2818 τῶν
282 2793 426 2827 ὁμοφύλων
447 2793 497 2827 τὴν
520 2793 609 2829 ψυχὴν
632 2794 748 2829 ἑτοίμως
769 2794 841 2829 ἔχειν

66 2837 197 2871 προέσθαι.
220 2837 253 2864 ’0
267 2837 295 2864 δὲ
307 2857 315 2870 ,
336 2839 413 2864 τοῦτο
431 2838 514 2874 μηδὲν
533 2837 615 2874 ἦττον
637 2840 726 2867 αὐτῶν
741 2848 840 2874 κεκτη-

93 2897 113 2913 ⁶¹
128 2897 136 2924 1
152 2896 219 2932 ιιι-ε.
243 2905 304 2929 xm,
321 2898 369 2931 ll;
386 2899 437 2926 Act
453 2906 511 2932 xui,
528 2899 573 2926 25.

902 885 995 920 gloria:
1014 886 1153 914 materiem
1170 888 1299 921 praebeat,
1314 892 1368 915 tum
1383 889 1455 924 quod
1471 889 1572 917 furiose
1593 892 1680 924 ipsum

900 931 1066 964 depereunte
1081 931 1156 964 hera,
1168 933 1295 967 superior
1310 932 1458 969 fortiorque
1467 935 1595 968 conjectis
1606 936 1679 963 indi-

900 977 960 1003 dem
978 976 1037 1003 telis
1060 977 1196 1011 apparuit,
1229 982 1284 1005 tum
1297 979 1368 1013 quod
1381 986 1428 1013 per
1452 981 1618 1008 somniorum
1637 981 1681 1008 in-

899 1023 1123 1056 terpretationem
1151 1024 1240 1050 omnis
1270 1024 1380 1059 Egyptl
1410 1025 1480 1053 altor
1515 1031 1681 1062 curatorque

900 1068 1063 1095 constitutus
1082 1067 1144 1101 fuit,
1170 1069 1283 1104 ipsoque
1299 1078 1389 1098 rerum
1408 1071 1520 1099 cardine
1534 1073 1680 1108 sospitator

900 1110 1000 1138 affulsit
1017 1121 1024 1139 :
1039 1117 1226 1141 verumtamen
1251 1113 1329 1149 longe
1352 1123 1461 1143 omnem
1479 1117 1587 1145 laudum
1602 1126 1682 1146 exsu-

899 1157 1052 1192 perantiam
1072 1166 1115 1186 res
1134 1159 1220 1186 nostri
1234 1160 1382 1194 excedunt,
1408 1162 1455 1196 qui
1484 1162 1520 1189 ita
1550 1163 1680 1192 illibatam

897 1201 1063 1236 virginitatis
1082 1204 1218 1231 aureolam
1245 1208 1301 1232 toto
1323 1203 1385 1233 vitae
1399 1207 1534 1234 curriculo
1550 1210 1681 1242 servavit,

901 1250 930 1274 ut
946 1247 1082 1282 quispiam
1096 1252 1141 1274 aut
1158 1256 1272 1284 corpore
1288 1251 1399 1278 omnino
1414 1253 1551 1287 superior,
1566 1259 1613 1281 aut
1626 1255 1679 1282 im-

899 1292 1043 1326 materiali,
1066 1298 1094 1320 ut
1109 1294 1149 1321 sic
1168 1294 1321 1329 loquamur,
1346 1304 1457 1331 corpore
1474 1299 1618 1333 praeditus;
1635 1301 1680 1334 qui

899 1340 1004 1364 tantum
1030 1337 1114 1365 etiam
1138 1338 1164 1365 in
1186 1345 1248 1366 vera
1272 1340 1404 1375 sapientia
1422 1342 1545 1376 profecit,
1571 1347 1600 1370 ut
1625 1352 1679 1372 non

897 1381 983 1409 solum
1019 1383 1208 1417 perplexabilis
1237 1385 1425 1414 [hereticorum
1452 1388 1640 1422 captiunculas
1651 1396 1679 1418 et

896 1427 1023 1461 strophas
1041 1429 1108 1456 scite
1123 1429 1293 1463 dissolverit,
1320 1435 1347 1459 et
1366 1439 1446 1459 omne
1472 1433 1678 1468 oll'entliculum,

897 1473 920 1501 si
937 1474 1007 1507 quod
1026 1481 1140 1508 usquam
1155 1480 1323 1508 occurreret,
1344 1477 1377 1504 de
1394 1477 1493 1510 medio,
1508 1483 1535 1505 et
1555 1479 1631 1512 olim,
1649 1484 1678 1507 ct

859 1515 879 1543 C
897 1518 949 1546 hoc
964 1519 1045 1546 etiam
1059 1524 1190 1555 tempore,
1203 1521 1353 1554 sustulerit,
1369 1522 1415 1550 sed
1428 1529 1454 1550 et
1467 1523 1587 1559 singulos
1601 1533 1680 1552 mor-

899 1564 1005 1597 talium,
1037 1566 1111 1592 omni
1143 1571 1275 1601 tempore,
1307 1568 1441 1603 spirituali
1462 1570 1561 1604 pabulo
1577 1570 1678 1599 allatim

898 1617 1010 1645 pascere
1023 1610 1151 1645 potuerit.

933 1653 1026 1683 CX‘X.
1045 1657 1132 1684 Porro
1162 1658 1494 1695 quamvis'propinquum
1525 1660 1620 1690 Jacobi
1652 1668 1680 1691 ct

898 1705 1052 1735 cognatum,
1076 1701 1175 1729 Jobnm
1201 1702 1276 1731 illum
1308 1704 1433 1738 Ausiten,
1458 1707 1493 1735 ob
1520 1707 1678 1742 patientiam

897 1753 1059 1781 magnopere
1088 1747 1216 1782 admirer,
1244 1750 1315 1778 hunc
1350 1756 1472 1780 nostrum
1501 1758 1601 1787 tamen,
1628 1755 1680 1782 hoc

898 1790 994 1817 eodem
1013 1791 1132 1825 nomine,
1142 1792 1213 1821 haud
1227 1795 1306 1829 paulo
1324 1796 1385 1831 plus
1402 1805 1482 1832 quam
1499 1798 1573 1826 illum
1590 1799 1679 1827 admi-

899 1837 953 1864 rari
977 1836 1084 1866 habeo:
1103 1846 1162 1874 quze
1180 1839 1265 1868 Jobus
1289 1842 1360 1869 enim
1383 1843 1439 1871 suis
1458 1844 1536 1878 plane
1554 1845 1679 1880 ingratiis

897 1884 1000 1916 amisit,
1023 1883 1178 1917 lacullatcs,
1200 1885 1328 1919 honores,
1351 1888 1454 1923 reliqua
1474 1891 1574 1921 omnia,
1601 1891 1679 1925 queis

897 1929 968 1956 allici
983 1930 1122 1957 hominum
1137 1931 1219 1958 animi
1231 1931 1328 1965 solent,
1343 1940 1374 1960 ea
1390 1938 1481 1961 noster
1495 1935 1578 1968 ultra,
1599 1937 1678 1964 Chri-

902 1975 937 2002 sti
956 1983 1051 2008 causa,
1076 1983 1127 2003 nec
1149 1977 1248 2004 habere
1268 1985 1383 2013 unquam
1407 1980 1501 2007 voluit.
1528 1981 1594 2008 Tum
1612 1991 1676 2011 vero

899 2025 1028 2056 prieterca
1042 2021 1096 2055 ille,
1114 2022 1252 2057 quoniam,
1269 2030 1329 2050 cum
1347 2025 1413 2052 nihil
1426 2026 1571 2061 quidquam
1585 2027 1676 2055 divino

897 2073 1034 2101 opponere
1059 2072 1150 2102 posset
1170 2068 1284 2104 judicio,
1303 2070 1502 2099 necessitudine
1531 2079 1618 2104 actus,
1641 2075 1675 2102 ad

899 2112 1150 2147 magnanimitatem
1179 2113 1284 2142 tandem
1315 2116 1442 2144 veniebat
1469 2126 1476 2145 :
1500 2125 1532 2146 co
1559 2120 1678 2147 ostendit

897 2158 975 2191 satis,
988 2157 1073 2192 pluris
1089 2165 1118 2186 se
1129 2160 1238 2188 omnino
1253 2161 1354 2195 facere,
1372 2163 1394 2191 si
1410 2163 1437 2191 in
1451 2164 1519 2192 istas
1536 2173 1673 2201 nunquam

897 2203 1039 2231 incidisset
1068 2212 1213 2233 aerumnas.
1249 2207 1283 2234 At
1320 2213 1430 2242 noster,
1469 2211 1575 2239 tametsi
1608 2220 1678 2240 unus

897 2249 1160 2284 omnium'maxime,
1176 2255 1202 2278 et
1219 2252 1410 2282 circumﬂuere
1422 2255 1531 2290 opibus,
1547 2260 1574 2283 ct
1589 2258 1678 2285 excel-

896 2294 953 2322 lere
971 2295 1101 2329 potentia,
1120 2300 1146 2323 et
1163 2297 1333 2325 omnifariam
1355 2301 1449 2328 beatus
1470 2301 1614 2337 clarusque
1629 2303 1678 2329 ha-

896 2336 954 2364 beri
979 2342 1095 2372 poterat,
1125 2339 1238 2367 istorum
1265 2347 1352 2369 tamen
1372 2344 1448 2377 nihil,
1463 2353 1496 2373 ne
1513 2346 1539 2373 in
1562 2336 1678 2375 somniis

899 2383 1021 2418 quidem,
1049 2385 1119 2419 quod
1145 2385 1171 2412 in
1195 2387 1339 2421 proverbio
1362 2394 1413 2422 est,
1429 2389 1499 2418 ferre
1514 2391 1612 2425 potuit,
1627 2394 1675 2420 sed

899 2436 976 2456 maza
990 2429 1190 2464 philosophica,
1218 2433 1265 2459 scd
1295 2433 1412 2462 solitudo
1434 2440 1462 2462 et
1478 2443 1611 2470 recessus,
1627 2438 1685 2465 sed

895 2474 934 2501 rei
966 2474 1066 2502 nullius
1091 2477 1199 2511 propria
1221 2479 1366 2513 possessio,
1394 2479 1431 2507 illi
1461 2481 1589 2509 omnibus
1604 2482 1674 2510 anti-

895 2520 990 2553 quiora
1006 2520 1092 2548 fuere.

928 2563 1010 2592 CXX.
1034 2563 1099 2592 Mosi
1111 2558 1174 2593 vei-0
1190 2567 1351 2602 legislatori,
1373 2573 1399 2597 et
1413 2569 1517 2604 Davidi,
1533 2570 1627 2600 ἑθεεωί
1640 2573 1674 2600 li-

895 2609 941 2642 lio,
959 2616 1026 2637 cum
1037 2611 1097 2638 alia:
1112 2611 1226 2640 virtutes
1239 2613 1390 2649 (sacrarum
1407 2615 1585 2654 Litterarum)
1599 2619 1675 2646 testi-

895 2655 987 2682 monio
1004 2657 1170 2692 tribuuntur,
1195 2663 1251 2687 tum
1273 2661 1344 2695 quod
1358 2663 1524 2698 prtecipuum
1537 2665 1672 2698 omnium,

891 2705 918 2728 et
934 2702 1007 2729 velut
1021 2703 1153 2738 colophon
1177 2710 1218 2733 est
1234 2707 1383 2735 moderatio
1399 2712 1426 2736 et
1440 2708 1550 2742 lenitas,
1562 2713 1589 2737 et
1601 2710 1672 2744 quod

895 2755 904 2773 ι
924 2748 1071 2776 secundum
1087 2757 1135 2777 cor
1147 2751 1192 2778 Dei
1205 2751 1238 2785 ",
1260 2761 1270 2778 ι
1287 2752 1358 2781 dicta
1380 2761 1429 2782 sua
1444 2753 1568 2790 factaque
1581 2756 1673 2783 omnia

891 2799 1093 2828 componerent,
1114 2800 1141 2823 et
1155 2795 1241 2830 ipsam
1262 2798 1342 2826 etiam
1358 2800 1475 2827 animant
1494 2801 1593 2828 civium
1608 2808 1672 2829 suo-

893 2846 951 2866 rum
984 2846 1066 2868 causa
1083 2841 1247 2883 profundere
1268 2845 1354 2880 parati
1369 2850 1471 2881 essent,
1484 2846 1540 2882 jam
1557 2852 1586 2875 ιι
1601 2847 1671 2875 hanc
