1878 3060
234 107 282 140 331
822 107 1018 138 THEODULI
1038 107 1211 137 MONACHI
1793 111 1843 142 33.3

229 173 300 192 tmrl‘c
317 165 401 192 solet:
417 169 444 191 et
457 164 498 190 cui
524 164 586 191 sola:
604 163 655 190 illae
671 162 788 189 maviuto
810 162 837 188 in
859 162 947 197 pretio
960 162 1068 193 habitae.
1086 171 1200 197 quarum
1220 172 1228 188 ι
1249 163 1321 191 nullo
1340 164 1422 191 decus
1438 169 1480 192 est
1508 164 1622 192 delebile
1646 166 1727 194 saeclo
1746 167 1842 202 (I6)?.

229 213 392 246 uuis-vitam
411 213 520 239 Ininime
541 211 648 238 vitalem
665 211 715 238 sibi
737 218 797 238 esse
810 210 887 237 duxit
906 210 1053 237 secundum
1069 218 1178 238 carnem
1214 211 1317 245 vivere,
1350 217 1378 239 et
1399 221 1451 239 non
1486 218 1590 246 contra,
1626 220 1654 240 ut
1687 215 1727 242 sic
1748 215 1846 243 dicam.

229 266 302 285 mra
331 259 399 285 hanc
423 259 503 284 vitam
535 258 634 288 vivere,
653 264 766 291 eamque
796 263 888 283 revera
918 255 999 283 \itam
1018 256 1146 291 optimam
1161 257 1370 291 censere,~mori
1394 258 1506 291 scilicet,
1543 264 1714 295 mortemque
1742 262 1769 289 in
1805 264 1847 290 lu.-

230 313 272 332 ras
293 305 439 332 meditari?

263 353 344 381 CXII.
368 353 434 385 Quis
460 353 648 387 jusjurandum
668 357 723 379 tum
746 354 822 385 dare,
852 357 906 379 tum
937 353 1010 379 acci-

1097 351 1171 379 PIB’.
1198 352 1246 384 Τίς
1261 352 1343 386 ὅρκον
1369 352 1440 379 οὕτω
1453 352 1553 379 διδόναι
1575 361 1604 380 τε
1631 354 1677 380 καὶ
1700 355 1847 389 λαμϐάνειν

230 409 302 436 ριιτο,
324 400 436 434 perinde
464 400 549 426 vetuit
576 399 695 431 omnino,
725 406 758 426 eo
785 398 857 433 quod
888 399 1014 432 utrinque

1086 399 1165 425 πεῖπε
1191 398 1328 432 καθάπαξ,
1344 398 1381 430 ὡς
1397 398 1568 434 ἑκατέρωθεν
1583 401 1749 436 ἀπαντώσης
1771 403 1848 430 εὐθύ-

231 447 365 473 ιιιιιιιυιιιιςι
382 445 472 472 veniat
499 445 590 471 ratio?
606 444 671 477 Quis
687 445 723 471 ita
745 449 866 472 remotus
886 444 920 471 ab
938 444 1013 470 omni

238 493 375 520 mundana
392 492 476 527 gloria
495 499 613 526 unquam
638 491 697 523 fuit,
714 497 741 518 ut
756 492 853 518 donum
869 492 950 518 etiam
966 498 1016 525 p.1-

232 539 392 566 trandorum
410 538 606 565 miraculorum
628 538 757 564 divinitus
774 537 895 571 recipere
910 536 990 564 nollet
1005 544 1012 562 :

230 585 300 619 quod
317 584 443 610 nimirum
461 583 582 610 videntes
598 583 658 609 inde
674 583 699 609 iu
715 582 808 609 laudes
828 581 960 616 palmulis
975 581 1016 607 Iu-

230 639 293 657 inre
330 630 444 663 quodam
475 629 580 655 rnuut?~
609 629 675 662 Quis
704 629 871 655 iracundiam
905 627 1016 662 ejusque

232 678 350 710 impetus
365 675 527 710 simpliciter
547 675 573 702 in
602 679 734 709 potestate
755 674 860 705 habuit,
886 674 1015 708 concupi-

232 722 342 748 scentiae
372 729 436 747 vero
462 721 571 755 optima:
615 721 723 755 Deoque
761 725 878 753 accepta:
906 726 1014 746 omnem

232 775 345 803 prorsus
361 768 493 794 ι-ιιίοιιοιιι
503 767 590 800 duxit,
609 772 637 794 at
650 766 840 802 perditissima?
855 765 927 793 illius
940 765 1017 798 plane

235 813 355 840 nullam?
382 812 450 846 Quis
483 814 555 841 risus
579 813 643 840 item
668 817 695 839 et
725 812 860 845 mwroris,
886 817 1015 846 quantum

234 868 339 893 a~quum
362 865 432 891 erat,
459 865 608 894 assumpto,
635 866 666 885 eo
681 860 751 894 quod
776 857 906 893 quidquid
932 858 1015 885 hisin

234 905 292 931 oris
305 909 356 938 est,
370 904 395 931 id
410 905 523 931 omnino
538 905 636 939 partim
659 903 795 939 lacrymis,
807 910 856 931 nec
872 903 1016 934 immerito,

234 950 333 984 partim
351 949 455 982 derisu,
475 950 616 984 plusquam
641 949 760 977 celebres
777 949 814 976 illi
833 953 937 976 veteres
958 949 1018 983 phi-

234 995 338 1029 Insophi
355 995 464 1029 dignum
478 995 590 1022 haberet
604 1003 610 1021 :
627 994 698 1029 quod
724 994 834 1020 noxium
851 993 960 1027 utrique
977 992 1018 1019 af-

237 1041 320 1068 fectui
349 1041 453 1072 aderat,
470 1048 503 1067 eo
533 1041 568 1067 ita
594 1047 786 1074 usquequaque
811 1039 972 1068 abstinebat.
989 1043 1017 1065 ut

234 1095 323 1122 neque
342 1095 459 1122 unquam
479 1086 511 1113 ad
534 1085 693 1114 solutiorem
719 1086 802 1113 risum
829 1085 945 1116 veniret,
968 1092 1016 1112 ne-

233 1141 289 1168 que
305 1133 428 1160 humanis
448 1138 474 1160 et
487 1132 644 1163 ﬂuentibus,
660 1136 686 1159 et
702 1139 761 1165 qua:
777 1131 842 1158 nihil
865 1138 958 1158 revera
975 1137 1017 1157 es-

236 1185 296 1207 scnl
317 1179 481 1214 illacrymari
506 1185 596 1213 operae
616 1177 730 1212 pretium
756 1177 877 1209 duceret,
894 1175 940 1203 sed
966 1183 1019 1204 uno

233 1231 263 1252 et
279 1229 409 1258 perpetuo
429 1223 502 1250 luctu
527 1228 677 1254 teneretur,
691 1229 786 1256 nempe
805 1221 902 1248 divina:
923 1227 1019 1248 conso-

237 1270 346 1296 lationis
363 1268 487 1303 parat-io?
502 1267 604 1296 Sensus
615 1274 681 1294 vero
695 1274 757 1294 suos
770 1267 830 1300 quis
843 1274 917 1301 aeque
927 1267 1016 1293 mode-

234 1314 357 1346 rabatur,
372 1315 450 1352 utad
466 1313 682 1341 decentissimam
700 1312 814 1340 indolem
836 1312 1013 1346 habitumque

1065 451 1131 477 νηςς
1150 443 1198 474 Τίς
1214 444 1322 479 ἁπάσης
1346 447 1480 481 κοσμικῆς
1505 446 1627 479 εὐδοξίας
1642 447 1770 474 τοσοῦτον
1785 449 1849 474 ἀπέ-

1067 497 1127 523 στη,
1139 489 1175 520 ὡς
1199 490 1268 524 μηδὲ
1298 491 1445 525 θαυμάτων
1461 492 1540 528 χάριν
1556 493 1683 527 ἐθελῆσαι
1700 494 1794 520 θεόθεν
1807 495 1849 521 δε-

1066 534 1171 569 δέχθαι,
1185 536 1230 562 διὰ
1246 535 1274 562 τὸ
1293 535 1356 568 τοὺς
1373 538 1494 572 ὁρῶντας
1509 539 1576 574 πρὸς
1601 538 1711 566 ἔπαινον
1727 540 1850 567 ἐντεῦθεν

1067 580 1264 614 ὲκμαίνεσθαι;
1281 581 1328 612 Τίς
1343 582 1477 617 ἐκράτησε
1501 583 1550 616 μὲν
1567 584 1684 610 είσάπαν
1703 585 1792 619 θυμοῦ
1807 588 1850 611 καὶ

1066 625 1123 651 τῶν
1142 624 1188 651 τοῦ
1213 625 1299 660 Θυμοῦ
1315 628 1482 661 κινημάτων,
1507 629 1654 664 ἐπιθυμίας
1670 630 1698 656 δὲ
1723 630 1774 665 τῆς
1805 632 1850 664 μὲν

1067 669 1182 704 ἀρίστης
1203 670 1251 696 καὶ
1266 671 1406 706 θεοφιλοῦς
1422 673 1501 707 λόγον
1526 675 1673 710 ἐποιήσατο
1688 676 1788 709 πάντα,
1803 678 1849 710 τῆς

1067 714 1095 740 δὲ
1104 715 1212 742 κάκιστ’
1222 717 1411 753 ἀπολουμένης
1425 720 1478 746 οὐδ’
1488 721 1625 753 ὁντιιιοῦη
1639 722 1686 753 Τίς
1695 722 1724 748 δὲ
1735 723 1848 756 γέλωτας

1069 762 1115 786 καὶ
1130 760 1242 793 πένθους
1257 763 1317 788 ὅσον
1331 764 1452 798 προσῆκε
1467 764 1568 798 λαϐὼν,
1637 767 1724 793 πάντα
1744 767 1779 793 τὰ
1789 768 1848 802 τῇίε

1067 806 1208 840 καθάπαξ,
1234 807 1269 834 τὰ
1289 808 1336 842 μὲν
1361 809 1472 842 εἰκότως
1500 810 1635 846 δακρύων,
1653 813 1686 839 τὰ
1710 812 1848 843 δὲ,κατα-

1068 850 1184 883 γέλωτος
1211 851 1304 884 ἀξιοῦν
1333 853 1402 888 ὑπὲρ
1439 855 1502 886 τοὺς
1530 857 1614 882 πάλαι
1637 857 1848 892 φιλοσοφοῦντας

1068 895 1198 929 ἐκείνους,
1218 897 1232 923 ὃ
1248 897 1381 933 βλαὸερδν
1394 899 1518 936 ἑκατέρῳ
1537 902 1652 937 προσῆν,
1670 902 1743 930 οὕτω
1759 903 1849 930 τούτου

1069 942 1197 976 καθάπαξ
1209 944 1356 979 ἀπέσχετο,
1377 945 1414 976 ὼς
1426 947 1494 981 μήτε
1511 948 1578 981 πρὸς
1593 949 1699 982 γέλωτα
1712 949 1847 985 προῆχθαῐ

1069 996 1146 1021 ποτε,
1165 989 1230 1023 μήθ’
1256 990 1325 1026 ὑπὲρ
1351 991 1529 1026 ἀνθρωπίνων
1546 1002 1575 1020 τε
1593 994 1640 1020 καὶ
1664 995 1793 1030 ῥεόντων,
1808 998 1851 1023 καὶ

1069 1034 1151 1068 μηδὲν
1173 1035 1267 1067 ὅντων,
1292 1036 1388 1071 τῳόντι
1412 1037 1515 1065 κλαίειν
1537 1039 1663 1073 ἑλέσθαι,
1681 1041 1751 1068 ἀλλὰ
1784 1043 1851 1077 μόνῳ

1068 1081 1113 1106 καὶ
1127 1080 1248 1115 διηνεκεῖ
1263 1083 1357 1109 πένθει
1382 1084 1544 1120 κεχρῆσθαι,
1558 1086 1597 1121 τῷ
1621 1087 1670 1122 τὴν
1689 1087 1767 1114 θείαν
1782 1097 1847 1122 μνω-

1069 1125 1141 1160 μὲνῳ
1161 1126 1351 1163 παράκλησιν;
1367 1129 1512 1165 Δίσθήσεις
1527 1130 1550 1156 δ’
1563 1131 1596 1157 αὖ
1611 1131 1653 1162 τίς
1665 1131 1753 1164 οὕτως
1780 1133 1852 1159 ἐπαι-

1067 1172 1237 1206 δαγώγησεν.
1261 1173 1299 1203 ὡς
1328 1174 1397 1200 πάνυ
1424 1183 1465 1201 τοι
1492 1176 1613 1210 κοσμίως
1638 1170 1849 1213 παρασκευάσαι

1067 1221 1181 1246 ταυτασὶ
1202 1220 1365 1254 διακεῖσθαι,
1387 1222 1435 1249 καὶ
1455 1223 1588 1250 κάλλιστα
1615 1223 1698 1259 ἔχειν,
1719 1226 1768 1252 καὶ
1787 1227 1851 1252 κατὰ

1070 1265 1151 1298 φύσιν
1167 1267 1277 1300 χωρεῖν,
1290 1268 1336 1292 καὶ
1356 1266 1425 1294 εἶναι
1445 1269 1583 1301 τοιαύτας,
1598 1270 1668 1302 οἵαις
1682 1271 1727 1297 τὸν
1745 1271 1798 1306 πρὸ
1808 1272 1852 1305 τῆς

1071 1311 1252 1346 παραϐάσεως
1264 1311 1405 1348 ἄνθρωπον
1418 1314 1471 1341 ἔδει
1482 1316 1630 1351 κεχρῆσθαι
1641 1325 1649 1349 ;

235 1361 447 1394 pulcherrimum
463 1362 648 1394 componeret,
671 1364 699 1387 et
717 1363 820 1386 natura:
836 1359 958 1386 ordinem
974 1356 1060 1392 sequi,
1077 1357 1198 1393 talesque
1210 1358 1289 1393 plane
1320 1367 1379 1386 esse
1414 1363 1606 1396 assuefaceret,
1642 1364 1769 1399 qualibus
1801 1367 1852 1399 pri.

235 1413 308 1432 mum
327 1406 464 1432 hominem
480 1410 543 1432 ante
559 1404 664 1440 lapsum
679 1405 717 1431 uti
732 1404 872 1439 oportuit?

270 1453 363 1481 CXIII.
379 1453 428 1480 Cui
454 1460 536 1488 porro
556 1453 591 1480 ita
616 1453 731 1483 virtutes
753 1454 895 1486 universae,
914 1457 942 1480 ut
964 1459 1015 1479 una

235 1501 338 1535 aliqua,
352 1507 424 1526 cura:
439 1499 584 1534 studioque
599 1499 762 1527 l'ucre?sive
783 1499 881 1534 potius,
899 1499 961 1534 quis
978 1500 1015 1526 ita

235 1548 379 1578 virtutum,
397 1551 453 1572 tum
474 1545 654 1579 singularum,
671 1549 727 1572 tum
749 1546 879 1577 omnium,
895 1546 1017 1572 admira-

237 1592 297 1619 bilis
312 1591 398 1618 cultor
411 1595 481 1623 eral,
505 1595 534 1617 ut
555 1591 599 1624 qui
616 1590 734 1625 singulas
749 1598 870 1625 quasque
886 1590 1013 1618 excolue-

237 1643 310 1669 raut,
324 1644 357 1664 eo
375 1641 526 1671 superaret,
543 1636 613 1670 quod
635 1636 693 1670 ipse
708 1635 790 1663 simul
804 1641 916 1663 cunctas
932 1643 1015 1663 exco-

237 1684 331 1710 Iuisset
348 1692 354 1710 :
373 1690 467 1709 rursus
489 1682 534 1716 qui
556 1681 710 1714 universas,
726 1681 797 1715 quod
824 1681 880 1716 ipse
897 1682 922 1708 in
939 1689 1019 1709 cacu-

237 1737 298 1755 men
314 1729 410 1755 enixus
425 1729 517 1754 esset?
533 1726 599 1759 Quis
616 1727 652 1754 ita
673 1727 794 1762 capitalis
808 1731 834 1753 et
848 1727 945 1760 solers,
961 1732 1016 1754 tum

1104 1449 1175 1478 PH".
1199 1449 1316 1485 ’Δρετῶν
1330 1451 1358 1478 δὲ
1375 1451 1426 1478 τίνι
1443 1454 1537 1479 πασῶν
1552 1453 1693 1488 ἐμέλησεν,
1712 1453 1750 1486 ὡς
1771 1458 1850 1490 μιᾶς,

1071 1497 1170 1532 μᾶλλον
1182 1497 1211 1524 δὲ
1225 1497 1266 1528 τίς
1284 1497 1369 1528 οὕτως
1383 1498 1472 1524 αὐτῶν
1488 1499 1533 1526 καὶ
1548 1499 1618 1525 κατὰ
1634 1500 1699 1534 μίαν
1717 1503 1767 1528 καὶ
1784 1504 1850 1529 κατὰ

1069 1543 1159 1574 πάσας
1179 1543 1333 1577 θαυμαστὸς
1351 1544 1521 1580 σπουδαστὴς
1533 1545 1664 1579 ἐγεγόνει,
1679 1546 1716 1578 ὡς
1732 1548 1790 1574 τῶν
1807 1550 1852 1583 μὲν

1072 1588 1190 1622 ἑκάστην
1215 1587 1306 1614 αὐτῶν
1334 1588 1548 1622 κατορθούντων,
1576 1592 1796 1626 περιγεγονέναι,
1818 1594 1852 1628 τῷ

1071 1634 1159 1664 πάσας
1175 1633 1268 1660 τοῦτον
1294 1634 1373 1668 ὁμοῦ,
1390 1635 1444 1661 τῶν
1471 1635 1494 1661 δ’
1516 1635 1549 1662 αὖ
1565 1637 1686 1671 ἁπάσας,
1705 1639 1744 1672 τῷ
1764 1640 1853 1666 τοῦτον

1071 1679 1111 1711 είς
1130 1680 1213 1713 ἄκρον
1225 1688 1232 1711 ς
1246 1680 1292 1711 Τίς
1310 1680 1380 1706 οὕτω
1398 1680 1483 1712 δεινὸς
1501 1682 1534 1708 τὰ
1548 1682 1640 1709 δέοντα
1656 1684 1777 1718 μάλιστα
1791 1686 1853 1712 πάν-

1070 1733 1124 1751 των
1140 1725 1254 1751 συνιδεῖν
1268 1734 1296 1751 τε
1310 1726 1356 1751 καὶ
1372 1727 1559 1761 καταπρᾶξαις
1574 1727 1621 1759 Τίς
1645 1729 1692 1755 καὶ
1705 1731 1797 1758 εἰπεῖν
1809 1734 1854 1758 καὶ

237 1774 420 1809 pervidendis,
440 1778 496 1800 tum
523 1773 777 1808 perliciendis,qum
801 1773 873 1800 Iacto
894 1781 962 1807 opus
976 1780 1015 1800 es-

1089 1769 1184 1796 χοῦσαι
1203 1770 1221 1796 ἃ.
1236 1771 1286 1802 δεῖ,
1306 1771 1352 1798 καὶ
1367 1771 1410 1798 ὅτε
1436 1772 1554 1807 μάλιστα
1576 1773 1634 1808 δεῖς
1647 1775 1694 1806 Τίς
1711 1776 1794 1810 λόγου
1812 1780 1854 1804 καὶ

233 1826 308 1853 sent,
334 1828 403 1847 unus
429 1827 485 1854 pra:
508 1819 568 1846 aliis
585 1819 712 1846 omnibus
737 1818 896 1852 erat?Quis
921 1823 948 1846 et.
972 1825 1020 1846 ore

234 1867 339 1901 eloqui,
356 1871 383 1894 et
399 1865 510 1893 auribus
534 1866 658 1899 accipere
684 1865 813 1900 paratior,
830 1872 889 1899 quae
910 1871 942 1892 ex
970 1871 1019 1891 usu

236 1917 339 1944 essent,
356 1916 383 1938 ct
405 1911 512 1946 quando
535 1910 651 1937 maxime
671 1909 784 1937 essent?
798 1909 863 1942 Quis
878 1909 952 1936 fandi
979 1913 1018 1936 ta-

236 1957 367 1991 cemlique
387 1960 517 1990 tempora,
547 1961 688 1989 artemque
709 1955 822 1982 tacendo
842 1955 924 1981 etiam
950 1962 1019 1981 non-

237 2011 372 2035 nunquam
389 2010 444 2029 rem
460 2002 616 2030 felicissime
635 2001 754 2036 gerendi,
771 2001 870 2028 rectius
888 2001 1018 2028 tenebat?

236 2048 302 2080 Quis
318 2055 436 2081 utiquam
460 2055 492 2074 eo
516 2048 586 2081 quod
605 2046 673 2074 nihil
697 2046 819 2079 haberet,
834 2051 930 2073 cuncta
957 2053 1016 2073 sese

238 2094 346 2125 habere,
363 2097 390 2119 ct
406 2093 490 2119 miras
506 2092 706 2126 immensasque
719 2099 783 2125 opes
797 2091 915 2124 inopiam
931 2091 1016 2125 ipsam

233 2139 375 2171 possidere
394 2146 454 2165 sese
475 2138 611 2165 credidit?
631 2146 679 2172 per
698 2144 777 2172 quam
797 2137 915 2171 inopiam
940 2137 1017 2170 longe

1070 1816 1177 1850 σιωπῆς
1197 1816 1298 1843 εἰδέναι
1319 1819 1444 1852 καιροὶς,
1458 1819 1504 1844 καὶ
1520 1819 1554 1845 δι’
1576 1820 1659 1855 αὐτῆς
1675 1822 1730 1847 ἐσθ’
1745 1823 1793 1849 ὅτε
1809 1832 1852 1850 τα-

1070 1862 1186 1896 μέγιστα
1201 1863 1369 1898 κατορθοῦν;
1395 1864 1443 1895 Τίς
1458 1865 1486 1890 ἐν
1503 1865 1542 1899 τῷ
1564 1867 1646 1900 μηδὲν
1665 1868 1738 1902 ἔχειν
1764 1870 1853 1904 ἡγεῖτο

1069 1908 1115 1934 καὶ
1131 1907 1291 1943 θαυμαστήν
1310 1917 1373 1936 τινα
1389 1911 1435 1936 καὶ
1446 1910 1548 1937 ἄτοπον
1578 1912 1710 1947 εὐπορίαν
1727 1913 1779 1948 τὴν
1793 1915 1851 1941 ἀπο.

1068 1955 1129 1989 ρίαν
1140 1954 1302 1989 κεκτῆσθαι,
1313 1955 1346 1981 δι’
1362 1953 1395 1990 ἦς
1407 1956 1464 1982 ἔστι
1473 1957 1541 1983 πάνυ
1554 1965 1594 1984 τοι
1610 1959 1696 1993 ῥᾷστα
1708 1968 1718 1984 ι
1733 1960 1785 1995 τὴν
1797 1969 1852 1986 σεε.

1070 2001 1118 2036 νῆν
1142 2001 1266 2033 διελθεῖν,
1287 2011 1296 2027 ι
1310 2003 1356 2027 καὶ
1372 2003 1442 2030 πάνυ
1463 2012 1504 2029 τοι
1524 2004 1630 2038 κούφως
1655 2006 1695 2037 εἰς
1723 2007 1854 2041 οὐρανοὺς

1071 2048 1235 2082 ἀναπτῆναι,
1250 2048 1343 2083 μηδενὶ
1354 2049 1521 2085 βαρούμενον
1533 2061 1539 2077 :
1556 2051 1603 2082 TI;
1616 2053 1629 2078 ὁ
1640 2052 1720 2084 αὐτὸς
1732 2055 1780 2079 καὶ
1793 2053 1854 2079 πέν-

1070 2100 1124 2118 των
1140 2092 1169 2118 ὲν
1186 2092 1272 2119 ἆπασι
1288 2092 1432 2128 προῦχων,
1450 2097 1497 2120 καὶ
1518 2095 1622 2126 πάντας
1638 2095 1734 2122 ἑαυτοῦ
1751 2096 1790 2129 τῷ
1811 2104 1854 2130 με-

1071 2137 1140 2172 τρίῳ
1154 2138 1203 2172 τῆς
1221 2139 1334 2173 γνώμης
1350 2138 1518 2174 προῦχοντας
1534 2140 1602 2174 ἔχων
1618 2149 1626 2173 ;

237 2185 438 2220 οιιιιιοιιιιίεεὶιιιθ
456 2195 465 2211 ι
480 2191 621 2220 angustam
637 2185 845 2219 illamitransire
855 2190 960 2219 portam
971 2185 1003 2218 ",
1015 2195 1023 2211 ι
1045 2186 1196 2220 pennisque
1220 2188 1382 2221 praepetibus
1396 2187 1423 2215 in
1438 2188 1522 2215 conos
1538 2189 1646 2217 evolare
1678 2195 1768 2224 potest
1780 2210 1789 2222 ,
1813 2190 1853 2223 qui

242 2242 271 2260 ια
292 2233 416 2260 videlicet
440 2233 509 2259 nulla
523 2238 649 2267 gravatus
669 2238 720 2260 est.
737 2232 802 2265 Quis
818 2233 898 2259 simul
930 2238 956 2259 et
979 2234 1111 2265 onmium,
1148 2234 1326 2268 omnibusque
1367 2235 1392 2262 in
1414 2235 1510 2269 rebus,
1530 2237 1769 2268 praestantissimus
1787 2238 1854 2264 idem

244 2282 303 2311 fuit,
317 2286 341 2306 et
353 2287 456 2307 summa
478 2285 566 2307 tamen
583 2280 664 2307 animi
680 2279 809 2306 modestia
825 2287 919 2307 omnes
933 2280 1021 2314 scipso
1041 2281 1242 2314 prteslautiores
1258 2281 1372 2308 habuit?

272 2326 365 2353 CXIV.
385 2326 451 2359 Quis
475 2334 507 2354 eo
535 2333 654 2360 unquam
682 2331 853 2360 pervenerat,
876 2331 906 2353 ut
934 2326 1015 2353 Deum

1106 2327 1177 2353 PIA'.
1203 2327 1251 2358 Ti;
1283 2328 1330 2354 ἐπὶ
1353 2327 1479 2355 τοσοῦτον
1498 2330 1608 2363 ἀφῖκτο,
1632 2329 1670 2361 ὡς
1683 2329 1796 2365 ἀγαπᾷν
1813 2331 1854 2356 τὸν

238 2377 343 2399 amaret
357 2373 444 2406 magis
457 2380 538 2407 quam
556 2376 677 2406 paveret,
695 2371 824 2398 nimirum
839 2372 966 2406 quoniam
980 2373 1019 2399 le-

240 2427 286 2451 ges
305 2417 388 2452 ipsius
413 2417 530 2452 perfecte
552 2417 696 2444 servaret?
712 2417 781 2451 quod
800 2419 847 2444 ubi
870 2418 956 2449 adest,
973 2426 1020 2445 su-

238 2470 388 2495 pervacuus
418 2463 510 2495 utique
536 2469 619 2495 pavor
639 2467 690 2489 est.
719 2462 786 2489 Tum
806 2463 847 2490 cui
872 2472 880 2488 ι
898 2468 969 2489 tanta
987 2463 1019 2490 ad

239 2508 323 2534 Deum
340 2507 437 2534 ﬁducia
457 2507 518 2540 fuit,
536 2513 563 2534 ut
581 2509 625 2542 qui
642 2517 691 2536 nec
709 2517 723 2535 ιι
740 2510 822 2536 corde
834 2517 885 2536 suo
901 2517 1019 2544 unquam

233 2554 385 2580 damnatus
401 2554 515 2586 esset“,
529 2563 539 2579 ι
553 2559 579 2581 et
589 2561 670 2588 super
679 2555 870 2582 delerminatas
879 2559 1022 2590 praecepto‘

239 2606 298 2624 rum
316 2598 402 2625 fossas
427 2600 607 2633 procurrissct
620 2609 628 2633 ;
642 2601 716 2628 Solus
726 2601 810 2634 enim,
829 2607 858 2628 ut
881 2601 963 2628 verbo
977 2600 1019 2627 di-

233 2651 344 2677 ιειιιιιιιε,
362 2645 388 2670 III
413 2653 445 2672 eo
472 2647 662 2680 perseveravit,
681 2652 712 2673 ut
730 2654 900 2673 communem
917 2651 1020 2674 ΙΙΙΟῐιῖΙ-

271 2732 296 2747 ⁵³
310 2733 407 2759 ΜιιιΙι.
424 2741 471 2768 vn,
484 2735 526 2767 -15,
547 2735 598 2768 II;
616 2735 686 2763 Luc.
703 2743 762 2764 xm.
777 2734 822 2762 Ἡ.

273 2821 328 2856 (ιθ)
348 2821 426 2850 Iliad.
446 2822 477 2855 ιι,
494 2822 555 2848 525.

1071 2371 1138 2398 Θεὸν
1154 2371 1255 2406 μᾶλλον
1269 2372 1285 2407 ἢ
1298 2372 1423 2405 δεδίεναι,
1433 2374 1472 2408 τῷ
1482 2375 1546 2406 τοὺς
1562 2375 1645 2401 αὐτοῦ
1658 2376 1757 2412 νόμους
1773 2377 1855 2406 auﬁd-

1072 2417 1126 2449 παξ
1141 2418 1285 2451 φυλάττειν
1297 2427 1305 2452 ;
1319 2416 1349 2446 οὗ
1362 2419 1506 2454 παρόντος,
1519 2424 1646 2456 περιττὸν
1660 2423 1691 2449 τὸ
1704 2423 1751 2450 τοῦ
1768 2424 1852 2455 δέους·

1072 2463 1126 2489 τίνι
1143 2463 1170 2489 δὲ
1188 2473 1197 2489 ι
1213 2465 1330 2500 τοσαύτη
1351 2474 1392 2496 τις
1411 2467 1475 2501 πρὸς
1486 2467 1552 2494 Θεὸν
1562 2469 1712 2503 παρρησία,
1729 2469 1792 2496 οὔτε
1809 2471 1852 2504 τὴν.

1072 2509 1185 2545 καρδίαν
1214 2510 1310 2536 ἑαυτοῦ
1326 2512 1514 2545 καταγνοῦσαν
1538 2514 1667 2548 ὲσχηκότι
1683 2516 1761 2548 ποτὲ,
1783 2525 1792 2542 ι
1812 2525 1855 2542 και

1074 2555 1142 2591 ὑπὲρ
1159 2555 1193 2583 τὰ
1209 2557 1369 2592 ἐσκαμμένα
1392 2558 1446 2584 τῶν
1462 2559 1576 2586 ἐντολῶν
1593 2560 1737 2596 ὡρμηκὸτι
1751 2570 1758 2594 ;
1777 2564 1854 2596 μόνος

1073 2602 1139 2637 γὰρ,
1155 2602 1193 2634 ὡς
1215 2604 1314 2638 εἰπεῖν,
1328 2605 1471 2638 διαγέγονε
1488 2606 1557 2640 πρὸς
1577 2606 1608 2632 τὸ
1621 2607 1672 2641 τὴν
1695 2609 1789 2642 κοινὴν
1804 2609 1855 2633 τῶν

1072 2648 1224 2684 ἀνθρώπων
1238 2650 1320 2684 φύσιν
1331 2651 1536 2686 ὑπερϐαλέσθαι
1561 2653 1717 2681 διαπάντων
1728 2654 1782 2681 τῶν
1793 2654 1854 2680 καλ-

862 2735 883 2751 ⁵⁸
897 2735 916 2769 Ι,
930 2735 1006 2763 Joaa.
1030 2745 1070 2770 III,
1088 2738 1131 2765 2i.
