  <div class='ocr_page' id='page_1' title='image "/cluster/home/n/w/nwhite01/storage/ocr_20150623/145/njp.32101077773149/228.png"; bbox 0 0 1878 3060; ppageno 0'>
   <div class='ocr_carea' id='block_1_1' title="bbox 70 183 120 212">
    <p class='ocr_par' dir='ltr' id='par_1_1' title="bbox 70 183 120 212">
     <span class='ocr_line' id='line_1_1' title="bbox 70 183 120 212; baseline 0.04 -2"><span class='ocrx_word' id='word_1_1' title='bbox 70 183 120 212; x_wconf 71' lang='lat'><strong>337</strong></span> 
     </span>
    </p>
   </div>
   <div class='ocr_carea' id='block_1_2' title="bbox 511 183 1178 218">
    <p class='ocr_par' dir='ltr' id='par_1_2' title="bbox 511 183 1178 218">
     <span class='ocr_line' id='line_1_2' title="bbox 511 183 1178 218; baseline 0.006 -5"><span class='ocrx_word' id='word_1_2' title='bbox 511 184 705 214; x_wconf 74' lang='lat' dir='ltr'><strong>LAUDATIO</strong></span> <span class='ocrx_word' id='word_1_3' title='bbox 723 185 757 216; x_wconf 87' lang='lat' dir='ltr'>S.</span> <span class='ocrx_word' id='word_1_4' title='bbox 769 183 961 215; x_wconf 77' lang='lat' dir='ltr'><strong>GllEGORII</strong></span> <span class='ocrx_word' id='word_1_5' title='bbox 974 185 1178 218; x_wconf 80' lang='lat' dir='ltr'><strong>TEEOLOGI.</strong></span> 
     </span>
    </p>
   </div>
   <div class='ocr_carea' id='block_1_3' title="bbox 1640 191 1693 222">
    <p class='ocr_par' dir='ltr' id='par_1_3' title="bbox 1640 191 1693 222">
     <span class='ocr_line' id='line_1_3' title="bbox 1640 191 1693 222; baseline 0.019 -1"><span class='ocrx_word' id='word_1_6' title='bbox 1640 191 1693 222; x_wconf 84' lang='lat'><strong>338</strong></span> 
     </span>
    </p>
   </div>
   <div class='ocr_carea' id='block_1_4' title="bbox 71 235 851 280">
    <p class='ocr_par' dir='ltr' id='par_1_4' title="bbox 71 235 851 275">
     <span class='ocr_line' id='line_1_4' title="bbox 71 235 851 275; baseline 0.001 -9"><span class='ocrx_word' id='word_1_7' title='bbox 71 240 175 273; x_wconf 70' lang='grc' dir='ltr'>αἵρεσιν</span> <span class='ocrx_word' id='word_1_8' title='bbox 202 239 415 273; x_wconf 71' lang='grc' dir='ltr'>στηλιτεὺουσα,</span> <span class='ocrx_word' id='word_1_9' title='bbox 444 235 480 266; x_wconf 78' lang='grc' dir='ltr'>ὧν</span> <span class='ocrx_word' id='word_1_10' title='bbox 506 239 573 266; x_wconf 75' lang='grc' dir='ltr'>ἄνευ</span> <span class='ocrx_word' id='word_1_11' title='bbox 597 240 648 265; x_wconf 82' lang='grc' dir='ltr'>οὐκ</span> <span class='ocrx_word' id='word_1_12' title='bbox 673 239 713 267; x_wconf 76' lang='grc' dir='ltr'><strong>ενι</strong></span> <span class='ocrx_word' id='word_1_13' title='bbox 729 239 802 275; x_wconf 77' lang='grc' dir='ltr'>βιοῦν</span> <span class='ocrx_word' id='word_1_14' title='bbox 817 240 851 267; x_wconf 65' lang='grc' dir='ltr'>τὰ</span> 
     </span>
    </p>
   </div>
   <div class='ocr_carea' id='block_1_5' title="bbox 910 235 1693 280">
    <p class='ocr_par' dir='ltr' id='par_1_5' title="bbox 915 241 1693 280">
     <span class='ocr_line' id='line_1_5' title="bbox 915 241 1693 280; baseline 0.009 -13"><span class='ocrx_word' id='word_1_15' title='bbox 915 241 980 273; x_wconf 86' lang='lat' dir='ltr'><strong>Deo,</strong></span> <span class='ocrx_word' id='word_1_16' title='bbox 992 241 1143 269; x_wconf 84' lang='lat' dir='ltr'><strong>clarissima</strong></span> <span class='ocrx_word' id='word_1_17' title='bbox 1159 242 1285 270; x_wconf 81' lang='lat' dir='ltr'><strong>omnibus</strong></span> <span class='ocrx_word' id='word_1_18' title='bbox 1300 242 1326 270; x_wconf 91' lang='lat' dir='ltr'><strong>in</strong></span> <span class='ocrx_word' id='word_1_19' title='bbox 1340 243 1401 271; x_wconf 89' lang='lat' dir='ltr'><strong>luce</strong></span> <span class='ocrx_word' id='word_1_20' title='bbox 1409 251 1521 279; x_wconf 89' lang='lat' dir='ltr'><strong>ponens,</strong></span> <span class='ocrx_word' id='word_1_21' title='bbox 1532 252 1693 280; x_wconf 70' lang='lat' dir='ltr'><strong>omnemque</strong></span> 
     </span>
    </p>
   </div>
   <div class='ocr_carea' id='block_1_6' title="bbox 70 283 862 320">
    <p class='ocr_par' dir='ltr' id='par_1_6' title="bbox 70 283 862 320">
     <span class='ocr_line' id='line_1_6' title="bbox 70 283 862 320; baseline 0.003 -11"><span class='ocrx_word' id='word_1_22' title='bbox 70 284 107 315; x_wconf 75' lang='grc' dir='ltr'><strong>ὡς</strong></span> <span class='ocrx_word' id='word_1_23' title='bbox 134 283 247 317; x_wconf 80' lang='grc' dir='ltr'>ἀληθῶς</span> <span class='ocrx_word' id='word_1_24' title='bbox 275 283 350 317; x_wconf 78' lang='grc' dir='ltr'>βιοῦν</span> <span class='ocrx_word' id='word_1_25' title='bbox 393 285 542 320; x_wconf 75' lang='grc' dir='ltr'><strong>ᾑρημένον,</strong></span> <span class='ocrx_word' id='word_1_26' title='bbox 582 284 710 311; x_wconf 68' lang='grc' dir='ltr'>τοσοῦτον</span> <span class='ocrx_word' id='word_1_27' title='bbox 746 285 862 312; x_wconf 77' lang='grc' dir='ltr'>ἐκείνων</span> 
     </span>
    </p>
   </div>
   <div class='ocr_carea' id='block_1_7' title="bbox 69 329 861 366">
    <p class='ocr_par' dir='ltr' id='par_1_7' title="bbox 69 329 861 366">
     <span class='ocr_line' id='line_1_7' title="bbox 69 329 861 366; baseline 0.001 -11"><span class='ocrx_word' id='word_1_28' title='bbox 69 329 154 356; x_wconf 76' lang='grc' dir='ltr'>ταῦτα</span> <span class='ocrx_word' id='word_1_29' title='bbox 173 329 328 364; x_wconf 75' lang='grc' dir='ltr'><strong>περίεστιν,</strong></span> <span class='ocrx_word' id='word_1_30' title='bbox 345 330 409 356; x_wconf 71' lang='grc' dir='ltr'>ὅσον</span> <span class='ocrx_word' id='word_1_31' title='bbox 417 331 447 357; x_wconf 75' lang='grc' dir='ltr'>τὸ</span> <span class='ocrx_word' id='word_1_32' title='bbox 461 331 536 366; x_wconf 80' lang='grc' dir='ltr'>κοινῇ</span> <span class='ocrx_word' id='word_1_33' title='bbox 551 330 720 361; x_wconf 81' lang='grc' dir='ltr'>λυσιτελοῦν.</span> <span class='ocrx_word' id='word_1_34' title='bbox 741 330 787 356; x_wconf 82' lang='grc' dir='ltr'>τοῦ</span> <span class='ocrx_word' id='word_1_35' title='bbox 807 339 861 365; x_wconf 89' lang='grc' dir='ltr'>μη-</span> 
     </span>
    </p>
   </div>
   <div class='ocr_carea' id='block_1_8' title="bbox 70 373 862 412">
    <p class='ocr_par' dir='ltr' id='par_1_8' title="bbox 70 373 862 412">
     <span class='ocr_line' id='line_1_8' title="bbox 70 373 862 412; baseline 0.003 -12"><span class='ocrx_word' id='word_1_36' title='bbox 70 375 112 400; x_wconf 71' lang='grc' dir='ltr'>δὲν</span> <span class='ocrx_word' id='word_1_37' title='bbox 128 384 153 401; x_wconf 78' lang='grc' dir='ltr'><strong>τι</strong></span> <span class='ocrx_word' id='word_1_38' title='bbox 167 376 344 410; x_wconf 75' lang='grc' dir='ltr'><strong>κεκτημένου</strong></span> <span class='ocrx_word' id='word_1_39' title='bbox 359 377 487 403; x_wconf 69' lang='grc' dir='ltr'>τοσοῦτον</span> <span class='ocrx_word' id='word_1_40' title='bbox 498 385 507 392; x_wconf 87' lang='grc'>·</span> <span class='ocrx_word' id='word_1_41' title='bbox 523 376 581 412; x_wconf 73' lang='grc' dir='ltr'>ἅμα</span> <span class='ocrx_word' id='word_1_42' title='bbox 595 377 623 403; x_wconf 77' lang='grc' dir='ltr'><strong>δὲ</strong></span> <span class='ocrx_word' id='word_1_43' title='bbox 646 376 694 403; x_wconf 80' lang='grc' dir='ltr'>καὶ</span> <span class='ocrx_word' id='word_1_44' title='bbox 708 373 742 411; x_wconf 82' lang='grc' dir='ltr'>ἦς</span> <span class='ocrx_word' id='word_1_45' title='bbox 756 377 862 408; x_wconf 70' lang='grc' dir='ltr'>ἐκεῖνος</span> 
     </span>
    </p>
   </div>
   <div class='ocr_carea' id='block_1_9' title="bbox 72 421 860 457">
    <p class='ocr_par' dir='ltr' id='par_1_9' title="bbox 72 421 860 457">
     <span class='ocr_line' id='line_1_9' title="bbox 72 421 860 457; baseline 0.003 -11"><span class='ocrx_word' id='word_1_46' title='bbox 72 421 196 447; x_wconf 74' lang='grc' dir='ltr'>τεθέαται</span> <span class='ocrx_word' id='word_1_47' title='bbox 213 422 362 456; x_wconf 84' lang='grc' dir='ltr'>κλίμακος,</span> <span class='ocrx_word' id='word_1_48' title='bbox 375 423 425 449; x_wconf 77' lang='grc' dir='ltr'>οὐκ</span> <span class='ocrx_word' id='word_1_49' title='bbox 440 423 526 457; x_wconf 76' lang='grc' dir='ltr'><strong>ὲπέεη</strong></span> <span class='ocrx_word' id='word_1_50' title='bbox 540 431 549 438; x_wconf 89' lang='grc'><strong>·</strong></span> <span class='ocrx_word' id='word_1_51' title='bbox 566 424 580 449; x_wconf 82' lang='grc' dir='ltr'><strong>ὁ</strong></span> <span class='ocrx_word' id='word_1_52' title='bbox 594 422 616 449; x_wconf 85' lang='grc' dir='ltr'><strong>δ’</strong></span> <span class='ocrx_word' id='word_1_53' title='bbox 631 423 671 454; x_wconf 78' lang='grc' dir='ltr'><strong>είς</strong></span> <span class='ocrx_word' id='word_1_54' title='bbox 688 422 772 456; x_wconf 74' lang='grc' dir='ltr'>ἄκρον</span> <span class='ocrx_word' id='word_1_55' title='bbox 786 421 860 456; x_wconf 82' lang='grc' dir='ltr'>φιλο-</span> 
     </span>
    </p>
   </div>
   <div class='ocr_carea' id='block_1_10' title="bbox 73 465 861 503">
    <p class='ocr_par' dir='ltr' id='par_1_10' title="bbox 73 465 861 503">
     <span class='ocr_line' id='line_1_10' title="bbox 73 465 861 503; baseline 0.003 -12"><span class='ocrx_word' id='word_1_56' title='bbox 73 467 165 500; x_wconf 69' lang='grc' dir='ltr'>σοφίας</span> <span class='ocrx_word' id='word_1_57' title='bbox 180 467 264 498; x_wconf 76' lang='grc' dir='ltr'>αὐτός</span> <span class='ocrx_word' id='word_1_58' title='bbox 279 476 309 494; x_wconf 76' lang='grc' dir='ltr'><strong>τε</strong></span> <span class='ocrx_word' id='word_1_59' title='bbox 321 465 388 503; x_wconf 77' lang='grc' dir='ltr'>ἧκε,</span> <span class='ocrx_word' id='word_1_60' title='bbox 407 469 452 494; x_wconf 85' lang='grc' dir='ltr'>καὶ</span> <span class='ocrx_word' id='word_1_61' title='bbox 469 470 524 499; x_wconf 80' lang='grc' dir='ltr'>τοῖς</span> <span class='ocrx_word' id='word_1_62' title='bbox 538 469 628 499; x_wconf 77' lang='grc' dir='ltr'>ἄλλοις</span> <span class='ocrx_word' id='word_1_63' title='bbox 643 469 710 495; x_wconf 73' lang='grc' dir='ltr'>πᾶσι</span> <span class='ocrx_word' id='word_1_64' title='bbox 727 466 861 503; x_wconf 75' lang='grc' dir='ltr'>θαρῤούν-</span> 
     </span>
    </p>
   </div>
   <div class='ocr_carea' id='block_1_11' title="bbox 71 513 860 550">
    <p class='ocr_par' dir='ltr' id='par_1_11' title="bbox 71 513 860 550">
     <span class='ocr_line' id='line_1_11' title="bbox 71 513 860 550; baseline 0.001 -11"><span class='ocrx_word' id='word_1_65' title='bbox 71 523 123 544; x_wconf 77' lang='grc' dir='ltr'><strong>τως</strong></span> <span class='ocrx_word' id='word_1_66' title='bbox 139 515 295 542; x_wconf 79' lang='grc' dir='ltr'>ἑπιόαίνειν</span> <span class='ocrx_word' id='word_1_67' title='bbox 322 515 460 550; x_wconf 79' lang='grc' dir='ltr'>παρέσχεν</span> <span class='ocrx_word' id='word_1_68' title='bbox 474 524 480 531; x_wconf 94' lang='grc'><strong>·</strong></span> <span class='ocrx_word' id='word_1_69' title='bbox 498 513 536 542; x_wconf 83' lang='grc' dir='ltr'>ὦν</span> <span class='ocrx_word' id='word_1_70' title='bbox 554 515 663 542; x_wconf 81' lang='grc' dir='ltr'><strong>εἰδότων</strong></span> <span class='ocrx_word' id='word_1_71' title='bbox 685 515 714 541; x_wconf 78' lang='grc' dir='ltr'><strong>τὺ</strong></span> <span class='ocrx_word' id='word_1_72' title='bbox 729 515 797 547; x_wconf 79' lang='grc' dir='ltr'>δέον,</span> <span class='ocrx_word' id='word_1_73' title='bbox 813 514 860 540; x_wconf 75' lang='grc' dir='ltr'>καὶ</span> 
     </span>
    </p>
   </div>
   <div class='ocr_carea' id='block_1_12' title="bbox 71 560 861 595">
    <p class='ocr_par' dir='ltr' id='par_1_12' title="bbox 71 560 861 595">
     <span class='ocr_line' id='line_1_12' title="bbox 71 560 861 595; baseline 0.003 -11"><span class='ocrx_word' id='word_1_74' title='bbox 71 560 134 593; x_wconf 75' lang='grc' dir='ltr'>περὶ</span> <span class='ocrx_word' id='word_1_75' title='bbox 152 561 208 587; x_wconf 81' lang='grc' dir='ltr'>τῶν</span> <span class='ocrx_word' id='word_1_76' title='bbox 227 561 383 595; x_wconf 81' lang='grc' dir='ltr'><strong>μελλόντων</strong></span> <span class='ocrx_word' id='word_1_77' title='bbox 399 562 504 595; x_wconf 80' lang='grc' dir='ltr'>ἀγαθὰς</span> <span class='ocrx_word' id='word_1_78' title='bbox 529 561 654 588; x_wconf 76' lang='grc' dir='ltr'>ἐντεῦθεν</span> <span class='ocrx_word' id='word_1_79' title='bbox 683 560 861 595; x_wconf 79' lang='grc' dir='ltr'><strong>κεκτημένων</strong></span> 
     </span>
    </p>
   </div>
   <div class='ocr_carea' id='block_1_13' title="bbox 70 605 860 643">
    <p class='ocr_par' dir='ltr' id='par_1_13' title="bbox 70 605 860 643">
     <span class='ocr_line' id='line_1_13' title="bbox 70 605 860 643; baseline 0.001 -12"><span class='ocrx_word' id='word_1_80' title='bbox 70 606 195 638; x_wconf 76' lang='grc' dir='ltr'>ἐλπίδας.</span> <span class='ocrx_word' id='word_1_81' title='bbox 210 607 311 641; x_wconf 72' lang='grc' dir='ltr'>μᾶλλον</span> <span class='ocrx_word' id='word_1_82' title='bbox 325 608 358 635; x_wconf 75' lang='grc' dir='ltr'>ἄν</span> <span class='ocrx_word' id='word_1_83' title='bbox 370 616 409 639; x_wconf 82' lang='grc' dir='ltr'><strong>τις</strong></span> <span class='ocrx_word' id='word_1_84' title='bbox 425 607 565 643; x_wconf 79' lang='grc' dir='ltr'>Γρηγορίῳ</span> <span class='ocrx_word' id='word_1_85' title='bbox 577 606 721 642; x_wconf 84' lang='grc' dir='ltr'>συγχαίροι</span> <span class='ocrx_word' id='word_1_86' title='bbox 737 606 753 641; x_wconf 76' lang='grc' dir='ltr'>ἢ</span> <span class='ocrx_word' id='word_1_87' title='bbox 766 606 805 640; x_wconf 84' lang='grc' dir='ltr'>τῷ</span> <span class='ocrx_word' id='word_1_88' title='bbox 813 605 860 632; x_wconf 79' lang='grc' dir='ltr'><strong>τοῦ</strong></span> 
     </span>
    </p>
   </div>
   <div class='ocr_carea' id='block_1_14' title="bbox 75 650 859 688">
    <p class='ocr_par' dir='ltr' id='par_1_14' title="bbox 75 650 859 688">
     <span class='ocr_line' id='line_1_14' title="bbox 75 650 859 688; baseline 0 -12"><span class='ocrx_word' id='word_1_89' title='bbox 75 651 169 678; x_wconf 77' lang='grc' dir='ltr'>Ἰσαὰκ</span> <span class='ocrx_word' id='word_1_90' title='bbox 184 653 234 679; x_wconf 80' lang='grc' dir='ltr'><strong>καὶ</strong></span> <span class='ocrx_word' id='word_1_91' title='bbox 253 653 354 680; x_wconf 69' lang='grc' dir='ltr'>Ίιιιὼΰ</span> <span class='ocrx_word' id='word_1_92' title='bbox 368 654 424 680; x_wconf 81' lang='grc' dir='ltr'>τῶν</span> <span class='ocrx_word' id='word_1_93' title='bbox 434 654 565 688; x_wconf 76' lang='grc' dir='ltr'>ἐγγόνων,</span> <span class='ocrx_word' id='word_1_94' title='bbox 579 650 618 684; x_wconf 71' lang='grc' dir='ltr'>οἷς</span> <span class='ocrx_word' id='word_1_95' title='bbox 628 653 733 683; x_wconf 76' lang='grc' dir='ltr'>ἐκεῖνος</span> <span class='ocrx_word' id='word_1_96' title='bbox 743 651 779 677; x_wconf 85' lang='grc' dir='ltr'>τὰ</span> <span class='ocrx_word' id='word_1_97' title='bbox 797 650 859 686; x_wconf 82' lang='grc' dir='ltr'><strong>μέ).-</strong></span> 
     </span>
    </p>
   </div>
   <div class='ocr_carea' id='block_1_15' title="bbox 68 696 313 732">
    <p class='ocr_par' dir='ltr' id='par_1_15' title="bbox 68 696 313 732">
     <span class='ocr_line' id='line_1_15' title="bbox 68 696 313 732; baseline 0.012 -11"><span class='ocrx_word' id='word_1_98' title='bbox 68 696 146 724; x_wconf 71' lang='grc' dir='ltr'>ὶοντα</span> <span class='ocrx_word' id='word_1_99' title='bbox 162 697 313 732; x_wconf 67' lang='grc' dir='ltr'>προελεγε.</span> 
     </span>
    </p>
   </div>
   <div class='ocr_carea' id='block_1_16' title="bbox 913 286 1691 327">
    <p class='ocr_par' dir='ltr' id='par_1_16' title="bbox 913 286 1691 327">
     <span class='ocr_line' id='line_1_16' title="bbox 913 286 1691 327; baseline 0.008 -14"><span class='ocrx_word' id='word_1_100' title='bbox 913 286 1026 314; x_wconf 79' lang='lat' dir='ltr'><strong>hveresin</strong></span> <span class='ocrx_word' id='word_1_101' title='bbox 1044 287 1149 321; x_wconf 58' lang='lat' dir='ltr'><strong>publica</strong></span> <span class='ocrx_word' id='word_1_102' title='bbox 1167 288 1365 323; x_wconf 74' lang='lat' dir='ltr'><strong>proscriptione</strong></span> <span class='ocrx_word' id='word_1_103' title='bbox 1381 291 1531 325; x_wconf 68' lang='lat' dir='ltr'><strong>contigeris,</strong></span> <span class='ocrx_word' id='word_1_104' title='bbox 1554 291 1613 319; x_wconf 86' lang='lat' dir='ltr'><strong>sine</strong></span> <span class='ocrx_word' id='word_1_105' title='bbox 1628 293 1691 327; x_wconf 84' lang='lat' dir='ltr'><strong>qui-</strong></span> 
     </span>
    </p>
   </div>
   <div class='ocr_carea' id='block_1_17' title="bbox 911 331 1692 368">
    <p class='ocr_par' dir='ltr' id='par_1_17' title="bbox 911 331 1692 368">
     <span class='ocr_line' id='line_1_17' title="bbox 911 331 1692 368; baseline 0.009 -10"><span class='ocrx_word' id='word_1_106' title='bbox 911 331 960 358; x_wconf 87' lang='lat' dir='ltr'><strong>bus</strong></span> <span class='ocrx_word' id='word_1_107' title='bbox 975 331 1065 359; x_wconf 80' lang='lat' dir='ltr'><strong>vivere</strong></span> <span class='ocrx_word' id='word_1_108' title='bbox 1093 333 1198 367; x_wconf 78' lang='lat' dir='ltr'><strong>nequit,</strong></span> <span class='ocrx_word' id='word_1_109' title='bbox 1219 334 1346 368; x_wconf 76' lang='lat' dir='ltr'><strong>quisquis</strong></span> <span class='ocrx_word' id='word_1_110' title='bbox 1374 342 1464 366; x_wconf 84' lang='lat' dir='ltr'><strong>veram</strong></span> <span class='ocrx_word' id='word_1_111' title='bbox 1490 337 1582 365; x_wconf 78' lang='lat' dir='ltr'><strong>vivere</strong></span> <span class='ocrx_word' id='word_1_112' title='bbox 1609 338 1692 365; x_wconf 85' lang='lat' dir='ltr'><strong>vitam</strong></span> 
     </span>
    </p>
   </div>
   <div class='ocr_carea' id='block_1_18' title="bbox 909 377 1691 416">
    <p class='ocr_par' dir='ltr' id='par_1_18' title="bbox 909 377 1691 416">
     <span class='ocr_line' id='line_1_18' title="bbox 909 377 1691 416; baseline 0.006 -12"><span class='ocrx_word' id='word_1_113' title='bbox 909 377 1063 411; x_wconf 85' lang='lat' dir='ltr'><strong>constituit,</strong></span> <span class='ocrx_word' id='word_1_114' title='bbox 1080 383 1152 412; x_wconf 85' lang='lat' dir='ltr'><strong>patet</strong></span> <span class='ocrx_word' id='word_1_115' title='bbox 1173 386 1239 406; x_wconf 74' lang='lat' dir='ltr'><strong>sane</strong></span> <span class='ocrx_word' id='word_1_116' title='bbox 1263 383 1367 407; x_wconf 83' lang='lat' dir='ltr'><strong>tantum</strong></span> <span class='ocrx_word' id='word_1_117' title='bbox 1389 381 1447 409; x_wconf 66' lang='lat' dir='ltr'><strong>haec</strong></span> <span class='ocrx_word' id='word_1_118' title='bbox 1476 381 1535 410; x_wconf 82' lang='lat' dir='ltr'><strong>istis</strong></span> <span class='ocrx_word' id='word_1_119' title='bbox 1550 387 1691 416; x_wconf 65' lang='lat' dir='ltr'><strong>praestare,</strong></span> 
     </span>
    </p>
   </div>
   <div class='ocr_carea' id='block_1_19' title="bbox 909 424 1692 460">
    <p class='ocr_par' dir='ltr' id='par_1_19' title="bbox 909 424 1692 460">
     <span class='ocr_line' id='line_1_19' title="bbox 909 424 1692 460; baseline 0.01 -12"><span class='ocrx_word' id='word_1_120' title='bbox 909 427 1010 458; x_wconf 87' lang='lat' dir='ltr'><strong>quanto</strong></span> <span class='ocrx_word' id='word_1_121' title='bbox 1021 424 1092 458; x_wconf 87' lang='lat' dir='ltr'><strong>quod</strong></span> <span class='ocrx_word' id='word_1_122' title='bbox 1107 425 1214 459; x_wconf 74' lang='lat' dir='ltr'><strong>egregio</strong></span> <span class='ocrx_word' id='word_1_123' title='bbox 1227 425 1336 460; x_wconf 79' lang='lat' dir='ltr'><strong>publico</strong></span> <span class='ocrx_word' id='word_1_124' title='bbox 1348 426 1474 460; x_wconf 84' lang='lat' dir='ltr'><strong>inservit,</strong></span> <span class='ocrx_word' id='word_1_125' title='bbox 1488 432 1551 455; x_wconf 89' lang='lat' dir='ltr'><strong>ante</strong></span> <span class='ocrx_word' id='word_1_126' title='bbox 1569 428 1635 456; x_wconf 89' lang='lat' dir='ltr'><strong>illud</strong></span> <span class='ocrx_word' id='word_1_127' title='bbox 1651 434 1692 456; x_wconf 80' lang='lat' dir='ltr'><strong>ost.</strong></span> 
     </span>
    </p>
   </div>
   <div class='ocr_carea' id='block_1_20' title="bbox 910 468 1688 509">
    <p class='ocr_par' dir='ltr' id='par_1_20' title="bbox 910 468 1688 509">
     <span class='ocr_line' id='line_1_20' title="bbox 910 468 1688 509; baseline 0.01 -15"><span class='ocrx_word' id='word_1_128' title='bbox 910 469 980 503; x_wconf 88' lang='lat' dir='ltr'><strong>quod</strong></span> <span class='ocrx_word' id='word_1_129' title='bbox 998 468 1057 504; x_wconf 83' lang='lat' dir='ltr'><strong>ejus</strong></span> <span class='ocrx_word' id='word_1_130' title='bbox 1071 470 1177 504; x_wconf 71' lang='lat' dir='ltr'><strong>generis</strong></span> <span class='ocrx_word' id='word_1_131' title='bbox 1190 470 1269 498; x_wconf 83' lang='lat' dir='ltr'><strong>habet</strong></span> <span class='ocrx_word' id='word_1_132' title='bbox 1284 471 1358 498; x_wconf 78' lang='lat' dir='ltr'><strong>nilnil.</strong></span> <span class='ocrx_word' id='word_1_133' title='bbox 1370 471 1470 499; x_wconf 67' lang='lat' dir='ltr'><strong>Atlhsec</strong></span> <span class='ocrx_word' id='word_1_134' title='bbox 1493 481 1544 500; x_wconf 83' lang='lat' dir='ltr'><strong>nec</strong></span> <span class='ocrx_word' id='word_1_135' title='bbox 1560 482 1627 509; x_wconf 90' lang='lat' dir='ltr'><strong>quas</strong></span> <span class='ocrx_word' id='word_1_136' title='bbox 1640 476 1688 502; x_wconf 92' lang='lat' dir='ltr'><strong>vi—</strong></span> 
     </span>
    </p>
   </div>
   <div class='ocr_carea' id='block_1_21' title="bbox 909 513 1688 551">
    <p class='ocr_par' dir='ltr' id='par_1_21' title="bbox 909 513 1688 551">
     <span class='ocr_line' id='line_1_21' title="bbox 909 513 1688 551; baseline 0.004 -11"><span class='ocrx_word' id='word_1_137' title='bbox 909 513 990 540; x_wconf 86' lang='lat' dir='ltr'><strong>debat</strong></span> <span class='ocrx_word' id='word_1_138' title='bbox 1020 513 1109 541; x_wconf 86' lang='lat' dir='ltr'><strong>scalas</strong></span> <span class='ocrx_word' id='word_1_139' title='bbox 1132 515 1290 542; x_wconf 76' lang='lat' dir='ltr'><strong>conscendit</strong></span> <span class='ocrx_word' id='word_1_140' title='bbox 1320 514 1444 544; x_wconf 87' lang='lat' dir='ltr'><strong>Jacobus.</strong></span> <span class='ocrx_word' id='word_1_141' title='bbox 1461 517 1558 545; x_wconf 82' lang='lat' dir='ltr'><strong>Noster</strong></span> <span class='ocrx_word' id='word_1_142' title='bbox 1586 524 1688 551; x_wconf 77' lang='lat' dir='ltr'><strong>autem,</strong></span> 
     </span>
    </p>
   </div>
   <div class='ocr_carea' id='block_1_22' title="bbox 908 558 1689 598">
    <p class='ocr_par' dir='ltr' id='par_1_22' title="bbox 908 558 1689 598">
     <span class='ocr_line' id='line_1_22' title="bbox 908 558 1689 598; baseline 0.008 -13"><span class='ocrx_word' id='word_1_143' title='bbox 908 566 969 586; x_wconf 87' lang='lat' dir='ltr'><strong>cum</strong></span> <span class='ocrx_word' id='word_1_144' title='bbox 998 558 1055 591; x_wconf 87' lang='lat' dir='ltr'><strong>ipse</strong></span> <span class='ocrx_word' id='word_1_145' title='bbox 1088 566 1224 586; x_wconf 89' lang='lat' dir='ltr'><strong>summum</strong></span> <span class='ocrx_word' id='word_1_146' title='bbox 1251 561 1397 588; x_wconf 80' lang='lat' dir='ltr'><strong>sanctioris</strong></span> <span class='ocrx_word' id='word_1_147' title='bbox 1420 562 1595 597; x_wconf 63' lang='lat' dir='ltr'><strong>philosophia</strong></span> <span class='ocrx_word' id='word_1_148' title='bbox 1624 571 1689 598; x_wconf 76' lang='lat' dir='ltr'><strong>gra-</strong></span> 
     </span>
    </p>
   </div>
   <div class='ocr_carea' id='block_1_23' title="bbox 908 603 1690 638">
    <p class='ocr_par' dir='ltr' id='par_1_23' title="bbox 908 603 1690 638">
     <span class='ocr_line' id='line_1_23' title="bbox 908 603 1690 638; baseline 0.009 -8"><span class='ocrx_word' id='word_1_149' title='bbox 908 603 970 631; x_wconf 90' lang='lat' dir='ltr'><strong>dum</strong></span> <span class='ocrx_word' id='word_1_150' title='bbox 983 608 1126 631; x_wconf 84' lang='lat' dir='ltr'><strong>assecutus</strong></span> <span class='ocrx_word' id='word_1_151' title='bbox 1147 609 1189 632; x_wconf 89' lang='lat' dir='ltr'><strong>est</strong></span> <span class='ocrx_word' id='word_1_152' title='bbox 1203 625 1210 638; x_wconf 93' lang='lat'><strong>,</strong></span> <span class='ocrx_word' id='word_1_153' title='bbox 1231 609 1286 633; x_wconf 90' lang='lat' dir='ltr'><strong>tum</strong></span> <span class='ocrx_word' id='word_1_154' title='bbox 1303 606 1365 633; x_wconf 86' lang='lat' dir='ltr'><strong>aliis</strong></span> <span class='ocrx_word' id='word_1_155' title='bbox 1385 608 1511 635; x_wconf 88' lang='lat' dir='ltr'><strong>omnibus</strong></span> <span class='ocrx_word' id='word_1_156' title='bbox 1528 608 1598 636; x_wconf 90' lang='lat' dir='ltr'><strong>haud</strong></span> <span class='ocrx_word' id='word_1_157' title='bbox 1612 609 1690 636; x_wconf 79' lang='lat' dir='ltr'><strong>dubi-</strong></span> 
     </span>
    </p>
   </div>
   <div class='ocr_carea' id='block_1_24' title="bbox 910 650 1689 688">
    <p class='ocr_par' dir='ltr' id='par_1_24' title="bbox 910 650 1689 688">
     <span class='ocr_line' id='line_1_24' title="bbox 910 650 1689 688; baseline 0.008 -12"><span class='ocrx_word' id='word_1_158' title='bbox 910 654 1000 676; x_wconf 88' lang='lat' dir='ltr'><strong>tanter</strong></span> <span class='ocrx_word' id='word_1_159' title='bbox 1023 650 1186 678; x_wconf 77' lang='lat' dir='ltr'><strong>ascendendi</strong></span> <span class='ocrx_word' id='word_1_160' title='bbox 1209 650 1365 679; x_wconf 79' lang='lat' dir='ltr'><strong>facultatem</strong></span> <span class='ocrx_word' id='word_1_161' title='bbox 1388 653 1471 685; x_wconf 83' lang='lat' dir='ltr'><strong>dedit,</strong></span> <span class='ocrx_word' id='word_1_162' title='bbox 1486 661 1553 688; x_wconf 85' lang='lat' dir='ltr'><strong>quos</strong></span> <span class='ocrx_word' id='word_1_163' title='bbox 1568 658 1594 681; x_wconf 84' lang='lat' dir='ltr'><strong>et</strong></span> <span class='ocrx_word' id='word_1_164' title='bbox 1606 654 1689 682; x_wconf 77' lang='lat' dir='ltr'><strong>oﬂicii</strong></span> 
     </span>
    </p>
   </div>
   <div class='ocr_carea' id='block_1_25' title="bbox 910 695 1689 732">
    <p class='ocr_par' dir='ltr' id='par_1_25' title="bbox 910 695 1689 732">
     <span class='ocr_line' id='line_1_25' title="bbox 910 695 1689 732; baseline 0.006 -11"><span class='ocrx_word' id='word_1_165' title='bbox 910 695 952 722; x_wconf 81' lang='lat' dir='ltr'><strong>sui</strong></span> <span class='ocrx_word' id='word_1_166' title='bbox 964 695 1019 730; x_wconf 90' lang='lat' dir='ltr'><strong>jam</strong></span> <span class='ocrx_word' id='word_1_167' title='bbox 1036 695 1228 729; x_wconf 74' lang='lat' dir='ltr'><strong>intelligentes,</strong></span> <span class='ocrx_word' id='word_1_168' title='bbox 1242 701 1270 724; x_wconf 87' lang='lat' dir='ltr'><strong>et</strong></span> <span class='ocrx_word' id='word_1_169' title='bbox 1285 705 1316 724; x_wconf 82' lang='lat' dir='ltr'><strong>ea</strong></span> <span class='ocrx_word' id='word_1_170' title='bbox 1334 705 1364 725; x_wconf 91' lang='lat' dir='ltr'><strong>re</strong></span> <span class='ocrx_word' id='word_1_171' title='bbox 1378 699 1494 732; x_wconf 86' lang='lat' dir='ltr'><strong>optimas</strong></span> <span class='ocrx_word' id='word_1_172' title='bbox 1511 698 1605 726; x_wconf 76' lang='lat' dir='ltr'><strong>futura:</strong></span> <span class='ocrx_word' id='word_1_173' title='bbox 1617 700 1689 727; x_wconf 88' lang='lat' dir='ltr'><strong>salu-</strong></span> 
     </span>
    </p>
   </div>
   <div class='ocr_carea' id='block_1_26' title="bbox 69 741 1687 782">
    <p class='ocr_par' dir='ltr' id='par_1_26' title="bbox 69 741 1687 782">
     <span class='ocr_line' id='line_1_26' title="bbox 69 741 1687 782; baseline 0.002 -13"><span class='ocrx_word' id='word_1_174' title='bbox 69 744 101 770; x_wconf 88' lang='lat' dir='ltr'><strong>lis</strong></span> <span class='ocrx_word' id='word_1_175' title='bbox 127 752 191 778; x_wconf 83' lang='lat' dir='ltr'><strong>spes</strong></span> <span class='ocrx_word' id='word_1_176' title='bbox 221 745 348 781; x_wconf 82' lang='lat' dir='ltr'><strong>adeptos,</strong></span> <span class='ocrx_word' id='word_1_177' title='bbox 367 747 468 782; x_wconf 69' lang='lat' dir='ltr'><strong>iustius</strong></span> <span class='ocrx_word' id='word_1_178' title='bbox 480 745 579 780; x_wconf 81' lang='lat' dir='ltr'><strong>aliquis</strong></span> <span class='ocrx_word' id='word_1_179' title='bbox 593 743 725 780; x_wconf 67' lang='lat' dir='ltr'><strong>Gregorio</strong></span> <span class='ocrx_word' id='word_1_180' title='bbox 736 742 885 779; x_wconf 81' lang='lat' dir='ltr'><strong>gratuletur</strong></span> <span class='ocrx_word' id='word_1_181' title='bbox 900 750 907 769; x_wconf 90' lang='lat'><strong>:</strong></span> <span class='ocrx_word' id='word_1_182' title='bbox 923 748 1004 776; x_wconf 71' lang='lat' dir='ltr'><strong>quam</strong></span> <span class='ocrx_word' id='word_1_183' title='bbox 1023 741 1149 777; x_wconf 88' lang='lat' dir='ltr'><strong>quiquam</strong></span> <span class='ocrx_word' id='word_1_184' title='bbox 1164 742 1200 770; x_wconf 82' lang='lat' dir='ltr'><strong>de</strong></span> <span class='ocrx_word' id='word_1_185' title='bbox 1231 742 1314 771; x_wconf 88' lang='lat' dir='ltr'><strong>Isaaci</strong></span> <span class='ocrx_word' id='word_1_186' title='bbox 1345 748 1374 771; x_wconf 80' lang='lat' dir='ltr'><strong>et</strong></span> <span class='ocrx_word' id='word_1_187' title='bbox 1401 744 1496 772; x_wconf 81' lang='lat' dir='ltr'><strong>Jacobi</strong></span> <span class='ocrx_word' id='word_1_188' title='bbox 1535 747 1687 781; x_wconf 82' lang='lat' dir='ltr'><strong>nepotibus,</strong></span> 
     </span>
    </p>
   </div>
   <div class='ocr_carea' id='block_1_27' title="bbox 67 791 572 826">
    <p class='ocr_par' dir='ltr' id='par_1_27' title="bbox 67 791 572 826">
     <span class='ocr_line' id='line_1_27' title="bbox 67 791 572 826; baseline 0.008 -9"><span class='ocrx_word' id='word_1_189' title='bbox 67 799 126 825; x_wconf 60' lang='lat' dir='ltr'><strong>qua</strong></span> <span class='ocrx_word' id='word_1_190' title='bbox 139 791 207 826; x_wconf 85' lang='lat' dir='ltr'><strong>ipsis</strong></span> <span class='ocrx_word' id='word_1_191' title='bbox 222 791 279 820; x_wconf 80' lang='lat' dir='ltr'><strong>fata</strong></span> <span class='ocrx_word' id='word_1_192' title='bbox 295 793 413 820; x_wconf 70' lang='lat' dir='ltr'><strong>Iacobus</strong></span> <span class='ocrx_word' id='word_1_193' title='bbox 423 793 572 821; x_wconf 66' lang='lat' dir='ltr'><strong>cecinerat.</strong></span> 
     </span>
    </p>
   </div>
   <div class='ocr_carea' id='block_1_28' title="bbox 101 834 851 877">
    <p class='ocr_par' dir='ltr' id='par_1_28' title="bbox 101 838 851 877">
     <span class='ocr_line' id='line_1_28' title="bbox 101 838 851 877; baseline -0.005 -9"><span class='ocrx_word' id='word_1_194' title='bbox 101 842 179 868; x_wconf 77' lang='lat' dir='ltr'><strong>Plﬂ&#39;.</strong></span> <span class='ocrx_word' id='word_1_195' title='bbox 190 842 248 868; x_wconf 73' lang='grc' dir='ltr'><strong>Καὶ</strong></span> <span class='ocrx_word' id='word_1_196' title='bbox 268 842 323 876; x_wconf 87' lang='grc' dir='ltr'>μὴν</span> <span class='ocrx_word' id='word_1_197' title='bbox 336 842 362 868; x_wconf 78' lang='grc' dir='ltr'><strong>εἰ</strong></span> <span class='ocrx_word' id='word_1_198' title='bbox 374 842 422 868; x_wconf 72' lang='grc' dir='ltr'>καὶ</span> <span class='ocrx_word' id='word_1_199' title='bbox 438 841 598 877; x_wconf 77' lang='grc' dir='ltr'>θαυμαστὴν</span> <span class='ocrx_word' id='word_1_200' title='bbox 617 841 676 876; x_wconf 74' lang='grc' dir='ltr'>ἔχει</span> <span class='ocrx_word' id='word_1_201' title='bbox 698 838 851 875; x_wconf 74' lang='grc' dir='ltr'>φιλοτιμίαν</span> 
     </span>
    </p>
   </div>
   <div class='ocr_carea' id='block_1_29' title="bbox 910 834 1688 877">
    <p class='ocr_par' dir='ltr' id='par_1_29' title="bbox 941 834 1688 874">
     <span class='ocr_line' id='line_1_29' title="bbox 941 834 1688 874; baseline 0.007 -12"><span class='ocrx_word' id='word_1_202' title='bbox 941 834 1057 863; x_wconf 72' lang='lat' dir='ltr'>CXVIII.</span> <span class='ocrx_word' id='word_1_203' title='bbox 1080 835 1141 864; x_wconf 80' lang='lat' dir='ltr'><strong>Jam</strong></span> <span class='ocrx_word' id='word_1_204' title='bbox 1166 840 1197 864; x_wconf 91' lang='lat' dir='ltr'><strong>ut</strong></span> <span class='ocrx_word' id='word_1_205' title='bbox 1221 837 1407 866; x_wconf 86' lang='lat' dir='ltr'><strong>incredibilem</strong></span> <span class='ocrx_word' id='word_1_206' title='bbox 1427 838 1482 866; x_wconf 82' lang='lat' dir='ltr'><strong>lilio</strong></span> <span class='ocrx_word' id='word_1_207' title='bbox 1495 839 1556 874; x_wconf 75' lang='lat' dir='ltr'><strong>ejus</strong></span> <span class='ocrx_word' id='word_1_208' title='bbox 1570 839 1688 874; x_wconf 76' lang='lat' dir='ltr'><strong>Joscpho</strong></span> 
     </span>
    </p>
   </div>
   <div class='ocr_carea' id='block_1_30' title="bbox 74 885 856 922">
    <p class='ocr_par' dir='ltr' id='par_1_30' title="bbox 74 885 856 922">
     <span class='ocr_line' id='line_1_30' title="bbox 74 885 856 922; baseline -0.003 -9"><span class='ocrx_word' id='word_1_209' title='bbox 74 886 173 921; x_wconf 73' lang='grc' dir='ltr'><strong>Ἰωσὴφ</strong></span> <span class='ocrx_word' id='word_1_210' title='bbox 196 886 238 922; x_wconf 81' lang='grc' dir='ltr'><strong>τῷ</strong></span> <span class='ocrx_word' id='word_1_211' title='bbox 254 888 363 914; x_wconf 75' lang='grc' dir='ltr'>ἐκείνου</span> <span class='ocrx_word' id='word_1_212' title='bbox 382 888 467 920; x_wconf 68' lang='grc' dir='ltr'>παιδὶ,</span> <span class='ocrx_word' id='word_1_213' title='bbox 493 888 524 914; x_wconf 79' lang='grc' dir='ltr'>τό</span> <span class='ocrx_word' id='word_1_214' title='bbox 549 887 581 914; x_wconf 82' lang='grc' dir='ltr'>τέ</span> <span class='ocrx_word' id='word_1_215' title='bbox 603 888 690 922; x_wconf 79' lang='grc' dir='ltr'>οἱτῆς</span> <span class='ocrx_word' id='word_1_216' title='bbox 714 885 856 920; x_wconf 78' lang='grc' dir='ltr'><strong>δεσποίνης</strong></span> 
     </span>
    </p>
   </div>
   <div class='ocr_carea' id='block_1_31' title="bbox 68 930 856 969">
    <p class='ocr_par' dir='ltr' id='par_1_31' title="bbox 68 930 856 969">
     <span class='ocr_line' id='line_1_31' title="bbox 68 930 856 969; baseline -0.003 -10"><span class='ocrx_word' id='word_1_217' title='bbox 68 933 265 968; x_wconf 74' lang='grc' dir='ltr'>ἑπιμανείσης,</span> <span class='ocrx_word' id='word_1_218' title='bbox 287 932 426 969; x_wconf 76' lang='grc' dir='ltr'>ἀνώτερον</span> <span class='ocrx_word' id='word_1_219' title='bbox 449 933 542 961; x_wconf 72' lang='grc' dir='ltr'>τοῦτον</span> <span class='ocrx_word' id='word_1_220' title='bbox 556 930 659 967; x_wconf 69' lang='grc' dir='ltr'>ὦφθαι,</span> <span class='ocrx_word' id='word_1_221' title='bbox 675 933 721 962; x_wconf 78' lang='grc' dir='ltr'>καὶ</span> <span class='ocrx_word' id='word_1_222' title='bbox 740 931 856 966; x_wconf 78' lang='grc' dir='ltr'><strong>κρείττω</strong></span> 
     </span>
    </p>
   </div>
   <div class='ocr_carea' id='block_1_32' title="bbox 66 978 856 1015">
    <p class='ocr_par' dir='ltr' id='par_1_32' title="bbox 66 978 856 1015">
     <span class='ocr_line' id='line_1_32' title="bbox 66 978 856 1015; baseline 0 -10"><span class='ocrx_word' id='word_1_223' title='bbox 66 979 120 1005; x_wconf 81' lang='grc' dir='ltr'>τῶν</span> <span class='ocrx_word' id='word_1_224' title='bbox 142 980 252 1007; x_wconf 63' lang='grc' dir='ltr'>ἐκεῖθεν</span> <span class='ocrx_word' id='word_1_225' title='bbox 276 980 378 1015; x_wconf 72' lang='grc' dir='ltr'>βελῶν·</span> <span class='ocrx_word' id='word_1_226' title='bbox 409 980 440 1007; x_wconf 90' lang='grc' dir='ltr'><strong>τό</strong></span> <span class='ocrx_word' id='word_1_227' title='bbox 463 980 486 1006; x_wconf 83' lang='grc' dir='ltr'>τ’</span> <span class='ocrx_word' id='word_1_228' title='bbox 502 980 535 1007; x_wconf 74' lang='grc' dir='ltr'>αὖ</span> <span class='ocrx_word' id='word_1_229' title='bbox 552 981 595 1008; x_wconf 80' lang='grc' dir='ltr'><strong>διὰ</strong></span> <span class='ocrx_word' id='word_1_230' title='bbox 613 981 660 1007; x_wconf 64' lang='grc' dir='ltr'><strong>τὸν</strong></span> <span class='ocrx_word' id='word_1_231' title='bbox 674 980 729 1006; x_wconf 81' lang='grc' dir='ltr'><strong>τῶν</strong></span> <span class='ocrx_word' id='word_1_232' title='bbox 743 978 856 1013; x_wconf 76' lang='grc' dir='ltr'>ὀνείρων</span> 
     </span>
    </p>
   </div>
   <div class='ocr_carea' id='block_1_33' title="bbox 66 1024 854 1062">
    <p class='ocr_par' dir='ltr' id='par_1_33' title="bbox 66 1024 854 1062">
     <span class='ocr_line' id='line_1_33' title="bbox 66 1024 854 1062; baseline -0.001 -10"><span class='ocrx_word' id='word_1_233' title='bbox 66 1026 231 1061; x_wconf 67' lang='grc' dir='ltr'>ἑρμηνείαν,</span> <span class='ocrx_word' id='word_1_234' title='bbox 244 1027 356 1062; x_wconf 72' lang='grc' dir='ltr'>ἁπάσης</span> <span class='ocrx_word' id='word_1_235' title='bbox 372 1026 513 1061; x_wconf 72' lang='grc' dir='ltr'><strong>Αἰγύπτου</strong></span> <span class='ocrx_word' id='word_1_236' title='bbox 526 1026 630 1062; x_wconf 77' lang='grc' dir='ltr'>τροφέα</span> <span class='ocrx_word' id='word_1_237' title='bbox 645 1027 692 1053; x_wconf 75' lang='grc' dir='ltr'>καὶ</span> <span class='ocrx_word' id='word_1_238' title='bbox 706 1024 854 1061; x_wconf 73' lang='grc' dir='ltr'>μελεδωνὸν</span> 
     </span>
    </p>
   </div>
   <div class='ocr_carea' id='block_1_34' title="bbox 66 1071 853 1107">
    <p class='ocr_par' dir='ltr' id='par_1_34' title="bbox 66 1071 853 1107">
     <span class='ocr_line' id='line_1_34' title="bbox 66 1071 853 1107; baseline 0 -9"><span class='ocrx_word' id='word_1_239' title='bbox 66 1072 253 1106; x_wconf 71' lang='grc' dir='ltr'>καταστῆναι,</span> <span class='ocrx_word' id='word_1_240' title='bbox 266 1073 316 1099; x_wconf 83' lang='grc' dir='ltr'>καὶ</span> <span class='ocrx_word' id='word_1_241' title='bbox 325 1073 467 1106; x_wconf 67' lang='grc' dir='ltr'>γεγονέναι</span> <span class='ocrx_word' id='word_1_242' title='bbox 477 1074 533 1104; x_wconf 85' lang='grc' dir='ltr'>τοῖς</span> <span class='ocrx_word' id='word_1_243' title='bbox 544 1073 704 1107; x_wconf 83' lang='grc' dir='ltr'><strong>πράγμασιν</strong></span> <span class='ocrx_word' id='word_1_244' title='bbox 715 1072 744 1098; x_wconf 78' lang='grc' dir='ltr'>ὲν</span> <span class='ocrx_word' id='word_1_245' title='bbox 755 1071 853 1106; x_wconf 80' lang='grc' dir='ltr'><strong>καιρῷ,</strong></span> 
     </span>
    </p>
   </div>
   <div class='ocr_carea' id='block_1_35' title="bbox 66 1114 854 1154">
    <p class='ocr_par' dir='ltr' id='par_1_35' title="bbox 66 1114 854 1154">
     <span class='ocr_line' id='line_1_35' title="bbox 66 1114 854 1154; baseline -0.001 -11"><span class='ocrx_word' id='word_1_246' title='bbox 66 1114 135 1151; x_wconf 72' lang='grc' dir='ltr'>ἧτται</span> <span class='ocrx_word' id='word_1_247' title='bbox 153 1118 255 1153; x_wconf 75' lang='grc' dir='ltr'>κομιδῇ</span> <span class='ocrx_word' id='word_1_248' title='bbox 282 1119 375 1145; x_wconf 75' lang='grc' dir='ltr'>πᾶσαν</span> <span class='ocrx_word' id='word_1_249' title='bbox 392 1118 510 1145; x_wconf 64' lang='grc' dir='ltr'>ἐπαίνων</span> <span class='ocrx_word' id='word_1_250' title='bbox 528 1118 680 1154; x_wconf 72' lang='grc' dir='ltr'>ὑπερϐολὴν</span> <span class='ocrx_word' id='word_1_251' title='bbox 695 1117 854 1151; x_wconf 79' lang='grc' dir='ltr'>ὑπερεαίνει</span> 
     </span>
    </p>
   </div>
   <div class='ocr_carea' id='block_1_36' title="bbox 66 1162 855 1200">
    <p class='ocr_par' dir='ltr' id='par_1_36' title="bbox 66 1162 855 1200">
     <span class='ocr_line' id='line_1_36' title="bbox 66 1162 855 1200; baseline 0.003 -12"><span class='ocrx_word' id='word_1_252' title='bbox 66 1162 101 1188; x_wconf 68' lang='grc' dir='ltr'><strong>τὰ</strong></span> <span class='ocrx_word' id='word_1_253' title='bbox 113 1163 207 1189; x_wconf 79' lang='grc' dir='ltr'>τοῦδε·</span> <span class='ocrx_word' id='word_1_254' title='bbox 219 1163 294 1190; x_wconf 77' lang='grc' dir='ltr'>οὕτω</span> <span class='ocrx_word' id='word_1_255' title='bbox 309 1163 362 1198; x_wconf 79' lang='grc' dir='ltr'>μὲν</span> <span class='ocrx_word' id='word_1_256' title='bbox 374 1164 525 1198; x_wconf 74' lang='grc' dir='ltr'>παρθενίαν</span> <span class='ocrx_word' id='word_1_257' title='bbox 533 1165 578 1191; x_wconf 70' lang='grc' dir='ltr'><strong>διὰ</strong></span> <span class='ocrx_word' id='word_1_258' title='bbox 591 1165 648 1200; x_wconf 84' lang='grc' dir='ltr'>βίου</span> <span class='ocrx_word' id='word_1_259' title='bbox 661 1164 760 1195; x_wconf 78' lang='grc' dir='ltr'>παντὸς</span> <span class='ocrx_word' id='word_1_260' title='bbox 775 1164 855 1198; x_wconf 74' lang='grc' dir='ltr'>ἐσχη-</span> 
     </span>
    </p>
   </div>
   <div class='ocr_carea' id='block_1_37' title="bbox 67 1209 854 1246">
    <p class='ocr_par' dir='ltr' id='par_1_37' title="bbox 67 1209 854 1246">
     <span class='ocr_line' id='line_1_37' title="bbox 67 1209 854 1246; baseline 0.003 -12"><span class='ocrx_word' id='word_1_261' title='bbox 67 1209 144 1238; x_wconf 73' lang='grc' dir='ltr'>κὸτος</span> <span class='ocrx_word' id='word_1_262' title='bbox 160 1209 195 1244; x_wconf 80' lang='grc' dir='ltr'><strong>[Ῑ.</strong></span> <span class='ocrx_word' id='word_1_263' title='bbox 217 1209 399 1246; x_wconf 76' lang='grc' dir='ltr'>ἡσκηκότο;],</span> <span class='ocrx_word' id='word_1_264' title='bbox 410 1211 448 1242; x_wconf 86' lang='grc' dir='ltr'><strong>ὡς</strong></span> <span class='ocrx_word' id='word_1_265' title='bbox 464 1211 496 1238; x_wconf 77' lang='grc' dir='ltr'>ἄν</span> <span class='ocrx_word' id='word_1_266' title='bbox 513 1219 586 1242; x_wconf 74' lang='grc' dir='ltr'>τινος</span> <span class='ocrx_word' id='word_1_267' title='bbox 603 1211 664 1245; x_wconf 72' lang='grc' dir='ltr'>ἤτοι</span> <span class='ocrx_word' id='word_1_268' title='bbox 679 1210 854 1237; x_wconf 79' lang='grc' dir='ltr'>παντάπασιν</span> 
     </span>
    </p>
   </div>
   <div class='ocr_carea' id='block_1_38' title="bbox 67 1254 853 1292">
    <p class='ocr_par' dir='ltr' id='par_1_38' title="bbox 67 1254 853 1292">
     <span class='ocr_line' id='line_1_38' title="bbox 67 1254 853 1292; baseline 0.003 -13"><span class='ocrx_word' id='word_1_269' title='bbox 67 1254 293 1289; x_wconf 72' lang='grc' dir='ltr'>ὓπερσεὸηκότος</span> <span class='ocrx_word' id='word_1_270' title='bbox 299 1255 330 1282; x_wconf 81' lang='grc' dir='ltr'><strong>τὺ</strong></span> <span class='ocrx_word' id='word_1_271' title='bbox 339 1255 427 1290; x_wconf 82' lang='grc' dir='ltr'>σῶμα.</span> <span class='ocrx_word' id='word_1_272' title='bbox 443 1256 460 1292; x_wconf 79' lang='grc' dir='ltr'>ἢ</span> <span class='ocrx_word' id='word_1_273' title='bbox 471 1256 549 1291; x_wconf 72' lang='grc' dir='ltr'>σῶμα</span> <span class='ocrx_word' id='word_1_274' title='bbox 558 1265 589 1290; x_wconf 86' lang='grc' dir='ltr'><strong>γε</strong></span> <span class='ocrx_word' id='word_1_275' title='bbox 598 1256 692 1288; x_wconf 83' lang='grc' dir='ltr'>ἄῦλον,</span> <span class='ocrx_word' id='word_1_276' title='bbox 705 1256 744 1287; x_wconf 84' lang='grc' dir='ltr'>ὡς</span> <span class='ocrx_word' id='word_1_277' title='bbox 756 1256 853 1287; x_wconf 79' lang='grc' dir='ltr'>ειπεῖν,</span> 
     </span>
    </p>
   </div>
   <div class='ocr_carea' id='block_1_39' title="bbox 65 1300 854 1336">
    <p class='ocr_par' dir='ltr' id='par_1_39' title="bbox 65 1300 854 1336">
     <span class='ocr_line' id='line_1_39' title="bbox 65 1300 854 1336; baseline 0.004 -11"><span class='ocrx_word' id='word_1_278' title='bbox 65 1300 255 1334; x_wconf 75' lang='grc' dir='ltr'><strong>κτησαμένου,</strong></span> <span class='ocrx_word' id='word_1_279' title='bbox 280 1300 457 1328; x_wconf 69' lang='grc' dir='ltr'>επιτοσοῦτον</span> <span class='ocrx_word' id='word_1_280' title='bbox 484 1302 512 1328; x_wconf 81' lang='grc' dir='ltr'><strong>δὲ</strong></span> <span class='ocrx_word' id='word_1_281' title='bbox 530 1302 628 1336; x_wconf 67' lang='grc' dir='ltr'>σοφίας</span> <span class='ocrx_word' id='word_1_282' title='bbox 648 1302 743 1333; x_wconf 74' lang='grc' dir='ltr'>ἰόντος.</span> <span class='ocrx_word' id='word_1_283' title='bbox 760 1301 798 1333; x_wconf 80' lang='grc' dir='ltr'>ὡς</span> <span class='ocrx_word' id='word_1_284' title='bbox 816 1301 854 1336; x_wconf 78' lang='grc' dir='ltr'>μὴ</span> 
     </span>
    </p>
   </div>
   <div class='ocr_carea' id='block_1_40' title="bbox 65 1346 854 1382">
    <p class='ocr_par' dir='ltr' id='par_1_40' title="bbox 65 1346 854 1382">
     <span class='ocr_line' id='line_1_40' title="bbox 65 1346 854 1382; baseline 0.004 -11"><span class='ocrx_word' id='word_1_285' title='bbox 65 1346 108 1371; x_wconf 80' lang='grc' dir='ltr'>ὅτι</span> <span class='ocrx_word' id='word_1_286' title='bbox 134 1354 165 1379; x_wconf 81' lang='grc' dir='ltr'><strong>γε</strong></span> <span class='ocrx_word' id='word_1_287' title='bbox 186 1346 239 1377; x_wconf 85' lang='grc' dir='ltr'>τὰς</span> <span class='ocrx_word' id='word_1_288' title='bbox 262 1346 319 1372; x_wconf 81' lang='grc' dir='ltr'><strong>τῶν</strong></span> <span class='ocrx_word' id='word_1_289' title='bbox 341 1347 533 1381; x_wconf 73' lang='grc' dir='ltr'>αἱρετιζόντων</span> <span class='ocrx_word' id='word_1_290' title='bbox 550 1347 654 1379; x_wconf 69' lang='grc' dir='ltr'>πλοκὰς</span> <span class='ocrx_word' id='word_1_291' title='bbox 671 1348 718 1374; x_wconf 78' lang='grc' dir='ltr'>καὶ</span> <span class='ocrx_word' id='word_1_292' title='bbox 734 1348 854 1382; x_wconf 79' lang='grc' dir='ltr'>στροφὰς</span> 
     </span>
    </p>
   </div>
   <div class='ocr_carea' id='block_1_41' title="bbox 66 1391 853 1426">
    <p class='ocr_par' dir='ltr' id='par_1_41' title="bbox 66 1391 853 1426">
     <span class='ocr_line' id='line_1_41' title="bbox 66 1391 853 1426; baseline 0.004 -9"><span class='ocrx_word' id='word_1_293' title='bbox 66 1391 204 1424; x_wconf 71' lang='grc' dir='ltr'>διαλῦσαι,</span> <span class='ocrx_word' id='word_1_294' title='bbox 221 1392 272 1418; x_wconf 83' lang='grc' dir='ltr'><strong>καὶ</strong></span> <span class='ocrx_word' id='word_1_295' title='bbox 296 1393 352 1419; x_wconf 82' lang='grc' dir='ltr'>πᾶν</span> <span class='ocrx_word' id='word_1_296' title='bbox 375 1393 402 1419; x_wconf 81' lang='grc' dir='ltr'><strong>εί</strong></span> <span class='ocrx_word' id='word_1_297' title='bbox 414 1401 441 1419; x_wconf 88' lang='grc' dir='ltr'><strong>τι</strong></span> <span class='ocrx_word' id='word_1_298' title='bbox 455 1392 577 1420; x_wconf 82' lang='grc' dir='ltr'>τοιοῦτον</span> <span class='ocrx_word' id='word_1_299' title='bbox 601 1393 706 1420; x_wconf 83' lang='grc' dir='ltr'>σκῶλον</span> <span class='ocrx_word' id='word_1_300' title='bbox 723 1394 755 1420; x_wconf 83' lang='grc' dir='ltr'>ἐκ</span> <span class='ocrx_word' id='word_1_301' title='bbox 771 1393 853 1426; x_wconf 79' lang='grc' dir='ltr'>μέσου</span> 
     </span>
    </p>
   </div>
   <div class='ocr_carea' id='block_1_42' title="bbox 66 1437 854 1472">
    <p class='ocr_par' dir='ltr' id='par_1_42' title="bbox 66 1437 854 1472">
     <span class='ocr_line' id='line_1_42' title="bbox 66 1437 854 1472; baseline 0.001 -9"><span class='ocrx_word' id='word_1_302' title='bbox 66 1438 112 1463; x_wconf 71' lang='grc' dir='ltr'>καὶ</span> <span class='ocrx_word' id='word_1_303' title='bbox 131 1438 229 1471; x_wconf 78' lang='grc' dir='ltr'>πάλαι,</span> <span class='ocrx_word' id='word_1_304' title='bbox 250 1438 299 1464; x_wconf 76' lang='grc' dir='ltr'>καὶ</span> <span class='ocrx_word' id='word_1_305' title='bbox 323 1437 372 1464; x_wconf 79' lang='grc' dir='ltr'>νῦν</span> <span class='ocrx_word' id='word_1_306' title='bbox 396 1438 575 1472; x_wconf 82' lang='grc' dir='ltr'><strong>πεποιῆσθαι,</strong></span> <span class='ocrx_word' id='word_1_307' title='bbox 590 1439 658 1466; x_wconf 77' lang='grc' dir='ltr'>ἀλλὰ</span> <span class='ocrx_word' id='word_1_308' title='bbox 679 1439 794 1466; x_wconf 74' lang='grc' dir='ltr'>καὶτῶν</span> <span class='ocrx_word' id='word_1_309' title='bbox 808 1439 854 1465; x_wconf 84' lang='grc' dir='ltr'><strong>ἀν-</strong></span> 
     </span>
    </p>
   </div>
   <div class='ocr_carea' id='block_1_43' title="bbox 65 1482 852 1520">
    <p class='ocr_par' dir='ltr' id='par_1_43' title="bbox 65 1482 852 1520">
     <span class='ocr_line' id='line_1_43' title="bbox 65 1482 852 1520; baseline 0.004 -12"><span class='ocrx_word' id='word_1_310' title='bbox 65 1482 183 1516; x_wconf 79' lang='grc' dir='ltr'>θρώπων</span> <span class='ocrx_word' id='word_1_311' title='bbox 200 1483 337 1515; x_wconf 76' lang='grc' dir='ltr'><strong>ἑκάστους</strong></span> <span class='ocrx_word' id='word_1_312' title='bbox 350 1484 542 1519; x_wconf 81' lang='grc' dir='ltr'>πνευματικῶς</span> <span class='ocrx_word' id='word_1_313' title='bbox 556 1484 710 1520; x_wconf 74' lang='grc' dir='ltr'><strong>διατρέφειν</strong></span> <span class='ocrx_word' id='word_1_314' title='bbox 723 1484 852 1512; x_wconf 73' lang='grc' dir='ltr'>ἑκάστοτε</span> 
     </span>
    </p>
   </div>
   <div class='ocr_carea' id='block_1_44' title="bbox 66 1528 211 1556">
    <p class='ocr_par' dir='ltr' id='par_1_44' title="bbox 66 1528 211 1556">
     <span class='ocr_line' id='line_1_44' title="bbox 66 1528 211 1556; baseline 0.014 -2"><span class='ocrx_word' id='word_1_315' title='bbox 66 1528 211 1556; x_wconf 70' lang='grc' dir='ltr'>δύνασθαι.</span> 
     </span>
    </p>
   </div>
   <div class='ocr_carea' id='block_1_45' title="bbox 100 1649 851 1687">
    <p class='ocr_par' dir='ltr' id='par_1_45' title="bbox 100 1649 851 1687">
     <span class='ocr_line' id='line_1_45' title="bbox 100 1649 851 1687; baseline 0 -10"><span class='ocrx_word' id='word_1_316' title='bbox 100 1649 175 1677; x_wconf 79' lang='grc' dir='ltr'><strong>ΡΙΘ’.</strong></span> <span class='ocrx_word' id='word_1_317' title='bbox 199 1651 278 1678; x_wconf 71' lang='grc' dir='ltr'><strong>Ἐπεὶ</strong></span> <span class='ocrx_word' id='word_1_318' title='bbox 300 1650 347 1677; x_wconf 81' lang='grc' dir='ltr'>καὶ</span> <span class='ocrx_word' id='word_1_319' title='bbox 366 1651 412 1677; x_wconf 75' lang='grc' dir='ltr'>τὸν</span> <span class='ocrx_word' id='word_1_320' title='bbox 436 1650 509 1678; x_wconf 81' lang='grc' dir='ltr'>κατὰ</span> <span class='ocrx_word' id='word_1_321' title='bbox 533 1652 611 1686; x_wconf 79' lang='grc' dir='ltr'>γένος</span> <span class='ocrx_word' id='word_1_322' title='bbox 635 1651 732 1686; x_wconf 66' lang='grc' dir='ltr'>ἐκείνῳ</span> <span class='ocrx_word' id='word_1_323' title='bbox 747 1652 851 1687; x_wconf 71' lang='grc' dir='ltr'>προσήο</span> 
     </span>
    </p>
   </div>
   <div class='ocr_carea' id='block_1_46' title="bbox 65 1697 852 1732">
    <p class='ocr_par' dir='ltr' id='par_1_46' title="bbox 65 1697 852 1732">
     <span class='ocr_line' id='line_1_46' title="bbox 65 1697 852 1732; baseline 0 -9"><span class='ocrx_word' id='word_1_324' title='bbox 65 1706 148 1724; x_wconf 77' lang='grc' dir='ltr'>κοντα</span> <span class='ocrx_word' id='word_1_325' title='bbox 173 1697 234 1723; x_wconf 76' lang='grc' dir='ltr'><strong>Ἰὡὸ</strong></span> <span class='ocrx_word' id='word_1_326' title='bbox 250 1705 322 1731; x_wconf 81' lang='grc' dir='ltr'>φημι</span> <span class='ocrx_word' id='word_1_327' title='bbox 337 1697 382 1723; x_wconf 81' lang='grc' dir='ltr'><strong>τὸν</strong></span> <span class='ocrx_word' id='word_1_328' title='bbox 396 1697 526 1732; x_wconf 81' lang='grc' dir='ltr'>Αὑοίτην,</span> <span class='ocrx_word' id='word_1_329' title='bbox 548 1698 618 1724; x_wconf 78' lang='grc' dir='ltr'>πάνυ</span> <span class='ocrx_word' id='word_1_330' title='bbox 637 1697 784 1732; x_wconf 70' lang='grc' dir='ltr'>θαυμάζων</span> <span class='ocrx_word' id='word_1_331' title='bbox 803 1697 852 1732; x_wconf 81' lang='grc' dir='ltr'>τῆς</span> 
     </span>
    </p>
   </div>
   <div class='ocr_carea' id='block_1_47' title="bbox 66 1742 851 1778">
    <p class='ocr_par' dir='ltr' id='par_1_47' title="bbox 66 1742 851 1778">
     <span class='ocr_line' id='line_1_47' title="bbox 66 1742 851 1778; baseline 0.001 -9"><span class='ocrx_word' id='word_1_332' title='bbox 66 1742 227 1778; x_wconf 71' lang='grc' dir='ltr'>καρτερίας,</span> <span class='ocrx_word' id='word_1_333' title='bbox 244 1742 300 1776; x_wconf 75' lang='grc' dir='ltr'><strong>ἐγὼ</strong></span> <span class='ocrx_word' id='word_1_334' title='bbox 326 1742 354 1769; x_wconf 81' lang='grc' dir='ltr'><strong>δὲ</strong></span> <span class='ocrx_word' id='word_1_335' title='bbox 379 1743 428 1769; x_wconf 74' lang='grc' dir='ltr'><strong>καὶ</strong></span> <span class='ocrx_word' id='word_1_336' title='bbox 443 1743 537 1770; x_wconf 82' lang='grc' dir='ltr'>τοῦτον</span> <span class='ocrx_word' id='word_1_337' title='bbox 556 1743 622 1770; x_wconf 72' lang='grc' dir='ltr'>πολὺ</span> <span class='ocrx_word' id='word_1_338' title='bbox 645 1743 744 1778; x_wconf 78' lang='grc' dir='ltr'>μᾶλλον</span> <span class='ocrx_word' id='word_1_339' title='bbox 758 1745 786 1770; x_wconf 77' lang='grc' dir='ltr'>ὲν</span> <span class='ocrx_word' id='word_1_340' title='bbox 803 1744 851 1770; x_wconf 86' lang='grc' dir='ltr'><strong>αὺ-</strong></span> 
     </span>
    </p>
   </div>
   <div class='ocr_carea' id='block_1_48' title="bbox 67 1787 851 1826">
    <p class='ocr_par' dir='ltr' id='par_1_48' title="bbox 67 1787 851 1826">
     <span class='ocr_line' id='line_1_48' title="bbox 67 1787 851 1826; baseline 0.003 -11"><span class='ocrx_word' id='word_1_341' title='bbox 67 1791 124 1820; x_wconf 77' lang='grc' dir='ltr'>τοῖς</span> <span class='ocrx_word' id='word_1_342' title='bbox 151 1789 261 1820; x_wconf 82' lang='grc' dir='ltr'><strong>τούτοις</strong></span> <span class='ocrx_word' id='word_1_343' title='bbox 282 1788 298 1823; x_wconf 80' lang='grc' dir='ltr'>ἢ</span> <span class='ocrx_word' id='word_1_344' title='bbox 319 1789 424 1816; x_wconf 76' lang='grc' dir='ltr'>ἐκεῖνον</span> <span class='ocrx_word' id='word_1_345' title='bbox 450 1789 504 1824; x_wconf 76' lang='grc' dir='ltr'><strong>ἔχω</strong></span> <span class='ocrx_word' id='word_1_346' title='bbox 536 1789 696 1824; x_wconf 80' lang='grc' dir='ltr'><strong>θαυμάζειν.</strong></span> <span class='ocrx_word' id='word_1_347' title='bbox 721 1787 771 1817; x_wconf 84' lang='grc' dir='ltr'>Ὧν</span> <span class='ocrx_word' id='word_1_348' title='bbox 798 1791 851 1826; x_wconf 85' lang='grc' dir='ltr'><strong>γὰρ</strong></span> 
     </span>
    </p>
   </div>
   <div class='ocr_carea' id='block_1_49' title="bbox 67 1835 851 1872">
    <p class='ocr_par' dir='ltr' id='par_1_49' title="bbox 67 1835 851 1872">
     <span class='ocr_line' id='line_1_49' title="bbox 67 1835 851 1872; baseline 0.001 -9"><span class='ocrx_word' id='word_1_349' title='bbox 67 1838 174 1867; x_wconf 71' lang='grc' dir='ltr'>ἐκεῖνος</span> <span class='ocrx_word' id='word_1_350' title='bbox 195 1836 273 1863; x_wconf 72' lang='grc' dir='ltr'>ἄκων</span> <span class='ocrx_word' id='word_1_351' title='bbox 293 1836 446 1871; x_wconf 71' lang='grc' dir='ltr'>ἐστέρητο,</span> <span class='ocrx_word' id='word_1_352' title='bbox 476 1835 594 1864; x_wconf 83' lang='grc' dir='ltr'>πλούτου</span> <span class='ocrx_word' id='word_1_353' title='bbox 619 1838 667 1864; x_wconf 75' lang='grc' dir='ltr'>καὶ</span> <span class='ocrx_word' id='word_1_354' title='bbox 695 1837 775 1872; x_wconf 81' lang='grc' dir='ltr'><strong>δόξης</strong></span> <span class='ocrx_word' id='word_1_355' title='bbox 804 1838 851 1864; x_wconf 75' lang='grc' dir='ltr'>καὶ</span> 
     </span>
    </p>
   </div>
   <div class='ocr_carea' id='block_1_50' title="bbox 68 1880 851 1918">
    <p class='ocr_par' dir='ltr' id='par_1_50' title="bbox 68 1880 851 1918">
     <span class='ocr_line' id='line_1_50' title="bbox 68 1880 851 1918; baseline 0.001 -9"><span class='ocrx_word' id='word_1_356' title='bbox 68 1883 180 1909; x_wconf 80' lang='grc' dir='ltr'>πάντων</span> <span class='ocrx_word' id='word_1_357' title='bbox 201 1880 243 1913; x_wconf 76' lang='grc' dir='ltr'>οἷς</span> <span class='ocrx_word' id='word_1_358' title='bbox 259 1882 401 1917; x_wconf 76' lang='grc' dir='ltr'>ἄνθρωποι</span> <span class='ocrx_word' id='word_1_359' title='bbox 427 1883 571 1918; x_wconf 84' lang='grc' dir='ltr'>χαίρουσι,</span> <span class='ocrx_word' id='word_1_360' title='bbox 591 1883 668 1910; x_wconf 82' lang='grc' dir='ltr'>ταῦθ’</span> <span class='ocrx_word' id='word_1_361' title='bbox 688 1884 765 1915; x_wconf 83' lang='grc' dir='ltr'>οὗτος</span> <span class='ocrx_word' id='word_1_362' title='bbox 781 1884 851 1911; x_wconf 84' lang='grc' dir='ltr'>ἑκὼν</span> 
     </span>
    </p>
   </div>
   <div class='ocr_carea' id='block_1_51' title="bbox 67 1927 851 1965">
    <p class='ocr_par' dir='ltr' id='par_1_51' title="bbox 67 1927 851 1965">
     <span class='ocr_line' id='line_1_51' title="bbox 67 1927 851 1965; baseline 0.005 -12"><span class='ocrx_word' id='word_1_363' title='bbox 67 1927 112 1954; x_wconf 79' lang='grc' dir='ltr'><strong>δ.ὰ</strong></span> <span class='ocrx_word' id='word_1_364' title='bbox 126 1928 248 1962; x_wconf 76' lang='grc' dir='ltr'>Χριστὸν</span> <span class='ocrx_word' id='word_1_365' title='bbox 274 1928 434 1963; x_wconf 79' lang='grc' dir='ltr'><strong>ἀπηξίωσεν</strong></span> <span class='ocrx_word' id='word_1_366' title='bbox 458 1929 544 1964; x_wconf 83' lang='grc' dir='ltr'>ἴσχειν</span> <span class='ocrx_word' id='word_1_367' title='bbox 560 1937 567 1944; x_wconf 91' lang='grc'><strong>·</strong></span> <span class='ocrx_word' id='word_1_368' title='bbox 595 1930 720 1962; x_wconf 78' lang='grc' dir='ltr'>κάκεῖνος</span> <span class='ocrx_word' id='word_1_369' title='bbox 741 1931 789 1965; x_wconf 86' lang='grc' dir='ltr'>μὲν</span> <span class='ocrx_word' id='word_1_370' title='bbox 811 1928 851 1962; x_wconf 75' lang='grc' dir='ltr'>οἷς</span> 
     </span>
    </p>
   </div>
   <div class='ocr_carea' id='block_1_52' title="bbox 68 1973 852 2011">
    <p class='ocr_par' dir='ltr' id='par_1_52' title="bbox 68 1973 852 2011">
     <span class='ocr_line' id='line_1_52' title="bbox 68 1973 852 2011; baseline 0.005 -12"><span class='ocrx_word' id='word_1_371' title='bbox 68 1974 136 2008; x_wconf 67' lang='grc' dir='ltr'>πρὸς</span> <span class='ocrx_word' id='word_1_372' title='bbox 160 1973 212 2004; x_wconf 81' lang='grc' dir='ltr'><strong>τὰς</strong></span> <span class='ocrx_word' id='word_1_373' title='bbox 237 1973 313 2005; x_wconf 84' lang='grc' dir='ltr'>θείας</span> <span class='ocrx_word' id='word_1_374' title='bbox 340 1973 446 2008; x_wconf 77' lang='grc' dir='ltr'>ψήφους</span> <span class='ocrx_word' id='word_1_375' title='bbox 469 1976 607 2002; x_wconf 83' lang='grc' dir='ltr'>ἀντειπεῖν</span> <span class='ocrx_word' id='word_1_376' title='bbox 627 1974 695 2007; x_wconf 76' lang='grc' dir='ltr'>ὅλως</span> <span class='ocrx_word' id='word_1_377' title='bbox 722 1976 770 2011; x_wconf 81' lang='grc' dir='ltr'>οὐχ</span> <span class='ocrx_word' id='word_1_378' title='bbox 797 1975 852 2009; x_wconf 81' lang='grc' dir='ltr'>οἷός</span> 
     </span>
    </p>
   </div>
   <div class='ocr_carea' id='block_1_53' title="bbox 67 2018 850 2057">
    <p class='ocr_par' dir='ltr' id='par_1_53' title="bbox 67 2018 850 2057">
     <span class='ocr_line' id='line_1_53' title="bbox 67 2018 850 2057; baseline 0.005 -12"><span class='ocrx_word' id='word_1_379' title='bbox 67 2028 95 2046; x_wconf 79' lang='grc' dir='ltr'><strong>τε</strong></span> <span class='ocrx_word' id='word_1_380' title='bbox 121 2018 172 2052; x_wconf 80' lang='grc' dir='ltr'><strong>ὢν,</strong></span> <span class='ocrx_word' id='word_1_381' title='bbox 190 2019 261 2054; x_wconf 65' lang='grc' dir='ltr'>πρὸς</span> <span class='ocrx_word' id='word_1_382' title='bbox 286 2019 492 2055; x_wconf 75' lang='grc' dir='ltr'>μεγαλοψυχίαν</span> <span class='ocrx_word' id='word_1_383' title='bbox 507 2020 537 2053; x_wconf 78' lang='grc' dir='ltr'>ἐξ</span> <span class='ocrx_word' id='word_1_384' title='bbox 558 2020 682 2056; x_wconf 82' lang='grc' dir='ltr'>ἀνάγκης</span> <span class='ocrx_word' id='word_1_385' title='bbox 701 2022 850 2057; x_wconf 74' lang='grc' dir='ltr'>ἐχώρησεν,</span> 
     </span>
    </p>
   </div>
   <div class='ocr_carea' id='block_1_54' title="bbox 68 2065 850 2103">
    <p class='ocr_par' dir='ltr' id='par_1_54' title="bbox 68 2065 850 2103">
     <span class='ocr_line' id='line_1_54' title="bbox 68 2065 850 2103; baseline 0.005 -12"><span class='ocrx_word' id='word_1_386' title='bbox 68 2065 169 2098; x_wconf 68' lang='grc' dir='ltr'>ξζειξεν</span> <span class='ocrx_word' id='word_1_387' title='bbox 182 2065 222 2097; x_wconf 83' lang='grc' dir='ltr'><strong>ὡς</strong></span> <span class='ocrx_word' id='word_1_388' title='bbox 238 2065 269 2092; x_wconf 80' lang='grc' dir='ltr'>τὸ</span> <span class='ocrx_word' id='word_1_389' title='bbox 281 2065 318 2100; x_wconf 83' lang='grc' dir='ltr'>μὴ</span> <span class='ocrx_word' id='word_1_390' title='bbox 334 2065 421 2092; x_wconf 80' lang='grc' dir='ltr'>ταῦτα</span> <span class='ocrx_word' id='word_1_391' title='bbox 432 2065 541 2099; x_wconf 78' lang='grc' dir='ltr'>παθεῖν,</span> <span class='ocrx_word' id='word_1_392' title='bbox 552 2067 615 2102; x_wconf 77' lang='grc' dir='ltr'>περὶ</span> <span class='ocrx_word' id='word_1_393' title='bbox 632 2067 756 2100; x_wconf 81' lang='grc' dir='ltr'>πλείονος</span> <span class='ocrx_word' id='word_1_394' title='bbox 772 2066 850 2103; x_wconf 80' lang='grc' dir='ltr'>ἦγεν.</span> 
     </span>
    </p>
   </div>
   <div class='ocr_carea' id='block_1_55' title="bbox 75 2110 852 2149">
    <p class='ocr_par' dir='ltr' id='par_1_55' title="bbox 75 2110 852 2149">
     <span class='ocr_line' id='line_1_55' title="bbox 75 2110 852 2149; baseline 0.004 -12"><span class='ocrx_word' id='word_1_395' title='bbox 75 2111 105 2137; x_wconf 92' lang='lat'><strong>&#39;0</strong></span> <span class='ocrx_word' id='word_1_396' title='bbox 127 2111 167 2143; x_wconf 65' lang='lat' dir='ltr'><strong>as,</strong></span> <span class='ocrx_word' id='word_1_397' title='bbox 190 2110 312 2146; x_wconf 77' lang='grc' dir='ltr'>μάλιστα</span> <span class='ocrx_word' id='word_1_398' title='bbox 332 2111 440 2138; x_wconf 83' lang='grc' dir='ltr'>πάντων</span> <span class='ocrx_word' id='word_1_399' title='bbox 462 2111 532 2146; x_wconf 73' lang='grc' dir='ltr'>ἔχων</span> <span class='ocrx_word' id='word_1_400' title='bbox 549 2112 596 2138; x_wconf 75' lang='grc' dir='ltr'><strong>καὶ</strong></span> <span class='ocrx_word' id='word_1_401' title='bbox 617 2113 738 2148; x_wconf 82' lang='grc' dir='ltr'>χρήμασι</span> <span class='ocrx_word' id='word_1_402' title='bbox 754 2115 852 2149; x_wconf 65' lang='grc' dir='ltr'>περιβ-</span> 
     </span>
    </p>
   </div>
   <div class='ocr_carea' id='block_1_56' title="bbox 71 2156 851 2194">
    <p class='ocr_par' dir='ltr' id='par_1_56' title="bbox 71 2156 851 2194">
     <span class='ocr_line' id='line_1_56' title="bbox 71 2156 851 2194; baseline 0.005 -12"><span class='ocrx_word' id='word_1_403' title='bbox 71 2156 177 2190; x_wconf 56' lang='lat' dir='ltr'><strong>datalia:</strong></span> <span class='ocrx_word' id='word_1_404' title='bbox 193 2156 242 2182; x_wconf 72' lang='lat' dir='ltr'><strong>atati.</strong></span> <span class='ocrx_word' id='word_1_405' title='bbox 257 2156 401 2193; x_wconf 80' lang='grc' dir='ltr'>δυναστείᾳ</span> <span class='ocrx_word' id='word_1_406' title='bbox 417 2157 544 2192; x_wconf 76' lang='grc' dir='ltr'>προέχειν</span> <span class='ocrx_word' id='word_1_407' title='bbox 558 2158 605 2184; x_wconf 69' lang='grc' dir='ltr'>καὶ</span> <span class='ocrx_word' id='word_1_408' title='bbox 622 2158 753 2185; x_wconf 80' lang='grc' dir='ltr'>πάντοθεν</span> <span class='ocrx_word' id='word_1_409' title='bbox 773 2167 851 2194; x_wconf 83' lang='grc' dir='ltr'>περι-</span> 
     </span>
    </p>
   </div>
   <div class='ocr_carea' id='block_1_57' title="bbox 68 2201 852 2240">
    <p class='ocr_par' dir='ltr' id='par_1_57' title="bbox 68 2201 852 2240">
     <span class='ocr_line' id='line_1_57' title="bbox 68 2201 852 2240; baseline 0.005 -13"><span class='ocrx_word' id='word_1_410' title='bbox 68 2201 230 2233; x_wconf 75' lang='grc' dir='ltr'>ϐλέπεσθαι,</span> <span class='ocrx_word' id='word_1_411' title='bbox 251 2201 356 2229; x_wconf 85' lang='grc' dir='ltr'>τούτων</span> <span class='ocrx_word' id='word_1_412' title='bbox 371 2203 447 2230; x_wconf 77' lang='grc' dir='ltr'>οὐδὲν</span> <span class='ocrx_word' id='word_1_413' title='bbox 462 2203 515 2229; x_wconf 83' lang='grc' dir='ltr'><strong>οὐδ’</strong></span> <span class='ocrx_word' id='word_1_414' title='bbox 531 2203 609 2238; x_wconf 73' lang='grc' dir='ltr'>ὖναρ,</span> <span class='ocrx_word' id='word_1_415' title='bbox 626 2203 663 2235; x_wconf 73' lang='grc' dir='ltr'>ὡς</span> <span class='ocrx_word' id='word_1_416' title='bbox 683 2204 774 2238; x_wconf 82' lang='grc' dir='ltr'>λόγος,</span> <span class='ocrx_word' id='word_1_417' title='bbox 790 2205 852 2240; x_wconf 75' lang='grc' dir='ltr'><strong>ἠνέ-</strong></span> 
     </span>
    </p>
   </div>
   <div class='ocr_carea' id='block_1_58' title="bbox 70 2248 853 2284">
    <p class='ocr_par' dir='ltr' id='par_1_58' title="bbox 70 2248 853 2284">
     <span class='ocr_line' id='line_1_58' title="bbox 70 2248 853 2284; baseline 0.008 -12"><span class='ocrx_word' id='word_1_418' title='bbox 70 2256 160 2282; x_wconf 79' lang='grc' dir='ltr'>σχετο,</span> <span class='ocrx_word' id='word_1_419' title='bbox 174 2248 249 2275; x_wconf 80' lang='grc' dir='ltr'>ἀλλὰ</span> <span class='ocrx_word' id='word_1_420' title='bbox 265 2248 315 2283; x_wconf 82' lang='grc' dir='ltr'>τὴν</span> <span class='ocrx_word' id='word_1_421' title='bbox 329 2249 379 2283; x_wconf 77' lang='grc' dir='ltr'>τῆς</span> <span class='ocrx_word' id='word_1_422' title='bbox 394 2249 554 2284; x_wconf 73' lang='grc' dir='ltr'>φιλοσοφίας</span> <span class='ocrx_word' id='word_1_423' title='bbox 572 2250 660 2284; x_wconf 76' lang='grc' dir='ltr'>μάζαν</span> <span class='ocrx_word' id='word_1_424' title='bbox 678 2251 725 2277; x_wconf 79' lang='grc' dir='ltr'>καὶ</span> <span class='ocrx_word' id='word_1_425' title='bbox 743 2251 774 2277; x_wconf 82' lang='grc' dir='ltr'>τὸ</span> <span class='ocrx_word' id='word_1_426' title='bbox 788 2251 853 2279; x_wconf 86' lang='grc' dir='ltr'>λαν-</span> 
     </span>
    </p>
   </div>
   <div class='ocr_carea' id='block_1_59' title="bbox 68 2293 729 2331">
    <p class='ocr_par' dir='ltr' id='par_1_59' title="bbox 68 2293 729 2331">
     <span class='ocr_line' id='line_1_59' title="bbox 68 2293 729 2331; baseline 0.005 -11"><span class='ocrx_word' id='word_1_427' title='bbox 68 2293 156 2321; x_wconf 73' lang='grc' dir='ltr'>θάνειν</span> <span class='ocrx_word' id='word_1_428' title='bbox 171 2295 223 2321; x_wconf 79' lang='grc' dir='ltr'>καὶ</span> <span class='ocrx_word' id='word_1_429' title='bbox 241 2294 324 2329; x_wconf 74' lang='grc' dir='ltr'>μηδὲν</span> <span class='ocrx_word' id='word_1_430' title='bbox 340 2295 415 2330; x_wconf 76' lang='grc' dir='ltr'>ἔχειν</span> <span class='ocrx_word' id='word_1_431' title='bbox 430 2295 476 2322; x_wconf 82' lang='grc' dir='ltr'>τοῦ</span> <span class='ocrx_word' id='word_1_432' title='bbox 491 2296 592 2327; x_wconf 75' lang='grc' dir='ltr'>παντὸς</span> <span class='ocrx_word' id='word_1_433' title='bbox 605 2296 729 2331; x_wconf 78' lang='grc' dir='ltr'>ἐτιμᾶτο.</span> 
     </span>
    </p>
   </div>
   <div class='ocr_carea' id='block_1_60' title="bbox 100 2557 851 2594">
    <p class='ocr_par' dir='ltr' id='par_1_60' title="bbox 100 2557 851 2594">
     <span class='ocr_line' id='line_1_60' title="bbox 100 2557 851 2594; baseline -0.001 -7"><span class='ocrx_word' id='word_1_434' title='bbox 100 2561 168 2587; x_wconf 80' lang='lat' dir='ltr'><strong>PK&#39;.</strong></span> <span class='ocrx_word' id='word_1_435' title='bbox 185 2559 284 2587; x_wconf 78' lang='grc' dir='ltr'>Μωσεῖ</span> <span class='ocrx_word' id='word_1_436' title='bbox 310 2559 360 2594; x_wconf 78' lang='grc' dir='ltr'>μὲν</span> <span class='ocrx_word' id='word_1_437' title='bbox 385 2557 433 2586; x_wconf 78' lang='grc' dir='ltr'>οὖν</span> <span class='ocrx_word' id='word_1_438' title='bbox 453 2559 491 2593; x_wconf 80' lang='grc' dir='ltr'>τῷ</span> <span class='ocrx_word' id='word_1_439' title='bbox 521 2559 666 2594; x_wconf 80' lang='grc' dir='ltr'>νομοθέτῃ.</span> <span class='ocrx_word' id='word_1_440' title='bbox 697 2560 744 2586; x_wconf 75' lang='grc' dir='ltr'>καὶ</span> <span class='ocrx_word' id='word_1_441' title='bbox 770 2559 851 2587; x_wconf 71' lang='grc' dir='ltr'><strong>Δαὸὶδ</strong></span> 
     </span>
    </p>
   </div>
   <div class='ocr_carea' id='block_1_61' title="bbox 68 2605 850 2641">
    <p class='ocr_par' dir='ltr' id='par_1_61' title="bbox 68 2605 850 2641">
     <span class='ocr_line' id='line_1_61' title="bbox 68 2605 850 2641; baseline -0.001 -8"><span class='ocrx_word' id='word_1_442' title='bbox 68 2607 104 2641; x_wconf 74' lang='grc' dir='ltr'>τῷ</span> <span class='ocrx_word' id='word_1_443' title='bbox 122 2605 171 2632; x_wconf 80' lang='grc' dir='ltr'>τοῦ</span> <span class='ocrx_word' id='word_1_444' title='bbox 195 2605 309 2637; x_wconf 76' lang='grc' dir='ltr'>Ίεσταὶ,</span> <span class='ocrx_word' id='word_1_445' title='bbox 326 2605 373 2631; x_wconf 76' lang='grc' dir='ltr'><strong>καὶ</strong></span> <span class='ocrx_word' id='word_1_446' title='bbox 389 2605 457 2632; x_wconf 78' lang='grc' dir='ltr'>ἄλλα</span> <span class='ocrx_word' id='word_1_447' title='bbox 482 2605 532 2639; x_wconf 76' lang='grc' dir='ltr'><strong>μὲν</strong></span> <span class='ocrx_word' id='word_1_448' title='bbox 559 2605 646 2639; x_wconf 80' lang='grc' dir='ltr'>δήπου</span> <span class='ocrx_word' id='word_1_449' title='bbox 673 2612 850 2640; x_wconf 82' lang='grc' dir='ltr'>προσμαρτυ-</span> 
     </span>
    </p>
   </div>
   <div class='ocr_carea' id='block_1_62' title="bbox 68 2649 849 2685">
    <p class='ocr_par' dir='ltr' id='par_1_62' title="bbox 68 2649 849 2685">
     <span class='ocr_line' id='line_1_62' title="bbox 68 2649 849 2685; baseline 0 -9"><span class='ocrx_word' id='word_1_450' title='bbox 68 2651 152 2685; x_wconf 65' lang='lat' dir='ltr'><strong>petras</strong></span> <span class='ocrx_word' id='word_1_451' title='bbox 177 2650 235 2676; x_wconf 86' lang='grc' dir='ltr'><strong>τῶν</strong></span> <span class='ocrx_word' id='word_1_452' title='bbox 258 2649 380 2684; x_wconf 80' lang='grc' dir='ltr'><strong>ἀγαθῶν.</strong></span> <span class='ocrx_word' id='word_1_453' title='bbox 405 2650 438 2676; x_wconf 91' lang='grc' dir='ltr'>Ὃ</span> <span class='ocrx_word' id='word_1_454' title='bbox 463 2650 491 2675; x_wconf 73' lang='grc' dir='ltr'><strong>δὲ</strong></span> <span class='ocrx_word' id='word_1_455' title='bbox 518 2650 627 2677; x_wconf 81' lang='grc' dir='ltr'>πάντων</span> <span class='ocrx_word' id='word_1_456' title='bbox 646 2649 784 2685; x_wconf 72' lang='grc' dir='ltr'>ἐξαίρετον</span> <span class='ocrx_word' id='word_1_457' title='bbox 804 2651 849 2677; x_wconf 81' lang='grc' dir='ltr'>καὶ</span> 
     </span>
    </p>
   </div>
   <div class='ocr_carea' id='block_1_63' title="bbox 67 2695 850 2732">
    <p class='ocr_par' dir='ltr' id='par_1_63' title="bbox 67 2695 850 2732">
     <span class='ocr_line' id='line_1_63' title="bbox 67 2695 850 2732; baseline 0.001 -9"><span class='ocrx_word' id='word_1_458' title='bbox 67 2697 144 2723; x_wconf 75' lang='grc' dir='ltr'>ιὶονεὶ</span> <span class='ocrx_word' id='word_1_459' title='bbox 177 2696 321 2730; x_wconf 79' lang='grc' dir='ltr'>κολοφὼν,</span> <span class='ocrx_word' id='word_1_460' title='bbox 349 2695 485 2723; x_wconf 82' lang='grc' dir='ltr'>ἐπιείκεια</span> <span class='ocrx_word' id='word_1_461' title='bbox 511 2697 560 2724; x_wconf 82' lang='grc' dir='ltr'>καὶ</span> <span class='ocrx_word' id='word_1_462' title='bbox 587 2698 725 2732; x_wconf 79' lang='grc' dir='ltr'>πραότης·</span> <span class='ocrx_word' id='word_1_463' title='bbox 749 2697 796 2724; x_wconf 73' lang='grc' dir='ltr'>καὶ</span> <span class='ocrx_word' id='word_1_464' title='bbox 819 2698 850 2724; x_wconf 82' lang='grc' dir='ltr'>τὸ</span> 
     </span>
    </p>
   </div>
   <div class='ocr_carea' id='block_1_64' title="bbox 69 2741 848 2778">
    <p class='ocr_par' dir='ltr' id='par_1_64' title="bbox 69 2741 848 2778">
     <span class='ocr_line' id='line_1_64' title="bbox 69 2741 848 2778; baseline 0.001 -10"><span class='ocrx_word' id='word_1_465' title='bbox 69 2743 139 2769; x_wconf 75' lang='grc' dir='ltr'>κατὰ</span> <span class='ocrx_word' id='word_1_466' title='bbox 153 2742 204 2776; x_wconf 67' lang='grc' dir='ltr'>μὶν</span> <span class='ocrx_word' id='word_1_467' title='bbox 218 2741 268 2776; x_wconf 77' lang='grc' dir='ltr'><strong>τὴν</strong></span> <span class='ocrx_word' id='word_1_468' title='bbox 281 2741 327 2769; x_wconf 82' lang='grc' dir='ltr'>τοῦ</span> <span class='ocrx_word' id='word_1_469' title='bbox 349 2741 418 2769; x_wconf 80' lang='grc' dir='ltr'>Θεοῦ</span> <span class='ocrx_word' id='word_1_470' title='bbox 438 2742 551 2778; x_wconf 78' lang='grc' dir='ltr'>καρδίαν</span> <span class='ocrx_word' id='word_1_471' title='bbox 565 2743 757 2774; x_wconf 67' lang='grc' dir='ltr'>πολιτεύοντας</span> <span class='ocrx_word' id='word_1_472' title='bbox 769 2742 848 2777; x_wconf 81' lang='grc' dir='ltr'>εῐναι,</span> 
     </span>
    </p>
   </div>
   <div class='ocr_carea' id='block_1_65' title="bbox 68 2788 850 2824">
    <p class='ocr_par' dir='ltr' id='par_1_65' title="bbox 68 2788 850 2824">
     <span class='ocr_line' id='line_1_65' title="bbox 68 2788 850 2824; baseline 0 -9"><span class='ocrx_word' id='word_1_473' title='bbox 68 2789 134 2823; x_wconf 72' lang='grc' dir='ltr'>ὑπὲρ</span> <span class='ocrx_word' id='word_1_474' title='bbox 153 2789 182 2815; x_wconf 83' lang='grc' dir='ltr'><strong>δὲ</strong></span> <span class='ocrx_word' id='word_1_475' title='bbox 210 2788 266 2814; x_wconf 83' lang='grc' dir='ltr'>τῶν</span> <span class='ocrx_word' id='word_1_476' title='bbox 289 2788 435 2823; x_wconf 75' lang='grc' dir='ltr'>ὁμοφύλων</span> <span class='ocrx_word' id='word_1_477' title='bbox 456 2788 505 2823; x_wconf 82' lang='grc' dir='ltr'>τὴν</span> <span class='ocrx_word' id='word_1_478' title='bbox 529 2789 617 2824; x_wconf 77' lang='grc' dir='ltr'>ψυχὴν</span> <span class='ocrx_word' id='word_1_479' title='bbox 640 2789 756 2824; x_wconf 79' lang='grc' dir='ltr'>ἑτοίμως</span> <span class='ocrx_word' id='word_1_480' title='bbox 778 2789 850 2824; x_wconf 76' lang='grc' dir='ltr'>ἔχειν</span> 
     </span>
    </p>
   </div>
   <div class='ocr_carea' id='block_1_66' title="bbox 68 2832 848 2869">
    <p class='ocr_par' dir='ltr' id='par_1_66' title="bbox 68 2832 848 2869">
     <span class='ocr_line' id='line_1_66' title="bbox 68 2832 848 2869; baseline 0.001 -9"><span class='ocrx_word' id='word_1_481' title='bbox 68 2834 208 2868; x_wconf 69' lang='grc' dir='ltr'>προέσθαι.</span> <span class='ocrx_word' id='word_1_482' title='bbox 231 2832 261 2859; x_wconf 89' lang='lat'><strong>&#39;0</strong></span> <span class='ocrx_word' id='word_1_483' title='bbox 274 2833 302 2860; x_wconf 72' lang='grc' dir='ltr'><strong>δὲ</strong></span> <span class='ocrx_word' id='word_1_484' title='bbox 314 2853 322 2866; x_wconf 92' lang='grc'>,</span> <span class='ocrx_word' id='word_1_485' title='bbox 343 2834 422 2860; x_wconf 82' lang='grc' dir='ltr'>τοῦτο</span> <span class='ocrx_word' id='word_1_486' title='bbox 440 2834 522 2869; x_wconf 78' lang='grc' dir='ltr'>μηδὲν</span> <span class='ocrx_word' id='word_1_487' title='bbox 541 2832 624 2869; x_wconf 73' lang='grc' dir='ltr'>ἦττον</span> <span class='ocrx_word' id='word_1_488' title='bbox 646 2835 734 2862; x_wconf 81' lang='grc' dir='ltr'>αὐτῶν</span> <span class='ocrx_word' id='word_1_489' title='bbox 750 2843 848 2868; x_wconf 83' lang='grc' dir='ltr'>κεκτη-</span> 
     </span>
    </p>
   </div>
   <div class='ocr_carea' id='block_1_67' title="bbox 98 2891 581 2928">
    <p class='ocr_par' dir='ltr' id='par_1_67' title="bbox 98 2891 581 2928">
     <span class='ocr_line' id='line_1_67' title="bbox 98 2891 581 2928; baseline 0.006 -10"><span class='ocrx_word' id='word_1_490' title='bbox 98 2893 120 2909; x_wconf 85' lang='grc'><em>⁶³</em></span> <span class='ocrx_word' id='word_1_491' title='bbox 135 2892 145 2919; x_wconf 91' lang='grc' dir='ltr'><strong>ι</strong></span> <span class='ocrx_word' id='word_1_492' title='bbox 161 2891 231 2927; x_wconf 70' lang='lat' dir='ltr'><strong>Reg.</strong></span> <span class='ocrx_word' id='word_1_493' title='bbox 251 2900 310 2926; x_wconf 77' lang='lat' dir='ltr'><strong>xm,</strong></span> <span class='ocrx_word' id='word_1_494' title='bbox 329 2893 376 2926; x_wconf 65' lang='lat' dir='ltr'><strong>ll;</strong></span> <span class='ocrx_word' id='word_1_495' title='bbox 395 2894 445 2921; x_wconf 85' lang='lat' dir='ltr'><strong>Act</strong></span> <span class='ocrx_word' id='word_1_496' title='bbox 461 2902 519 2928; x_wconf 74' lang='lat' dir='ltr'><strong>xui,</strong></span> <span class='ocrx_word' id='word_1_497' title='bbox 536 2895 581 2922; x_wconf 72' lang='lat'><strong>25.</strong></span> 
     </span>
    </p>
   </div>
   <div class='ocr_carea' id='block_1_68' title="bbox 909 881 1687 920">
    <p class='ocr_par' dir='ltr' id='par_1_68' title="bbox 909 881 1687 920">
     <span class='ocr_line' id='line_1_68' title="bbox 909 881 1687 920; baseline 0.006 -13"><span class='ocrx_word' id='word_1_498' title='bbox 909 881 1002 916; x_wconf 67' lang='lat' dir='ltr'><strong>gloriae</strong></span> <span class='ocrx_word' id='word_1_499' title='bbox 1021 881 1160 909; x_wconf 80' lang='lat' dir='ltr'><strong>materiem</strong></span> <span class='ocrx_word' id='word_1_500' title='bbox 1177 884 1306 916; x_wconf 75' lang='lat' dir='ltr'><strong>praebeat,</strong></span> <span class='ocrx_word' id='word_1_501' title='bbox 1320 887 1375 910; x_wconf 91' lang='lat' dir='ltr'><strong>tum</strong></span> <span class='ocrx_word' id='word_1_502' title='bbox 1390 884 1462 919; x_wconf 87' lang='lat' dir='ltr'><strong>quod</strong></span> <span class='ocrx_word' id='word_1_503' title='bbox 1479 884 1578 913; x_wconf 88' lang='lat' dir='ltr'><strong>furiose</strong></span> <span class='ocrx_word' id='word_1_504' title='bbox 1599 887 1687 920; x_wconf 86' lang='lat' dir='ltr'><strong>ipsum</strong></span> 
     </span>
    </p>
   </div>
   <div class='ocr_carea' id='block_1_69' title="bbox 907 927 1686 964">
    <p class='ocr_par' dir='ltr' id='par_1_69' title="bbox 907 927 1686 964">
     <span class='ocr_line' id='line_1_69' title="bbox 907 927 1686 964; baseline 0.005 -11"><span class='ocrx_word' id='word_1_505' title='bbox 907 927 1073 960; x_wconf 83' lang='lat' dir='ltr'><strong>depereunte</strong></span> <span class='ocrx_word' id='word_1_506' title='bbox 1087 927 1163 960; x_wconf 84' lang='lat' dir='ltr'><strong>hera,</strong></span> <span class='ocrx_word' id='word_1_507' title='bbox 1176 928 1302 963; x_wconf 83' lang='lat' dir='ltr'><strong>superior</strong></span> <span class='ocrx_word' id='word_1_508' title='bbox 1316 928 1465 964; x_wconf 77' lang='lat' dir='ltr'><strong>fortiorque</strong></span> <span class='ocrx_word' id='word_1_509' title='bbox 1474 930 1602 963; x_wconf 86' lang='lat' dir='ltr'><strong>conjectis</strong></span> <span class='ocrx_word' id='word_1_510' title='bbox 1613 931 1686 957; x_wconf 90' lang='lat' dir='ltr'><strong>indi-</strong></span> 
     </span>
    </p>
   </div>
   <div class='ocr_carea' id='block_1_70' title="bbox 907 972 1688 1008">
    <p class='ocr_par' dir='ltr' id='par_1_70' title="bbox 907 972 1688 1008">
     <span class='ocr_line' id='line_1_70' title="bbox 907 972 1688 1008; baseline 0.005 -9"><span class='ocrx_word' id='word_1_511' title='bbox 907 973 967 999; x_wconf 90' lang='lat' dir='ltr'><strong>dem</strong></span> <span class='ocrx_word' id='word_1_512' title='bbox 985 972 1044 999; x_wconf 88' lang='lat' dir='ltr'><strong>telis</strong></span> <span class='ocrx_word' id='word_1_513' title='bbox 1067 973 1203 1007; x_wconf 83' lang='lat' dir='ltr'><strong>apparuit,</strong></span> <span class='ocrx_word' id='word_1_514' title='bbox 1236 978 1291 1000; x_wconf 86' lang='lat' dir='ltr'><strong>tum</strong></span> <span class='ocrx_word' id='word_1_515' title='bbox 1304 974 1375 1008; x_wconf 92' lang='lat' dir='ltr'><strong>quod</strong></span> <span class='ocrx_word' id='word_1_516' title='bbox 1388 982 1435 1008; x_wconf 83' lang='lat' dir='ltr'><strong>per</strong></span> <span class='ocrx_word' id='word_1_517' title='bbox 1459 976 1624 1003; x_wconf 89' lang='lat' dir='ltr'><strong>somniorum</strong></span> <span class='ocrx_word' id='word_1_518' title='bbox 1643 976 1688 1003; x_wconf 86' lang='lat' dir='ltr'><strong>in-</strong></span> 
     </span>
    </p>
   </div>
   <div class='ocr_carea' id='block_1_71' title="bbox 906 1018 1688 1057">
    <p class='ocr_par' dir='ltr' id='par_1_71' title="bbox 906 1018 1688 1057">
     <span class='ocr_line' id='line_1_71' title="bbox 906 1018 1688 1057; baseline 0.008 -14"><span class='ocrx_word' id='word_1_519' title='bbox 906 1018 1129 1052; x_wconf 80' lang='lat' dir='ltr'><strong>terpretationem</strong></span> <span class='ocrx_word' id='word_1_520' title='bbox 1157 1019 1246 1046; x_wconf 86' lang='lat' dir='ltr'><strong>omnis</strong></span> <span class='ocrx_word' id='word_1_521' title='bbox 1277 1019 1387 1055; x_wconf 65' lang='lat' dir='ltr'><strong>Egypti</strong></span> <span class='ocrx_word' id='word_1_522' title='bbox 1417 1020 1487 1048; x_wconf 88' lang='lat' dir='ltr'><strong>altor</strong></span> <span class='ocrx_word' id='word_1_523' title='bbox 1522 1027 1688 1057; x_wconf 81' lang='lat' dir='ltr'><strong>curatorque</strong></span> 
     </span>
    </p>
   </div>
   <div class='ocr_carea' id='block_1_72' title="bbox 906 1063 1688 1103">
    <p class='ocr_par' dir='ltr' id='par_1_72' title="bbox 906 1063 1688 1103">
     <span class='ocr_line' id='line_1_72' title="bbox 906 1063 1688 1103; baseline 0.008 -13"><span class='ocrx_word' id='word_1_524' title='bbox 906 1064 1070 1091; x_wconf 87' lang='lat' dir='ltr'><strong>constitutus</strong></span> <span class='ocrx_word' id='word_1_525' title='bbox 1089 1063 1150 1097; x_wconf 82' lang='lat' dir='ltr'><strong>fuit,</strong></span> <span class='ocrx_word' id='word_1_526' title='bbox 1176 1064 1290 1100; x_wconf 89' lang='lat' dir='ltr'><strong>ipsoque</strong></span> <span class='ocrx_word' id='word_1_527' title='bbox 1306 1073 1396 1093; x_wconf 87' lang='lat' dir='ltr'><strong>rerum</strong></span> <span class='ocrx_word' id='word_1_528' title='bbox 1415 1067 1528 1094; x_wconf 82' lang='lat' dir='ltr'><strong>cardine</strong></span> <span class='ocrx_word' id='word_1_529' title='bbox 1540 1068 1688 1103; x_wconf 90' lang='lat' dir='ltr'><strong>sospitator</strong></span> 
     </span>
    </p>
   </div>
   <div class='ocr_carea' id='block_1_73' title="bbox 906 1106 1689 1144">
    <p class='ocr_par' dir='ltr' id='par_1_73' title="bbox 906 1106 1689 1144">
     <span class='ocr_line' id='line_1_73' title="bbox 906 1106 1689 1144; baseline 0.01 -11"><span class='ocrx_word' id='word_1_530' title='bbox 906 1106 1007 1134; x_wconf 78' lang='lat' dir='ltr'><strong>all&#39;uIsit</strong></span> <span class='ocrx_word' id='word_1_531' title='bbox 1024 1117 1030 1135; x_wconf 94' lang='lat'>:</span> <span class='ocrx_word' id='word_1_532' title='bbox 1046 1113 1234 1136; x_wconf 78' lang='lat' dir='ltr'><strong>verumtamen</strong></span> <span class='ocrx_word' id='word_1_533' title='bbox 1258 1109 1336 1144; x_wconf 73' lang='lat' dir='ltr'><strong>longe</strong></span> <span class='ocrx_word' id='word_1_534' title='bbox 1359 1118 1468 1139; x_wconf 90' lang='lat' dir='ltr'><strong>omnem</strong></span> <span class='ocrx_word' id='word_1_535' title='bbox 1486 1112 1594 1140; x_wconf 90' lang='lat' dir='ltr'><strong>laudum</strong></span> <span class='ocrx_word' id='word_1_536' title='bbox 1609 1121 1689 1141; x_wconf 75' lang='lat' dir='ltr'><strong>exsu-</strong></span> 
     </span>
    </p>
   </div>
   <div class='ocr_carea' id='block_1_74' title="bbox 906 1153 1686 1192">
    <p class='ocr_par' dir='ltr' id='par_1_74' title="bbox 906 1153 1686 1192">
     <span class='ocr_line' id='line_1_74' title="bbox 906 1153 1686 1192; baseline 0.012 -14"><span class='ocrx_word' id='word_1_537' title='bbox 906 1153 1058 1187; x_wconf 82' lang='lat' dir='ltr'><strong>perantiam</strong></span> <span class='ocrx_word' id='word_1_538' title='bbox 1078 1161 1122 1181; x_wconf 88' lang='lat' dir='ltr'><strong>res</strong></span> <span class='ocrx_word' id='word_1_539' title='bbox 1141 1155 1226 1182; x_wconf 88' lang='lat' dir='ltr'><strong>nostri</strong></span> <span class='ocrx_word' id='word_1_540' title='bbox 1241 1156 1390 1190; x_wconf 81' lang='lat' dir='ltr'><strong>excedunt,</strong></span> <span class='ocrx_word' id='word_1_541' title='bbox 1415 1157 1461 1192; x_wconf 87' lang='lat' dir='ltr'><strong>qui</strong></span> <span class='ocrx_word' id='word_1_542' title='bbox 1491 1157 1527 1185; x_wconf 86' lang='lat' dir='ltr'><strong>ita</strong></span> <span class='ocrx_word' id='word_1_543' title='bbox 1557 1158 1686 1187; x_wconf 78' lang='lat' dir='ltr'><strong>illibatam</strong></span> 
     </span>
    </p>
   </div>
   <div class='ocr_carea' id='block_1_75' title="bbox 904 1197 1687 1237">
    <p class='ocr_par' dir='ltr' id='par_1_75' title="bbox 904 1197 1687 1237">
     <span class='ocr_line' id='line_1_75' title="bbox 904 1197 1687 1237; baseline 0.01 -14"><span class='ocrx_word' id='word_1_544' title='bbox 904 1197 1069 1231; x_wconf 76' lang='lat' dir='ltr'><strong>virginitatis</strong></span> <span class='ocrx_word' id='word_1_545' title='bbox 1089 1199 1225 1226; x_wconf 81' lang='lat' dir='ltr'><strong>aureolam</strong></span> <span class='ocrx_word' id='word_1_546' title='bbox 1252 1204 1308 1227; x_wconf 89' lang='lat' dir='ltr'><strong>toto</strong></span> <span class='ocrx_word' id='word_1_547' title='bbox 1329 1199 1392 1229; x_wconf 64' lang='lat' dir='ltr'><strong>vitae</strong></span> <span class='ocrx_word' id='word_1_548' title='bbox 1406 1202 1541 1230; x_wconf 87' lang='lat' dir='ltr'><strong>curriculo</strong></span> <span class='ocrx_word' id='word_1_549' title='bbox 1557 1205 1687 1237; x_wconf 78' lang='lat' dir='ltr'><strong>servavit,</strong></span> 
     </span>
    </p>
   </div>
   <div class='ocr_carea' id='block_1_76' title="bbox 907 1243 1686 1282">
    <p class='ocr_par' dir='ltr' id='par_1_76' title="bbox 907 1243 1686 1282">
     <span class='ocr_line' id='line_1_76' title="bbox 907 1243 1686 1282; baseline 0.01 -13"><span class='ocrx_word' id='word_1_550' title='bbox 907 1246 937 1269; x_wconf 88' lang='lat' dir='ltr'><strong>ut</strong></span> <span class='ocrx_word' id='word_1_551' title='bbox 952 1243 1089 1278; x_wconf 82' lang='lat' dir='ltr'><strong>quispiam</strong></span> <span class='ocrx_word' id='word_1_552' title='bbox 1102 1248 1148 1270; x_wconf 86' lang='lat' dir='ltr'><strong>aut</strong></span> <span class='ocrx_word' id='word_1_553' title='bbox 1165 1251 1278 1279; x_wconf 89' lang='lat' dir='ltr'><strong>corpore</strong></span> <span class='ocrx_word' id='word_1_554' title='bbox 1295 1247 1406 1273; x_wconf 90' lang='lat' dir='ltr'><strong>omnino</strong></span> <span class='ocrx_word' id='word_1_555' title='bbox 1421 1249 1558 1282; x_wconf 86' lang='lat' dir='ltr'><strong>superior,</strong></span> <span class='ocrx_word' id='word_1_556' title='bbox 1573 1255 1620 1277; x_wconf 89' lang='lat' dir='ltr'><strong>aut</strong></span> <span class='ocrx_word' id='word_1_557' title='bbox 1633 1249 1686 1277; x_wconf 90' lang='lat' dir='ltr'><strong>im-</strong></span> 
     </span>
    </p>
   </div>
   <div class='ocr_carea' id='block_1_77' title="bbox 905 1288 1688 1330">
    <p class='ocr_par' dir='ltr' id='par_1_77' title="bbox 905 1288 1688 1330">
     <span class='ocr_line' id='line_1_77' title="bbox 905 1288 1688 1330; baseline 0.011 -16"><span class='ocrx_word' id='word_1_558' title='bbox 905 1288 1050 1321; x_wconf 88' lang='lat' dir='ltr'><strong>materiali,</strong></span> <span class='ocrx_word' id='word_1_559' title='bbox 1073 1293 1101 1316; x_wconf 92' lang='lat' dir='ltr'><strong>ut</strong></span> <span class='ocrx_word' id='word_1_560' title='bbox 1116 1289 1156 1316; x_wconf 82' lang='lat' dir='ltr'><strong>sic</strong></span> <span class='ocrx_word' id='word_1_561' title='bbox 1175 1289 1328 1325; x_wconf 84' lang='lat' dir='ltr'><strong>loquamur,</strong></span> <span class='ocrx_word' id='word_1_562' title='bbox 1352 1299 1465 1327; x_wconf 87' lang='lat' dir='ltr'><strong>corpore</strong></span> <span class='ocrx_word' id='word_1_563' title='bbox 1482 1295 1624 1328; x_wconf 67' lang='lat' dir='ltr'><strong>praeditus;</strong></span> <span class='ocrx_word' id='word_1_564' title='bbox 1642 1296 1688 1330; x_wconf 88' lang='lat' dir='ltr'><strong>qui</strong></span> 
     </span>
    </p>
   </div>
   <div class='ocr_carea' id='block_1_78' title="bbox 906 1333 1686 1371">
    <p class='ocr_par' dir='ltr' id='par_1_78' title="bbox 906 1333 1686 1371">
     <span class='ocr_line' id='line_1_78' title="bbox 906 1333 1686 1371; baseline 0.01 -13"><span class='ocrx_word' id='word_1_565' title='bbox 906 1336 1011 1360; x_wconf 89' lang='lat' dir='ltr'><strong>tantum</strong></span> <span class='ocrx_word' id='word_1_566' title='bbox 1037 1333 1120 1360; x_wconf 90' lang='lat' dir='ltr'><strong>etiam</strong></span> <span class='ocrx_word' id='word_1_567' title='bbox 1146 1334 1171 1361; x_wconf 92' lang='lat' dir='ltr'><strong>in</strong></span> <span class='ocrx_word' id='word_1_568' title='bbox 1193 1341 1255 1361; x_wconf 87' lang='lat' dir='ltr'><strong>vera</strong></span> <span class='ocrx_word' id='word_1_569' title='bbox 1279 1336 1412 1371; x_wconf 84' lang='lat' dir='ltr'><strong>sapientia</strong></span> <span class='ocrx_word' id='word_1_570' title='bbox 1429 1337 1552 1371; x_wconf 87' lang='lat' dir='ltr'><strong>profecit,</strong></span> <span class='ocrx_word' id='word_1_571' title='bbox 1578 1343 1607 1365; x_wconf 95' lang='lat' dir='ltr'><strong>ut</strong></span> <span class='ocrx_word' id='word_1_572' title='bbox 1632 1347 1686 1367; x_wconf 93' lang='lat' dir='ltr'><strong>non</strong></span> 
     </span>
    </p>
   </div>
   <div class='ocr_carea' id='block_1_79' title="bbox 903 1377 1686 1418">
    <p class='ocr_par' dir='ltr' id='par_1_79' title="bbox 903 1377 1686 1418">
     <span class='ocr_line' id='line_1_79' title="bbox 903 1377 1686 1418; baseline 0.01 -13"><span class='ocrx_word' id='word_1_573' title='bbox 903 1377 990 1405; x_wconf 86' lang='lat' dir='ltr'><strong>solum</strong></span> <span class='ocrx_word' id='word_1_574' title='bbox 1026 1379 1216 1413; x_wconf 78' lang='lat' dir='ltr'><strong>perplexabilis</strong></span> <span class='ocrx_word' id='word_1_575' title='bbox 1244 1380 1432 1409; x_wconf 75' lang='lat' dir='ltr'><strong>haereticorum</strong></span> <span class='ocrx_word' id='word_1_576' title='bbox 1459 1384 1647 1418; x_wconf 83' lang='lat' dir='ltr'><strong>captiunculas</strong></span> <span class='ocrx_word' id='word_1_577' title='bbox 1658 1391 1686 1413; x_wconf 87' lang='lat' dir='ltr'><strong>et</strong></span> 
     </span>
    </p>
   </div>
   <div class='ocr_carea' id='block_1_80' title="bbox 903 1423 1684 1463">
    <p class='ocr_par' dir='ltr' id='par_1_80' title="bbox 903 1423 1684 1463">
     <span class='ocr_line' id='line_1_80' title="bbox 903 1423 1684 1463; baseline 0.01 -14"><span class='ocrx_word' id='word_1_578' title='bbox 903 1423 1030 1457; x_wconf 82' lang='lat' dir='ltr'><strong>strophas</strong></span> <span class='ocrx_word' id='word_1_579' title='bbox 1048 1425 1115 1451; x_wconf 85' lang='lat' dir='ltr'><strong>scite</strong></span> <span class='ocrx_word' id='word_1_580' title='bbox 1130 1424 1300 1458; x_wconf 88' lang='lat' dir='ltr'><strong>dissolverit,</strong></span> <span class='ocrx_word' id='word_1_581' title='bbox 1327 1431 1354 1454; x_wconf 87' lang='lat' dir='ltr'><strong>et</strong></span> <span class='ocrx_word' id='word_1_582' title='bbox 1373 1434 1454 1454; x_wconf 84' lang='lat' dir='ltr'><strong>omne</strong></span> <span class='ocrx_word' id='word_1_583' title='bbox 1479 1427 1684 1463; x_wconf 82' lang='lat' dir='ltr'><strong>oll&#39;endiculum,</strong></span> 
     </span>
    </p>
   </div>
   <div class='ocr_carea' id='block_1_81' title="bbox 904 1468 1685 1506">
    <p class='ocr_par' dir='ltr' id='par_1_81' title="bbox 904 1468 1685 1506">
     <span class='ocr_line' id='line_1_81' title="bbox 904 1468 1685 1506; baseline 0.006 -10"><span class='ocrx_word' id='word_1_584' title='bbox 904 1468 927 1496; x_wconf 88' lang='lat' dir='ltr'><strong>si</strong></span> <span class='ocrx_word' id='word_1_585' title='bbox 944 1470 1014 1503; x_wconf 89' lang='lat' dir='ltr'><strong>quod</strong></span> <span class='ocrx_word' id='word_1_586' title='bbox 1033 1477 1147 1504; x_wconf 89' lang='lat' dir='ltr'><strong>usquam</strong></span> <span class='ocrx_word' id='word_1_587' title='bbox 1163 1475 1330 1504; x_wconf 86' lang='lat' dir='ltr'><strong>occurreret,</strong></span> <span class='ocrx_word' id='word_1_588' title='bbox 1351 1472 1384 1499; x_wconf 82' lang='lat' dir='ltr'><strong>de</strong></span> <span class='ocrx_word' id='word_1_589' title='bbox 1401 1472 1500 1506; x_wconf 87' lang='lat' dir='ltr'><strong>medio,</strong></span> <span class='ocrx_word' id='word_1_590' title='bbox 1515 1478 1542 1500; x_wconf 88' lang='lat' dir='ltr'><strong>et</strong></span> <span class='ocrx_word' id='word_1_591' title='bbox 1562 1474 1637 1506; x_wconf 89' lang='lat' dir='ltr'><strong>olim,</strong></span> <span class='ocrx_word' id='word_1_592' title='bbox 1656 1479 1685 1502; x_wconf 83' lang='lat' dir='ltr'><strong>ct</strong></span> 
     </span>
    </p>
   </div>
   <div class='ocr_carea' id='block_1_82' title="bbox 866 1511 1687 1554">
    <p class='ocr_par' dir='ltr' id='par_1_82' title="bbox 866 1511 1687 1554">
     <span class='ocr_line' id='line_1_82' title="bbox 866 1511 1687 1554; baseline 0.01 -15"><span class='ocrx_word' id='word_1_593' title='bbox 866 1511 886 1539; x_wconf 90' lang='lat' dir='ltr'><strong><em>C</em></strong></span> <span class='ocrx_word' id='word_1_594' title='bbox 904 1514 956 1542; x_wconf 87' lang='lat' dir='ltr'><strong>hoc</strong></span> <span class='ocrx_word' id='word_1_595' title='bbox 971 1514 1052 1541; x_wconf 87' lang='lat' dir='ltr'><strong>etiam</strong></span> <span class='ocrx_word' id='word_1_596' title='bbox 1066 1520 1197 1550; x_wconf 87' lang='lat' dir='ltr'><strong>tempore,</strong></span> <span class='ocrx_word' id='word_1_597' title='bbox 1210 1516 1360 1549; x_wconf 86' lang='lat' dir='ltr'><strong>sustulerit,</strong></span> <span class='ocrx_word' id='word_1_598' title='bbox 1377 1517 1423 1545; x_wconf 87' lang='lat' dir='ltr'><strong>sed</strong></span> <span class='ocrx_word' id='word_1_599' title='bbox 1435 1523 1461 1545; x_wconf 92' lang='lat' dir='ltr'><strong>et</strong></span> <span class='ocrx_word' id='word_1_600' title='bbox 1473 1518 1595 1554; x_wconf 82' lang='lat' dir='ltr'><strong>singulos</strong></span> <span class='ocrx_word' id='word_1_601' title='bbox 1607 1527 1687 1547; x_wconf 90' lang='lat' dir='ltr'><strong>mor-</strong></span> 
     </span>
    </p>
   </div>
   <div class='ocr_carea' id='block_1_83' title="bbox 905 1560 1685 1599">
    <p class='ocr_par' dir='ltr' id='par_1_83' title="bbox 905 1560 1685 1599">
     <span class='ocr_line' id='line_1_83' title="bbox 905 1560 1685 1599; baseline 0.009 -13"><span class='ocrx_word' id='word_1_602' title='bbox 905 1560 1012 1593; x_wconf 83' lang='lat' dir='ltr'><strong>talium,</strong></span> <span class='ocrx_word' id='word_1_603' title='bbox 1045 1561 1118 1588; x_wconf 90' lang='lat' dir='ltr'><strong>omni</strong></span> <span class='ocrx_word' id='word_1_604' title='bbox 1150 1566 1282 1597; x_wconf 76' lang='lat' dir='ltr'><strong>tempore,</strong></span> <span class='ocrx_word' id='word_1_605' title='bbox 1313 1563 1448 1598; x_wconf 84' lang='lat' dir='ltr'><strong>spirituali</strong></span> <span class='ocrx_word' id='word_1_606' title='bbox 1469 1565 1567 1599; x_wconf 89' lang='lat' dir='ltr'><strong>pabqu</strong></span> <span class='ocrx_word' id='word_1_607' title='bbox 1584 1565 1685 1594; x_wconf 78' lang='lat' dir='ltr'><strong>affatim</strong></span> 
     </span>
    </p>
   </div>
   <div class='ocr_carea' id='block_1_84' title="bbox 905 1606 1422 1647">
    <p class='ocr_par' dir='ltr' id='par_1_84' title="bbox 905 1606 1422 1647">
     <span class='ocr_line' id='line_1_84' title="bbox 905 1606 1422 1647; baseline 0.01 -16"><span class='ocrx_word' id='word_1_608' title='bbox 905 1613 1017 1641; x_wconf 85' lang='lat' dir='ltr'><strong>pascere</strong></span> <span class='ocrx_word' id='word_1_609' title='bbox 1030 1606 1157 1640; x_wconf 89' lang='lat' dir='ltr'><strong>potuerit.</strong></span> <span class='ocrx_word' id='word_1_610' title='bbox 1419 1645 1422 1647; x_wconf 6' lang='grc' dir='ltr'><strong>γ</strong></span> 
     </span>
    </p>
   </div>
   <div class='ocr_carea' id='block_1_85' title="bbox 940 1648 1687 1691">
    <p class='ocr_par' dir='ltr' id='par_1_85' title="bbox 940 1648 1687 1691">
     <span class='ocr_line' id='line_1_85' title="bbox 940 1648 1687 1691; baseline 0.013 -15"><span class='ocrx_word' id='word_1_611' title='bbox 940 1648 1033 1678; x_wconf 72' lang='lat' dir='ltr'><strong>CXlX.</strong></span> <span class='ocrx_word' id='word_1_612' title='bbox 1052 1652 1139 1680; x_wconf 88' lang='lat' dir='ltr'><strong>Porro</strong></span> <span class='ocrx_word' id='word_1_613' title='bbox 1169 1653 1501 1691; x_wconf 83' lang='lat' dir='ltr'><strong>quamvis&#39;propinquum</strong></span> <span class='ocrx_word' id='word_1_614' title='bbox 1532 1655 1628 1685; x_wconf 80' lang='lat' dir='ltr'><strong>Jacobi</strong></span> <span class='ocrx_word' id='word_1_615' title='bbox 1659 1663 1687 1686; x_wconf 89' lang='lat' dir='ltr'><strong>et</strong></span> 
     </span>
    </p>
   </div>
   <div class='ocr_carea' id='block_1_86' title="bbox 905 1696 1731 1738">
    <p class='ocr_par' dir='ltr' id='par_1_86' title="bbox 905 1696 1731 1738">
     <span class='ocr_line' id='line_1_86' title="bbox 905 1696 1731 1738; baseline 0.013 -17"><span class='ocrx_word' id='word_1_616' title='bbox 905 1700 1058 1730; x_wconf 79' lang='lat' dir='ltr'><strong>cognatum,</strong></span> <span class='ocrx_word' id='word_1_617' title='bbox 1084 1696 1182 1725; x_wconf 88' lang='lat' dir='ltr'><strong>Jobum</strong></span> <span class='ocrx_word' id='word_1_618' title='bbox 1208 1698 1283 1726; x_wconf 91' lang='lat' dir='ltr'><strong>illum</strong></span> <span class='ocrx_word' id='word_1_619' title='bbox 1315 1699 1440 1734; x_wconf 85' lang='lat' dir='ltr'><strong>Ausiten,</strong></span> <span class='ocrx_word' id='word_1_620' title='bbox 1465 1702 1500 1730; x_wconf 88' lang='lat' dir='ltr'><strong>ob</strong></span> <span class='ocrx_word' id='word_1_621' title='bbox 1528 1703 1685 1738; x_wconf 86' lang='lat' dir='ltr'><strong>patientiam</strong></span> <span class='ocrx_word' id='word_1_622' title='bbox 1729 1721 1731 1723; x_wconf 67' lang='grc'><strong>›</strong></span> 
     </span>
    </p>
   </div>
   <div class='ocr_carea' id='block_1_87' title="bbox 904 1742 1687 1782">
    <p class='ocr_par' dir='ltr' id='par_1_87' title="bbox 904 1742 1687 1782">
     <span class='ocr_line' id='line_1_87' title="bbox 904 1742 1687 1782; baseline 0.014 -15"><span class='ocrx_word' id='word_1_623' title='bbox 904 1749 1066 1776; x_wconf 79' lang='lat' dir='ltr'><strong>magnopere</strong></span> <span class='ocrx_word' id='word_1_624' title='bbox 1095 1742 1224 1777; x_wconf 86' lang='lat' dir='ltr'><strong>admirer,</strong></span> <span class='ocrx_word' id='word_1_625' title='bbox 1251 1745 1323 1773; x_wconf 90' lang='lat' dir='ltr'><strong>hunc</strong></span> <span class='ocrx_word' id='word_1_626' title='bbox 1357 1751 1479 1775; x_wconf 89' lang='lat' dir='ltr'><strong>nostrum</strong></span> <span class='ocrx_word' id='word_1_627' title='bbox 1508 1753 1609 1782; x_wconf 85' lang='lat' dir='ltr'><strong>tamen,</strong></span> <span class='ocrx_word' id='word_1_628' title='bbox 1635 1750 1687 1778; x_wconf 88' lang='lat' dir='ltr'><strong>hoc</strong></span> 
     </span>
    </p>
   </div>
   <div class='ocr_carea' id='block_1_88' title="bbox 905 1786 1686 1827">
    <p class='ocr_par' dir='ltr' id='par_1_88' title="bbox 905 1786 1686 1827">
     <span class='ocr_line' id='line_1_88' title="bbox 905 1786 1686 1827; baseline 0.014 -15"><span class='ocrx_word' id='word_1_629' title='bbox 905 1786 1001 1813; x_wconf 88' lang='lat' dir='ltr'><strong>eodem</strong></span> <span class='ocrx_word' id='word_1_630' title='bbox 1019 1787 1139 1821; x_wconf 85' lang='lat' dir='ltr'><strong>nomine,</strong></span> <span class='ocrx_word' id='word_1_631' title='bbox 1150 1788 1220 1816; x_wconf 85' lang='lat' dir='ltr'><strong>haud</strong></span> <span class='ocrx_word' id='word_1_632' title='bbox 1235 1791 1314 1824; x_wconf 91' lang='lat' dir='ltr'><strong>paulo</strong></span> <span class='ocrx_word' id='word_1_633' title='bbox 1331 1791 1393 1826; x_wconf 87' lang='lat' dir='ltr'><strong>plus</strong></span> <span class='ocrx_word' id='word_1_634' title='bbox 1409 1800 1489 1827; x_wconf 85' lang='lat' dir='ltr'><strong>quam</strong></span> <span class='ocrx_word' id='word_1_635' title='bbox 1506 1794 1580 1822; x_wconf 90' lang='lat' dir='ltr'><strong>illum</strong></span> <span class='ocrx_word' id='word_1_636' title='bbox 1597 1794 1686 1822; x_wconf 83' lang='lat' dir='ltr'><strong>admi-</strong></span> 
     </span>
    </p>
   </div>
   <div class='ocr_carea' id='block_1_89' title="bbox 907 1832 1687 1875">
    <p class='ocr_par' dir='ltr' id='par_1_89' title="bbox 907 1832 1687 1875">
     <span class='ocr_line' id='line_1_89' title="bbox 907 1832 1687 1875; baseline 0.01 -16"><span class='ocrx_word' id='word_1_637' title='bbox 907 1833 960 1860; x_wconf 86' lang='lat' dir='ltr'><strong>rari</strong></span> <span class='ocrx_word' id='word_1_638' title='bbox 984 1832 1091 1861; x_wconf 91' lang='lat' dir='ltr'><strong>habeo:</strong></span> <span class='ocrx_word' id='word_1_639' title='bbox 1110 1842 1169 1869; x_wconf 74' lang='lat' dir='ltr'><strong>qua:</strong></span> <span class='ocrx_word' id='word_1_640' title='bbox 1188 1835 1272 1863; x_wconf 88' lang='lat' dir='ltr'><strong>Jobus</strong></span> <span class='ocrx_word' id='word_1_641' title='bbox 1296 1837 1368 1864; x_wconf 85' lang='lat' dir='ltr'><strong>enim</strong></span> <span class='ocrx_word' id='word_1_642' title='bbox 1391 1838 1447 1866; x_wconf 82' lang='lat' dir='ltr'><strong>suis</strong></span> <span class='ocrx_word' id='word_1_643' title='bbox 1466 1839 1544 1874; x_wconf 87' lang='lat' dir='ltr'><strong>plane</strong></span> <span class='ocrx_word' id='word_1_644' title='bbox 1561 1840 1687 1875; x_wconf 73' lang='lat' dir='ltr'><strong>ingratiis</strong></span> 
     </span>
    </p>
   </div>
   <div class='ocr_carea' id='block_1_90' title="bbox 905 1878 1687 1920">
    <p class='ocr_par' dir='ltr' id='par_1_90' title="bbox 905 1878 1687 1920">
     <span class='ocr_line' id='line_1_90' title="bbox 905 1878 1687 1920; baseline 0.01 -15"><span class='ocrx_word' id='word_1_645' title='bbox 905 1879 1007 1911; x_wconf 84' lang='lat' dir='ltr'><strong>amisit,</strong></span> <span class='ocrx_word' id='word_1_646' title='bbox 1030 1878 1185 1912; x_wconf 87' lang='lat' dir='ltr'><strong>facultates,</strong></span> <span class='ocrx_word' id='word_1_647' title='bbox 1207 1880 1335 1914; x_wconf 84' lang='lat' dir='ltr'><strong>honores,</strong></span> <span class='ocrx_word' id='word_1_648' title='bbox 1359 1883 1461 1918; x_wconf 86' lang='lat' dir='ltr'><strong>reliqua</strong></span> <span class='ocrx_word' id='word_1_649' title='bbox 1481 1885 1582 1916; x_wconf 87' lang='lat' dir='ltr'><strong>omnia,</strong></span> <span class='ocrx_word' id='word_1_650' title='bbox 1608 1886 1687 1920; x_wconf 85' lang='lat' dir='ltr'><strong>queis</strong></span> 
     </span>
    </p>
   </div>
   <div class='ocr_carea' id='block_1_91' title="bbox 904 1923 1686 1963">
    <p class='ocr_par' dir='ltr' id='par_1_91' title="bbox 904 1923 1686 1963">
     <span class='ocr_line' id='line_1_91' title="bbox 904 1923 1686 1963; baseline 0.009 -12"><span class='ocrx_word' id='word_1_651' title='bbox 904 1923 974 1951; x_wconf 82' lang='lat' dir='ltr'><strong>allici</strong></span> <span class='ocrx_word' id='word_1_652' title='bbox 989 1925 1129 1952; x_wconf 86' lang='lat' dir='ltr'><strong>hominum</strong></span> <span class='ocrx_word' id='word_1_653' title='bbox 1144 1926 1227 1953; x_wconf 86' lang='lat' dir='ltr'><strong>animi</strong></span> <span class='ocrx_word' id='word_1_654' title='bbox 1238 1926 1335 1960; x_wconf 87' lang='lat' dir='ltr'><strong>solent,</strong></span> <span class='ocrx_word' id='word_1_655' title='bbox 1351 1935 1382 1955; x_wconf 82' lang='lat' dir='ltr'><strong>ea</strong></span> <span class='ocrx_word' id='word_1_656' title='bbox 1398 1934 1489 1956; x_wconf 86' lang='lat' dir='ltr'><strong>noster</strong></span> <span class='ocrx_word' id='word_1_657' title='bbox 1503 1930 1586 1963; x_wconf 89' lang='lat' dir='ltr'><strong>ultra,</strong></span> <span class='ocrx_word' id='word_1_658' title='bbox 1607 1932 1686 1958; x_wconf 82' lang='lat' dir='ltr'><strong>Chri-</strong></span> 
     </span>
    </p>
   </div>
   <div class='ocr_carea' id='block_1_92' title="bbox 909 1970 1683 2008">
    <p class='ocr_par' dir='ltr' id='par_1_92' title="bbox 909 1970 1683 2008">
     <span class='ocr_line' id='line_1_92' title="bbox 909 1970 1683 2008; baseline 0.009 -11"><span class='ocrx_word' id='word_1_659' title='bbox 909 1970 944 1997; x_wconf 85' lang='lat' dir='ltr'><strong>sti</strong></span> <span class='ocrx_word' id='word_1_660' title='bbox 963 1978 1058 2003; x_wconf 79' lang='lat' dir='ltr'><strong>causa,</strong></span> <span class='ocrx_word' id='word_1_661' title='bbox 1083 1978 1134 1998; x_wconf 89' lang='lat' dir='ltr'><strong>nec</strong></span> <span class='ocrx_word' id='word_1_662' title='bbox 1156 1972 1255 1999; x_wconf 89' lang='lat' dir='ltr'><strong>habere</strong></span> <span class='ocrx_word' id='word_1_663' title='bbox 1275 1980 1390 2008; x_wconf 87' lang='lat' dir='ltr'><strong>unquam</strong></span> <span class='ocrx_word' id='word_1_664' title='bbox 1415 1974 1509 2003; x_wconf 90' lang='lat' dir='ltr'><strong>voluit.</strong></span> <span class='ocrx_word' id='word_1_665' title='bbox 1535 1975 1601 2002; x_wconf 85' lang='lat' dir='ltr'><strong>Tum</strong></span> <span class='ocrx_word' id='word_1_666' title='bbox 1620 1985 1683 2005; x_wconf 87' lang='lat' dir='ltr'><strong>vero</strong></span> 
     </span>
    </p>
   </div>
   <div class='ocr_carea' id='block_1_93' title="bbox 906 2016 1684 2056">
    <p class='ocr_par' dir='ltr' id='par_1_93' title="bbox 906 2016 1684 2056">
     <span class='ocr_line' id='line_1_93' title="bbox 906 2016 1684 2056; baseline 0.008 -14"><span class='ocrx_word' id='word_1_667' title='bbox 906 2020 1036 2051; x_wconf 65' lang='lat' dir='ltr'><strong>praiterea</strong></span> <span class='ocrx_word' id='word_1_668' title='bbox 1050 2016 1104 2049; x_wconf 80' lang='lat' dir='ltr'><strong>ille,</strong></span> <span class='ocrx_word' id='word_1_669' title='bbox 1121 2017 1259 2051; x_wconf 86' lang='lat' dir='ltr'><strong>quoniam,</strong></span> <span class='ocrx_word' id='word_1_670' title='bbox 1277 2025 1337 2046; x_wconf 87' lang='lat' dir='ltr'><strong>cum</strong></span> <span class='ocrx_word' id='word_1_671' title='bbox 1355 2019 1420 2047; x_wconf 89' lang='lat' dir='ltr'><strong>nihil</strong></span> <span class='ocrx_word' id='word_1_672' title='bbox 1433 2021 1578 2056; x_wconf 80' lang='lat' dir='ltr'><strong>quidquam</strong></span> <span class='ocrx_word' id='word_1_673' title='bbox 1592 2022 1684 2049; x_wconf 85' lang='lat' dir='ltr'><strong>divino</strong></span> 
     </span>
    </p>
   </div>
   <div class='ocr_carea' id='block_1_94' title="bbox 905 2062 1683 2099">
    <p class='ocr_par' dir='ltr' id='par_1_94' title="bbox 905 2062 1683 2099">
     <span class='ocr_line' id='line_1_94' title="bbox 905 2062 1683 2099; baseline 0.009 -11"><span class='ocrx_word' id='word_1_674' title='bbox 905 2068 1042 2096; x_wconf 87' lang='lat' dir='ltr'><strong>opponere</strong></span> <span class='ocrx_word' id='word_1_675' title='bbox 1067 2067 1158 2097; x_wconf 88' lang='lat' dir='ltr'><strong>posset</strong></span> <span class='ocrx_word' id='word_1_676' title='bbox 1177 2062 1292 2098; x_wconf 88' lang='lat' dir='ltr'><strong>judicio,</strong></span> <span class='ocrx_word' id='word_1_677' title='bbox 1310 2065 1509 2094; x_wconf 81' lang='lat' dir='ltr'><strong>necessitudine</strong></span> <span class='ocrx_word' id='word_1_678' title='bbox 1538 2073 1625 2099; x_wconf 83' lang='lat' dir='ltr'><strong>actus,</strong></span> <span class='ocrx_word' id='word_1_679' title='bbox 1649 2069 1683 2096; x_wconf 84' lang='lat' dir='ltr'><strong>ad</strong></span> 
     </span>
    </p>
   </div>
   <div class='ocr_carea' id='block_1_95' title="bbox 907 2107 1685 2142">
    <p class='ocr_par' dir='ltr' id='par_1_95' title="bbox 907 2107 1685 2142">
     <span class='ocr_line' id='line_1_95' title="bbox 907 2107 1685 2142; baseline 0.012 -10"><span class='ocrx_word' id='word_1_680' title='bbox 907 2107 1158 2142; x_wconf 83' lang='lat' dir='ltr'><strong>magnanimitatem</strong></span> <span class='ocrx_word' id='word_1_681' title='bbox 1186 2108 1292 2137; x_wconf 85' lang='lat' dir='ltr'><strong>tandem</strong></span> <span class='ocrx_word' id='word_1_682' title='bbox 1323 2111 1449 2139; x_wconf 81' lang='lat' dir='ltr'><strong>veniebat</strong></span> <span class='ocrx_word' id='word_1_683' title='bbox 1476 2121 1484 2139; x_wconf 91' lang='lat'><strong>:</strong></span> <span class='ocrx_word' id='word_1_684' title='bbox 1508 2120 1539 2140; x_wconf 90' lang='lat' dir='ltr'><strong>co</strong></span> <span class='ocrx_word' id='word_1_685' title='bbox 1567 2115 1685 2142; x_wconf 79' lang='lat' dir='ltr'><strong>ostendit</strong></span> 
     </span>
    </p>
   </div>
   <div class='ocr_carea' id='block_1_96' title="bbox 905 2153 1681 2196">
    <p class='ocr_par' dir='ltr' id='par_1_96' title="bbox 905 2153 1681 2196">
     <span class='ocr_line' id='line_1_96' title="bbox 905 2153 1681 2196; baseline 0.012 -17"><span class='ocrx_word' id='word_1_686' title='bbox 905 2153 982 2186; x_wconf 86' lang='lat' dir='ltr'><strong>satis,</strong></span> <span class='ocrx_word' id='word_1_687' title='bbox 996 2153 1081 2187; x_wconf 90' lang='lat' dir='ltr'><strong>pluris</strong></span> <span class='ocrx_word' id='word_1_688' title='bbox 1097 2160 1125 2181; x_wconf 89' lang='lat' dir='ltr'><strong>se</strong></span> <span class='ocrx_word' id='word_1_689' title='bbox 1136 2155 1246 2182; x_wconf 91' lang='lat' dir='ltr'><strong>omnino</strong></span> <span class='ocrx_word' id='word_1_690' title='bbox 1260 2156 1361 2190; x_wconf 87' lang='lat' dir='ltr'><strong>facere,</strong></span> <span class='ocrx_word' id='word_1_691' title='bbox 1379 2158 1402 2186; x_wconf 89' lang='lat' dir='ltr'><strong>si</strong></span> <span class='ocrx_word' id='word_1_692' title='bbox 1417 2158 1444 2186; x_wconf 93' lang='lat' dir='ltr'><strong>in</strong></span> <span class='ocrx_word' id='word_1_693' title='bbox 1459 2158 1527 2187; x_wconf 87' lang='lat' dir='ltr'><strong>istas</strong></span> <span class='ocrx_word' id='word_1_694' title='bbox 1544 2168 1681 2196; x_wconf 85' lang='lat' dir='ltr'><strong>nunquam</strong></span> 
     </span>
    </p>
   </div>
   <div class='ocr_carea' id='block_1_97' title="bbox 904 2198 1685 2237">
    <p class='ocr_par' dir='ltr' id='par_1_97' title="bbox 904 2198 1685 2237">
     <span class='ocr_line' id='line_1_97' title="bbox 904 2198 1685 2237; baseline 0.013 -13"><span class='ocrx_word' id='word_1_695' title='bbox 904 2198 1046 2226; x_wconf 83' lang='lat' dir='ltr'><strong>incidisset</strong></span> <span class='ocrx_word' id='word_1_696' title='bbox 1076 2207 1221 2228; x_wconf 72' lang='lat' dir='ltr'><strong>aerumnas.</strong></span> <span class='ocrx_word' id='word_1_697' title='bbox 1257 2201 1290 2229; x_wconf 84' lang='lat' dir='ltr'><strong>At</strong></span> <span class='ocrx_word' id='word_1_698' title='bbox 1328 2208 1438 2237; x_wconf 88' lang='lat' dir='ltr'><strong>noster,</strong></span> <span class='ocrx_word' id='word_1_699' title='bbox 1476 2206 1582 2233; x_wconf 85' lang='lat' dir='ltr'><strong>tametsi</strong></span> <span class='ocrx_word' id='word_1_700' title='bbox 1616 2214 1685 2234; x_wconf 90' lang='lat' dir='ltr'><strong>unus</strong></span> 
     </span>
    </p>
   </div>
   <div class='ocr_carea' id='block_1_98' title="bbox 904 2244 1686 2285">
    <p class='ocr_par' dir='ltr' id='par_1_98' title="bbox 904 2244 1686 2285">
     <span class='ocr_line' id='line_1_98' title="bbox 904 2244 1686 2285; baseline 0.012 -15"><span class='ocrx_word' id='word_1_701' title='bbox 904 2244 1168 2279; x_wconf 82' lang='lat' dir='ltr'><strong>omnium&#39;maxime,</strong></span> <span class='ocrx_word' id='word_1_702' title='bbox 1183 2250 1210 2273; x_wconf 85' lang='lat' dir='ltr'><strong>et.</strong></span> <span class='ocrx_word' id='word_1_703' title='bbox 1227 2247 1418 2277; x_wconf 82' lang='lat' dir='ltr'><strong>circumfluere</strong></span> <span class='ocrx_word' id='word_1_704' title='bbox 1430 2250 1539 2285; x_wconf 85' lang='lat' dir='ltr'><strong>opibus,</strong></span> <span class='ocrx_word' id='word_1_705' title='bbox 1555 2255 1581 2278; x_wconf 85' lang='lat' dir='ltr'><strong>et</strong></span> <span class='ocrx_word' id='word_1_706' title='bbox 1597 2252 1686 2279; x_wconf 80' lang='lat' dir='ltr'><strong>excel-</strong></span> 
     </span>
    </p>
   </div>
   <div class='ocr_carea' id='block_1_99' title="bbox 903 2289 1685 2331">
    <p class='ocr_par' dir='ltr' id='par_1_99' title="bbox 903 2289 1685 2331">
     <span class='ocr_line' id='line_1_99' title="bbox 903 2289 1685 2331; baseline 0.01 -15"><span class='ocrx_word' id='word_1_707' title='bbox 903 2289 961 2317; x_wconf 87' lang='lat' dir='ltr'><strong>lere</strong></span> <span class='ocrx_word' id='word_1_708' title='bbox 978 2290 1109 2324; x_wconf 86' lang='lat' dir='ltr'><strong>potentia,</strong></span> <span class='ocrx_word' id='word_1_709' title='bbox 1128 2295 1154 2318; x_wconf 85' lang='lat' dir='ltr'><strong>ct</strong></span> <span class='ocrx_word' id='word_1_710' title='bbox 1170 2291 1340 2320; x_wconf 80' lang='lat' dir='ltr'><strong>omnifariam</strong></span> <span class='ocrx_word' id='word_1_711' title='bbox 1362 2295 1457 2323; x_wconf 85' lang='lat' dir='ltr'><strong>beatus</strong></span> <span class='ocrx_word' id='word_1_712' title='bbox 1478 2295 1622 2331; x_wconf 88' lang='lat' dir='ltr'><strong>clarusque</strong></span> <span class='ocrx_word' id='word_1_713' title='bbox 1637 2297 1685 2324; x_wconf 80' lang='grc' dir='ltr'>1ιιι‹</span> 
     </span>
    </p>
   </div>
   <div class='ocr_carea' id='block_1_100' title="bbox 904 2332 1686 2371">
    <p class='ocr_par' dir='ltr' id='par_1_100' title="bbox 904 2332 1686 2371">
     <span class='ocr_line' id='line_1_100' title="bbox 904 2332 1686 2371; baseline 0.012 -12"><span class='ocrx_word' id='word_1_714' title='bbox 904 2332 962 2360; x_wconf 93' lang='lat' dir='ltr'><strong>beri</strong></span> <span class='ocrx_word' id='word_1_715' title='bbox 987 2337 1103 2368; x_wconf 86' lang='lat' dir='ltr'><strong>poterat,</strong></span> <span class='ocrx_word' id='word_1_716' title='bbox 1133 2334 1246 2362; x_wconf 85' lang='lat' dir='ltr'><strong>istorum</strong></span> <span class='ocrx_word' id='word_1_717' title='bbox 1272 2342 1360 2364; x_wconf 87' lang='lat' dir='ltr'><strong>tamen</strong></span> <span class='ocrx_word' id='word_1_718' title='bbox 1380 2339 1455 2371; x_wconf 86' lang='lat' dir='ltr'><strong>nihil,</strong></span> <span class='ocrx_word' id='word_1_719' title='bbox 1470 2348 1503 2367; x_wconf 87' lang='lat' dir='ltr'><strong>ne</strong></span> <span class='ocrx_word' id='word_1_720' title='bbox 1521 2340 1546 2367; x_wconf 89' lang='lat' dir='ltr'><strong>in</strong></span> <span class='ocrx_word' id='word_1_721' title='bbox 1569 2341 1686 2369; x_wconf 76' lang='lat' dir='ltr'><strong>somniis</strong></span> 
     </span>
    </p>
   </div>
   <div class='ocr_carea' id='block_1_101' title="bbox 907 2379 1683 2420">
    <p class='ocr_par' dir='ltr' id='par_1_101' title="bbox 907 2379 1683 2420">
     <span class='ocr_line' id='line_1_101' title="bbox 907 2379 1683 2420; baseline 0.012 -15"><span class='ocrx_word' id='word_1_722' title='bbox 907 2379 1029 2414; x_wconf 83' lang='lat' dir='ltr'><strong>quidem,</strong></span> <span class='ocrx_word' id='word_1_723' title='bbox 1056 2379 1127 2414; x_wconf 84' lang='lat' dir='ltr'><strong>quod</strong></span> <span class='ocrx_word' id='word_1_724' title='bbox 1153 2380 1179 2408; x_wconf 95' lang='lat' dir='ltr'><strong>in</strong></span> <span class='ocrx_word' id='word_1_725' title='bbox 1203 2382 1348 2416; x_wconf 87' lang='lat' dir='ltr'><strong>proverbio</strong></span> <span class='ocrx_word' id='word_1_726' title='bbox 1369 2388 1420 2416; x_wconf 86' lang='lat' dir='ltr'><strong>est,</strong></span> <span class='ocrx_word' id='word_1_727' title='bbox 1437 2383 1507 2412; x_wconf 83' lang='lat' dir='ltr'><strong>ferre</strong></span> <span class='ocrx_word' id='word_1_728' title='bbox 1522 2385 1620 2420; x_wconf 81' lang='lat' dir='ltr'><strong>petuit,</strong></span> <span class='ocrx_word' id='word_1_729' title='bbox 1635 2388 1683 2414; x_wconf 86' lang='lat' dir='ltr'><strong>sed</strong></span> 
     </span>
    </p>
   </div>
   <div class='ocr_carea' id='block_1_102' title="bbox 907 2424 1684 2465">
    <p class='ocr_par' dir='ltr' id='par_1_102' title="bbox 907 2424 1684 2465">
     <span class='ocr_line' id='line_1_102' title="bbox 907 2424 1684 2465; baseline 0.01 -15"><span class='ocrx_word' id='word_1_730' title='bbox 907 2431 984 2451; x_wconf 88' lang='lat' dir='ltr'><strong>maza</strong></span> <span class='ocrx_word' id='word_1_731' title='bbox 999 2424 1198 2459; x_wconf 83' lang='lat' dir='ltr'><strong>philosophica,</strong></span> <span class='ocrx_word' id='word_1_732' title='bbox 1227 2428 1273 2455; x_wconf 87' lang='lat' dir='ltr'><strong>sed</strong></span> <span class='ocrx_word' id='word_1_733' title='bbox 1303 2428 1420 2457; x_wconf 86' lang='lat' dir='ltr'><strong>solitudo</strong></span> <span class='ocrx_word' id='word_1_734' title='bbox 1442 2435 1469 2457; x_wconf 88' lang='lat' dir='ltr'><strong>et</strong></span> <span class='ocrx_word' id='word_1_735' title='bbox 1486 2437 1619 2465; x_wconf 77' lang='lat' dir='ltr'><strong>recessus,</strong></span> <span class='ocrx_word' id='word_1_736' title='bbox 1635 2432 1684 2460; x_wconf 79' lang='lat' dir='ltr'><strong>sed.</strong></span> 
     </span>
    </p>
   </div>
   <div class='ocr_carea' id='block_1_103' title="bbox 903 2469 1682 2508">
    <p class='ocr_par' dir='ltr' id='par_1_103' title="bbox 903 2469 1682 2508">
     <span class='ocr_line' id='line_1_103' title="bbox 903 2469 1682 2508; baseline 0.012 -13"><span class='ocrx_word' id='word_1_737' title='bbox 903 2470 942 2496; x_wconf 87' lang='lat' dir='ltr'><strong>rei</strong></span> <span class='ocrx_word' id='word_1_738' title='bbox 974 2469 1074 2498; x_wconf 90' lang='lat' dir='ltr'><strong>nullius</strong></span> <span class='ocrx_word' id='word_1_739' title='bbox 1099 2473 1207 2506; x_wconf 91' lang='lat' dir='ltr'><strong>propria</strong></span> <span class='ocrx_word' id='word_1_740' title='bbox 1229 2475 1375 2508; x_wconf 87' lang='lat' dir='ltr'><strong>possessio,</strong></span> <span class='ocrx_word' id='word_1_741' title='bbox 1402 2474 1439 2503; x_wconf 89' lang='lat' dir='ltr'><strong>illi</strong></span> <span class='ocrx_word' id='word_1_742' title='bbox 1469 2476 1598 2505; x_wconf 84' lang='lat' dir='ltr'><strong>omnibus</strong></span> <span class='ocrx_word' id='word_1_743' title='bbox 1612 2477 1682 2504; x_wconf 83' lang='lat' dir='ltr'><strong>anti-</strong></span> 
     </span>
    </p>
   </div>
   <div class='ocr_carea' id='block_1_104' title="bbox 903 2515 1100 2548">
    <p class='ocr_par' dir='ltr' id='par_1_104' title="bbox 903 2515 1100 2548">
     <span class='ocr_line' id='line_1_104' title="bbox 903 2515 1100 2548; baseline 0.01 -7"><span class='ocrx_word' id='word_1_744' title='bbox 903 2515 998 2548; x_wconf 84' lang='lat' dir='ltr'><strong>quiora</strong></span> <span class='ocrx_word' id='word_1_745' title='bbox 1014 2515 1100 2543; x_wconf 86' lang='lat' dir='ltr'><strong>fuere.</strong></span> 
     </span>
    </p>
   </div>
   <div class='ocr_carea' id='block_1_105' title="bbox 936 2553 1682 2599">
    <p class='ocr_par' dir='ltr' id='par_1_105' title="bbox 936 2553 1682 2599">
     <span class='ocr_line' id='line_1_105' title="bbox 936 2553 1682 2599; baseline 0.015 -14"><span class='ocrx_word' id='word_1_746' title='bbox 936 2557 1018 2586; x_wconf 80' lang='lat' dir='ltr'><strong>cxx.</strong></span> <span class='ocrx_word' id='word_1_747' title='bbox 1042 2559 1108 2587; x_wconf 79' lang='lat' dir='ltr'><strong>Mosi</strong></span> <span class='ocrx_word' id='word_1_748' title='bbox 1119 2553 1183 2589; x_wconf 72' lang='lat' dir='ltr'><strong>vero</strong></span> <span class='ocrx_word' id='word_1_749' title='bbox 1199 2562 1360 2598; x_wconf 83' lang='lat' dir='ltr'><strong>legislatori,</strong></span> <span class='ocrx_word' id='word_1_750' title='bbox 1381 2569 1408 2593; x_wconf 90' lang='lat' dir='ltr'><strong>et</strong></span> <span class='ocrx_word' id='word_1_751' title='bbox 1421 2565 1526 2599; x_wconf 87' lang='lat' dir='ltr'><strong>Davidi,</strong></span> <span class='ocrx_word' id='word_1_752' title='bbox 1541 2565 1682 2595; x_wconf 76' lang='lat' dir='ltr'><strong>lessaeili-</strong></span> 
     </span>
    </p>
   </div>
   <div class='ocr_carea' id='block_1_106' title="bbox 903 2604 1683 2648">
    <p class='ocr_par' dir='ltr' id='par_1_106' title="bbox 903 2604 1683 2648">
     <span class='ocr_line' id='line_1_106' title="bbox 903 2604 1683 2648; baseline 0.014 -18"><span class='ocrx_word' id='word_1_753' title='bbox 903 2604 949 2637; x_wconf 82' lang='lat' dir='ltr'><strong>liol</strong></span> <span class='ocrx_word' id='word_1_754' title='bbox 967 2611 1035 2632; x_wconf 71' lang='lat' dir='ltr'><strong>cum</strong></span> <span class='ocrx_word' id='word_1_755' title='bbox 1046 2606 1106 2633; x_wconf 65' lang='lat' dir='ltr'><strong>alia:</strong></span> <span class='ocrx_word' id='word_1_756' title='bbox 1120 2607 1235 2635; x_wconf 89' lang='lat' dir='ltr'><strong>virtutes</strong></span> <span class='ocrx_word' id='word_1_757' title='bbox 1247 2609 1398 2644; x_wconf 83' lang='lat' dir='ltr'><strong>(sacrarum</strong></span> <span class='ocrx_word' id='word_1_758' title='bbox 1416 2610 1593 2648; x_wconf 87' lang='lat' dir='ltr'><strong>Litterarum)</strong></span> <span class='ocrx_word' id='word_1_759' title='bbox 1608 2614 1683 2641; x_wconf 85' lang='lat' dir='ltr'><strong>testi-</strong></span> 
     </span>
    </p>
   </div>
   <div class='ocr_carea' id='block_1_107' title="bbox 903 2650 1680 2692">
    <p class='ocr_par' dir='ltr' id='par_1_107' title="bbox 903 2650 1680 2692">
     <span class='ocr_line' id='line_1_107' title="bbox 903 2650 1680 2692; baseline 0.013 -16"><span class='ocrx_word' id='word_1_760' title='bbox 903 2650 995 2678; x_wconf 89' lang='lat' dir='ltr'><strong>monio</strong></span> <span class='ocrx_word' id='word_1_761' title='bbox 1013 2651 1178 2687; x_wconf 86' lang='lat' dir='ltr'><strong>tribuuntur,</strong></span> <span class='ocrx_word' id='word_1_762' title='bbox 1204 2658 1259 2681; x_wconf 90' lang='lat' dir='ltr'><strong>tum</strong></span> <span class='ocrx_word' id='word_1_763' title='bbox 1281 2657 1353 2690; x_wconf 87' lang='lat' dir='ltr'><strong>quod</strong></span> <span class='ocrx_word' id='word_1_764' title='bbox 1367 2658 1533 2692; x_wconf 69' lang='lat' dir='ltr'><strong>praecipuum</strong></span> <span class='ocrx_word' id='word_1_765' title='bbox 1546 2659 1680 2691; x_wconf 81' lang='lat' dir='ltr'><strong>omnium,</strong></span> 
     </span>
    </p>
   </div>
   <div class='ocr_carea' id='block_1_108' title="bbox 900 2697 1680 2739">
    <p class='ocr_par' dir='ltr' id='par_1_108' title="bbox 900 2697 1680 2739">
     <span class='ocr_line' id='line_1_108' title="bbox 900 2697 1680 2739; baseline 0.012 -16"><span class='ocrx_word' id='word_1_766' title='bbox 900 2701 927 2723; x_wconf 84' lang='lat' dir='ltr'><strong>et</strong></span> <span class='ocrx_word' id='word_1_767' title='bbox 943 2697 1016 2724; x_wconf 84' lang='lat' dir='ltr'><strong>velut</strong></span> <span class='ocrx_word' id='word_1_768' title='bbox 1030 2697 1162 2733; x_wconf 78' lang='lat' dir='ltr'><strong>colophon</strong></span> <span class='ocrx_word' id='word_1_769' title='bbox 1185 2705 1227 2728; x_wconf 84' lang='lat' dir='ltr'><strong>est</strong></span> <span class='ocrx_word' id='word_1_770' title='bbox 1243 2702 1392 2729; x_wconf 86' lang='lat' dir='ltr'><strong>moderatio</strong></span> <span class='ocrx_word' id='word_1_771' title='bbox 1407 2706 1433 2729; x_wconf 90' lang='lat' dir='ltr'><strong>et</strong></span> <span class='ocrx_word' id='word_1_772' title='bbox 1449 2702 1558 2736; x_wconf 82' lang='lat' dir='ltr'><strong>lenitas,</strong></span> <span class='ocrx_word' id='word_1_773' title='bbox 1570 2708 1598 2731; x_wconf 85' lang='lat' dir='ltr'><strong>et</strong></span> <span class='ocrx_word' id='word_1_774' title='bbox 1609 2705 1680 2739; x_wconf 91' lang='lat' dir='ltr'><strong>quod</strong></span> 
     </span>
    </p>
   </div>
   <div class='ocr_carea' id='block_1_109' title="bbox 904 2743 1682 2783">
    <p class='ocr_par' dir='ltr' id='par_1_109' title="bbox 904 2743 1682 2783">
     <span class='ocr_line' id='line_1_109' title="bbox 904 2743 1682 2783; baseline 0.012 -15"><span class='ocrx_word' id='word_1_775' title='bbox 904 2751 913 2768; x_wconf 81' lang='grc' dir='ltr'><strong>ι</strong></span> <span class='ocrx_word' id='word_1_776' title='bbox 932 2743 1079 2771; x_wconf 88' lang='lat' dir='ltr'><strong>secundum</strong></span> <span class='ocrx_word' id='word_1_777' title='bbox 1095 2752 1144 2772; x_wconf 86' lang='lat' dir='ltr'><strong>cor</strong></span> <span class='ocrx_word' id='word_1_778' title='bbox 1155 2745 1201 2773; x_wconf 88' lang='lat' dir='ltr'><strong>Dei</strong></span> <span class='ocrx_word' id='word_1_779' title='bbox 1214 2746 1246 2779; x_wconf 86' lang='lat'><strong>“,</strong></span> <span class='ocrx_word' id='word_1_780' title='bbox 1269 2755 1278 2772; x_wconf 76' lang='grc' dir='ltr'><strong>ι</strong></span> <span class='ocrx_word' id='word_1_781' title='bbox 1296 2746 1366 2774; x_wconf 86' lang='lat' dir='ltr'><strong>dicta</strong></span> <span class='ocrx_word' id='word_1_782' title='bbox 1388 2754 1437 2775; x_wconf 87' lang='lat' dir='ltr'><strong>sua</strong></span> <span class='ocrx_word' id='word_1_783' title='bbox 1452 2747 1577 2783; x_wconf 76' lang='lat' dir='ltr'><strong>factaque</strong></span> <span class='ocrx_word' id='word_1_784' title='bbox 1589 2750 1682 2777; x_wconf 81' lang='lat' dir='ltr'><strong>omnia</strong></span> 
     </span>
    </p>
   </div>
   <div class='ocr_carea' id='block_1_110' title="bbox 900 2791 1682 2826">
    <p class='ocr_par' dir='ltr' id='par_1_110' title="bbox 900 2791 1682 2826">
     <span class='ocr_line' id='line_1_110' title="bbox 900 2791 1682 2826; baseline 0.013 -13"><span class='ocrx_word' id='word_1_785' title='bbox 900 2794 1101 2823; x_wconf 86' lang='lat' dir='ltr'><strong>componerent,</strong></span> <span class='ocrx_word' id='word_1_786' title='bbox 1123 2795 1149 2818; x_wconf 90' lang='lat' dir='ltr'><strong>et</strong></span> <span class='ocrx_word' id='word_1_787' title='bbox 1164 2791 1249 2826; x_wconf 88' lang='lat' dir='ltr'><strong>ipsam</strong></span> <span class='ocrx_word' id='word_1_788' title='bbox 1270 2792 1351 2820; x_wconf 86' lang='lat' dir='ltr'><strong>etiam</strong></span> <span class='ocrx_word' id='word_1_789' title='bbox 1367 2793 1483 2820; x_wconf 85' lang='lat' dir='ltr'><strong>animant</strong></span> <span class='ocrx_word' id='word_1_790' title='bbox 1502 2794 1602 2822; x_wconf 86' lang='lat' dir='ltr'><strong>civium</strong></span> <span class='ocrx_word' id='word_1_791' title='bbox 1617 2803 1682 2824; x_wconf 89' lang='lat' dir='ltr'><strong>suo-</strong></span> 
     </span>
    </p>
   </div>
   <div class='ocr_carea' id='block_1_111' title="bbox 902 2836 1680 2879">
    <p class='ocr_par' dir='ltr' id='par_1_111' title="bbox 902 2836 1680 2879">
     <span class='ocr_line' id='line_1_111' title="bbox 902 2836 1680 2879; baseline 0.012 -19"><span class='ocrx_word' id='word_1_792' title='bbox 902 2841 959 2861; x_wconf 83' lang='lat' dir='ltr'><strong>rum</strong></span> <span class='ocrx_word' id='word_1_793' title='bbox 993 2841 1075 2863; x_wconf 80' lang='lat' dir='ltr'><strong>causa</strong></span> <span class='ocrx_word' id='word_1_794' title='bbox 1092 2836 1256 2879; x_wconf 83' lang='lat' dir='ltr'><strong>profundere</strong></span> <span class='ocrx_word' id='word_1_795' title='bbox 1277 2839 1363 2875; x_wconf 87' lang='lat' dir='ltr'><strong>parati</strong></span> <span class='ocrx_word' id='word_1_796' title='bbox 1378 2843 1480 2875; x_wconf 82' lang='lat' dir='ltr'><strong>essent,</strong></span> <span class='ocrx_word' id='word_1_797' title='bbox 1493 2839 1548 2876; x_wconf 76' lang='lat' dir='ltr'><strong>iam</strong></span> <span class='ocrx_word' id='word_1_798' title='bbox 1565 2846 1596 2869; x_wconf 77' lang='lat' dir='ltr'><strong>ut</strong></span> <span class='ocrx_word' id='word_1_799' title='bbox 1610 2841 1680 2869; x_wconf 84' lang='lat' dir='ltr'><strong>hanc</strong></span> 
     </span>
    </p>
   </div>
  </div>
