1878 3060
175 187 230 219 379

173 251 232 272 non
247 245 338 272 minus
355 252 435 280 quam
455 245 493 272 illi
514 249 610 272 noster
633 244 763 272 virtutem
780 243 909 278 habebat,
927 243 963 270 ita
980 245 1003 275 Α

176 291 303 317 maximis
318 291 423 319 duabus
442 291 528 318 victor
541 295 583 318 est
597 290 772 325 :virginitatc
795 289 913 322 scilicet,
939 293 966 316 et

176 337 248 372 quod
273 337 404 364 adversus
426 337 602 364 ambitionem
625 336 743 364 invictus
773 335 860 369 stetit,
881 334 965 362 animi

177 388 267 411 autem
296 383 437 412 affectibus
482 384 628 419 brutisque
652 379 791 416 motibus,
818 383 965 418 plusquam

177 430 246 457 alius
264 430 602 466 quispiamgimpcritavit,
621 436 724 463 suaque
740 429 859 464 quadam
879 430 966 462 impe-

180 477 283 503 ratoria
311 477 463 503 calliditate
481 475 651 511 spiritualem
683 475 758 502 illum
785 474 967 508 Pharaonem,

178 529 328 557 omnesque
343 522 414 550 illius
431 522 526 558 copias
551 521 707 555 debellavit,
723 528 801 555 quem
818 528 868 556 ego
883 528 966 548 unum

177 567 350 595 verissimum
371 567 542 595 fortitudinis
561 567 744 603 principatum
758 567 856 594 merito
873 567 964 602 appel-

177 615 304 641 laverim.

214 659 309 688 CXXI.
329 660 389 693 Quo
413 664 501 687 autem
528 659 588 688 loco
603 659 730 695 Gregorii
749 660 837 687 nostri
863 659 969 687 theolo-

179 704 251 738 giam
273 704 442 732 collocabis?
467 711 524 732 rem
548 712 615 732 sane
633 709 747 736 tantam.
761 709 789 732 et
803 709 879 731 tanto
897 711 972 732 eom-

180 750 335 777 mendatam
350 758 433 786 opere
453 756 482 779 ut
507 751 540 778 ad
557 752 627 779 hanc
648 751 715 778 nihil
740 751 972 779 decantatissimae

181 795 266 824 Mosis
292 797 389 825 tabulae
414 797 480 825 sint.
503 797 568 831 Quae
582 798 734 832 quamlibet
764 798 883 825 maximo
899 805 931 824 cx
943 805 973 825 se

181 844 208 870 itt
224 843 314 878 pretio
343 843 477 876 habenda,
503 845 604 879 quippe
629 843 760 872 divinitus
791 848 820 871 et
844 843 971 871 incﬂ‘abili

181 890 300 924 quodam
316 895 434 917 exarata:
454 890 543 921 modo.
571 889 758 924 corporalium
782 893 873 917 tamen
905 897 974 924 pra?-

183 941 324 970 ceptorutn
341 936 495 964 sanctiones
507 941 604 969 erant;
619 940 645 963 at.
662 935 746 963 nostri
760 935 906 971 theologia,
917 943 970 962 non

183 981 314 1009 divinitus
333 981 412 1009 modo
430 982 548 1016 aspirala
566 987 637 1014 erat,
653 982 701 1009 sed
719 986 745 1008 et
764 980 846 1009 Deum
872 982 972 1017 ipsum,

184 1031 215 1054 ut
227 1027 310 1054 verbo
321 1027 422 1060 dicam,
436 1027 564 1054 omnibus
580 1027 755 1055 commendat
775 1031 802 1055 et
819 1027 974 1059 conlirmat,

139 1096 148 1100 -
184 1077 210 1099 et
233 1080 292 1107 quze
309 1073 340 1100 de
360 1073 414 1100 Deo
433 1073 536 1100 sentire
556 1073 713 1104 conveniat,
734 1073 886 1100 communis
903 1080 977 1107 quzc-

186 1121 247 1146 t'am
274 1119 409 1153 lcgislatio
443 1123 470 1146 et
504 1119 566 1147 linis
589 1124 642 1153 est,
669 1119 773 1146 scilicet
800 1119 976 1146 exactissima

186 1163 261 1190 (ιιιιηὶ
278 1162 418 1189 elaborata
432 1169 509 1194 cura,
525 1169 620 1197 quaeve
637 1161 739 1189 nullam
763 1162 905 1196 cuiquam,
923 1161 977 1189 ulla

186 1216 218 1236 ex
243 1213 332 1243 parte,
361 1208 585 1243 reprehensionis
613 1215 706 1235 ansam
737 1208 866 1242 prwlieat,
883 1214 978 1234 verum

190 1259 246 1280 ruta
275 1254 396 1288 undique
421 1257 448 1280 ct
465 1253 681 1288 impenetrabilis
698 1253 744 1284 sit,
759 1253 873 1287 perinde
894 1259 926 1279 ac
941 1251 981 1279 di-

187 1301 279 1328 vinum
301 1300 437 1335 quoddam
460 1299 613 1335 oraculum,
633 1304 679 1326 aut
692 1299 780 1326 delata
793 1299 862 1326 cmlo
873 1304 982 1327 senten-
1022 1304 1024 1306 '

189 1347 236 1378 tia,
252 1352 277 1374 et
295 1347 349 1374 vim
365 1346 430 1373 inde
443 1342 691 1381 auctoritatemque
708 1353 784 1372 suam
801 1346 913 1380 adepta.

223 1392 328 1420 CXXII.
355 1392 503 1425 Gregorius
528 1399 620 1427 porro,
647 1390 719 1426 quod
741 1398 827 1426 usque
851 1392 919 1418 adeo
935 1391 985 1418 hu-

189 1449 285 1467 manus
306 1445 333 1467 et
349 1439 510 1472 benevolus,
524 1443 551 1466 et
564 1439 720 1466 misericors
729 1446 793 1472 erga
807 1445 902 1465 omnes
913 1441 983 1469 erat,

188 1491 216 1513 ut
231 1494 263 1514 ea
293 1495 321 1513 re
338 1496 348 1512 ι
362 1486 467 1514 viscera
488 1485 629 1513 cbaritatis
642 1506 650 1518 ,
669 1494 677 1510 ι
705 1484 870 1512 vocitaretur
892 1491 898 1510 :
914 1483 985 1519 quod

187 1535 251 1561 item
263 1533 288 1560 in
315 1533 420 1561 deliciis
436 1533 518 1559 vitam
532 1539 613 1567 agere
623 1539 684 1559 cum
705 1535 805 1565 posset,
821 1531 986 1563 nollet,con-

188 1586 230 1606 tra
252 1579 383 1614 verojugi
408 1583 549 1613 metasque
567 1585 661 1605 omnes
684 1585 801 1611 egressa:
815 1577 914 1604 inedia:
927 1584 987 1604 sesn
1001 1587 1023 1619 ο

191 1627 311 1656 dederet.
329 1625 371 1653 bis
392 1626 436 1652 ille
454 1626 534 1652 rebus
561 1629 707 1658 utrumque
727 1631 937 1658 praecursorem,
957 1628 985 1650 et

191 1672 321 1699 Joannem
334 1671 472 1699 Zacharias
489 1671 572 1698 tilium
582 1676 609 1698 et
627 1670 712 1697 Eliam
732 1670 891 1703 Thesbiten,
909 1674 985 1697 ante-

191 1718 259 1745 ibat.
286 1717 384 1749 Eliam,
410 1717 495 1744 nimio
519 1716 637 1752 quodam
648 1716 706 1743 zelo
725 1724 757 1744 eo
781 1717 933 1751 abreptum,
953 1720 983 1742 ιιι

192 1763 426 1790 rommiserationi
452 1763 561 1790 clausus
583 1762 840 1796 esset;Baptistam,
871 1761 984 1795 penuria

192 1809 263 1836 alius
278 1809 368 1836 idonei
380 1809 499 1836 alimenti
512 1809 544 1835 ad
555 1808 674 1836 locustas
686 1813 712 1835 et
734 1807 785 1834 mel
800 1807 927 1835 silvestre
940 1807 989 1833 ad-

194 1857 377 1890 actum.Qnod
385 1861 472 1884 autem
483 1865 492 1882 ι
505 1855 633 1891 majorem
647 1855 704 1890 ipso
716 1859 840 1882 exortum
853 1854 935 1881 fuisse
943 1854 965 1870 °‘
978 1863 986 1879 ι

197 1909 288 1938 negat,
313 1903 339 1931 id
350 1903 416 1931 nihil
430 1903 462 1930 ad
476 1903 546 1930 hanc
569 1909 627 1930 rem
657 1902 721 1929 facit
733 1910 740 1928 :
754 1909 807 1928 non
828 1901 901 1928 enim
919 1899 991 1926 l'utu-

197 1958 257 1977 rum
288 1950 418 1977 exclusit.
445 1948 551 1976 Rursus
573 1948 646 1983 qqu
663 1947 700 1974 illi
713 1947 792 1974 ambo
807 1953 856 1981 pro
881 1945 914 1972 iis
930 1952 991 1980 qum

197 1997 319 2031 legitima
348 1997 455 2031 etjusta
486 2001 596 2026 essent.
624 1995 733 2022 heroiea
761 1993 878 2028 quadam
908 1991 990 2019 liber-

198 2047 254 2070 tate
265 2042 321 2068 oris
341 2042 374 2068 ad
389 2041 524 2076 principes
534 2048 599 2068 suos
623 2039 664 2066 usi
684 2039 779 2072 fuere;
793 2043 886 2065 noster
900 2041 989 2063 autem

199 2095 250 2122 pro
271 2087 413 2114 divinitate
440 2087 510 2121 ipsa,
539 2087 670 2114 adversus
686 2090 828 2121 protervos
839 2082 992 2111 divinitatis

199 2133 420 2166 calumniatores,
452 2133 544 2160 eadem
555 2140 620 2160 usus
632 2136 695 2165 est;
712 2136 769 2158 tum
781 2131 853 2165 quod
866 2129 903 2157 illi
925 2128 992 2156 nihil

199 2180 346 2214 quidquam
361 2186 454 2207 eorum
469 2186 527 2212 quae
542 2178 746 2205 destinaverant
764 2175 914 2211 perfecere,
943 2181 993 2200 no-

796 185 996 217 THEODULI
1014 185 1190 216 MONACHI

1019 243 1112 278 μένος,
1133 244 1206 270 δυοῖν
1225 245 1283 271 τοῖν
1310 244 1451 279 μεγίστοιν
1477 244 1508 271 τὸ
1537 244 1638 278 κράτος
1661 243 1813 278 λαμϐάνει,

1018 289 1170 324 παρθενεία
1192 299 1222 317 τε
1237 291 1285 317 καὶ
1301 291 1341 326 τῷ
1365 291 1403 327 μὴ
1416 291 1496 326 δόξης
1513 291 1657 328 ἡττᾶσθαι,
1679 291 1748 317 ἀλλὰ
1765 291 1816 325 βα-

1021 335 1139 361 σιλεύειν
1158 335 1208 370 μὲν
1221 336 1275 363 τῶν
1289 336 1385 363 παθῶν
1400 337 1448 364 καὶ
1461 336 1516 363 τῶν
1531 336 1638 370 ἀλόγων
1656 335 1707 370 τῆς
1717 334 1816 369 ψυχῆς

1019 382 1182 416 κινημάτων
1200 381 1302 414 παντὸς
1322 383 1434 416 μᾶλλον,
1451 383 1692 417 καταστρατηγεῖν
1714 381 1743 407 δὲ
1763 379 1816 406 τοῦ

1020 429 1118 465 νοητοῦ
1146 429 1263 465 Φαραὼ,
1282 430 1328 456 καὶ
1352 431 1403 464 τῆς
1428 428 1509 456 αὐτοῦ
1526 429 1666 463 στρατιᾶς,
1680 429 1713 464 ην
1725 428 1819 463 μόνην

1019 475 1103 510 ἔγωγ’
1116 476 1150 503 ἂν
1167 475 1252 511 φαίην
1263 475 1301 507 ὡς
1315 475 1425 510 ἀληθῶς
1439 473 1595 509 ἀριστείαν.

1057 656 1148 684 PKA'.
1176 655 1230 682 Ποῦ
1259 655 1288 682 δὲ
1315 655 1409 690 θήσεις
1433 655 1483 689 τὴν
1501 653 1598 681 τούτου
1614 652 1756 687 θεολογίαν
1771 660 1825 679 το-

1024 703 1118 730 σοῦτον
1141 701 1225 730 οὖσαν
1248 702 1296 729 καὶ
1311 701 1383 728 οὕτω
1401 700 1627 736 θαυμαζομένην,
1643 699 1681 731 ὠς
1698 702 1746 726 καὶ
1765 699 1823 730 τὰς

1023 749 1197 784 ὑμνουμένας
1216 748 1320 775 ἐκείνου
1348 747 1454 779 πλάκας
1485 747 1516 773 τδ
1541 747 1625 782 μηδὲν
1647 744 1718 772 εἷναι
1746 746 1823 779 πρὸς

1024 795 1145 829 ταύτηνς
1161 795 1240 830 εἴπερ
1258 794 1287 821 αἱ
1313 794 1375 829 μὲν,
1402 794 1426 820 εί
1444 793 1491 820 καὶ
1506 792 1606 820 πολλοῦ
1627 801 1701 823 τινος
1727 791 1824 824 ἄξιαι,

1024 841 1064 876 τῷ
1075 840 1156 872 θείως
1167 841 1215 867 καὶ
1227 840 1356 876 ἀρρήτως
1375 838 1592 874 ὲγκεχαράχθαι,
1615 837 1672 864 ἀλλ’
1691 836 1746 871 ἄρα
1763 845 1826 862 σω-

1028 888 1151 922 ματικῶν
1176 885 1246 922 ἦσαν
1269 885 1465 920 ἐπιταγμάτων
1481 884 1597 919 θεσμοί·
1614 883 1717 919 ῆδ“-οὐχ
1741 883 1826 913 ὅπως

1026 934 1121 962 θεόθεν
1140 934 1191 969 τὴν
1214 933 1360 960 ἐπίπνοιαν
1379 932 1475 966 ἔσχεν,
1496 930 1564 957 ἀλλὰ
1583 930 1631 956 καὶ
1647 928 1716 955 Θεὸν
1735 927 1827 954 αὑτὸν

1025 981 1063 1012 ὡς
1081 981 1168 1007 εἰπεῖν
1192 980 1349 1014 συνίστησιν
1373 978 1459 1005 ἅπασι
1478 979 1526 1004 καὶ
1552 976 1694 1012 κρατύνει,
1707 975 1757 1002 καὶ
1771 974 1827 1001 τοῦ

1027 1028 1138 1062 φρονεῖν
1153 1027 1170 1054 ἃ
1193 1026 1293 1053 τούτου
1306 1025 1371 1060 πέρι
1390 1024 1514 1060 προσῆκε
1526 1043 1534 1056 ,
1550 1023 1628 1057 κοινή
1644 1022 1688 1054 τίς
1702 1022 1764 1048 ἐστι
1778 1030 1828 1048 νο-

1031 1073 1145 1108 μοθεσία
1161 1073 1210 1099 καὶ
1226 1072 1289 1107 ὅρος
1311 1071 1349 1105 τῷ
1366 1070 1411 1097 διὰ
1430 1070 1522 1103 πάσης
1537 1068 1683 1103 ἀκριϐείας
1694 1066 1829 1102 ἀφῖχθαι,

1028 1119 1076 1147 καὶ
1096 1118 1191 1153 μηδενὶ
1217 1117 1278 1153 μηδ’
1299 1116 1426 1151 ἡντινοῦν
1453 1115 1485 1142 τδ
1500 1114 1632 1149 παράπαν
1653 1113 1701 1140 ἐπὶ
1721 1112 1829 1149 μηδενὶ

1029 1166 1128 1192 διδόναι
1137 1164 1237 1199 λαϐὴν,
1250 1162 1310 1190 ἀλλ’
1322 1161 1534 1196 ἀνεπιχείρητον
1549 1159 1727 1186 παντάπασιν
1739 1157 1830 1191 εἶναι,

1032 1211 1160 1245 καθάπερ
1188 1210 1250 1236 τινὰ
1267 1209 1342 1235 θεῖον
1366 1207 1493 1243 χρησμὸν
1520 1205 1537 1240 ἢ
1557 1205 1651 1241 ψῆφον
1674 1204 1833 1239 οὐρανόθεν

1032 1255 1256 1291 κατενεχθεῖσαν,
1273 1254 1322 1281 καὶ
1337 1253 1424 1290 ταύτῃ
1441 1253 1474 1280 τὸ
1488 1253 1589 1287 κράτος
1603 1251 1734 1287 ἔχουσαν.

1070 1380 1158 1408 PKB'.
1178 1381 1226 1412 Ὃς
1240 1377 1280 1411 οἷς
1299 1379 1351 1412 μὲν
1369 1378 1443 1404 οὕτω
1460 1375 1664 1412 φιλανθρώπως
1679 1373 1738 1410 εἶχε
1761 1374 1837 1410 πρὸς

1037 1427 1142 1458 πάντας
1165 1426 1212 1453 καὶ
1241 1424 1403 1460 συμπαθῶς,
1424 1433 1433 1450 ι
1451 1423 1488 1455 ὡς
1505 1422 1650 1456 σπλάγχνα
1674 1422 1837 1456 χρηστότηι

1037 1483 1082 1506 τος
1105 1483 1114 1500 ι
1128 1472 1313 1508 ὀνομάζεσθαι
1324 1479 1332 1487 ο
1346 1468 1386 1502 οῖς
1400 1470 1428 1497 δὲ
1444 1469 1551 1506 τρυφᾷν
1564 1468 1677 1494 ἐδύνατο
1698 1467 1761 1501 μὲν,
1779 1467 1837 1493 οὐκ

1039 1519 1166 1547 ἐϐούλετο
1185 1518 1224 1551 δὲ,
1241 1517 1310 1544 ἀλλὰ
1331 1517 1452 1552 διηνεκεῖ
1468 1515 1515 1542 καὶ
1536 1513 1748 1549 ὑπερϐαλλούσῃ
1766 1512 1836 1544 τοὺς

1040 1567 1119 1602 ὅρους
1144 1565 1260 1600 νηστείᾳ
1285 1564 1444 1599 προσεῖχεν,
1472 1561 1599 1596 ἑκατέρω
1622 1559 1661 1586 τὼ
1678 1559 1836 1595 προδρόμω

1040 1612 1158 1648 παρῄει·
1174 1612 1220 1638 τόν
1235 1619 1264 1637 τε
1280 1609 1328 1637 τοῦ
1358 1608 1507 1644 Ζαχαρίου,
1541 1607 1589 1634 καὶ
1614 1603 1660 1633 τ’θν
1676 1605 1815 1639 Θεσϐίτην
1827 1613 1836 1620 ·

1039 1660 1086 1686 τὸν
1104 1659 1165 1694 μὲν,
1186 1657 1307 1693 ἀμετρίᾳ
1318 1655 1366 1682 τοῦ
1388 1655 1483 1690 ζήλου,
1503 1654 1572 1689 πρὸς
1588 1653 1619 1680 τὸ
1634 1653 1672 1688 μὴ
1688 1652 1838 1687 συμπαθὲς

1039 1706 1207 1742 ἐξαχθέντα·
1226 1704 1272 1730 τὸν
1292 1704 1330 1734 δὲ,
1349 1703 1383 1729 δι’
1400 1701 1521 1736 ἀπορίαν
1545 1700 1699 1736 βρωμάτων
1717 1698 1837 1733 ἑτέρων,

1040 1754 1107 1787 πρὸς
1123 1752 1238 1788 ἀκρίδας
1255 1749 1486 1784 καταπεφευγότα
1494 1749 1541 1775 καὶ
1555 1748 1627 1783 μέλι.
1641 1747 1672 1773 El
1688 1745 1728 1779 δὲ,
1746 1755 1756 1772 t
1775 1746 1839 1772 Οὐκ

1040 1801 1201 1834 ἐγήγερται,
1214 1797 1291 1832 φησὶ,
1310 1796 1423 1832 μείζων,
1437 1805 1446 1820 ι
1460 1794 1536 1822 οὐδὲν
1545 1793 1613 1828 πρὸς
1622 1793 1712 1827 λόγον.
1725 1792 1764 1818 Οὐ
1775 1792 1836 1827 γὰρ

1040 1845 1168 1880 ἀπεῖρξαι
1182 1842 1317 1880 Ῐαπεῖρξε]
1330 1842 1359 1869 τὸ
1372 1841 1471 1877 μέλλον
1481 1849 1489 1858 ο
1505 1841 1552 1867 καὶ
1569 1839 1634 1875 μὴν,
1647 1839 1677 1865 τὸ
1690 1839 1754 1869 τοὺς
1769 1838 1834 1872 μὲν,

1041 1893 1112 1927 ὑπὲρ
1134 1892 1180 1918 τοῦ
1197 1890 1315 1925 νομίμου
1330 1897 1359 1915 τε
1388 1889 1434 1915 καὶ
1456 1887 1575 1918 δικαίου,
1603 1886 1752 1920 θαυμαστῇ
1778 1893 1837 1911 τινι

1041 1939 1186 1974 παρρησίᾳ
1206 1936 1401 1972 χρησαμένους
1416 1935 1485 1971 πρὸς
1502 1934 1568 1965 τοὺς
1592 1933 1777 1968 κρατοῦντας,
1790 1932 1840 1959 τὸν

1041 1986 1063 2013 δ’
1082 1986 1153 2020 ὑπὲρ
1167 1985 1216 2020 τῆς
1240 1983 1368 2018 θεότητος
1381 1982 1478 2016 αὐτῆς,
1507 1981 1575 2016 πρὸς
1591 1980 1655 2011 τοὺς
1677 1981 1727 2014 τῆς
1742 1980 1841 2015 θεότη-

1042 2041 1087 2064 τος
1105 2031 1251 2067 ὐὸριατὰς,
1266 2031 1330 2061 τοὺς
1345 2029 1406 2064 μὲν,
1419 2025 1456 2055 ὧν
1468 2028 1612 2054 ἐϐούλοντο
1630 2025 1779 2061 μηδοτιοΰν
1794 2034 1841 2052 το-

1043 2079 1176 2114 παράπαν
1192 2076 1350 2112 εἰργάσθαι,
1369 2075 1415 2102 τδν
1435 2075 1474 2107 δὲ,
1496 2073 1602 2109 μεγάλα
1620 2073 1668 2100 καὶ
1686 2072 1842 2107 θαυμαστὰ

1043 2126 1196 2161 στήσασθαι
1216 2124 1346 2159 τρόπαια,
1363 2122 1388 2148 τί
1404 2130 1445 2153 τις
1461 2122 1493 2148 ἂν
1517 2121 1590 2147 εἴποι
1602 2128 1610 2153 ;
1622 2117 1661 2147 ἾΙ
1675 2119 1770 2154 δῆλον,
1783 2120 1841 2155 ὅπῃ

1045 2172 1075 2198 τδ
1093 2171 1205 2204 κράτος,
1223 2169 1274 2196 κᾶν
1292 2170 1373 2204 ἡμεῖς
1394 2167 1431 2203 μὴ
1445 2167 1583 2202 λέγωμεν.

200 2212 257 2254 sier
275 2212 370 2254 contra
393 2226 510 2254 maxima
528 2229 555 2252 et
570 2223 766 2260 gloriasissima
777 2219 1050 2258 statuebattrophaea,
1078 2218 1142 2253 quid
1182 2215 1283 2243 dixerit
1324 2214 1479 2250 quispiam?
1507 2221 1540 2240 an
1569 2221 1632 2240 vero
1663 2217 1737 2248 patet
1774 2212 1842 2240 satis

201 2282 254 2311 qua
277 2279 352 2308 parte
369 2272 480 2300 victoria
499 2272 601 2302 sedeat,
623 2269 730 2296 tametsi
756 2276 806 2296 nos
824 2267 889 2294 nulli
904 2266 1049 2295 dicamus?

238 2303 357 2349 cx'xut.
383 2319 523 2346 Postremo
538 2317 571 2344 de
581 2318 663 2344 Petro
680 2321 706 2342 et
724 2315 807 2342 Paulo
822 2334 829 2346 ,
846 2318 874 2341 et
890 2313 935 2340 illo
951 2317 956 2340 I

1087 2310 1174 2338 PKI".
1190 2309 1296 2344 Πέτρου
1319 2307 1347 2335 δὲ
1363 2307 1429 2342 πέρι
1448 2307 1494 2333 καὶ
1517 2305 1624 2331 Παύλου
1645 2306 1693 2330 καὶ
1714 2304 1765 2331 τοῦ
1783 2303 1843 2331 ιιἱοῦ

202 2369 287 2396 nitrni
321 2367 401 2399 lilio,
419 2365 446 2392 id
472 2369 577 2392 tantum
609 2362 724 2390 dixerim
750 2361 823 2396 quod
837 2360 995 2387 laudaturus

203 2415 265 2442 illos
281 2413 414 2448 quispiam
432 2412 524 2443 dicat;
541 2410 608 2437 adeo
619 2415 713 2442 magna
724 2407 762 2434 illi
778 2405 899 2441 profecto
913 2407 999 2432 virtu-

204 2462 239 2488 tis
255 2459 453 2495 probitatisque
469 2449 608 2484 coniecere
641 2454 740 2489 spatia,
769 2459 796 2480 et
810 2460 856 2488 per
889 2452 999 2487 pulchra

203 2507 295 2534 omnia
329 2505 447 2540 pervecti
476 2503 562 2530 luere.
591 2501 752 2536 Gregorium
784 2505 886 2532 tamen,
904 2499 1000 2533 ingens

206 2553 272 2581 illud
298 2557 401 2580 natura!
428 2552 553 2578 humana:
578 2549 675 2580 instar,
692 2552 720 2576 et
735 2552 898 2582 postremam
913 2546 999 2572 virtu-

205 2604 264 2626 tum
291 2599 421 2631 feturam,
449 2604 500 2624 nou
531 2596 609 2623 modo
639 2595 665 2622 in
690 2595 766 2629 ipsis,
789 2600 884 2621 verum
914 2592 996 2618 etiant

206 2653 287 2680 supra
321 2645 405 2680 ipsos,
433 2642 607 2671 meritissime
631 2639 818 2669 collocandum
859 2644 995 2668 censeam,

206 2693 306 2728 quippe
331 2691 376 2726 qui
403 2690 476 2718 Petri
493 2690 594 2722 Ielum,
613 2693 639 2715 et
654 2685 906 2715 constantissimum
920 2683 997 2711 Pauli

206 2740 292 2766 robur
306 2738 373 2773 (l8),
389 2741 416 2765 et
433 2736 574 2764 sublimem
588 2733 701 2763 Joannis
722 2731 897 2766 theologiam,
923 2737 998 2764 quae-

208 2793 261 2820 que
276 2785 329 2813 illis
353 2785 413 2813 alia:
436 2784 591 2819 complures
624 2781 738 2808 aderant
757 2779 846 2811 dotes,
871 2777 908 2804 ita
924 2776 1002 2811 plene

209 2836 237 2859 et
277 2831 395 2866 perfecte
432 2830 567 2866 expressit
595 2849 602 2862 ,
623 2832 651 2854 ut
674 2826 717 2853 his
756 2825 782 2851 in
812 2824 892 2851 rebus
919 2822 1002 2848 nihilo

248 2888 272 2905 σι
291 2889 387 2917 Matth.
404 2896 442 2923 xl,
459 2888 502 2916 ll.

251 2946 307 2981 (ιε)
323 2946 402 2980 Gri-g.
426 2944 491 2972 Νη..
510 2945 534 2970 in
551 2942 693 2974 Basiliam,
710 2948 770 2976 pag.
795 2938 846 2966 ‘18?
860 2936 919 2964 Ald.
934 2935 998 2964 edit.

1049 2360 1097 2394 τῆς
1110 2357 1235 2393 βροντῆς,
1252 2354 1380 2381 τοσοῦτον
1395 2353 1428 2380 ἂν
1441 2353 1557 2387 εἴποιμι,
1575 2353 1624 2378 ὃτι
1636 2352 1752 2383 τούτους
1764 2353 1843 2378 ἐπαι-

1048 2405 1107 2431 νεῖν
1125 2411 1167 2434 τις
1186 2401 1297 2431 ἐθέλων,
1313 2398 1488 2426 ἐπιτοσοῦτον
1504 2398 1600 2432 ἥκουσι
1619 2397 1842 2431 καλοκάγαθίας,

1049 2451 1095 2477 καὶ
1111 2450 1159 2476 τοῦ
1175 2449 1220 2475 διὰ
1240 2448 1349 2474 πάντων
1364 2446 1472 2472 ἐλάσαι.
1491 2445 1571 2471 ’Λλλὰ
1593 2446 1640 2470 καὶ
1654 2444 1811 2479 Γρηγόριος
1826 2446 1840 2477 ἠ

1051 2495 1156 2530 μεγάλη
1182 2495 1232 2529 τῆς
1247 2492 1355 2527 φύσεως
1381 2490 1513 2522 ἔνδειξις,
1531 2490 1580 2516 καὶ
1605 2490 1620 2524 ἡ
1645 2489 1700 2514 τῶν
1728 2489 1842 2522 ἀγαθῶν

1049 2541 1195 2569 τελευταία
1216 2541 1300 2575 φορὰ.
1320 2540 1369 2574 οὐχ
1384 2539 1459 2570 ὅπως
1482 2537 1550 2571 μετὰ
1568 2536 1682 2569 τούτων,
1706 2535 1777 2562 ἀλλὰ
1794 2535 1841 2562 καὶ

1051 2590 1121 2625 ὑπὲρ
1136 2589 1247 2620 τούτους
1259 2588 1363 2620 δίκαιος
1380 2586 1412 2613 ἂν
1433 2587 1475 2621 εἴη
1491 2585 1631 2620 τετάχθαι.
1661 2584 1769 2618 Πέτρου
1786 2584 1840 2618 γὰρ

1051 2637 1097 2663 τὸν
1113 2635 1204 2670 ζῆλον,
1223 2635 1269 2662 καὶ
1288 2634 1395 2660 Παύλου
1410 2633 1456 2659 τὸν
1472 2632 1560 2662 τόνον,
1583 2631 1629 2657 καὶ
1642 2629 1691 2665 τὴν
1713 2630 1839 2655 Ἰωάννου

1052 2682 1204 2716 θεολογίαν,
1220 2681 1267 2708 καὶ
1285 2679 1302 2707 ἃ.
1315 2679 1390 2706 πόλλ’
1401 2679 1483 2713 ἕτερα
1494 2676 1602 2708 τούτοις
1617 2675 1734 2710 προσῆν,
1753 2675 1840 2704 οὕτως

1052 2729 1091 2759 εἰς
1112 2729 1196 2762 ἄκρον
1223 2726 1427 2762 κατωρθωκὼς,
1449 2725 1487 2757 ὡς
1502 2724 1586 2759 μηδὲν
1609 2723 1698 2748 ἐνδεῖν
1725 2721 1840 2747 τουτωνὶ

1051 2774 1115 2809 περὶ
1140 2773 1245 2800 ταῦτα·
1271 2773 1308 2799 ὁδ’
1327 2772 1404 2799 ἔστιν
1432 2769 1473 2802 οἷς
1490 2770 1588 2802 αὐτοὺς
1613 2769 1660 2799 καὶ
1683 2767 1839 2802 παρήλασε,

1052 2821 1153 2856 Πέτρον
1171 2820 1231 2856 μὲν,
1247 2817 1287 2852 οἷς
1302 2819 1351 2854 οὐχ
1368 2818 1490 2854 ὡμίλησε
1506 2817 1600 2852 γάμῳ,
1617 2814 1686 2842 ἀλλὰ
1707 2812 1841 2848 παρθενίᾳ
