1878 3060
85 176 137 210 3ί5

553 177 749 209 LAUDATIO
769 177 799 208 S.
813 176 1005 208 GREGORII
1025 176 1240 208 THEOLOGI.

1663 178 1721 210 346'

85 232 236 268 δυσχερῶν,
254 232 303 259 καὶ
317 233 373 260 πᾶν
386 232 511 265 ἀντίξουν
528 233 561 260 ὲκ
577 233 662 269 μέσου
679 233 775 267 τιθεὶς,
791 232 839 260 νῦν
852 232 875 259 δ’

967 240 991 260 m
1009 232 1060 260 sibi
1083 233 1153 268 apud
1186 232 1262 260 illum
1289 235 1505 266 comparaverat,
1533 240 1620 268 neque
1644 242 1718 263 nunc

85 279 174 314 ἀγαθὰ
188 279 257 314 πρὸς
268 279 387 313 ἀγαθοῖς
403 280 584 314 ἐπιπέμπων,
598 281 646 308 καὶ
661 282 717 312 τοῖς
732 279 879 315 ὑπηργμέ-

86 335 144 357 ναις
172 325 350 362 εὐεργεσίαις
376 326 474 361 ἑτέρας
499 327 530 361 δή
555 335 633 359 τινας
652 326 764 361 μείζους
780 335 812 354 τε
831 326 878 353 καὶ

87 372 214 404 καλλίους
230 373 361 406 ἐπάγων·
387 374 435 400 καὶ
454 374 504 408 μὲν
519 373 552 408 δὴ
576 373 628 400 κὰν
641 375 698 405 τοῖς
723 373 878 405 καλλίστοις

85 427 112 444 τε
128 419 177 445 καὶ
192 419 315 453 ἡδίστοις
330 419 378 445 καὶ
393 418 474 453 ζῆλον
495 420 546 446 οὐκ
566 419 659 454 ἔχουσι
676 420 764 454 λόγοις
781 419 876 452 αὑτοῦ,

86 465 122 498 μὴ
141 464 225 496 μόνον
245 464 314 498 πρὸς
330 463 405 490 ἅπαν
421 465 496 498 ἡμᾶς
521 465 624 500 ἀρετῆς
652 462 722 496 είδος
749 472 879 499 παρακα-

85 509 137 534 ὶὼν
152 509 201 535 καὶ
228 509 405 544 προτρέπων,
422 509 491 535 ἀλλὰ
514 510 563 535 καὶ
584 509 660 542 ὅπως
676 509 753 536 ταῦθ’
766 509 822 542 ἕξει
838 509 877 543 (1)

85 555 186 590 ῥᾳδίως
203 555 381 587 ὑποδεικνὺς,
401 555 526 590 βελτίους
549 555 655 582 ἑαυτῶν
675 555 710 582 τὰ
730 555 799 590 πρὸς
811 554 878 582 Θεὸν

83 602 294 636 τοκαοεκάστην
320 602 383 637 ἕχον
407 604 497 629 ποιεῖ·
525 603 652 636 μετάγων
667 602 722 628 ἀπὸ
738 602 788 637 τῆς
811 601 879 637 ὕλης

83 650 128 675 ἐπὶ
146 649 177 675 τὸ
195 648 316 683 πνεῦμα,
335 649 383 675 καὶ
403 648 567 683 θαυμαστάς
583 657 659 679 τινας
677 647 788 679 ἐλπίδας
803 647 878 682 ἔχειν

83 693 306 728 παρασκευάζων
322 696 371 720 καὶ
381 694 449 725 ὅλως
461 693 510 720 οὑκ
523 693 599 720 ἐστιν
613 694 626 720 ὅ
639 693 661 719 :’
676 693 705 719 οὺ
723 693 815 727 λόγοις
829 692 878 720 καὶ

85 742 176 775 ἔργοις
197 739 229 766 εὖ
257 740 345 766 ποιῶν
369 741 444 766 ἐστιν
470 740 561 774 ἡμᾶς·
587 740 636 766 καὶ
653 739 749 770 ὥσπερ
768 739 819 766 οὐκ
845 739 878 767 ἄν

84 787 144 814 ποθ’
159 788 174 813 ὁ
191 786 269 822 ἥλιος
285 787 337 821 τῆς
351 787 482 821 συνήθους
507 786 621 821 ἐκσταίη
641 787 738 821 φορᾶς,
762 786 809 813 καὶ
828 785 876 812 τοῦ

82 832 130 866 τὴν
145 832 192 858 ὑπ’
210 831 328 867 οὒρανὸν
342 832 433 857 πᾶσαν
443 830 560 865 περιϊὼν
569 830 775 866 καταλάμπειν,
789 830 878 862 οὕτως

83 879 142 905 οὐδὲ
162 878 210 905 τοῦ
227 878 294 911 περὶ
317 878 391 912 ἡμᾶς
417 877 446 910 ἒξ
473 877 563 912 ἀρχῆς
589 877 681 903 οὑτοσὶ
701 876 877 912 διακειμένου

929 278 1027 306 divinae
1045 279 1113 306 lucis
1127 278 1240 314 fulgore,
1276 279 1351 306 nullo
1371 279 1532 313 interposito
1561 280 1717 315 obstaculo,

930 329 1079 358 saturatos,
1105 332 1155 352 nos
1177 325 1331 360 dereliquit,
1353 327 1399 352 sed
1413 326 1541 362 desuper,
1564 327 1638 355 velut
1650 335 1718 363 prae-

929 378 1013 405 setis,
1049 378 1093 399 res
1125 375 1234 399 nostras
1270 376 1416 400 contuetur
1451 378 1479 400 et
1516 374 1666 409 gubernat,
1692 379 1720 402 et

929 417 1086 452 sospitalem
1111 417 1191 445 nobis
1232 419 1380 452 prmpandit
1403 426 1527 451 .manum,
1547 419 1611 447 dum
1647 429 1719 448 nunc

929 464 1119 499 ingruentibus
1142 464 1220 491 malis
1248 465 1340 498 eripit,
1367 469 1396 492 et
1413 465 1527 493 adversa
1552 473 1584 493 ac
1611 472 1718 494 eontra-

930 509 971 536 ria
986 509 1077 536 omnia
1094 516 1109 536 e
1127 509 1216 537 medio
1231 510 1385 543 submovet,
1414 518 1486 538 nunc
1510 511 1580 538 bona
1594 511 1646 538 alia
1672 519 1719 538 su-

929 562 978 591 per
991 555 1045 583 alia
1069 555 1198 589 demittit,
1221 560 1248 583 et
1262 557 1402 590 superiora
1419 557 1549 584 beneﬁcia
1578 558 1640 585 aliis
1655 558 1719 592 qui-

929 601 1043 630 busdam
1059 601 1207 636 majoribus
1221 608 1248 630 et
1261 603 1463 637 pulclirioribus
1478 604 1717 631 accutnulaLTum

929 656 995 676 vero
1012 654 1143 684 praeterea
1167 649 1194 676 in
1214 649 1433 684 elegantissimis,
1457 654 1484 677 et
1498 651 1676 681 suavissimis.
1691 655 1721 678 et

929 701 1010 729 supra
1024 694 1224 722 aemulationem
1249 695 1354 729 positis,
1377 695 1487 729 scriptis
1505 695 1573 726 suis.
1599 703 1648 723 nos
1666 704 1718 723 non

930 739 1011 767 modo
1039 740 1073 767 ad
1102 747 1209 768 omnem
1234 740 1343 768 virtutis
1373 741 1493 775 speciem
1521 742 1668 769 adhortans
1693 746 1722 770 et

930 785 1084 820 impellens,
1106 786 1153 814 sed
1169 791 1197 813 et
1209 794 1327 821 quonam
1343 786 1400 814 [nec
1426 791 1506 821 pacto
1522 786 1598 813 facile
1620 787 1723 814 obven-

931 836 992 859 tura
1012 831 1067 859 sint
1081 836 1310 864 commonstrans,
1326 840 1376 859 nos
1403 833 1482 860 nobis
1496 832 1562 866 ipsis
1579 833 1605 859 in
1622 833 1722 866 pietate

930 884 992 911 erga
1009 877 1094 905 Deum
1121 878 1246 906 meliores
1271 879 1392 913 quotidie
1417 886 1486 906 sane
1510 878 1606 912 edicit,
1633 883 1721 906 retra-

82 926 129 951 καὶ
157 925 235 957 ἵλεω,
256 926 304 950 καὶ
317 923 368 959 τῆς
391 923 525 958 εὐμενοῦς
544 923 660 958 ταύτης,
671 923 708 955 ὡς
724 923 758 950 ἄν
769 932 811 956 τις
827 924 876 960 φῇ,

968 931 1000 951 ns
1017 931 1065 951 nos
1077 923 1204 951 videlicet
1230 931 1244 950 a
1267 924 1380 951 materia
1405 923 1437 951 ad
1468 923 1607 958 spiritum,
1637 927 1666 950 et
1692 928 1723 950 ut

84 970 252 1003 ξυντελείας.

967 970 1048 998 tritica
1070 971 1150 1005 plane
1165 971 1191 997 in
1209 977 1257 1005 spe
1271 971 1368 1002 simus,
1395 969 1508 1003 faciens,
1521 974 1549 997 el
1571 970 1597 996 in
1613 969 1722 997 univer-

83 1026 141 1045 sum
161 1018 239 1044 nullo
257 1026 310 1045 non
330 1017 459 1051 temporis
473 1021 621 1048 momento,
635 1017 728 1044 verbis
761 1017 895 1052 factisque
932 1018 1002 1046 bene
1027 1020 1060 1046 de
1089 1018 1168 1046 nobis
1196 1026 1314 1046 merens.
1342 1017 1444 1052 Nempe
1468 1024 1498 1045 ut
1523 1026 1660 1053 nunquam
1689 1019 1726 1046 de

83 1070 214 1093 consueto
248 1073 330 1092 cursu
363 1071 414 1092 suo
436 1063 477 1090 sol
511 1062 623 1093 det-idit.
639 1069 671 1088 eo
695 1068 800 1095 tenore,
823 1067 853 1091 ut
894 1069 1015 1095 omnem,
1041 1071 1101 1098 quae
1136 1062 1186 1090 sub
1216 1063 1286 1091 male
1317 1067 1368 1095 est,
1402 1063 1566 1091 circumiens
1590 1063 1726 1091 illuminet

84 1118 204 1145 terram;
237 1112 274 1138 ita
310 1118 398 1146 neque
427 1109 586 1144 Gregorius,

83 1167 111 1187 ιιι
130 1159 269 1194 quispiam
290 1157 437 1189 vocaverit,
454 1157 546 1184 auxilii
565 1156 724 1184 collatione.

114 1203 204 1233 PKZ'.
225 1203 317 1238 ἸΙμᾶς
335 1203 363 1230 δὲ
383 1203 424 1229 δεῖ
448 1202 534 1239 μικρὲ
555 1202 625 1229 ἄττα
646 1203 694 1228 καὶ
717 1202 768 1229 ὅσα
783 1202 874 1236 ἔξεστι

83 1252 189 1279 τουτονὶ
206 1250 421 1285 προσειπόντας,
440 1248 526 1275 ἔπειθ’
542 1249 614 1276 οὕτω
630 1248 811 1276 κατακλεῖσαι
827 1249 876 1276 τὸν

83 1301 173 1334 λογον.
194 1299 313 1333 Χαίροις
341 1298 355 1324 ὸ
381 1297 486 1332 χαίρειν
510 1297 580 1332 ὑπὲρ
598 1297 704 1326 πάντας
727 1297 877 1333 ἀξιόχρεως

84 1346 130 1378 ὢν,
146 1344 191 1372 ἅθ’
205 1345 278 1379 ὑπὲρ
293 1343 397 1374 πάντας
414 1342 618 1378 κεχαρισμένος
636 1342 705 1378 Θεῷ.
724 1342 843 1378 Χαίροις
863 1342 877 1369 ὁ

83 1393 181 1420 τούτου
198 1391 281 1426 χάριν
308 1389 399 1417 πάντα
426 1390 508 1415 πόνον
537 1389 688 1424 ὑπομείνας
704 1388 876 1424 τοπρόσθεν·

84 1440 130 1466 καὶ
154 1439 263 1473 χαίρων
293 1436 331 1468 ὡς
350 1435 459 1471 ἀληθῶς
488 1437 548 1467 ταῖς
565 1435 683 1467 ἐλπίσιν,
713 1436 749 1467 ὡς
769 1435 878 1472 χαίρειν

84 1486 159 1512 tau!
177 1494 221 1512 σοι
251 1484 401 1516 παρέσται.
429 1482 544 1516 Χαίροις
562 1483 576 1508 ὀ
602 1481 635 1508 δι’
652 1478 690 1508 ὧν
714 1481 765 1515 μὲν
789 1481 878 1508 πάντα

84 1533 195 1559 πάντων
209 1531 323 1566 ἄριστος
345 1527 381 1561 εἴ,
401 1529 507 1560 πάντας
522 1528 725 1564 συγχαίροντας
748 1527 828 1563 ἔχων,
844 1528 880 1555 δι’

84 1576 120 1606 ὧν
145 1578 175 1604 δὲ
192 1577 298 1607 πάντας
317 1576 517 1611 συγχαίροντας
543 1574 627 1609 ἔχεις,
651 1576 740 1602 πάντα
766 1575 876 1601 πάντων

84 1625 197 1659 ἄριστος
213 1622 251 1649 ὢν
263 1631 271 1638 ⁸
293 1622 342 1648 καὶ
356 1622 411 1656 μὴν
427 1621 464 1652 ὡς
480 1620 555 1654 αὐτῷ
569 1629 610 1647 σοι
627 1621 734 1655 χαίρειν
751 1620 877 1655 περίεστι
890 1635 913 1665 C

83 1671 130 1705 τῆς
146 1670 265 1704 mssa;
285 1668 477 1702 ὑπερασπιστῇ
493 1669 630 1701 γεγονότι,
649 1667 722 1694 οὕτω
739 1676 782 1694 σοι
795 1667 878 1694 πάλιν

85 1716 230 1751 συγχαίρει
251 1716 302 1750 μὲν
322 1715 339 1749 ἠ
357 1714 455 1748 Τριὰς,
473 1713 655 1749 συγχαίρουσι
669 1713 697 1739 δὲ
712 1713 765 1744 πᾶς
779 1713 793 1739 ὀ
813 1713 878 1748 περὶ

83 1763 168 1798 αὐτὴν
190 1761 248 1787 τῶν
268 1760 396 1794 ἀγγέλων
420 1758 580 1794 διάκοσμος.
604 1758 638 1784 Ἦ
665 1758 726 1793 μὲν,
751 1757 813 1784 ἀνθ’
840 1754 878 1784 ὦν

83 1810 173 1838 πάσας
190 1808 241 1839 τὰς
258 1807 313 1833 τῶν
331 1806 526 1841 αίρετιζόντων
553 1804 685 1839 τερθρίας
709 1804 803 1835 κακῶς
829 1804 879 1830 αὑ-

83 1856 131 1890 τὴν
149 1853 327 1889 διαιροὺσας,
351 1851 458 1887 χαίρειν
474 1850 605 1882 καθάπαξ
627 1850 722 1881 ἐάσας,
740 1849 778 1880 ὠς
795 1849 880 1885 μηδεν

84 1902 171 1935 ὑγιὲς,
200 1900 288 1926 πᾶσιν
313 1898 382 1932 ἡμῖν
403 1897 512 1931 χαίρειν
540 1895 701 1931 παρέσχες,
727 1894 798 1921 ἃδε-ἰ
815 1894 880 1930 περὶ

82 1948 166 1983 αὐτῆς
177 1945 272 1978 λέγειν
287 1945 335 1970 καὶ
345 1944 455 1978 φρονεῖν
466 1942 642 1977 δογματίσας·
659 1940 770 1975 ἄγγελοι
779 1940 818 1972 δὲ,
832 1939 880 1966 καί¹

82 1995 187 2021 τούτων
204 1992 254 2027 μὲν
271 1991 380 2022 εἵνεκα,
398 1989 491 2024 πολλῷ
507 1989 537 2014 δὲ
561 1988 643 2014 πλέον
669 1988 711 2014 ὅτι
739 1986 876 2013 τάκείνων

84 2042 155 2076 μετὰ
179 2040 231 2073 τῆς
259 2037 326 2073 ὕλης
352 2036 472 2072 πρόσθεν
497 2034 641 2071 είργάζου,
658 2035 709 2062 καὶ
735 2033 784 2061 νῦν
810 2033 880 2068 μετᾶ

83 2088 188 2115 τούτων
203 2095 233 2113 τε
251 2085 301 2112 καὶ
327 2084 375 2110 σὺν
393 2084 499 2114 τούτοις
515 2082 673 2113 παιανίίειν
694 2082 729 2107 τὰ
750 2080 809 2107 θεῖα
832 2080 881 2106 καὶ

83 2135 116 2170 ἢν
138 2135 233 2164 ἔπνεις
252 2131 357 2166 Τριάδλ
377 2130 468 2164 πάσης
481 2129 592 2163 ἀμέσως
611 2128 759 2163 μετέχεις·
777 2127 808 2153 οὐ
827 2126 881 2161 μὴν

84 2181 153 2209 ἀλλὰ
170 2180 220 2208 καὶ
236 2179 277 2213 τῷ
292 2179 346 2204 τῶν
371 2177 459 2211 ἁγίων
477 2175 616 2210 ξύμπαντι
639 2173 733 2208 κύκλῳ
748 2172 879 2199 τοσούτου

84 2229 114 2263 ἰή
134 2236 211 2258 τινος
226 2225 346 2260 τιμᾶται
361 2223 396 2250 τὰ
421 2222 457 2249 σα
481 2222 532 2258 καὶ
549 2220 638 2252 οὕτως
658 2220 784 2253 ἀξιοῦται
804 2219 882 2254 μεγί-

85 2282 166 2307 στων,
193 2272 233 2304 ὡς
251 2271 292 2307 μὴ
322 2270 408 2305 μόνον
435 2276 478 2295 σοι
497 2267 552 2294 τῶν
568 2265 714 2302 πρωτείων
729 2265 816 2300 ἡδέως
833 2265 882 2291 αὐ-

631 1109 665 1138 de
687 1109 802 1144 pristino
831 1116 881 1137 suo
899 1117 963 1145 erga
981 1118 1031 1138 nos
1056 1110 1154 1138 aﬂ'ectu
1170 1115 1196 1138 et
1212 1109 1316 1144 favore,
1337 1114 1365 1139 et
1394 1111 1448 1141 hac
1491 1115 1548 1147 tarn
1582 1111 1725 1141 benevola.

965 1201 1096 1230 CXXVII.
1128 1202 1372 1230 Verumenimvero
1411 1203 1490 1230 nobis
1522 1204 1642 1236 tandem,
1678 1204 1723 1232 ubi

928 1250 1034 1284 paucis,
1051 1253 1078 1277 et
1098 1254 1229 1283 quantum
1261 1249 1289 1277 in
1319 1249 1396 1277 nobis
1431 1254 1484 1281 est,
1508 1254 1631 1278 nostrum
1657 1250 1725 1278 allo-

928 1295 982 1323 euti
1013 1295 1286 1327 consalutaverimus,
1325 1294 1512 1322 concludenda
1549 1295 1638 1322 oratio
1666 1300 1721 1323 est.

930 1340 1023 1373 Salve,
1047 1340 1093 1375 qui
1107 1340 1214 1368 salvere
1240 1347 1321 1374 super
1356 1340 1424 1368 alios
1454 1347 1549 1368 onmes
1593 1339 1724 1375 dignissi-

932 1393 992 1413 mus
1020 1393 1059 1418 es,
1073 1389 1103 1412 ut
1132 1386 1186 1413 Deo
1201 1393 1283 1421 super
1306 1393 1401 1414 omnes
1425 1386 1614 1414 charissimus.
1631 1385 1723 1420 Salve,

930 1432 974 1467 qui
998 1432 1059 1467 ejus
1086 1432 1126 1459 rei
1144 1439 1225 1460 causa
1244 1439 1352 1459 omnem
1381 1432 1449 1459 olim
1478 1431 1597 1459 laborem
1627 1439 1723 1467 pertu-

930 1478 996 1511 listi,
1011 1479 1092 1512 quive
1107 1482 1162 1505 tum
1179 1484 1227 1512 spe
1247 1477 1387 1504 verissime
1403 1476 1551 1510 lzetabaris,
1567 1477 1638 1511 quod
1657 1486 1724 1513 pcr-

930 1527 1010 1559 petuo
1025 1524 1151 1558 deinceps
1168 1523 1214 1550 tibi
1231 1523 1378 1550 aﬂ‘uturum
1397 1523 1432 1550 sit
1448 1523 1541 1550 laetari.
1569 1522 1659 1556 Salve,
1676 1524 1723 1558 qui

929 1569 1000 1600 quovl
1015 1568 1114 1604 ubique
1134 1568 1254 1595 omnium
1284 1568 1402 1602 optimus
1416 1575 1457 1600 es,
1474 1575 1570 1595 omnes
1595 1568 1645 1595 tibi
1659 1576 1725 1596 cott-

929 1615 1098 1649 gratulantcs
1114 1615 1198 1641 habes
1209 1622 1219 1641 :
1235 1614 1306 1649 quod
1325 1619 1416 1640 autem
1440 1614 1661 1649 congratulantes
1674 1614 1723 1642 tibi

930 1668 1026 1688 omnes
1041 1660 1135 1692 habes,
1154 1668 1186 1687 eo
1212 1660 1334 1688 omnium
1357 1660 1457 1694 ubique
1476 1661 1595 1695 optimus
1611 1668 1650 1688 es.
1664 1660 1725 1688 Ca:-

932 1712 1017 1733 tcrum
1034 1711 1063 1733 ut
1080 1707 1127 1733 tibi
1142 1707 1191 1741 ipsi
1207 1706 1353 1741 plurimum
1369 1706 1453 1733 laetari
1468 1698 1541 1739 licet,
1557 1707 1602 1741 qui
1622 1712 1724 1734 sancta:

931 1752 1071 1779 Trinitatis
1095 1752 1194 1779 vindex
1226 1756 1399 1786 asset-torque
1430 1752 1523 1779 luisti:
1543 1753 1579 1779 ita
1609 1753 1722 1780 invicem

933 1799 981 1826 tibi
1005 1804 1099 1826 sancta
1121 1798 1240 1825 Trinitas
1275 1798 1503 1833 congratulatur;
1532 1797 1725 1832 cengratulan-

933 1850 976 1872 tur
991 1853 1054 1872 vero
1073 1845 1154 1872 etiam
1187 1851 1295 1876 omnes,
1313 1844 1358 1878 qui
1387 1843 1424 1871 illi
1455 1848 1587 1878 apparent
1613 1844 1725 1879 angelo--

932 1899 991 1919 rum
1019 1891 1141 1919 ordines.
1171 1890 1291 1918 Trinitas
1314 1890 1386 1922 ideo,
1416 1891 1488 1924 quod
1513 1898 1608 1918 omnes
1638 1891 1725 1917 luere-

933 1939 1049 1966 ticorum
1073 1937 1236 1973 praestigias,
1264 1935 1334 1962 male
1365 1936 1451 1970 ipsum
1488 1936 1660 1968 divellentes,
1693 1940 1725 1964 ut

933 1992 1006 2011 mera
1048 1983 1246 2016 deliramenta,
1271 1981 1355 2009 semel
1387 1981 1478 2008 valere
1502 1981 1613 2017 jubens.
1644 1982 1723 2010 nobis

933 2030 1058 2057 omnibus
1099 2029 1208 2056 laetandi
1249 2026 1389 2054 materiem
1422 2027 1534 2059 dedisti,
1558 2027 1622 2054 dum
1659 2027 1725 2062 quid

933 2076 967 2104 de
994 2084 1024 2104 ea
1041 2075 1205 2110 loquendum
1236 2073 1463 2108 sentiendumque
1484 2076 1568 2106 esset,
1596 2077 1725 2100 accurate

933 2121 1093 2156 exposuisti.
1120 2119 1215 2155 Angcli
1241 2125 1268 2146 et
1292 2119 1327 2146 ob
1353 2119 1404 2146 ista
1429 2118 1567 2151 laetantur,
1597 2124 1624 2146 et
1649 2119 1724 2147 hatnl

933 2168 1013 2204 paulo
1033 2168 1103 2202 plus,
1124 2167 1196 2202 quod
1213 2165 1275 2193 olim
1294 2173 1354 2193 cum
1370 2157 1488 2200 corpore
1504 2165 1605 2200 degens
1629 2172 1724 2193 eorum

934 2215 1029 2242 obibas
1052 2213 1184 2245 actiones,
1212 2217 1237 2239 et
1261 2213 1332 2247 quod
1363 2220 1436 2240 nunc
1451 2211 1521 2238 inter
1545 2211 1618 2245 ipsos
1643 2215 1726 2245 atque

934 2269 988 2289 una
1013 2268 1072 2288 cum
1094 2259 1159 2294 ipsis
1183 2258 1306 2286 divinum
1336 2265 1434 2285 numen
1447 2256 1580 2288 concinis,
1601 2261 1629 2284 et
1643 2264 1725 2291 quam

84 2321 144 2351 τοὺς
158 2301 366 2350 υπεέίστάσὸαι
386 2314 435 2341 καὶ
461 2301 652 2348 παραχωρεῖν,
669 2311 739 2338 ἀλλὰ
762 2311 808 2338 καὶ
830 2311 876 2345 χά-

967 2306 1055 2333 irabas
1084 2304 1259 2337 Trinitatem,
1291 2303 1384 2330 eadem
1420 2309 1493 2329 nunc
1510 2305 1565 2328 tota
1592 2301 1686 2327 intime
1699 2305 1727 2328 et

86 2375 127 2401 ριν
152 2366 195 2391 ὃτι
224 2363 358 2397 πλείστην
376 2363 406 2395 εξ
429 2361 554 2396 ἀνάγκης
579 2359 692 2391 ειδέναι,
708 2359 746 2391 ὠς
768 2358 879 2390 τούτους

85 2412 274 2447 κοσμήσαντι·
290 2409 304 2436 ὂ
320 2409 374 2444 γάρ
387 2409 459 2434 εἰσιν
475 2407 598 2437 ἅπαντες
611 2402 697 2436 οὗτοι,
709 2403 782 2431 τοῦτ’
798 2403 879 2435 αὐτὸς

87 2460 165 2493 μόνος
183 2456 333 2491 τυγχάνεις
350 2453 388 2481 ὢν
399 2474 407 2486 ,
424 2453 463 2488 τῷ
482 2452 541 2488 μεῡ¹
559 2452 715 2488 ὑπερὸολῆς
731 2451 823 2478 πάντα
843 2450 879 2476 τὰ

86 2512 198 2532 παντων
215 2501 382 2537 κεκτῆσθαι·
401 2500 450 2527 καὶ
465 2497 535 2525 εἶναι
553 2497 723 2529 παντοδαπός
739 2505 782 2528 τις
799 2495 878 2530 ἅγιος

67 2581 70 2588 Ι
85 2551 121 2583 ὡς
136 2552 229 2578 εἰπεῖν
245 2551 304 2580 τοῖς
326 2547 514 2578 παντοδαπαῖς
538 2545 587 2573 τοῦ
607 2545 766 2580 Πνεύματος
784 2544 879 2579 χάρισι

86 2593 312 2630 καταγλαισθείς.

935 2351 1160 2388 conjunctissime
1176 2349 1338 2385 perfrueris.
1363 2347 1485 2382 Denique
1513 2346 1642 2373 universo
1659 2345 1723 2372 item

933 2403 1092 2427 sanctorum
1109 2396 1212 2424 circulo
1234 2395 1300 2422 tanti
1333 2399 1377 2421 tua
1399 2392 1520 2428 profecto
1543 2393 1728 2425 aestimantur,

933 2447 1058 2480 adeoque
1074 2445 1194 2471 maximo
1213 2442 1347 2469 habentur
1366 2441 1391 2467 in
1409 2440 1507 2474 pretio,
1524 2444 1552 2466 ut
1568 2447 1628 2467 Clllll
1644 2438 1729 2474 perli-

932 2493 1030 2520 benter
1060 2491 1148 2518 locum
1166 2487 1315 2522 principem
1340 2486 1387 2513 tibi
1416 2485 1568 2512 cencedant
1585 2493 1617 2513 ac
1642 2485 1727 2512 relin-

933 2542 1028 2574 quant,
1057 2542 1112 2563 tum
1129 2534 1211 2561 etiam
1237 2531 1392 2559 necessario
1407 2531 1522 2558 summis
1548 2536 1574 2558 te
1602 2531 1728 2559 laudibus

931 2585 1121 2622 gratibusque,
1138 2582 1183 2616 qui
1198 2581 1269 2615 ipsos
1281 2578 1434 2610 ornaveris,
1448 2577 1549 2606 ferant.
1566 2578 1643 2612 Quod
1653 2579 1727 2606 enim

87 2645 135 2679 ipsi
152 2625 274 2671 universi
285 2641 367 2670 simul
381 2644 457 2674 sunt,
471 2640 498 2668 id
514 2644 571 2667 tute
586 2639 661 2667 solus
670 2646 710 2672 es,
724 2638 831 2674 quando
843 2635 937 2665 omnia
949 2633 1071 2662 omnium
1086 2631 1197 2679 decora:
1217 2634 1304 2679 eaque
1321 2625 1615 2679 Ρθῖίείξιίδεῖιιιθνληιυε
1628 2626 1724 2679 litiges,

86 2673 153 2718 έιυι
178 2690 264 2717 verbo
280 2689 377 2721 dicam,
403 2673 566 2715 universalis
601 2673 740 2723 quispiam
754 2689 867 2714 sanctus
888 2691 930 2716 es,
957 2678 1157 2709 universalibus
1182 2675 1301 2712 Spiritus
1326 2674 1413 2702 sancti
1436 2673 1595 2699 muneribus
1611 2673 1731 2700 miriﬁce

86 2737 248 2764 illustratus.

120 2783 214 2811 PKH'.
231 2791 240 2808 ι
256 2780 292 2808 Ὦ
302 2780 458 2816 προφητικὲ
474 2780 518 2812 σὺ,
537 2780 585 2806 καὶ
601 2778 708 2814 βλέπων
726 2777 760 2804 τὰ
772 2776 878 2812 ἐμπρο.

90 2830 162 2863 σθεν,
188 2839 198 2856 ι
217 2828 266 2856 καὶ
287 2829 321 2864 τῇ
346 2827 392 2854 τοῦ
419 2826 466 2853 νοῦ
498 2825 679 2861 καθαρότητι,
711 2822 878 2860 παμπόλλας

123 2923 162 2958 (ί)
179 2922 320 2951 Fortasse.
337 2919 407 2955 ἥξει.
421 2920 460 2948 An
476 2919 530 2953 ἕξει
547 2927 600 2950 τις,

969 2770 1108 2800 CXXVlII.
1130 2779 1138 2795 ι
1156 2769 1177 2796 0
1190 2769 1310 2801 fatidico,
1326 2773 1353 2796 et
1375 2769 1452 2803 longe
1471 2766 1498 2794 in
1514 2770 1649 2800 posterum
1667 2772 1731 2798 pro-

932 2820 1052 2856 spicit-ns
1069 2819 1120 2850 vir,
1138 2826 1147 2842 ι
1163 2816 1219 2852 (20)
1234 2816 1389 2851 mentisque
1406 2819 1459 2843 tua:
1487 2813 1621 2842 munditia
1641 2811 1731 2848 pluri-

976 2911 1033 2946 (20)
1049 2909 1130 2944 Greg.
1146 2907 1168 2942 Ι,
1184 2907 1212 2934 51
1224 2907 1246 2935 ί.
