1878 3060
155 169 207 200 347

753 171 771 204 ’1
779 177 952 206 ιιιιυυυω
974 177 1147 207 MONACHI

1736 179 1797 210 348

155 237 213 256 mas
233 229 317 256 divini
342 230 460 265 Spiritus
493 231 686 265 inspirationes
709 234 816 269 atlepte.
834 244 843 261 ι
860 228 936 270 cuius

1033 244 1037 266 .'
1053 236 1101 263 τοῦ
1116 237 1273 272 Πνεύματος
1281 237 1424 272 δεχόμενος
1439 237 1593 271 ἐπιπνοίας,
1609 247 1618 264 ι
1637 233 1725 272 οὗπερ
1750 240 1796 266 εἰς

155 275 181 301 iu
204 283 313 303 omnem
336 282 434 304 terram
454 278 517 304 exiit
539 279 598 305 fons
613 279 645 312 ",
662 289 671 305 ι
691 288 764 308 more
781 283 941 316 apostolico,

157 325 184 348 et
200 329 280 356 quem
294 329 422 358 perpetua
440 335 448 349 ι
468 324 650 353 Ecclesiarum
669 326 837 360 sollicitudo,
859 339 868 355 ι
889 337 943 357 non

157 368 248 396 minus
264 377 295 396 ac
316 369 428 396 Paulum
445 370 520 402 olim,
543 372 657 405 urgebat
670 373 704 406 ⁸⁸,
725 373 779 401 imo
803 383 867 403 vero
886 377 944 412 plus

156 414 236 440 etiam
264 415 363 442 rectius
379 416 539 445 dixerimus.
573 419 689 451 Quando
709 420 752 448 ille
788 423 944 451 constitutis

155 467 242 494 nuper
257 460 394 494 Ecclesiis,
415 463 490 491 curis
524 468 551 491 et
577 465 804 494 sollicitudinibus
827 470 945 502 angeba-

157 511 221 533 tur:
238 508 281 534 cui
299 515 393 535 recens
412 517 505 537 earum
531 513 733 546 coagmentatio
763 514 833 541 haud
865 515 899 542 ab
915 523 944 543 re

154 551 358 581 formidolosior
378 560 456 590 erat;
474 561 500 583 tu
517 565 582 585 vero
615 559 715 593 pietate
733 560 801 595 ipsa,
821 569 869 595 per
888 570 943 589 ma-

155 598 269 625 ledicam
288 600 474 630 hmreticorum
502 604 701 637 garrulitatem,
724 606 750 632 in
781 607 838 634 acie
856 615 944 634 nova-

153 644 222 671 cula:
247 645 303 680 jam
319 646 381 680 sita,
399 652 425 675 et
456 649 481 675 in
503 649 528 675 id
548 655 642 677 vocata
672 652 834 686 periculmu,
865 661 899 681 ne
917 654 944 681 in

154 690 322 724 impietatem
342 693 420 726 plane
441 692 584 727 recideret,
597 697 723 724 omnibus
749 698 850 726 viribus
883 707 945 734 pro-

153 737 301 771 puguahas,
329 743 354 765 et
372 747 481 767 manum
511 741 716 770 invictissimum
740 747 942 774 commodabas.

153 783 176 810 0
197 785 242 817 qui
267 785 364 818 saepius
379 787 536 820 sanguinem
572 797 620 823 pro
643 789 751 818 Christo
780 792 946 825 profundere

153 827 264 859 avebas,
293 830 343 857 nisi
368 831 425 865 ipse
442 832 521 866 plane
553 835 730 869 cohibuisset,
749 845 781 864 ne
807 839 886 866 talem
904 840 944 866 vi-

153 875 253 903 delicet
268 878 342 904 orbis
368 883 502 906 terrarum
523 882 661 909 amitteret
690 884 789 917 virum,
810 886 891 920 quive
906 888 944 914 ci-

155 926 195 947 tra
215 929 338 949 cruorem
366 924 468 952 alhlcla
508 927 630 959 evasisti,
656 928 781 956 nimirtuu
812 933 882 964 quod
901 937 943 958 tua

153 968 335 997 destinatione
361 971 479 999 nominis
516 972 597 1007 hujus
633 975 793 1010 numerique
815 978 943 1004 candida-

153 1018 196 1039 tus
224 1016 333 1042 omnino
348 1024 422 1044 eras.

188 1059 309 1088 CXXIX.
329 1062 350 1089 0
365 1063 409 1096 qui
428 1066 572 1098 pastoralis
586 1067 668 1095 ollicii
687 1076 820 1098 summam
835 1070 947 1104 lineam,

154 1109 180 1131 et
196 1107 370 1141 temetipsum
393 1114 420 1136 et
437 1118 497 1145 quae
512 1113 545 1139 de
557 1120 589 1140 eo
623 1115 732 1149 negotio
752 1117 852 1151 scripta
869 1125 945 1144 com-

157 1159 298 1186 posueras,
319 1155 484 1183 exltibnistii
504 1158 526 1186 Ο
539 1159 584 1193 qui
621 1160 770 1188 solitariam
785 1168 811 1190 et
827 1163 946 1197 quietam

154 1197 263 1225 vivendi
289 1200 422 1228 rationem
445 1207 472 1230 ct
496 1204 528 1231 ad
556 1206 699 1233 matr-riam
718 1208 791 1235 nullo
807 1209 888 1236 modo
903 1210 949 1237 ﬂe-

154 1243 275 1277 xibilem,
291 1246 338 1272 sed
356 1247 389 1273 ad
415 1247 500 1276 Deum
520 1257 650 1291 perpetuo
669 1252 810 1287 intentam.
829 1255 865 1282 ita
885 1264 948 1291 pro-

154 1290 225 1316 tinus
242 1290 276 1317 ab
300 1293 412 1320 ineunte
432 1299 512 1322 aetate
534 1287 680 1331 adamasti,
703 1304 730 1325 et
759 1287 901 1334 expetisti,
921 1307 948 1329 et

154 1343 239 1371 super
256 1343 369 1367 caeteros
387 1342 538 1370 rectissime
562 1344 709 1378 perfecisti,
724 1347 796 1374 velut
810 1348 945 1382 quispiam

153 1387 230 1409 extra
247 1391 357 1412 carnem
384 1387 570 1423 mumlumque
585 1391 689 1425 positus
702 1397 727 1418 et
744 1392 801 1420 sola
819 1395 947 1423 victitans

153 1428 261 1456 anima!
288 1429 309 1457 0
344 1431 389 1465 qui
406 1436 482 1461 tanto
507 1434 635 1462 virtutem
661 1437 767 1464 coluisti
788 1445 882 1473 opere,
918 1445 948 1467 ut

152 1482 203 1502 nec
218 1475 377 1505 adolescens
406 1478 439 1505 ab
463 1485 544 1507 aetate
570 1482 714 1516 provectis,
740 1489 767 1510 et
785 1485 830 1519 qui
846 1485 872 1512 in
888 1485 941 1513 vir-

154 1521 219 1548 tutis
243 1523 445 1552 meditamentis
468 1526 612 1559 plurimum
643 1529 844 1558 desudaveraut
870 1537 948 1560 ante-

997 283 1087 309 πᾶσαν
1105 283 1154 316 τὴν
1167 283 1219 317 γῆν
1234 293 1243 308 ι
1257 283 1445 314 ὰποστολικῶς
1459 293 1467 309 ι
1488 284 1502 309 ὁ
1517 283 1636 318 φθόγγος
1653 283 1764 319 ἐξῆλθε,
1783 295 1794 311 ν

997 329 1045 355 καὶ
1060 329 1089 355 ὃν
1103 329 1153 364 ἥγε
1165 329 1293 365 διηνεκὴς
1312 339 1321 354 ι
1343 329 1464 363 μέριμνα
1488 329 1543 355 τῶν
1571 330 1755 364 Ἐκκλησιῶν,
1782 339 1793 356 γ

996 376 1045 410 οὐχ
1064 373 1146 412 ἦττον
1163 377 1179 408 ἦ
1197 376 1280 403 πάλαι
1304 375 1410 402 Παῦλον
1441 377 1567 410 κατεῖχεο
1586 376 1688 411 μᾶλλον
1702 377 1798 403 δὲκαὶ

997 421 1079 447 πλέον
1096 423 1184 448 είπείν
1200 422 1315 448 ἔνεστιν.
1329 421 1416 456 Εἴπερ
1428 423 1531 452 ἐκεῖνος
1549 422 1599 456 μὲν
1613 422 1676 458 ἄρτι
1687 423 1797 449 τούτων

997 466 1219 501 καθισταμένων,
1238 466 1394 502 φροντίζων
1408 463 1442 501 ἦν
1457 466 1506 493 καὶ
1530 467 1657 500 ἀγωνιῶν
1672 468 1701 493 τλι
1714 467 1796 501 σφῶν

996 512 1150 546 ἀρτιπαγὲς
1168 511 1347 547 ὑφορώμενος
1358 520 1366 528 ο
1389 514 1421 539 σὺ
1434 513 1462 539 δὲ
1477 512 1528 547 τῆς
1546 513 1690 542 εὐσεϐείας
1706 513 1797 546 αὐτῆς

996 558 1049 585 ὑπὸ
1076 559 1125 593 τῆς
1153 558 1208 584 τῶν
1227 559 1373 593 αίρετικῶν
1400 558 1604 592 γλωσσαλγίας,
1639 558 1686 584 ἐπὶ
1708 558 1797 593 ξυροῦ

995 605 1090 640 ἀκμῆς
1124 605 1274 640 ἑστηκυίας
1301 607 1349 632 καὶ
1374 605 1588 640 κινδυνευούσης
1621 607 1797 639 μεταπεσεῖν

996 652 1036 683 είς
1052 651 1324 683 δυσσέϐειαν,πᾶσιν
1356 649 1397 683 οἷς
1425 650 1501 686 εἶχες
1528 651 1717 686 προύμάχεις,
1746 651 1798 677 καὶ

996 696 1157 731 θαυμαστὴν
1185 698 1264 731 χεῖρα
1280 698 1412 732 παρεῖχες
1431 706 1438 713 ·
1455 698 1468 723 ό
1487 697 1634 732 βουληθεὶς
1651 698 1701 731 μὲν
1727 698 1799 723 πολ-

995 742 1076 773 λάκις
1093 742 1162 777 ὑπὲρ
1185 742 1306 777 Χριστοῦ
1321 742 1352 768 τὸ
1369 740 1439 777 αἷμα
1456 743 1561 777 ἐκχέαι,
1594 742 1729 774 κωλυθεῖς
1765 743 1797 769 δὲ

997 788 1042 822 ὑφ’
1055 787 1138 814 αὑτοῦ
1152 787 1259 820 τούτου,
1281 788 1340 823 seq:
1361 788 1397 823 μὴ
1426 789 1476 817 τὴν
1494 788 1659 823 οἰκουμένην
1689 789 1793 823 ἀνδρὸς

997 832 1165 867 ἐστερῆσθαι
1197 833 1337 860 τοιούτου·
1367 834 1430 866 ¹καὶ
1467 833 1589 867 γεγονὼς
1621 835 1797 868 ἀναίμακτος

996 878 1127 913 ἀθλητὴς,
1143 879 1182 910 εἰς
1212 879 1324 912 τούτους
1349 880 1390 906 ὅτι
1416 880 1535 915 μάλιστα
1559 881 1592 915 τῇ
1621 880 1790 915 προαιρέσει

999 925 1096 953 τελῶν.

1033 1069 1119 1096 ΡΚΘ’.
1134 1066 1168 1096 *Ω
1189 1070 1373 1106 ποιμαντικῆς
1391 1071 1454 1106 ὅρον
1470 1071 1567 1098 σαυτόν
1584 1081 1612 1098 τε
1630 1072 1732 1106 δείξας,
1748 1072 1796 1099 καὶ

998 1116 1044 1147 οὒς
1060 1116 1130 1151 ὑπὲρ
1150 1118 1246 1143 τούτου
1277 1116 1374 1150 λόγους
1395 1117 1527 1149 ξυνιθουί
1560 1116 1596 1144 Ὦ
1621 1119 1652 1146 τὸ
1672 1118 1796 1154 μονῆρες

998 1162 1046 1188 τοῦ
1063 1161 1122 1197 βίου
1138 1163 1185 1190 καὶ
1197 1164 1312 1199 ἥσυχον,
1331 1164 1378 1190 καὶ
1396 1163 1465 1197 πρὸς
1488 1164 1538 1199 μὲν
1559 1165 1609 1200 τὴν
1632 1165 1698 1199 ὓλην
1723 1174 1796 1192 παν-

998 1208 1117 1236 τάπασιν
1134 1210 1254 1241 ἀκλινὲς,
1267 1209 1336 1245 πρὸς
1351 1209 1380 1236 δὲ
1397 1208 1541 1245 Θεδνέχον
1562 1211 1628 1243 αἰεὶ,
1649 1211 1738 1243 οὕτως
1763 1212 1794 1244 ἐξ

998 1255 1086 1291 ἀρχῆς
1115 1255 1264 1291 ἀγαπήσας
1275 1264 1304 1282 τε
1321 1256 1369 1282 καὶ
1391 1255 1524 1290 ποθήσας,
1541 1256 1589 1282 καὶ
1603 1257 1673 1291 ὑπὲρ
1684 1257 1794 1289 πάντας

999 1301 1205 1337 κατωρθωκὼς,
1225 1303 1263 1334 ὡς
1277 1303 1310 1330 ἄν
1324 1311 1367 1334 τις
1381 1302 1434 1335 ἔξω
1447 1302 1550 1338 σαρκὸς
1565 1304 1612 1330 καὶ
1624 1304 1729 1338 κόσμου
1744 1313 1794 1338 γε-

999 1356 1066 1382 γενη
1073 1348 1153 1383 μένος
1164 1348 1209 1375 καὶ
1225 1349 1292 1384 μόνῃ
1305 1348 1359 1380 ζῶν
1367 1349 1399 1383 τῇ
1413 1348 1487 1384 ψυχῇ
1504 1349 1510 1375 !
1529 1347 1564 1375 Ὠ
1578 1350 1708 1376 τοσοῦτον
1720 1350 1792 1386 πρὸς

999 1394 1101 1430 ἀρετὴν
1117 1393 1254 1430 ἐσχηκὼς,
1273 1394 1310 1426 ὡς
1329 1394 1394 1430 μήτ’
1411 1395 1441 1421 ἐν
1455 1394 1562 1430 νεότητι
1591 1395 1645 1422 τῶν
1671 1396 1795 1431 πρεσϐυ-

999 1440 1098 1474 τέρων,
1110 1440 1157 1467 καὶ
1173 1440 1289 1466 πλεῖστα
1305 1441 1369 1476 περὶ
1395 1441 1499 1476 ταύτην
1523 1441 1669 1475 καμόντων
1692 1441 1794 1469 ἀπολε-

997 1486 1117 1520 λεῖφθαι,
1135 1486 1204 1513 ἀλλὰ
1222 1486 1269 1513 καὶ
1285 1486 1378 1522 πολλῷ
1393 1487 1491 1520 τῳόντι
1521 1488 1593 1522 σφᾶς
1617 1488 1773 1523 παρελάσαι
1784 1497 1791 1504 ·

1000 1533 1063 1567 μήτ’
1076 1533 1118 1563 είς
1132 1533 1232 1564 αὐτοὺς
1246 1533 1360 1564 τούτους
1375 1533 1501 1567 τελέσας,
1520 1534 1637 1569 ὑφέσθαι
1663 1535 1710 1562 καὶ
1721 1537 1794 1570 ὁπη-

153 1568 219 1601 ires,
241 1569 287 1595 sed
312 1569 392 1603 longo
416 1571 497 1606 plane
518 1574 627 1602 eosdem
661 1576 803 1604 intervallo
831 1585 942 1612 przever-

1033 1587 1046 1604 ν
1061 1578 1108 1605 τοῦ
1125 1578 1285 1613 θαυμαστοῦ
1307 1579 1384 1606 τοῦδε
1415 1580 1494 1606 τόνου
1526 1568 1574 1606 καὶ
1593 1580 1643 1612 τῆς
1667 1581 1792 1617 μεγάλης

153 1617 309 1642 teres:nec
338 1617 383 1644 ubi
400 1618 495 1645 eadem
522 1620 580 1654 ipse
615 1621 641 1648 in
670 1622 759 1650 classe
787 1623 841 1656 jam
872 1632 944 1657 eras,

153 1660 297 1695 quidquam
331 1670 493 1698 quocunque
523 1667 612 1698 modo,
640 1668 674 1696 de
707 1669 859 1698 incredibili
892 1670 944 1698 isto

154 1705 244 1740 rigore
277 1712 305 1734 et
337 1708 439 1743 ingenti
477 1713 651 1740 contentione
682 1715 854 1748 remitteres,
889 1716 944 1743 imo

154 1753 239 1787 magis
265 1754 345 1780 etiam
359 1762 438 1789 quam
456 1756 575 1784 ﬂorentis
596 1759 729 1794 quispiam
756 1762 844 1789 aetatis
863 1762 941 1796 juve-

135 1825 138 1826 ν
152 1798 199 1824 nili
217 1798 242 1824 in
260 1799 301 1826 bis
317 1800 414 1828 ardore
432 1802 586 1831 elaborares
602 1804 608 1831 !
623 1804 644 1832 0
658 1806 704 1840 qui
719 1807 834 1841 proinde
850 1816 862 1835 a
880 1816 942 1843 pec-

152 1849 213 1870 cato
229 1849 254 1871 te
268 1845 437 1881 abstinebas,
455 1855 535 1883 quam
550 1850 607 1885 ipsa
624 1858 684 1878 sese
700 1852 818 1880 abstinet
835 1854 939 1882 virtus!

152 1889 174 1916 0
189 1891 232 1924 qui
251 1891 504 1922 laudatissimorum
523 1895 643 1923 virorum
665 1898 786 1924 omnimn
803 1899 879 1926 solus
897 1900 941 1926 vi-

152 1943 200 1963 sus
213 1944 243 1964 es
263 1938 415 1972 colophonl
434 1940 456 1968 0
473 1940 518 1976 q'ui
542 1942 663 1970 omnium
690 1943 717 1970 in
748 1947 821 1970 terra
849 1945 938 1972 viven-

152 1982 218 2008 tium
246 1982 291 2010 Dei
311 1985 429 2012 maxime
453 1985 546 2014 laudes
572 1987 729 2021 celebrasti,
756 1994 782 2016 et
809 1989 940 2024 majorem

1000 1623 1164 1655 ὲνστάσεως,
1200 1623 1270 1650 ἀλλὰ
1289 1624 1338 1651 καὶ
1362 1625 1466 1656 παντὸς
1489 1625 1660 1660 ἀκμάζοντος
1689 1627 1792 1661 μᾶλλον

1000 1668 1070 1704 ἡὸᾷν
1083 1669 1117 1696 τὰ
1132 1669 1260 1696 τοιαῦτα.
1276 1667 1311 1696 Ὦ
1325 1670 1424 1702 κακίας
1436 1671 1624 1706 ἀποσχόμενος
1638 1671 1737 1704 οὕτως,
1753 1674 1792 1705 ὡς

999 1714 1102 1750 ταύτης
1126 1715 1236 1751 ὲκείνηῐ
1267 1713 1304 1742 Ὦ
1327 1716 1438 1743 πάντων
1469 1717 1676 1753 ἐπαινουμένων
1711 1719 1791 1752 μόνος

999 1761 1149 1795 ἀναφανεὶς
1168 1761 1307 1796 κολοφὼνί
1322 1760 1358 1788 Ὠ
1379 1763 1498 1796 μάλιστα
1531 1763 1582 1797 μὲν
1608 1764 1720 1790 πάντων
1744 1765 1791 1791 ἐπὶ

995 1807 1048 1842 γῆς
1078 1807 1193 1839 δοξάσας
1212 1808 1290 1841 Θεὸν,
1320 1808 1456 1842 μειζόνως
1482 1809 1511 1836 δὲ
1531 1809 1579 1836 ὑπ’
1605 1809 1686 1836 αὑτοῦ
1714 1811 1790 1842 δοξα-

996 1852 1081 1885 σθεὶς,
1105 1852 1172 1887 τῷθ’
1189 1853 1260 1888 ὑπὲρ
1274 1854 1339 1885 τοὺς
1354 1854 1454 1886 ἄλλους
1475 1855 1597 1882 ἐνταῦθα
1609 1856 1659 1890 τῆς
1676 1857 1789 1891 χάριτος

997 1898 1168 1930 ἀπολαῦσαι,
1181 1899 1230 1926 καὶ
1243 1900 1416 1936 πανταχόθεν
1429 1901 1577 1937 ἐσχηκέναι
1586 1901 1788 1937 θαυμάζεσθαι,

999 1943 1036 1979 τῷ
1047 1953 1078 1971 τε
1091 1945 1141 1979 τῆς
1156 1944 1213 1972 ἄνω
1229 1946 1397 1981 κληρουχίας
1411 1947 1599 1983 διαφερόντως
1616 1948 1711 1983 λαχεῖν
1721 1957 1728 1964 ·
1742 1951 1789 1976 καὶ

994 1991 1029 2016 τὰ
1043 1990 1140 2025 πρῶτα
1155 1992 1220 2026 παρ’
1237 1992 1312 2027 αὐτῷ
1328 1993 1507 2028 τετιμῆσθαι.

151 2030 271 2057 vicissim
289 2031 315 2058 in
335 2033 445 2061 modum
465 2042 478 2061 a
501 2035 556 2063 Deo
572 2036 675 2064 honore
687 2037 799 2066 allectus
817 2045 858 2071 et,
871 2044 928 2066 tum
948 2039 1020 2074 quod
1045 2040 1090 2066 hic
1104 2040 1169 2074 plus'
1180 2039 1244 2068 aliis
1263 2041 1348 2074 gratia
1372 2041 1456 2075 ipsius
1468 2041 1604 2070 fruebaris
1623 2048 1653 2070 et
1669 2043 1789 2078 nudique

152 2085 206 2111 quo
232 2087 395 2114 magnopere
410 2085 641 2112 commendareris
669 2085 799 2120 habebas,
823 2092 878 2114 tum
898 2087 969 2122 quod
984 2088 1122 2116 caelestem
1139 2088 1212 2115 illaut
1229 2089 1417 2116 hereditatem
1436 2097 1505 2116 unus
1517 2091 1626 2125 egregie
1647 2099 1786 2124 creveras,

153 2131 235 2161 atque
250 2129 385 2161 praecipuo
401 2131 470 2164 apud
487 2131 569 2158 Deum
588 2133 732 2161 decoratus
751 2142 814 2162 eras
837 2135 951 2163 honore.

187 2172 297 2201 CXXX.
324 2174 346 2200 Ο
375 2177 420 2209 qui
448 2176 593 2204 humanam
620 2187 814 2215 supergressus
843 2187 942 2209 sortem

1034 2182 1096 2209 PA'.
1125 2181 1159 2209 Ὦ
1187 2183 1288 2217 μείζων
1315 2184 1331 2220 ἦ
1365 2183 1428 2210 κατ’
1456 2184 1601 2219 ἄνθρωπον
1634 2185 1786 2220 νομισθεὶς,

153 2220 336 2247 credebat-isi
354 2221 418 2248 Sive
445 2223 544 2254 verius,
566 2231 582 2250 ο
607 2226 652 2259 qui
677 2226 813 2254 hominem
843 2229 942 2263 pariter

1033 2228 1096 2255 Nov
1114 2228 1152 2261 δὲ,
1174 2226 1196 2255 ὦ
1212 2229 1258 2256 τὸν
1280 2229 1329 2264 μὲν
1358 2229 1504 2264 ἄνθρωπον
1531 2230 1598 2264 ὁμοῦ
1618 2239 1648 2256 τε
1678 2231 1788 2266 παριὼν

152 2270 179 2291 et
196 2265 345 2299 superabas
361 2270 389 2293 et
413 2268 552 2295 ornabas!
579 2271 679 2304 quippe
712 2271 758 2305 qui
784 2273 942 2308 angelorum

1033 2275 1204 2309 ίκοσμήσας
1231 2275 1269 2310 τῷ
1295 2276 1357 2301 κατ’
1384 2275 1518 2309 ἀγγέλους
1543 2275 1660 2310 βιῶναιί
1687 2277 1787 2310 αὐτοὺς

153 2310 263 2337 vivebas
281 2311 374 2344 vitam,
390 2312 439 2340 hos
459 2321 522 2341 vero
547 2315 619 2349 ipsos
633 2323 665 2343 eo
698 2317 838 2352 vincebas,
870 2321 941 2354 quod

1033 2321 1151 2352 τούτους.
1167 2321 1206 2355 τῷ
1220 2321 1328 2355 μάλιστ’
1363 2321 1453 2348 αὐτῶν
1484 2321 1595 2354 δοξάσαι
1624 2323 1711 2349 Θεόν·
1739 2326 1786 2351 καὶ

154 2355 259 2382 illorum
280 2358 398 2385 maxime
430 2358 514 2386 Deum
539 2360 723 2394 collaudabas,
753 2369 781 2390 et
805 2366 941 2398 quondam

1035 2366 1080 2393 λαι
1106 2367 1155 2402 μὲν
1184 2367 1230 2393 ἐπὶ
1246 2367 1298 2401 γῆς
1314 2367 1361 2393 καὶ
1376 2367 1423 2393 νῦν
1435 2367 1458 2393 δ’
1483 2368 1637 2402 οὑχήκιστα
1653 2370 1715 2404 μετ’
1734 2371 1782 2396 αὖ-

153 2402 180 2428 in
203 2403 321 2429 terriset
346 2411 418 2431 nunc
443 2405 616 2438 potissimum
642 2415 695 2434 una
726 2416 787 2436 cum
825 2410 889 2445 ipsis
914 2412 939 2439 in

152 2448 240 2475 cmlo!
258 2448 279 2476 Ο
293 2450 529 2484 quijucundilatis
554 2453 642 2480 omnis
659 2453 758 2482 nullam
777 2456 885 2490 penitus
897 2465 942 2484 ra-

153 2491 253 2518 tionem
269 2493 400 2526 ducebas,
427 2495 479 2522 nisi
509 2503 568 2529 quae
586 2498 618 2523 ad
635 2497 761 2525 virtutem
788 2500 888 2535 Deique
903 2503 943 2528 l'a-

153 2537 337 2565 tniliaritatem
350 2541 475 2567 duceret!
493 2542 514 2568 0
528 2541 667 2571 Trinitatis
682 2545 822 2579 templum,
835 2552 862 2574 ct
879 2557 941 2584 pry-

155 2587 264 2609 tancum
278 2585 430 2620 theologiam
446 2592 474 2615 ct
499 2595 654 2616 sanctorum
683 2590 839 2624 dogmatum
859 2602 942 2622 evac-

156 2628 259 2655 IiSsima
277 2632 386 2658 norma!
413 2632 435 2660 Ο
454 2634 631 2673 disertissime
648 2639 804 2666 orationum
817 2641 942 2675 omnige-

157 2682 253 2701 u.trum
287 2676 397 2708 artifex.
447 2687 596 2715 earumque
632 2691 714 2717 super
749 2685 817 2712 alios
850 2693 944 2713 omnes

156 2721 256 2747 athleta
282 2730 516 2761 propugnatorqu
541 2729 689 2755 acerrime!
709 2729 730 2757 Ο
745 2738 822 2758 sacra
837 2733 940 2765 gratia-

157 2774 216 2794 rum
253 2767 359 2802 thensa,
389 2777 416 2798 et
434 2773 594 2800 suavissima
628 2784 733 2803 morum
758 2778 943 2811 cotieinnitas,

159 2814 275 2842 maxime
291 2817 383 2844 eadem
426 2823 453 2846 et
479 2820 648 2849 admirabilis
687 2827 714 2849 et
753 2823 941 2853 inimitalulisl

196 2905 218 2922 "
234 2906 304 2935 Psat.
326 2916 380 2943 xIx,
401 2910 439 2946 Si;
463 2911 540 2939 Rom.
559 2921 585 2945 ι,
608 2912 647 2942 l8.
688 2914 708 2928 ’⁵⁵
726 2914 746 2941 ll
768 2915 829 2943 Cor.
846 2924 870 2944 tu
892 2916 937 2944 '28.

995 2412 1048 2439 τῶν
1064 2413 1092 2439 ὲν
1107 2413 1162 2444 τοῖς
1188 2413 1323 2448 οὐρανοῖς.
1340 2410 1375 2438 Ὦ
1400 2413 1502 2444 παντὸς
1517 2413 1626 2449 ἡδίστου
1642 2415 1705 2449 μηδ’
1719 2417 1787 2442 ὁντι-

996 2459 1059 2486 νοῦν
1088 2459 1255 2493 τοπαράπαν
1288 2460 1476 2493 ποιησάμενος
1507 2459 1597 2493 λόγον,
1624 2460 1696 2494 πλὴν
1725 2462 1786 2488 ὅσον

996 2504 1035 2535 εἰς
1061 2504 1161 2538 ἀρετὴν
1176 2503 1311 2538 φέρεικαὶ
1326 2504 1393 2530 Θεοῦ
1425 2504 1569 2536 ξυναυλίαν
1593 2507 1599 2532 l
1616 2504 1650 2532 Ὦ
1671 2507 1785 2542 Τριάδος

996 2550 1084 2581 ἑστία,
1107 2550 1155 2576 καὶ
1183 2552 1349 2584 πρυτανεῖον
1375 2551 1530 2585 θεολογίας,
1564 2553 1611 2578 καὶ
1640 2554 1784 2588 δογμάτων

995 2596 1124 2630 ἀκρ’6εια
1139 2596 1145 2622 !
1160 2593 1197 2623 Ὠ
1208 2597 1388 2624 παντοδαπῶν
1410 2597 1498 2630 λόγων
1513 2599 1634 2633 τεχνίτα,
1662 2607 1710 2626 και
1727 2601 1786 2627 τού-

996 2650 1050 2667 των
1069 2641 1141 2677 ὖπὲρ
1171 2643 1276 2674 πάντας
1306 2643 1456 2676 ἀγωνιστὰ,
1480 2643 1528 2670 καὶ
1563 2645 1640 2680 ἇρμα
1668 2647 1785 2680 χαρίτων

996 2689 1046 2714 καὶ
1073 2688 1145 2723 ἠθῶν
1159 2689 1293 2723 εὐκοσμία
1310 2709 1317 2720 ,
1336 2689 1539 2726 θαυμαζομένη
1560 2692 1619 2726 μὲν,
1638 2692 1784 2726 ζηλοῦσθαι

997 2733 1019 2759 δ’
1035 2733 1195 2768 ἀνέφικτοςὶ
1211 2733 1247 2761 Ὢ
1260 2734 1298 2770 μὴ
1327 2735 1408 2770 μόνον
1436 2745 1445 2762 ι
1468 2737 1583 2771 οὐρανὸς
1609 2738 1784 2773 διηγούμενος

998 2780 1048 2815 τὴν
1063 2780 1143 2813 δόξαν
1157 2781 1235 2813 Θεοῦ,
1253 2791 1263 2808 ι
1282 2781 1351 2808 ἀλλὰ
1372 2784 1421 2808 καὶ
1451 2783 1556 2815 πάντας
1585 2785 1654 2819 πρὸς
1670 2786 1783 2820 οὐρανὸν

1001 2827 1131 2862 μεθιστὰς
1146 2847 1153 2862 ,
1172 2828 1219 2855 καὶ
1233 2829 1293 2861 ταῖς
1314 2828 1486 2864 θαυμασταῖς
1497 2830 1650 2865 ὑποθήκαις
1665 2831 1720 2859 τῶν
1732 2832 1782 2858 σῶν
