1878 3060
61 179 114 211 349

527 181 724 214 LAUDATIO
744 183 776 215 S.
791 183 982 214 GREGORII
1001 182 1210 214 THEOLOGI.

1649 180 1700 211 3'0

60 237 160 271 λόγων,
183 236 264 267 θεοὺς
290 237 392 268 αὐτοὺς
418 238 550 270 καθιστάς
566 239 573 266 !
588 237 623 266 Ὦ
668 240 755 267 ποικοῦ
780 249 854 273 τινος

956 248 1010 268 non
1045 240 1126 268 modo
1139 250 1149 266 ι
1167 238 1266 267 εωιιιηι
1285 245 1418 266 enarrana
1450 238 1563 273 gloriam
1579 237 1626 264 Dei
1637 237 1670 268 ",
1689 247 1698 262 ι

63 283 169 318 κτῆσιν,
187 283 244 310 οὐδ’
273 284 303 310 ἒν
319 285 471 320 αὐτονομίᾳ
488 285 543 313 τῶν
565 285 704 322 λογισμῶν
721 287 857 322 ἐσχηκὼς,

64 330 154 356 πάντα
174 329 202 356 δὲ
217 329 252 356 τὰ
265 331 402 358 κάλλιστα
416 331 464 358 καὶ
496 333 670 366 κτησάμενος
695 333 744 360 καὶ
774 342 859 369 μεγα-

63 374 186 408 imbelle;
215 375 275 406 τοῖς
301 375 392 407 ἄλλοις
419 379 623 412 παρεσχηκώςί
640 375 675 404 Ὦ
703 378 774 405 κατὰ
802 380 857 406 πᾶν

64 421 77 445 ὁ
91 429 118 446 τι
132 420 165 447 ἄν
181 421 256 447 εἴποι
273 430 328 452 τις,
351 422 408 449 τῶν
427 422 585 457 βελτίστων,
602 424 730 452 τοσοῦτον
752 425 857 460 ἐκλάμ-

64 465 127 498 ψας,
144 465 182 497 ὡς
198 466 254 492 ἀπὸ
267 466 316 492 σοῦ
337 467 437 501 μᾶλλον
454 468 470 503 ἢ
485 469 603 502 πρόσθεν
619 470 696 496 τουτὶ
719 471 859 506 κεκοσμῆ-

67 510 139 543 σθαι,
155 512 204 538 καὶ
219 511 411 548 ποθεινότερον
420 515 488 540 πᾶσι
501 514 570 549 πρὸς
586 515 617 541 τὺ
632 515 785 551 κεχρῆσθαι
812 524 859 550 γε·

65 555 158 582 νέσθαι
173 558 180 583 !

912 288 959 314 sed
973 291 1000 314 et
1021 294 1116 314 omnes
1129 287 1161 313 ad
1176 286 1275 313 caelum
1295 284 1453 317 traducens,
1468 288 1496 310 et
1513 283 1612 311 divinis
1641 288 1702 309 tua-

912 339 972 359 rum
1006 332 1158 358 orationum
1183 331 1295 359 monitis
1327 330 1404 357 divos
1433 330 1506 364 ipsos
1533 329 1664 356 reddens!
1682 329 1703 355 0

912 378 958 413 qui
976 378 1034 405 vitii
1051 378 1163 412 alicujus
1179 386 1257 405 usum
1270 377 1449 412 habitumque
1468 384 1501 404 ne
1518 377 1544 403 in
1562 375 1703 402 liberrimo

911 424 1106 459 cogitationum
1134 423 1247 451 arbitrio
1268 423 1397 456 habebas,
1420 422 1521 456 optima
1535 428 1599 448 vero
1611 421 1703 448 omnia

909 476 937 499 et
950 472 1007 506 ipse
1028 471 1197 506 possidebas,
1212 475 1239 497 et
1262 470 1406 505 magnifice
1421 468 1627 502 liberaliterque
1640 474 1702 493 cum

911 517 972 543 aliis
990 516 1225 544 communicabasl
1241 515 1264 542 Ο
1279 516 1325 549 qui
1354 515 1503 542 secundum
1519 513 1544 540 id
1561 519 1640 540 omne
1660 519 1705 538 re-

912 569 972 589 rum
988 561 1164 596 optimarum,
1179 561 1252 596 quod
1275 560 1411 587 nominari
1427 567 1440 586 a
1457 567 1591 594 quoquam
1607 557 1702 592 possit,

66 611 151 638 usque
175 606 245 632 adeo
265 606 488 640 cxsplendueras,
507 611 536 634 ut
559 608 612 636 hoc
637 608 726 643 ipsum
763 608 823 644 plus
848 608 896 636 abs
924 613 962 641 te,
983 616 1065 643 quam
1090 613 1168 635 antea
1191 608 1319 640 habebat,
1342 607 1478 642 acceperit
1500 605 1664 638 ornamenti,
1678 607 1705 631 et

65 650 193 676 omnibus
207 651 242 676 ad
264 658 343 678 usum
361 652 567 680 desiderabilius
580 654 714 681 evaserit!

101 695 184 723 PAA'.
208 705 217 722 ι
234 694 269 723 Ὠ
281 697 570 736 γλῶσσανπυρίπνους
599 701 645 726 καὶ
671 701 758 736 στόμα
786 702 862 736 μελι-

68 743 177 775 σταγὲς,
199 753 208 768 ι
229 744 278 769 καὶ
293 743 394 778 κιθάρα
408 744 454 771 τοῦ
468 745 636 780 Πνεύματος,
658 748 690 782 τῇ
711 747 754 774 διὰ
768 747 863 774 πασῶν

68 789 199 823 χαρίτων,
220 789 259 820 ὡς
275 789 375 822 εἰπεῖν,
394 790 523 826 ἁρμονίᾳ,
536 792 640 824 πάντας
659 793 728 827 μετὰ
741 793 787 819 τοῦ
808 793 862 820 σὼ-

68 834 123 865 ζειν
141 834 218 869 ἔχειν
232 835 369 868 κηλοῦσα.
383 836 430 862 καὶ
444 837 493 869 τὰς
506 837 594 872 ψυχὰς
613 838 720 869 ἐνθέους
747 839 863 874 ἐργαζο-

70 881 135 915 μένη
157 880 208 907 καὶ
231 881 421 916 βακχευούσας
447 884 481 910 τὰ
499 883 607 919 ᾶρρητα
623 885 629 910 !
645 882 680 910 Ὦ
697 885 743 912 καὶ
759 885 862 913 τούτων

69 926 183 952 ἕκαστον
196 925 235 952 ὣν
248 927 310 962 μεθ’
322 928 485 963 ὑπερϐολῆς,
505 930 552 956 καὶ
568 931 656 957 πάντα
669 931 736 965 ὁμοῦ
747 932 752 959 l
765 930 801 958 Ὦ
816 933 863 959 καὶ

70 972 206 1005 κρείττων
238 973 368 1000 ἁπάντων
405 975 452 1001 καὶ
478 975 591 1010 προσέτι
631 977 742 1003 σαυτοῦ’
777 978 866 1004 ἐκεῖνο

73 1017 134 1051 μὲ),
153 1014 196 1049 οἷς
208 1018 249 1054 (ί)
269 1020 425 1054 ὑπερέχεις·
442 1020 522 1047 τοῦτο
537 1021 576 1055 δὲ,
592 1020 632 1053 οἷς
648 1024 677 1048 ἐν
694 1023 800 1058 ἑκάστῳ
812 1024 867 1050 τῶν

72 1063 125 1089 σῶν
142 1065 247 1091 σαυτὸν
261 1065 350 1097 δοκεῖς
368 1067 514 1102 ὑπερέχειν
531 1068 538 1094 l
556 1066 592 1094 Ὦ
617 1069 727 1095 πάντων
742 1069 796 1096 τῶν
820 1069 867 1096 τοῦ

73 1109 237 1145 Πνεύματος
253 1113 434 1146 χαρισμάτων
450 1115 531 1148 μόνος
546 1114 710 1150 ἠξιωμένος,
731 1116 764 1142 ἄν
777 1124 805 1142 τε
821 1117 868 1143 καὶ

73 1156 153 1188 μόνος
182 1157 218 1183 τὰ
244 1157 324 1184 τοῦδε
350 1159 470 1193 μάλιστα
500 1161 610 1187 πάντων
641 1161 804 1196 ἐξητακὼς,
821 1163 868 1189 καὶ

77 1202 148 1235 μετὰ
163 1202 264 1229 τούτου
279 1204 426 1238 τιμέγιστ’
439 1205 515 1240 αὐτῷ
544 1207 734 1242 συναράμενος
752 1208 800 1235 καὶ
824 1217 870 1235 κο-

75 1248 183 1283 σμήσας
195 1250 201 1276 l
217 1246 253 1276 Ὠ
263 1249 291 1276 τί
302 1250 336 1276 ἄν
348 1250 377 1276 σέ
393 1259 435 1282 τις
446 1251 601 1286 προσειπὼν
614 1252 661 1279 τοῦ
683 1253 869 1289 προσήκοντος

74 1296 151 1330 τύχοι
163 1297 212 1323 καὶ
233 1294 273 1324 ὧν
288 1296 438 1333 ἀξιόχρεως
454 1296 496 1325 εἴ]
518 1298 549 1325 El
565 1299 621 1334 γάρ
639 1308 701 1326 τινα
715 1300 772 1327 τῶν
801 1300 870 1326 πάν-

75 1349 130 1366 των
157 1349 166 1365 ι
182 1341 290 1376 κόσμου
307 1342 397 1377 ψυχὴν
417 1353 426 1369 ι
440 1344 494 1379 χρὴ
512 1346 686 1379 προσειπεῖν,
716 1346 763 1372 καὶ
792 1356 801 1371 ι
823 1355 870 1372 κε-

74 1387 191 1420 φάλαιον
210 1388 315 1423 ἀρετῆς
341 1389 388 1415 καὶ
409 1388 489 1416 Θείων
515 1390 715 1425 ἐπιταγμάτων
748 1391 871 1427 ἔμψυχον

75 1433 169 1460 δέλτον
189 1443 198 1459 ›
225 1435 273 1461 καὶ
303 1443 312 1460 ι
343 1435 427 1461 καλοῦ
457 1436 558 1467 παντὸς
584 1437 751 1471 συστοιχίαν,
780 1448 789 1464 ι
824 1438 871 1465 καί

80 1489 88 1504 ι
102 1478 210 1514 φύσεως
225 1479 272 1514 τῆς
290 1479 463 1516 ἀνθρωπείας
476 1481 569 1508 είιιόνα
578 1483 623 1509 καὶ
634 1483 724 1517 ὄρονρ
746 1484 794 1510 καὶ
804 1483 872 1515 ὅλως

80 1535 90 1550 ι
110 1525 162 1552 τῶν
179 1526 250 1561 πρὸς
265 1527 341 1561 ἡμᾶς
362 1526 408 1553 τοῦ
433 1527 501 1554 Θεοῦ
525 1528 657 1562 χαρίτων,
672 1530 804 1564 μεγίστην
825 1530 873 1556 καὶ

77 1573 330 1608 κοινωφελεστάτην
346 1574 502 1609 φιλοτιμίαν
511 1582 518 1590 ·
532 1583 542 1600 ›
554 1575 601 1602 καὶ
615 1576 668 1602 πᾶν
680 1576 694 1602 ὅ
705 1584 730 1602 τι
742 1575 873 1610 τοιοῦτον,

78 1618 158 1651 μῆνος
174 1618 208 1645 ἂν
226 1626 272 1652 μοι
287 1617 368 1653 δοκῇς
390 1618 502 1650 δικαίως
517 1620 595 1645 ταυτὶ
615 1621 824 1656 προσειρῆσθαι.

950 700 1068 729 CXXXI.
1087 709 1097 726 ι
1110 699 1132 727 0
1145 699 1236 734 lingua
1248 699 1401 731 ﬂammans,
1411 698 1544 732 mellaque
1552 705 1583 725 os
1591 697 1703 732 llymet-

918 748 965 780 tia,
988 757 997 774 ι
1013 751 1040 775 et
1056 746 1161 774 cithara
1180 745 1299 780 Spiritus
1320 744 1705 780 sancti,mquabiliperomncs

916 793 1029 828 gratias,
1043 793 1122 819 utsic
1133 793 1284 827 loquamur,
1301 795 1447 822 concentu,
1463 798 1569 823 omnes,
1579 797 1630 816 una
1643 796 1705 816 cum

917 839 1042 866 lncnltate
1067 838 1203 869 servandi,
1225 837 1392 870 demulcens,
1419 837 1579 870 animasque
1606 836 1698 862 divino

916 885 1032 912 Numine
1045 885 1200 916 instinctas,
1225 888 1251 910 et
1280 882 1471 910 inenarrabilia
1495 883 1617 916 quaedam
1644 881 1706 908 bar-

916 931 1040 963 chantes,
1057 929 1197 958 efﬁciens!
1212 929 1234 957 Ο
1246 930 1292 966 qui
1306 935 1333 957 et
1351 929 1456 963 singula
1471 929 1570 962 haecce,
1585 933 1611 955 et
1627 928 1707 962 plane

917 986 979 1005 cum
996 977 1181 1012 superlatione
1194 984 1234 1010 es,
1248 982 1274 1004 et
1289 976 1369 1004 simul
1382 976 1491 1003 omnia!
1505 975 1528 1003 0
1543 980 1569 1003 et
1585 975 1706 1002 omnium

918 1029 943 1052 ct
959 1024 997 1051 tui
1014 1029 1145 1060 praeterea
1171 1024 1257 1058 ipsius
1281 1023 1382 1050 victor:
1399 1023 1464 1050 illud
1480 1023 1540 1050 ideo
1574 1021 1646 1056 quod
1664 1027 1708 1047 reo

919 1079 981 1098 vera
1013 1070 1140 1098 outnibus
1167 1074 1302 1105 przestas,
1331 1070 1383 1098 hoc
1402 1074 1493 1097 autem
1520 1069 1647 1104 quoniam
1680 1067 1706 1094 in

919 1124 1081 1151 unaquaque
1101 1124 1130 1143 re
1152 1121 1196 1143 tua
1226 1117 1398 1152 temetipsum
1424 1122 1554 1150 superare
1581 1113 1706 1141 videris!

919 1162 941 1190 0
954 1163 1000 1197 qui
1017 1163 1090 1190 solus
1105 1163 1234 1191 omnibus
1251 1162 1368 1195 Spiritus
1381 1161 1467 1189 sancti
1481 1159 1641 1188 muneribus
1656 1159 1707 1186 do-

920 1214 992 1237 tatus
1018 1217 1099 1242 eras,
1124 1210 1222 1245 quippe
1254 1209 1328 1237 solus
1356 1208 1419 1235 item
1440 1207 1558 1234 maxime
1586 1206 1708 1233 omnium

921 1260 1046 1282 naturam
1065 1255 1136 1283 illius
1153 1259 1353 1290 perscrutatus,
1372 1258 1399 1281 et
1424 1253 1470 1288 qui
1485 1260 1536 1287 0pc
1555 1251 1628 1279 illius
1648 1259 1708 1278 ma-

921 1302 1021 1329 ximam
1037 1301 1073 1328 illi
1094 1309 1186 1336 opem,
1202 1307 1326 1335 operam,
1341 1304 1481 1329 ornatum,
1505 1296 1646 1326 contulisti
1660 1296 1666 1322 l
1688 1295 1710 1323 Ο

922 1355 1039 1382 quonam
1066 1351 1090 1374 te
1106 1347 1273 1381 compellans
1288 1345 1409 1376 nomine,
1426 1343 1493 1372 satis
1511 1343 1666 1378 appositum
1682 1347 1711 1369 et

923 1399 948 1421 te
961 1394 1082 1428 dignum,
1095 1393 1238 1428 quisquam
1256 1391 1377 1426 reperire
1392 1391 1476 1425 possit
1496 1390 1552 1424 (2|)
1567 1389 1573 1415 ί
1596 1390 1622 1415 δί
1637 1389 1709 1416 enim

924 1438 1041 1472 aliquem
1058 1437 1215 1465 mortalium
1230 1437 1351 1463 omnium
1367 1444 1376 1461 ι
1388 1435 1506 1462 animant
1522 1434 1627 1464 mundi,
1640 1443 1649 1458 ι
1668 1432 1710 1460 fas

925 1484 1078 1519 appellare;
1106 1483 1128 1511 si
1145 1490 1223 1518 quem
1238 1491 1247 1508 ι
1269 1486 1350 1515 caput
1370 1481 1490 1513 virtutis,
1508 1484 1535 1508 et
1556 1479 1710 1506 divinorum

925 1534 1120 1564 praeceptorum
1130 1530 1278 1557 animatum
1288 1528 1426 1561 codicem;
1441 1537 1450 1554 ι
1464 1527 1487 1554 si
1499 1533 1578 1561 quem
1593 1535 1602 1551 ι
1613 1525 1710 1559 conju-

926 1582 1014 1612 gatam
1030 1575 1134 1610 pulchri
1148 1576 1236 1603 omnis
1250 1576 1365 1608 seriem;
1384 1583 1393 1601 ι
1406 1574 1429 1601 si
1439 1581 1518 1608 quem
1530 1582 1540 1598 ι
1553 1578 1710 1607 expressam

887 1628 909 1658 ο
927 1628 1030 1650 natura:
1046 1623 1172 1650 humanae
1188 1622 1333 1657 imaginem
1352 1626 1379 1648 ct
1394 1621 1555 1653 terminum;
1581 1619 1614 1646 ad
1633 1626 1711 1645 sum.

77 1665 192 1695 ma:n,si
207 1671 290 1698 quem
305 1673 313 1690 ι
328 1664 480 1692 divinorunt
493 1673 555 1700 erga
568 1673 618 1693 nos
631 1667 823 1694 beneﬁciorum
838 1668 995 1703 maximam,
1009 1675 1035 1696 et
1048 1669 1155 1705 publico
1168 1670 1310 1697 commodo
1322 1675 1425 1696 summe
1443 1665 1639 1695 conducibilem
1653 1672 1713 1692 nta-

78 1710 275 1745 gniﬁcentiam,
291 1721 300 1738 ι
316 1717 342 1739 et
356 1712 487 1747 quidquid
503 1713 657 1748 hujusmodi
671 1715 818 1750 elogiorum
834 1721 887 1749 est,
899 1717 932 1744 iis
949 1718 1014 1745 solis
1027 1718 1089 1752 jure
1103 1722 1131 1745 et
1147 1718 1244 1744 merito
1263 1721 1290 1745 tu
1310 1716 1375 1743 mihi
1387 1715 1560 1744 cohonestari
1581 1713 1711 1742 videaris.

113 1758 201 1784 PAB’.
219 1759 304 1792 Ἀλλ’,
324 1756 346 1786 ὦ
360 1760 405 1787 διὰ
417 1761 527 1788 πάντων
545 1761 668 1796 βέλτιστε
681 1764 805 1797 πάντων,
825 1765 872 1792 καὶ

79 1803 128 1837 τῆς
150 1802 319 1838 ὖπερουσίου
330 1807 377 1833 καὶ
393 1807 541 1842 μοναδικῆς
555 1809 671 1844 Τριάδος
692 1809 788 1845 γνήσιε
805 1819 873 1846 πρε-

82 1850 195 1882 σὸευτὰ,
211 1851 247 1877 τὰ
268 1851 318 1885 μὲν
333 1853 399 1887 παρ’
411 1853 479 1888 ἐμοῦ
497 1862 538 1880 σοι
548 1855 672 1889 τοιαῦτα,
689 1855 789 1890 μᾶλλον
801 1856 828 1883 δὲ
839 1857 872 1884 τὰ

82 1897 114 1923 σὰ
127 1897 176 1924 καὶ
195 1895 234 1924 ὧν
261 1899 344 1930 αὐτὸς
362 1897 388 1925 εἴ
400 1901 537 1936 χορηγόςί
553 1898 593 1932 οἷς
605 1901 660 1936 γὰρ
681 1902 710 1928 οὐ
736 1902 816 1937 μόνον
839 1903 872 1929 ὲκ

81 1942 135 1969 τῶν
152 1943 209 1969 σῶν
225 1944 377 1978 ένδοσίμων
393 1955 422 1972 τε
439 1948 486 1973 καὶ
510 1947 642 1982 χαρίτων,
667 1947 734 1983 πρὸς
764 1948 814 1982 τὴν
831 1949 874 1982 ὲγ-

81 1988 207 2023 χείρησιν
227 1989 315 2023 ἡδέως
331 1988 360 2017 εὖ
377 1991 451 2026 μάλα
465 1993 612 2028 κατέστην,
631 1989 669 2020 ὧν
693 1993 811 2028 πρῆσθεν
826 2002 875 2020 κα-

82 2034 173 2067 Θὰπαξ
192 2035 352 2069 ἀπώκνουν,
364 2037 403 2073 τῷ
436 2039 547 2073 μεγέθει
565 2039 612 2066 τοῦ
640 2039 802 2075 πράγματος
830 2040 877 2066 ὲκ-

84 2081 285 2116 πληττόμενος,
310 2083 378 2110 ἀλλὰ
399 2085 447 2111 καὶ
464 2085 534 2119 μετὰ
560 2086 610 2121 τὴν
637 2087 806 2122 ἐγχείρησιν¹
831 2088 874 2123 ἐφ’

83 2127 154 2154 οὕτω
172 2136 215 2154 τοι
244 2128 330 2163 τύχης
352 2130 428 2162 ἰόντι,
448 2132 485 2163 ὡς
496 2132 563 2167 πρὸς
579 2132 671 2165 αὑτοτς
700 2135 794 2169 σχεδὸν
823 2135 873 2171 ἤδη

83 2174 230 2206 γεγονέναι
246 2176 303 2206 τοῖς
320 2176 458 2210 ἐπιλόγοις
475 2177 520 2204 τοῦ
534 2178 592 2213 βίου
619 2179 658 2214 τῷ
688 2181 810 2215 περιόντι
825 2182 877 2215 τῆς

85 2221 178 2251 visat),
198 2223 248 2248 καὶ
264 2223 378 2256 μονονοὺ
394 2223 444 2258 τὴν
467 2223 599 2259 τελευτὴν
626 2227 775 2261 προσορᾷν,
794 2235 876 2254 παια-

85 2266 160 2293 νικδν
172 2267 259 2299 εὐθὺς
277 2268 393 2302 γέγονας
416 2269 494 2301 ἄκος,
515 2271 562 2296 καὶ
582 2271 611 2296 οὗ
631 2272 768 2305 περιεῖδες
783 2273 878 2308 δεόμε-

85 2321 139 2343 νον,
164 2313 194 2346 ἐξ
208 2314 263 2348 ἄρα
279 2314 383 2340 τούτων
401 2316 606 2350 ἀποφαίνεσθαι
620 2317 709 2350 δίδως,
726 2318 762 2349 ὡς
779 2319 796 2346 ἃ
812 2320 877 2355 παρ’

86 2357 153 2391 ἐμοῦ
167 2359 207 2394 τῷ
220 2359 310 2386 δοκεῖν
324 2360 373 2396 ήδη
390 2361 551 2395 λαμϐάνεις,
564 2363 640 2398 παρὰ
654 2363 753 2390 σαυτοῦ
780 2365 878 2396 τῳόντι

87 2404 260 2439 λαμϐάνεις·
293 2407 339 2432 καὶ
364 2403 402 2433 ὧν
430 2408 503 2442 ἡμᾶς
524 2406 552 2434 εὖ
579 2410 746 2443 πεποίηκας,
773 2419 877 2438 τουτων

90 2451 151 2481 τοὺς
165 2452 294 2487 καρποὺς
310 2453 451 2489 ἀποφέρῃ·
468 2455 481 2480 ὁ
497 2454 579 2486 αὐτὸς
589 2454 708 2488 γεγονὼς
725 2456 772 2481 τοῦ
798 2456 878 2489 λόγου

91 2498 138 2524 καὶ
151 2498 307 2533 βραὸευτὴς
317 2500 363 2526 καὶ
376 2500 580 2536 συναγωνιστὴς
598 2502 644 2528 καὶ
657 2501 790 2536 τεχνίτης.
806 2501 878 2529 Εἶεν·

91 2544 159 2570 οὕτω
168 2547 246 2580 παρὰ
261 2546 362 2572 σαυτοῦ
380 2547 456 2574 ταῦτ’
469 2547 541 2582 ἔχεις
555 2548 657 2575 λαϐών.

961 1765 1089 1793 CXXXII.
1102 1765 1140 1792 Tu
1149 1773 1224 1799 vero,
1233 1774 1250 1793 ο
1260 1765 1380 1792 ontnium
1390 1765 1418 1792 in
1427 1765 1553 1791 omnibus
1562 1763 1663 1798 optime
1672 1763 1713 1789 vir

924 1816 952 1840 et
964 1813 1082 1839 essentia
1095 1813 1167 1839 omni
1184 1811 1344 1846 superioris,
1356 1811 1490 1845 planeque
1505 1808 1699 1842 singularis,di

925 1858 993 1884 vina:
1008 1857 1149 1884 Trinitatis
1162 1863 1291 1892 germane
1308 1855 1438 1883 sacerdos
1447 1860 1529 1889 atque
1539 1854 1710 1888 praedicator,

924 1910 984 1938 quae
1001 1911 1014 1929 τι
1029 1911 1072 1930 me
1085 1903 1118 1930 ad
1137 1910 1233 1929 nomen
1248 1906 1321 1928 ttutm
1334 1901 1485 1928 ornandum
1502 1898 1620 1926 conferri
1638 1904 1711 1933 pote-

925 1955 996 1983 rant,
1017 1951 1073 1978 hazc
1090 1954 1118 1977 et
1133 1949 1321 1984 hujuscemodi
1338 1950 1413 1979 sunt,
1430 1950 1478 1973 aut
1505 1946 1595 1972 verius
1611 1949 1655 1971 tua
1684 1949 1719 1971 ct.

926 1997 974 2023 abs
991 2001 1017 2022 te
1033 1996 1092 2031 ipso
1109 1995 1186 2022 nobis
1205 1993 1357 2028 impertita.
1379 1992 1492 2025 Quando
1507 1991 1580 2017 enitn
1597 1998 1648 2017 non
1665 1998 1713 2017 so-

926 2042 981 2069 lum
997 2045 1042 2068 tuo
1058 2042 1187 2068 instinctu
1203 2040 1368 2074 monituque,
1384 2043 1482 2073 tuaque
1502 2036 1714 2064 adminiculante

928 2089 1026 2124 gratia,
1045 2088 1078 2116 ad
1093 2088 1143 2115 hoc
1158 2087 1307 2123 negotium,
1322 2093 1336 2112 a
1353 2093 1406 2121 quo
1423 2089 1513 2117 antea,
1527 2084 1713 2119 magnitudine

928 2135 1002 2162 illius
1020 2134 1177 2166 deterritus,
1196 2132 1371 2160 vehementer
1396 2131 1589 2164 abltorreham,
1608 2137 1713 2157 summa

930 2182 1012 2209 animi
1028 2181 1168 2209 alacritate
1184 2187 1328 2216 aggressus
1343 2186 1415 2211 sum,
1432 2178 1479 2205 sed
1497 2177 1541 2204 illo
1556 2178 1638 2204 ctiatn
1654 2183 1714 2202 sus-

929 2233 1019 2263 cepto,
1036 2235 1096 2255 cum
1124 2228 1149 2254 in
1167 2234 1227 2254 eam
1241 2226 1375 2254 venissem
1392 2225 1538 2254 fortunam,
1552 2228 1580 2249 ut
1597 2222 1713 2249 maxima

928 2274 1014 2301 morbi
1031 2273 1055 2300 vi
1071 2274 1103 2300 ad
1124 2273 1210 2307 ipsam
1227 2272 1285 2299 fere
1305 2272 1367 2299 vitae
1378 2270 1583 2298 conclusionem
1598 2269 1718 2294 adducto

927 2328 1047 2356 prwscns
1065 2324 1168 2346 tantum
1187 2323 1312 2346 nouantc
1328 2318 1422 2344 oculos
1448 2316 1530 2342 [illum
1549 2317 1715 2342 versaretur,

928 2368 972 2394 hic
989 2372 1015 2394 tu
1031 2365 1180 2401 paeonicum
1206 2371 1233 2392 et
1258 2364 1380 2391 salutare
1409 2361 1558 2389 remedium
1585 2359 1716 2386 continuo

931 2414 1076 2445 i'utstl,ucc
1087 2419 1164 2446 opem
1181 2415 1252 2438 tuam
1270 2410 1435 2445 ﬂagitantem
1450 2412 1610 2441 aspernatus
1622 2414 1662 2433 es.
1678 2406 1716 2433 Ea

932 2460 1012 2494 igitur
1026 2467 1055 2486 re
1070 2457 1220 2485 aﬂirmandi
1241 2456 1318 2484 nobis
1335 2463 1443 2482 causam
1457 2455 1571 2489 praebes,
1582 2454 1648 2486 lia-.c,
1658 2460 1717 2487 qua:

934 2510 1016 2534 nunc,
1035 2507 1064 2528 ut.
1081 2502 1195 2533 videtur,
1215 2509 1228 2527 a
1248 2508 1291 2528 me
1305 2500 1416 2534 accipis,
1434 2506 1497 2526 vere
1509 2502 1535 2525 te
1554 2499 1602 2525 abs
1620 2502 1717 2524 temet-

935 2549 992 2583 ipso
1006 2547 1141 2582 accipere,
1154 2551 1181 2574 et
1194 2546 1284 2573 collati
1298 2546 1324 2573 in
1349 2553 1398 2573 nos
1420 2543 1542 2572 beneﬁcii
1560 2544 1640 2571 hosce
1656 2550 1717 2577 per-

94 2592 180 2625 cipere
205 2593 321 2624 fructus,
343 2595 450 2628 quando
482 2594 551 2621 idem
569 2596 700 2623 oratiOnis
724 2596 814 2624 editor
833 2603 865 2623 ac
885 2596 1066 2626 munerarius,
1084 2593 1155 2621 idem
1170 2593 1278 2627 adjutor
1305 2599 1387 2628 atque
1425 2591 1593 2619 architectus
1634 2590 1719 2621 fuisti,

95 2645 157 2665 Sane
173 2646 240 2665 vero
258 2640 294 2666 ita
315 2640 436 2674 profecto
460 2642 508 2669 abs
533 2647 558 2669 te
576 2643 635 2677 ipso
655 2644 712 2671 haec
738 2644 822 2671 habes
838 2647 961 2679 accepta.

128 2688 214 2714 PAI".
247 2689 326 2714 Δυοίν
348 2688 376 2714 δὲ
400 2689 485 2715 ὄντων
508 2690 635 2717 πλείστου
651 2690 735 2724 ἀξίων
748 2693 795 2718 καὶ
814 2691 883 2718 πάνυ

96 2733 282 2770 διαφερόντων
304 2735 370 2769 ἡμῖν
385 2735 422 2766 ὡς
437 2735 467 2762 τὸ
482 2737 536 2763 πᾶν
552 2737 727 2771 συνεχόντων,
743 2737 884 2770 εὐσεϐείας

95 2780 164 2814 λέγω
178 2781 228 2807 καὶ
252 2780 405 2815 βασιλείας,
424 2781 461 2816 μὴ
473 2781 607 2815 διαλίποις
624 2785 672 2820 τὴν
688 2784 747 2820 μὲν,
763 2785 880 2819 όικλονη-

130 2864 152 2880 "
169 2864 243 2892 Psal.
261 2872 318 2896 xu,
332 2863 361 2891 εὶ.

131 2923 168 2955 (Il
189 2923 230 2950 .\n
250 2921 429 2953 rcpclcuduut
443 2921 586 2952 ἅπανταςῖ

968 2689 1110 2718 CXXXIII.
1126 2688 1260 2717 Caeterum
1271 2696 1332 2716 cum
1342 2689 1400 2715 dum
1409 2688 1530 2722 quaedam
1541 2688 1649 2714 maximi
1661 2693 1719 2713 mo-

936 2737 1029 2769 menti,
1044 2742 1071 2764 et
1085 2736 1118 2762 ad
1133 2743 1181 2763 nos
1195 2742 1276 2770 quattt
1290 2734 1407 2761 maxime
1431 2733 1609 2768 pertinentes,
1626 2737 1720 2768 utpote

934 2789 1033 2812 cmtcra
1045 2784 1134 2811 omnia
1144 2783 1169 2810 in
1178 2791 1207 2810 se
1215 2781 1371 2818 complcxm,
1381 2788 1423 2808 res
1432 2784 1504 2812 sunt,
1515 2788 1577 2807 vera
1589 2779 1716 2807 nimirum

971 2921 1028 2951 (“lli
1043 2921 1080 2948 Ex
1098 2921 1237 2950 Demosth.
1254 2920 1289 2948 De
1304 2927 1409 2949 corona.
1427 2919 1453 2946 8.
