1878 3060
95 143 145 174 3τῖ
487 145 632 175 ORATIO
653 146 703 175 AD
721 145 907 184 ANGEL‘UM
929 148 1318 181 STRATOPEDARCIIAM.
1669 152 1722 183 318

92 212 177 236 ⁴τριον.
195 204 226 230 τὸ
236 203 354 236 δεδωκδς
373 204 423 239 τῆς
446 205 529 240 τιμῆς
544 205 590 231 καὶ
609 205 656 232 τοῦ
683 205 778 239 γένους
795 207 833 232 ὲχι

982 207 1068 234 uriam
1087 209 1223 242 perpessis
1239 208 1271 235 ad
1299 217 1362 236 ettttt
1380 209 1460 244 plane
1484 209 1603 239 modum,
1633 200 1720 244 eaque

93 250 215 285 λογισμῷ
232 251 374 285 μεθιέντα.

978 262 1002 280 ra
1017 261 1049 280 ac
1074 254 1219 281 sedulitate
1243 255 1308 282 ades
1322 275 1329 287 ,
1353 260 1435 290 atque
1457 255 1480 282 si
1500 257 1719 282 necessariorum

96 300 203 324 tuorunt
218 297 337 325 dicenda
353 298 404 325 tibi
424 305 505 326 causa
530 304 613 326 esset.
639 298 678 326 lta
716 304 763 331 ut,
795 299 922 334 quamvis
941 299 1179 327 absurdiusculum
1208 300 1284 327 dictu
1308 301 1353 334 sit,
1378 302 1445 336 ipsis
1469 302 1521 328 hac
1547 306 1623 336 parte
1653 309 1722 336 pene

95 351 169 371 suam
183 348 319 378 prodesse
336 346 451 373 dixerim
469 346 617 381 iacturam,
633 346 707 381 quod
724 348 1009 374 talrmnanciscontur
1026 348 1190 383 adiutorem.
1227 348 1362 376 Caeterum
1397 355 1427 376 ut
1461 349 1560 376 decora
1581 350 1638 376 [nec
1670 350 1719 376 tib.

93 397 158 417 sane
183 394 261 422 sunt,
287 390 450 426 nullumque
469 392 531 419 aliis
559 393 743 426 exsuperandi
768 393 880 419 modum
900 393 1013 426 habent,
1047 394 1176 428 quocirca
1202 402 1282 421 ttetno
1308 395 1373 422 item
1408 399 1460 425 est,
1478 395 1524 429 qui
1540 395 1657 430 palmant
1673 394 1721 421 tibi

92 435 204 463 dubiam
230 436 324 464 facere
348 437 434 464 ausit.
467 437 505 465 Ita
533 438 622 472 pluris
647 439 700 466 hoc
724 444 812 466 tamen
827 443 880 472 est,
901 440 973 474 quod
1006 440 1068 467 talis
1100 447 1163 466 cum
1176 440 1339 472 sis,nullum
1355 441 1382 468 in
1400 445 1425 468 te
1440 442 1580 476 iactantia:
1593 446 1722 475 appareat

91 483 250 518 vestigium,
270 491 362 518 neque
378 484 555 520 gloriosiores
579 485 648 513 ullas
675 486 709 513 de
733 490 758 513 te
782 486 876 514 foveas
896 486 1050 520 opiniones,
1086 494 1183 513 verum
1210 487 1323 520 perinde
1349 492 1432 522 alque
1461 488 1484 515 si
1518 487 1592 514 nulla
1607 495 1720 522 prorsus

92 539 122 559 re
136 533 269 566 praeclara
285 537 399 560 ornatus
409 541 497 565 esses,
515 534 552 561 ita
572 534 733 568 popularem
768 538 793 561 te
826 535 956 562 omnibus
987 534 1214 570 moderatumque
1231 536 1351 569 praebeas
1364 555 1371 565 .
1395 544 1429 563 eo
1450 536 1523 571 quod
1562 543 1719 563 concessam

93 579 206 605 honoris
230 579 396 614 generisque
422 580 607 614 prtestantiam
640 585 738 615 sponte
767 585 812 607 tua
837 581 963 608 rentittis.

126 635 164 663 Γ.
179 638 270 664 Ταυτὶ
297 638 326 665 δέ
342 647 371 664 σε
389 640 434 665 καὶ
455 639 585 665 δοκοῦντα
603 641 648 665 καὶ
677 640 750 673 ὄντα,
775 639 815 671 οἷς
832 642 864 676 μὲ

978 640 1015 668 ill.
1034 641 1095 668 Ilaec
1113 646 1139 668 tu
1158 641 1249 675 igitur.
1261 650 1321 668 cum
1340 647 1367 669 et
1379 650 1440 669 esse
1451 641 1719 675 videaris,etrcapse

93 682 157 709 ἰδεῖν
173 682 317 715 ἐξεγένετο
338 683 411 717 μάλα
432 687 558 718 μαίονται
580 693 587 700 ·
614 686 638 711 οῐ
655 686 683 711 δὲ
698 686 747 712 οὐκ
769 687 834 712 ἰδόνῖ

976 688 1076 721 ,queis
1102 690 1139 713 tni
1159 689 1268 714 videndi
1297 688 1375 722 copia
1404 687 1465 719 fuit,
1491 687 1528 713 illi
1557 688 1655 713 insano
1681 686 1717 712 tui

92 728 164 759 ὅπως
180 729 291 754 ἔσονται
302 729 429 764 τάχιστοι,
445 731 535 757 πάντα
552 732 658 758 ποιοῦσι
669 740 676 747 ·
691 733 753 763 τοὺς
769 733 797 758 δὲ
815 733 833 758 ἐξ

979 741 1026 760 ore
1052 734 1210 767 planissime
1237 734 1342 763 lurttnt.
1369 734 1416 767 qui
1440 733 1556 759 net-dunt
1583 734 1718 762 viderunt.

91 782 138 804 τας
156 775 216 808 μὲν,
232 775 264 801 οὗ
285 775 429 808 φιλοῦντας
444 776 482 807 δὲ,
505 778 528 802 εἰ
545 777 599 812 ἄρα
616 778 662 804 καὶ
678 786 749 808 τινες
765 777 820 804 εἷεν

978 780 998 806 ιι]
1029 785 1058 806 ttt
1089 781 1292 814 quamprimum
1325 784 1540 814 consequantur.
1569 779 1719 806 moliuntur

90 827 143 849 τως
155 819 258 850 ἀθλίως
283 821 402 856 ἔχοντες,
418 823 454 852 ὡς
470 822 551 856 ἔγωγ’
575 823 624 848 οὐκ
643 821 732 856 οἶμαι,
748 824 774 850 τι
788 833 830 854 τις

975 827 1040 859 tnia;
1057 827 1102 861 qui
1119 832 1209 853 autem
1224 827 1353 853 viderunt
1369 846 1374 857 ,
1392 834 1480 859 neque
1497 830 1589 852 amant
1615 831 1716 856 tamen,

91 866 237 898 προσείποι
247 867 372 898 δικαίως,
385 867 401 902 ἢ
414 870 488 901 σερεῖλν
498 869 586 894 αὐτῶν
596 869 634 900 ὡς
643 869 752 903 ἀληθῶς
768 869 832 904 ἐχορ

978 873 1023 906 qui
1053 873 1089 898 ita
1118 873 1210 898 miseri
1235 872 1390 906 pcrditiqne
1405 875 1479 901 sttnt,
1501 871 1573 905 quod
1590 870 1717 904 equidem

91 915 137 940 καὶ
159 913 208 940 τοῦ
221 913 425 944 λυσιτελοῦντος
449 913 600 948 βασκάνους
613 923 619 929 ·
645 915 694 941 καὶ
714 915 754 941 ὅτι
777 924 822 950 μοι

975 923 1027 942 'um
1043 917 1108 942 tuilti
1125 917 1153 942 lit
1167 916 1315 950 probabile,
1334 923 1389 950 quo
1407 916 1457 942 hos
1471 916 1554 949 digno
1571 916 1716 949 quisquam

90 959 184 985 κοῦσιν
207 960 276 992 οἷ’γε
290 959 406 986 τοιοῦτοι
431 960 544 995 μηδενδς
562 961 616 986 τῶν
636 961 787 987 καλλίστων
807 962 831 995 ἔ)

978 962 1050 988 tellet
1065 962 1186 993 nomine,
1201 969 1282 996 quam
1296 961 1454 989 verissimos
1470 962 1512 988 sui
1529 962 1649 996 ipsorum
1671 961 1719 986 lto-

89 1007 188 1040 ἔρωτα,
211 1006 276 1040 μηδ’
291 1006 448 1040 ἐπιθυμεῖν,
464 1007 561 1041 ἀνδρὸς
583 1008 759 1042 ἀμελοῦντες,
775 1007 805 1034 οὗ
825 1017 830 1033 1

976 1010 1009 1040 is,
1026 1009 1233 1043 commodisque
1252 1009 1371 1043 publicis
1388 1014 1547 1041 maerentes,
1563 1007 1717 1042 cuiusmodi

90 1052 214 1079 ὁστισοῦν
227 1052 331 1085 εὔξαιτ’
351 1052 384 1079 ἄν
398 1054 580 1088 πεπειρᾶσθαι
592 1062 598 1069 ·
615 1053 698 1084 καὶὸς
711 1055 795 1089 ὴόῖων
809 1055 831 1081 ἀί

977 1063 996 1082 te
1013 1055 1138 1082 homines
1155 1055 1257 1081 nttllius
1274 1054 1522 1089 pulcherrimarum
1538 1061 1629 1080 rerum
1647 1053 1718 1090 desi-

91 1107 139 1133 οης
155 1099 254 1133 ἑορτῆς
273 1099 331 1130 τοῖς
361 1099 470 1134 ἐχουσι;
489 1100 599 1134 Σὺ”γοῦν
614 1101 652 1135 τῷ
673 1100 726 1127 τῶν
753 1101 832 1136 satth

975 1103 1008 1128 'io
1026 1108 1057 1128 ac
1074 1101 1225 1135 cupiditate
1241 1101 1313 1135 tangi
1341 1100 1407 1127 mihi
1424 1100 1563 1133 videntur,
1579 1100 1716 1134 siquidem

89 1145 126 1176 ὡς
146 1145 227 1178 ἔφην,
244 1145 372 1179 ποικίλῳ,
388 1145 436 1172 καὶ
457 1154 494 1180 μῃ
511 1154 555 1180 μοι
573 1147 669 1180 μέμψή
685 1147 719 1172 τὰ
735 1147 818 1173 πᾶσιν

975 1156 1007 1174 tm
1022 1147 1162 1182 negligant
1183 1147 1283 1178 virum,
1308 1147 1387 1182 cuius
1411 1147 1602 1181 unttsquisque
1618 1147 1716 1172 riterite

88 1191 154 1224 δαὶα
169 1190 289 1223 λέγοντι,
305 1189 436 1221 πλείστας
446 1191 495 1225 μὲν
509 1191 610 1223 πόλεις,
621 1192 670 1218 οὐκ
683 1192 759 1226 ὀλίγα
772 1192 800 1218 δὲ
814 1192 825 1218 ἑ

977 1196 982 1221 i
998 1195 1168 1228 exoptaverit
1183 1195 1308 1221 notitiam
1323 1214 1330 1225 ,
1356 1194 1438 1228 quive
1453 1194 1541 1228 ipsum
1559 1193 1717 1220 familiarem

90 1237 249 1271 συηέδησας,
269 1237 316 1263 καὶ
331 1236 528 1266 πολιτείαξκαὶ
547 1238 661 1272 δήμους,
680 1239 726 1264 καὶ
738 1247 830 1264 συνοικ

977 1241 1100 1267 ιιιηιὶιηιε
1114 1240 1182 1267 festo
1199 1241 1295 1279 quovis
1311 1240 1355 1266 die
1375 1239 1483 1266 dulcior
1496 1239 1606 1266 est?Tu
1626 1240 1718 1273 itaque

89 1283 253 1317 ἀγραύλους,
278 1283 328 1309 καὶ
350 1283 410 1314 τοὺς
437 1284 522 1318 ὁπῃδή
549 1284 597 1318 τῆς
613 1285 751 1319 ἡμετέρας
769 1285 830 1319 ἀνθι

976 1285 1014 1313 iis
1030 1287 1100 1319 istis,
1120 1294 1180 1320 qua:
1192 1287 1322 1318 diximus,
1338 1286 1549 1312 incantamentis
1562 1285 1614 1312 tuis
1625 1286 1717 1319 (atque

89 1337 170 1359 πονς·
186 1329 216 1354 οὐ
236 1329 292 1362 γὰρ
308 1326 345 1354 ὦν
362 1327 458 1364 ἦρξας,
478 1331 510 1355 οὺ
524 1330 634 1360 τούτους
651 1331 830 1366 ἐγοήτευεταιςγ

977 1332 1044 1358 tnihi
1061 1331 1206 1358 manifesta
1222 1331 1350 1358 omnibus
1371 1331 1526 1365 usurpanti.
1541 1338 1645 1364 quasso,
1656 1338 1717 1357 suc-

88 1383 163 1406 γους·
178 1375 217 1406 ὡς
234 1376 272 1410 μὴ
290 1375 335 1407 ἂν,
351 1375 398 1401 ἕνα
415 1375 515 1410 μηδένα
535 1375 591 1402 τῶν
610 1377 718 1402 πάντων
747 1378 794 1403 σοῦ
810 1387 829 1403 τι

976 1378 1072 1412 tseas),
1092 1385 1153 1405 cum
1176 1379 1259 1405 urbes
1277 1378 1427 1412 plurimas,
1457 1383 1513 1404 tum
1539 1385 1593 1403 non
1618 1384 1717 1411 paucas

89 1430 166 1456 τερον
178 1423 316 1454 τίθεσθαι,
329 1423 396 1458 μηδὲ
405 1423 459 1448 τῶν
472 1423 558 1457 βελῶν
571 1423 683 1450 ἐκείνων
697 1425 830 1460 ἀμνημονι

974 1425 1055 1450 ,Ῑοιιεις
1075 1423 1123 1450 tibi
1142 1423 1287 1450 devinxisti
1308 1422 1497 1457 eolligastique
1513 1431 1519 1448 :
1536 1427 1564 1449 et.
1585 1428 1715 1457 przetcrea

89 1466 128 1500 οἷς
138 1470 238 1500 αὐτοὺς
254 1470 396 1504 ἐτρωοαςο
426 1469 519 1496 ποθεῖν
544 1470 572 1496 δὲ
593 1471 640 1497 καὶ
659 1468 747 1501 αὖθις,
769 1471 829 1502 πῶς

972 1470 1113 1504 publicas,
1126 1473 1154 1496 et
1169 1470 1294 1504 populos,
1305 1473 1333 1495 et
1349 1476 1431 1503 pagos
1448 1468 1579 1498 rusticos,
1595 1473 1622 1494 et
1633 1472 1713 1502 quot-

89 1515 175 1546 εἴποις
190 1516 308 1542 τουτωνὶ
321 1516 504 1548 πεπειρᾶσόαι
521 1516 736 1549 συνευχομένους
748 1518 801 1547 ἀεὶ,
817 1518 830 1543 ὀ

975 1521 996 1543 )ι
1010 1523 1176 1551 quacunque
1199 1516 1275 1542 orbis
1301 1515 1387 1542 nostri
1407 1519 1484 1549 parte
1497 1519 1642 1541 versantur
1667 1513 1716 1539 lto-

89 1561 223 1596 ὁσημέραι
244 1561 295 1596 τῆς
327 1562 376 1594 σῆς
401 1562 497 1596 φήμης
529 1562 699 1596 ἑκασταχόσε
724 1563 830 1597 χωρούσ

979 1570 1029 1589 tes.
1047 1561 1141 1596 Neque
1157 1562 1207 1588 bos
1220 1562 1294 1588 enim
1315 1562 1398 1592 solos,
1414 1560 1486 1596 apud
1510 1567 1578 1594 quos
1592 1567 1653 1586 cutn
1668 1559 1717 1585 im-

90 1606 215 1642 κειθάπερ
239 1606 325 1632 πάλαι
343 1607 391 1638 τῆς
412 1605 588 1639 Ἀλεξάνδρου
603 1605 649 1632 τοῦ
666 1605 712 1631 σοῦ
728 1606 815 1639 φίλου,

974 1610 1006 1636 ’ἱο
1033 1609 1133 1640 fueras,
1153 1610 1180 1635 in
1206 1613 1310 1636 tantum
1334 1607 1482 1635 incantasti
1497 1627 1504 1639 ,
1523 1612 1550 1633 ut
1579 1606 1715 1633 neminem

90 1653 148 1687 εἴης
168 1653 227 1684 τοῖς
247 1653 412 1687 ἀρχομένοις
438 1653 638 1687 φιλάνθρωπος,
668 1652 714 1678 καὶ
740 1653 777 1683 ὡς
797 1653 831 1679 ἰλ

976 1663 1016 1682 am
1037 1655 1193 1681 mortalium
1222 1654 1272 1681 tibi
1297 1658 1484 1688 anteponant,
1504 1660 1593 1686 neque
1608 1651 1717 1685 sagitta-

92 1699 165 1733 ριοῦς
177 1699 228 1732 μὲν
248 1699 438 1731 κατεστρέξω.
469 1698 629 1732 Τριϐαλλοῖς
642 1698 669 1723 δὲ
687 1698 768 1732 φόϐον
785 1699 833 1724 ὲνέ4

975 1708 992 1727 n
1026 1701 1132 1727 illarum
1162 1707 1264 1727 exuere
1291 1703 1395 1734 queant
1413 1699 1584 1730 memoriam,
1616 1697 1716 1732 quibus

92 1753 140 1775 κος
150 1751 158 1758 ·
174 1745 222 1771 καὶ
236 1745 294 1774 τοῖς
313 1744 426 1778 Περσῶν
448 1744 545 1778 αἵμασι
563 1744 695 1774 πολλάκις
709 1743 813 1777 ἔϐαψας
827 1752 833 1768 1

975 1755 1005 1774 os
1022 1746 1249 1774 eonsauciaveras
1265 1767 1272 1779 ,
1300 1746 1348 1773 sed
1371 1745 1539 1777 desiderent,
1570 1744 1716 1777 (lenitoque

91 1791 202 1826 αἰχμὴν,
213 1791 269 1819 τῶν
287 1792 315 1817 ὲν
328 1791 407 1826 χερσὶ
421 1791 557 1817 πεσόντων
572 1791 679 1821 οὐδενος
687 1788 765 1824 οἶμαι
779 1791 832 1824 διας

975 1800 1027 1819 sus
1041 1792 1151 1819 easdem
1166 1792 1285 1825 experiri
1316 1791 1504 1818 incredibilem
1522 1791 1547 1817 in
1563 1790 1671 1816 modum
1689 1794 1716 1814 et

91 1838 201 1871 τόντος,
221 1836 317 1872 ὥσπερ
332 1845 374 1869 τις
397 1837 516 1872 σχηπτὶς
536 1836 666 1863 ἀπαντῶν
680 1838 735 1867 τοῖς
747 1836 832 1863 ἀνθισ·

975 1844 1063 1873 'petuo
1078 1842 1205 1872 exoptent
1219 1858 1226 1869 ,
1241 1845 1336 1864 verum
1351 1838 1433 1864 etiam
1446 1836 1568 1870 quotidie
1587 1839 1716 1861 manante

93 1884 192 1916 μένοις.
932 1892 1042 1919 quoquo
1059 1892 1167 1911 versum
1193 1883 1313 1910 notuinis
1338 1884 1378 1910 tui
1404 1883 1486 1913 fama,
1502 1886 1531 1908 ut
1546 1882 1610 1908 olim
1639 1881 1717 1907 fami-

92 1930 166 1957 liaris
182 1930 259 1957 illius
285 1930 324 1957 tui
350 1930 509 1962 Alexandri,
540 1938 620 1965 quam
636 1934 664 1956 tu
691 1930 766 1957 mitis
782 1934 810 1957 et
832 1930 954 1958 clemens
988 1932 1014 1958 in
1039 1932 1123 1958 civeis
1157 1937 1219 1958 tuos
1248 1931 1296 1963 sis,
1330 1936 1360 1957 ut
1384 1930 1491 1965 Illyrios
1512 1928 1665 1958 everteris.
1683 1934 1714 1954 ut

92 1978 220 2006 Triballis
237 1983 373 2006 terrorem
391 1979 530 2014 inieceris,
558 1986 588 2006 ut
624 1979 728 2006 hastam
767 1983 838 2006 tuam
865 1987 1054 2014 sa-pennmero
1091 1980 1237 2007 Persarum
1253 1979 1386 2013 sanguine
1414 1977 1565 2004 intbneris:
1596 1975 1716 2006 nemine,

92 2031 121 2052 ut
147 2026 257 2060 opinor,
275 2025 322 2060 qui
350 2026 377 2052 in
411 2030 471 2054 tuas
498 2026 582 2053 semel
609 2025 753 2053 incidisset
771 2033 877 2059 manus,
897 2026 1002 2061 elapso.
1037 2027 1074 2054 Ita
1108 2031 1137 2054 tu
1149 2025 1589 2059 nimirum,l‘ulminisintnorcm,
1606 2021 1715 2049 obviam

93 2074 311 2109 repugnantibus
320 2074 419 2102 itabas.

124 2132 160 2158 A'.
182 2131 302 2158 Τοιαῦτα
317 2130 426 2157 πάντων
441 2131 488 2158 καὶ
518 2132 557 2158 ἔτι
569 2132 655 2159 πλεῖω
667 2133 713 2160 καὶ
730 2134 806 2168 κοινῇ
827 2133 865 2159 κει·

978 2131 1008 2158 V.
1028 2129 1143 2164 Quando
1173 2129 1254 2164 igitur
1282 2126 1438 2163 huiusmodi
1461 2128 1596 2161 quaedam,
1620 2128 1646 2151 et
1672 2123 1716 2151 bis

93 2176 150 2202 κατ’
167 2176 254 2211 ἄνδρα
266 2176 313 2202 καὶ
329 2177 401 2202 κατὰ
415 2178 531 2211 φατρίας
551 2178 678 2212 ᾀδόντων,
695 2178 829 2212 ὲπιθυμοῦ

976 2185 1021 2205 tuc
1038 2177 1125 2212 plura,
1140 2182 1167 2203 et
1180 2175 1375 2205 comntuniler,
1402 2179 1429 2201 et
1445 2173 1559 2205 virititu,
1573 2176 1601 2198 et
1625 2171 1714 2198 tribu-

92 2222 119 2247 αι
129 2222 220 2253 πόλεις
229 2222 278 2255 τῆς
292 2222 342 2255 σῆς
355 2223 585 2256 στρατηγίας,και
596 2225 644 2257 τῆς
660 2224 725 2260 περὶ
732 2225 780 2256 τὰς
792 2225 833 2259 ἀρ]

972 2233 992 2256 t,
1009 2224 1043 2250 ab
1057 2223 1186 2250 omnibus
1202 2222 1404 2253 collaudantur,
1419 2220 1482 2247 itide
1495 2220 1534 2251 lit,
1556 2225 1586 2246 ut
1600 2224 1647 2245 tua
1661 2218 1713 2244 int-

91 2266 348 2301 ὲπιστήμης,οὖτως
360 2267 577 2303 ἄμεινονὲκάστη
589 2269 704 2303 πράξειν
711 2269 832 2295 πιστεύοι

972 2271 1017 2300 ria.
1034 2274 1106 2296 tuam
1117 2269 1324 2303 magistratuum
1335 2267 1470 2301 peritiam,
1482 2265 1563 2292 urbes
1574 2268 1713 2298 expetant,

92 2313 138 2338 σοῦ
153 2312 284 2347 λαχόντος
297 2313 392 2347 ἄρχειν
409 2313 504 2347 αὐτῆς.
524 2313 554 2339 Ἦ
576 2313 603 2340 δὲ
628 2313 729 2340 τούτων
745 2314 833 2349 ἐπιουι

990 2316 1117 2342 videlicet
1133 2315 1231 2342 melius
1246 2321 1362 2348 quaeque
1379 2320 1472 2340 secum
1491 2317 1581 2338 aetum
1596 2311 1628 2337 iri
1645 2315 1713 2342 rata,

91 2357 174 2390 αὑτάς
192 2368 223 2385 τι
248 2358 350 2390 ταύτας
375 2359 422 2386 καί
440 2360 464 2385 6'
482 2359 550 2393 ὁμοῦ
576 2361 624 2386 καὶ
648 2360 694 2386 τὸν
724 2361 832 2396 κρατοῦπ

975 2366 1003 2388 ιιι
1021 2361 1208 2396 praefecturam
1231 2359 1316 2394 ipsius
1340 2359 1455 2385 sortitus
1476 2358 1570 2384 l'ueris.
1588 2357 1653 2388 Quae
1668 2364 1714 2382 ur-

92 2405 232 2439 σεμνύνει.
264 2404 349 2439 Εἴπερ
376 2404 479 2434 ἐκεῖνος
509 2404 559 2438 μὲν
575 2405 640 2435 τοὺς
669 2404 796 2438 ἀρίστους
814 2413 833 2430 π

972 2415 1005 2433 tm
1021 2407 1166 2439 desideria,
1183 2410 1211 2433 et
1224 2407 1283 2432 illas
1298 2406 1380 2440 ipsas,
1397 2409 1424 2431 et
1439 2409 1464 2431 te
1479 2411 1532 2430 una
1548 2411 1610 2430 cum
1628 2403 1713 2437 impe-

93 2451 212 2482 πλείονος
226 2450 289 2483 ἄγει
304 2449 392 2483 τιμῶν
408 2450 455 2475 καί
466 2449 622 2483 Θαυμάζων,
637 2450 669 2475 σὺ
682 2449 710 2475 δὲ
720 2450 779 2484 εἴης
794 2458 832 2475 τοι

974 2460 1031 2484 ore,
1049 2453 1126 2487 plane
1141 2452 1341 2480 commendant.
1359 2449 1583 2484 Quandoquidem
1599 2449 1714 2483 impera-

91 2504 151 2527 τος·
170 2496 199 2522 αἱ
214 2495 237 2522 δ’
251 2496 305 2529 ἄρα
322 2496 413 2526 πόλεις
429 2496 481 2522 ὑπὸ
495 2496 541 2521 σοῦ
558 2496 717 2529 κοσμεῖσθαι
728 2495 832 2529 βούλοντ

969 2507 975 2514 ·
1009 2499 1125 2525 maximo
1152 2497 1394 2532 praestantissimos
1426 2503 1549 2530 qttosqtte
1581 2495 1655 2522 viros
1683 2495 1710 2521 in

95 2542 193 2576 μᾶλλον
210 2542 239 2568 δὲ
251 2542 331 2575 ειπερ
346 2538 426 2568 αὗται.
443 2541 491 2575 μὲν
511 2540 558 2567 τοῦ
571 2540 773 2572 λυσιτελοῦντος
783 2541 836 2574 ἐρῶ

972 2543 1020 2570 alio
1036 2542 1128 2574 habet,
1148 2549 1216 2576 quos
1245 2542 1372 2571 videlicet
1397 2541 1547 2568 honoribus
1574 2545 1601 2567 et
1629 2540 1713 2575 gloria

94 2589 124 2614 σὺ
138 2589 166 2615 δὲ
180 2587 262 2614 τοῦτο
278 2587 409 2622 παρέχεις
420 2595 426 2602 ·
454 2588 467 2612 ό
493 2587 521 2612 δὲ
537 2587 629 2621 ἄρχων
652 2587 691 2613 σοι
712 2587 745 2612 τὰ
762 2587 835 2621 μέγιι

970 2589 1062 2619 mulat,
1081 2588 1113 2615 de
1127 2595 1182 2622 quo
1196 2595 1296 2622 genere
1313 2592 1340 2614 ιιι
1355 2595 1401 2618 es;
1425 2589 1473 2614 abs
1490 2592 1515 2614 te
1544 2594 1609 2614 vero
1621 2587 1711 2613 ornari

95 2635 190 2669 γρῆται
201 2643 209 2650 ι
225 2634 275 2668 οὐχ
287 2634 328 2660 ὅτι
349 2634 419 2667 μὰλα
437 2633 507 2660 κατὰ
521 2634 597 2666 γένος
611 2633 685 2667 αὺτῷ
707 2634 836 2668 προσήκει

972 2635 1044 2669 ςίιιιιε
1057 2634 1140 2661 urbes
1155 2634 1303 2668 postulant,
1313 2634 1369 2660 sive
1385 2635 1485 2667 potius,
1498 2633 1627 2667 quoniant
1640 2641 1713 2659 cum-

92 2680 142 2705 056‘
157 2681 257 2712 ὅτιπερ
273 2678 312 2704 ὢν
324 2679 467 2712 τυγχάνεις
477 2678 632 2713 ἀδελφιδοῦς
644 2685 650 2693 '
671 2678 729 2709 πῶς
749 2680 802 2714 γὰρ
817 2680 829 2705 ὲ

972 2680 1010 2706 ida
1027 2687 1077 2706 sua
1104 2679 1185 2706 urbes
1203 2682 1295 2704 amant
1313 2687 1320 2704 :
1340 2686 1400 2712 qua:
1417 2683 1443 2703 tu
1463 2677 1529 2711 ipsis
1547 2683 1668 2712 praestas,
1685 2682 1713 2703 ιιι

95 2734 145 2760 ρων
159 2726 247 2752 ὄντων
274 2725 325 2751 οὐκ
351 2725 447 2758 ὀλίγων
463 2725 548 2758 αὐτῷ,
573 2724 620 2756 οὒς
637 2725 762 2752 πλεῖστον
781 2727 832 2752 ὀιπέ

969 2734 987 2756 ι,
1003 2725 1160 2760 imperator,
1182 2724 1307 2750 maximis
1341 2723 1367 2749 in
1395 2722 1477 2749 rebus
1502 2731 1584 2756 opera
1611 2723 1710 2749 utitur.

94 2773 144 2798 τιῖν
156 2773 223 2798 ἴσων
239 2771 280 2796 σοι
297 2770 323 2804 γ’
340 2771 450 2804 ἀξιοῆν;
469 2772 526 2797 ἀλλ’
544 2772 644 2806 ἀρετῆς
657 2771 750 2797 εἵνεκα
765 2773 812 2798 καὶ
829 2782 835 2795 τ

972 2779 1015 2806 lue
1030 2780 1083 2798 non
1105 2779 1164 2799 eant
1182 2771 1216 2798 ob
1233 2778 1290 2798 rem
1307 2769 1378 2804 quod
1396 2773 1468 2795 arcta
1483 2768 1534 2803 ipsi
1552 2769 1713 2808 propinqui—

94 2818 186 2844 ιντοῐς
212 2816 370 2848 καλλίστοις
391 2818 547 2850 πλεονῖξας
572 2819 669 2851 τιμῶν,
687 2817 782 2852 ὥσπερ
803 2819 835 2844 El:

970 2817 1106 2850 eittucttts
1121 2837 1128 2848 ,
1152 2822 1198 2843 attt
1220 2816 1292 2850 quod
1320 2816 1404 2842 lratre
1428 2813 1514 2847 ipsius
1542 2814 1634 2841 editus
1661 2822 1710 2845 es;

95 2865 232 2898 ίίδθίίιῖνιῖῖ
250 2864 281 2897 τῇ
305 2863 400 2897 κρίσει,
428 2864 520 2897 ίῦῐπερ
544 2864 746 2897 ἐνδεικνύμενος
763 2864 836 2890 ἆται

969 2871 1047 2890 unum
1065 2863 1116 2891 huc
1132 2864 1241 2897 inquam
1256 2863 1335 2889 modo
1349 2883 1355 2894 ,
1371 2860 1479 2896 quando
1498 2861 1535 2887 illi
1554 2861 1710 2895 huiusmodi
