1878 3060
169 177 223 209 383

780 182 979 213 TllEUDULI'
1000 183 1173 214 nomen:
1346 169 1348 171 ’
1745 181 1809 213 auat

170 235 255 264 tidem
271 233 364 268 facias,
384 236 493 264 tametsi
509 244 588 263 nemo
610 237 658 264 abs
674 242 699 264 te
716 238 774 272 spei
790 246 846 266 sua:
859 239 953 266 irritus

1036 248 1064 265 ον
1092 239 1143 273 τῆς
1171 239 1332 273 Θαυμασιῆς
1364 238 1397 265 ἂν
1431 238 1579 272 ’Λρκαδίας
1603 238 1705 272 ἀμφοῖν
1734 240 1807 263 ταῖν

171 281 292 309 recedat.
313 281 370 308 lmo
395 290 460 308 vero
490 282 572 309 etiam
600 289 654 309 non
681 282 820 310 levissima
841 288 897 310 tum
928 289 956 311 te

170 327 239 354 allici
258 327 357 361 injuria
378 328 532 354 exsistinias
544 349 551 360 ,
569 328 676 363 ipsique
691 329 842 364 indignaris
858 337 957 357 neces-

170 373 255 404 sitati,
277 373 298 400 si
315 373 424 407 quando
443 374 489 407 qui
508 373 596 401 isthac
618 374 753 408 prtcditus
771 383 801 402 es
815 375 898 402 animi
912 375 955 402 in-

170 418 242 449 dole,
261 426 291 444 ea
317 427 364 452 per
379 419 470 445 omnia
494 419 533 445 uti
553 427 696 453 nequeas:
721 424 763 447 est
781 428 844 447 vero
869 421 954 448 etiam

170 471 231 491 cum
247 465 400 497 occasione,
414 473 474 500 qum
491 465 576 492 animi
605 465 644 492 tui
667 465 884 500 magnitudinem
911 474 957 493 ca-

170 510 238 543 piat,
260 510 432 537 destitueris.
451 511 527 538 Adeo
541 516 570 539 ut
584 520 631 546 per
646 511 703 538 hate
717 512 794 542 mihi,
805 520 859 539 non
874 512 955 538 modo

1007 287 1108 320 χεροῖν,
1129 286 1176 311 καὶ
1192 285 1262 318 μετὰ
1279 284 1381 314 παντὸς
1406 284 1454 310 τοῦ
1474 284 1568 319 ῥᾳδίου
1594 285 1650 313 τοῖς
1671 284 1807 310 αἰτοῦσιν

1009 332 1139 365 ἐκστῆναι
1157 330 1233 364 παρὰ
1253 331 1343 356 πᾶσαν
1371 329 1486 362 Πυθίαν,
1503 329 1570 356 ἀλλὰ
1596 330 1644 356 καὶ
1665 330 1715 364 τὴν
1731 331 1806 355 Πιν-

1011 376 1093 410 δάρου
1119 375 1234 409 νεφέλην
1252 374 1285 401 ἂν
1301 375 1410 409 ἐκείνην
1433 374 1481 409 τὴν
1497 375 1611 409 ξανθὴν,
1629 374 1657 406 ἐξ
1681 373 1715 409 ἦς
1732 371 1807 400 ὗσεν

1008 423 1021 448 ὁ
1048 422 1114 453 Ζεὺς
1141 421 1238 456 potitet;
1260 421 1372 456 χρυσὸν,
1386 421 1434 447 καὶ
1447 420 1551 455 ταύτην
1568 421 1601 447 ἂν
1617 420 1654 452 ὡς
1676 421 1807 455 μάλιστα.

1009 468 1150 501 καταχεῖν,
1181 467 1205 492 εἰ
1230 467 1279 501 τὴν
1301 466 1350 502 μὲν
1375 467 1524 501 καταχεῖν,
1541 466 1591 500 τῆς
1609 466 1632 492 δ’
1651 465 1805 500 ἐκστῆναι,

1010 513 1106 547 κύριος
1126 511 1208 546 ἦσθα.

169 556 247 583 beata
264 556 309 583 illa
323 558 452 588 Arcadia,
470 558 548 585 facile
566 566 649 585 manu
683 562 809 593 utraque,
842 563 870 585 et
900 558 1087 593 perlubenler,
1113 559 1258 594 plusquam
1285 559 1340 586 ulla
1360 558 1457 594 Pythia
1476 558 1619 592 (llerodot.
1651 558 1672 588 l,
1689 557 1736 591 66)
1750 565 1806 592 pe—

170 600 288 627 tentibus
304 608 430 628 cessurus
447 601 573 634 videare;
590 610 682 629 \erum
699 603 781 630 etiam
798 603 870 630 illam
901 603 963 630 Pind

1037 604 1284 638 tubem('0.tvjm.
1299 604 1326 630 Z'
1343 604 1440 638 ἐπῳδῷ
1454 604 1480 638 β)
1514 603 1612 630 ﬂavam
1648 603 1734 634 illam,
1763 603 1807 630 de

169 653 221 679 qua
241 639 357 673 Rhodiis
377 655 473 673 aurum
499 648 607 682 Jupiter
622 649 754 683 pluebat:
776 649 846 676 bane
871 649 953 676 etiam
974 649 1059 683 ipsam
1093 657 1175 684 quam
1209 650 1326 677 maxime
1352 649 1503 682 eﬂ‘usurus,
1528 649 1550 676 si
1581 649 1608 675 in
1637 656 1719 676 manu
1750 653 1805 676 tua

170 696 253 722 esset,
281 696 336 718 tum
366 695 436 720 hanc
464 695 648 728 profundere,
667 700 724 722 tum
745 696 843 722 cedere
869 695 995 723 Arcadia.

206 750 237 777 ll.
250 752 341 785 USque
355 753 422 779 adeo
442 761 507 780 sane
521 754 618 788 ingens
637 754 670 781 ad
687 755 743 782 haec
757 754 840 781 animi
855 753 891 780 lui
906 754 956 780 im-

170 801 250 831 petus
266 803 318 829 est,
335 798 457 833 adeoque
474 807 570 826 omnes
582 808 678 834 reapse
700 801 725 826 in
743 800 954 826 admirationem

1045 755 1082 780 B’.
1101 754 1216 781 Τοσοῦτό
1241 763 1283 780 σοι
1317 754 1347 781 τὺ
1371 754 1439 788 πρὸς
1462 754 1494 790 δὴ
1522 755 1609 781 ταῦτα
1632 755 1681 790 τῆς
1705 753 1807 789 ψυχῆς

1008 800 1150 833 ὡρμηκὸς,
1172 801 1218 826 καὶ
1244 800 1315 826 οὕτω
1345 800 1448 831 πάντας
1475 800 1637 835 ἐκπλήττεις
1665 801 1714 826 σὺν
1744 801 1806 834 ἄρα

171 843 211 869 tui
229 843 404 870 traduciszet
418 843 490 877 quod
507 845 576 871 bene
592 844 668 875 facis,
687 849 714 872 et
733 845 805 878 quod
823 844 954 877 majorem

1036 845 1099 879 ἡ.λῷ
1115 845 1153 879 τῷ
1167 845 1234 877 ὄντι,
1252 846 1299 871 καὶ
1310 845 1340 877 ἐξ
1356 842 1392 872 ὧν
1405 843 1434 871 εὖ
1450 847 1549 877 ποιεῖς,
1566 847 1612 872 καὶ
1630 846 1659 878 ἐξ
1674 843 1712 872 ὧν
1726 845 1806 871 οὕτω

171 889 239 915 adeo
255 890 281 916 in
298 889 408 916 modum
429 890 512 922 facis,
529 896 555 917 et
570 893 644 925 quod
661 899 694 918 eo
711 892 789 925 plane
807 891 887 917 modo
910 897 957 916 vo-

170 937 234 970 lupe
252 937 299 964 tibi
326 942 367 964 est
390 938 466 969 dare,
484 943 510 964 et
528 939 600 972 quod
615 938 704 968 doles,
730 938 776 964 ubi
799 938 868 964 bene
896 945 956 963 me-

172 981 249 1008 rendi
267 981 314 1009 tibi
330 982 534 1009 facultasdesit.
550 982 732 1015 Quamobrem
743 981 957 1009 emolumentum

171 1034 330 1058 eomumne,
344 1032 373 1054 et
390 1028 537 1054 salutarem
550 1029 670 1062 genium,
687 1032 714 1054 et
730 1035 822 1054 rerum
844 1028 957 1054 omnino

172 1073 302 1104 animant,
317 1077 345 1099 et
371 1073 448 1099 bonne
471 1073 589 1099 fortuna:
607 1073 740 1106 quoddam
763 1073 838 1100 velut
865 1073 960 1108 Pryta-

174 1127 266 1151 neum,
286 1125 313 1146 et
331 1127 440 1146 onmem
464 1123 517 1145 tam
534 1119 716 1154 magniﬁcam,
738 1119 843 1153 tibique
856 1126 958 1145 conve-

173 1165 316 1197 nientem,
342 1165 454 1191 laudum
482 1166 724 1199 exsuperantiam,
756 1165 836 1192 unice
862 1165 959 1191 audire

173 1215 234 1236 est:
251 1210 316 1236 dum
343 1218 439 1237 omnes
466 1210 596 1237 videlicet
621 1210 667 1244 qui
692 1211 792 1244 ubique
821 1215 956 1237 terrarum

173 1254 286 1289 degunt,
301 1255 451 1282 identidem
469 1263 519 1282 nec
535 1256 595 1282 sine
609 1261 720 1290 stupore
737 1261 782 1282 tua
801 1257 827 1282 in
849 1264 896 1282 ore
909 1256 958 1282 de-

174 1308 238 1327 t'ora
254 1301 366 1332 habent,
382 1301 530 1335 pr.edieant
543 1321 549 1332 .
567 1301 710 1336 plaudunt,
732 1309 814 1336 quant
828 1301 957 1335 gloriosis

174 1347 300 1373 cantibus
325 1346 493 1378 redimiunt,
514 1354 596 1374 omne
619 1347 800 1377 miraculum,
826 1351 854 1374 et
878 1354 959 1373 omne

174 1392 295 1426 elogium
327 1397 459 1426 perpetuo
488 1400 615 1420 sermone
638 1393 670 1419 de
697 1397 722 1419 te
750 1397 908 1426 usurpauit:
933 1396 960 1419 et

174 1438 259 1464 solam
279 1437 350 1464 hanc
374 1437 595 1464 honestissimam
614 1438 687 1465 inter
701 1445 731 1464 se
753 1438 958 1464 contentionem

174 1484 356 1516 eont-ndunt,
377 1484 503 1517 quisnam
530 1484 656 1517 pluribus
679 1483 915 1517 amplioribusque
933 1487 959 1510 te

174 1529 307 1557 encomiis
323 1530 477 1557 decorando
491 1534 606 1557 caeteros
624 1533 786 1556 antcvertat.
807 1529 872 1556 Jure
890 1529 960 1556 istuc

175 1583 250 1608 sane,
263 1579 291 1602 et
307 1576 473 1607 necessario,
484 1580 566 1609 atque
581 1576 710 1602 laudabili
728 1584 839 1610 prorsus
853 1576 958 1608 ollicio;

175 1621 277 1655 quippe
293 1629 356 1647 eum
369 1625 396 1647 tu
415 1621 443 1647 in
464 1621 555 1648 medio
571 1622 688 1655 positus,
704 1622 841 1648 commodi
856 1621 960 1656 publici

174 1674 269 1693 curam
285 1666 310 1692 in
326 1666 447 1700 singulas
462 1666 544 1693 horas
561 1666 656 1698 babes,
669 1671 696 1693 et
707 1666 838 1701 quidquid
850 1666 962 1693 utilitati

177 1712 335 1746 reipublicze
349 1713 435 1739 servit
458 1719 528 1739 unus
545 1712 685 1739 undelibet
703 1718 731 1739 et
746 1713 837 1739 animo
863 1713 960 1744 volvis,

176 1762 204 1783 et
220 1765 248 1784 re
265 1758 380 1791 peragis,
393 1761 420 1784 et
433 1757 466 1783 ad
481 1757 571 1783 omnia
585 1765 644 1792 qua:
658 1765 776 1791 praesens
789 1765 855 1785 usus
870 1763 963 1792 postu-

176 1804 214 1830 lat
233 1809 330 1838 przesto
340 1811 385 1830 es:
400 1803 454 1830 tuis
470 1803 598 1830 nimirum
614 1803 687 1830 curis
702 1803 858 1838 studiisque
871 1811 962 1837 prom-

179 1850 310 1884 ptissimis
325 1849 397 1876 circa
413 1857 443 1876 ea
463 1857 523 1884 quae
549 1849 654 1883 expetit
676 1849 791 1884 quisque
807 1857 839 1876 ac
856 1849 964 1876 deside-

179 1900 231 1927 rat,
244 1894 382 1922 exsomnis
394 1893 462 1928 ipse,
479 1894 648 1928 minimeque
673 1894 765 1920 lentus
786 1901 818 1921 ae
834 1894 939 1921 otiosus
954 1901 962 1920 ε

179 1944 209 1966 ιιι
225 1939 299 1966 nulla
315 1939 444 1973 cuiquam
461 1939 573 1966 omnino
597 1939 754 1973 imponatur
770 1938 906 1972 molestia,
917 1947 965 1966 ve-

179 1996 241 2014 rum
261 1993 291 2014 ut
306 1992 334 2014 et
359 1987 522 2022 legationes,
546 1991 574 2014 et
597 1987 740 2019 civitates,
766 1987 964 2022 civitatumque

141 2024 147 2030 ’
180 2036 303 2059 rectores
316 2035 345 2058 ct
365 2032 451 2064 cives,
465 2036 494 2058 et
505 2033 578 2067 pagi,
596 2039 624 2059 et
637 2040 692 2059 uno
709 2032 793 2060 verbo
811 2040 898 2068 genus
913 2032 964 2060 ho-

180 2077 285 2104 minum
305 2077 538 2112 unumquodque,
557 2078 735 2112 imperatoria
756 2078 882 2105 fruantur
903 2086 966 2113 pro-

181 2122 313 2154 videntia,
328 2123 406 2157 cujus
424 2127 450 2149 tu
479 2131 549 2150 unus
566 2123 666 2158 dignus
681 2129 758 2151 actor
783 2129 965 2158 repraesenta-

182 2172 278 2203 torque
293 2176 332 2195 es.
350 2168 408 2201 Quo
427 2169 508 2204 igitur
519 2174 599 2203 pacto
615 2177 669 2196 non
685 2175 710 2197 te
727 2170 845 2197 invicem
864 2169 965 2204 ubique

1013 892 1155 926 μειζόνως,
1175 892 1221 918 καὶ
1241 889 1282 922 οἷς
1303 891 1411 926 χαίρεις
1426 891 1498 917 οὕτω
1516 891 1616 922 διδοὺς,
1631 892 1678 917 καὶ
1691 889 1733 921 οἷς
1751 892 1806 916 ἀλ-

1010 938 1078 970 γεῖς,
1097 936 1134 962 ὅτ’
1154 937 1204 962 οὐκ
1219 937 1336 969 ἔξεστιν.
1357 936 1473 969 Ὄφελος
1487 936 1551 969 γοῦν
1568 937 1667 965 κοινὴν,
1680 936 1728 962 καὶ
1741 936 1806 962 δαί-

1011 991 1079 1015 μονα
1100 984 1242 1016 σωτήριον,
1265 983 1312 1008 καὶ
1335 981 1429 1016 ψυχὴν
1446 981 1484 1012 ὼς
1508 981 1616 1016 άληθῶς
1630 981 1684 1007 τῶν
1710 990 1806 1015 πραγ-

1012 1027 1105 1061 μάτων
1122 1028 1169 1053 καὶ
1184 1027 1232 1060 τῆς
1248 1027 1353 1060 ἀγαοῆ;
1369 1028 1454 1060 τύχης
1469 1026 1590 1060 ὡσπερεὶ
1609 1027 1782 1059 πρυτανεῖον
1794 1034 1802 1040 ’

1016 1074 1062 1100 καὶ
1081 1074 1170 1099 πᾶσαν
1188 1074 1314 1107 ἡντινοῦν
1333 1073 1500 1107 τηλικαύτην
1521 1072 1674 1107 ὑπερϐολὴν
1691 1073 1739 1098 καὶ
1759 1073 1806 1099 σοί

1011 1129 1042 1153 γε
1064 1121 1269 1155 προσήκουσαν,
1287 1119 1416 1151 καῦάπαξ
1443 1119 1517 1145 ἐστιν
1543 1119 1664 1150 ἀκούειν,
1682 1119 1739 1145 ἄνω
1754 1120 1807 1146 καὶ

1010 1166 1086 1193 κάτω
1106 1166 1160 1192 τῶν
1186 1166 1346 1200 ἁπανταχοῦ
1371 1166 1481 1191 πάντων
1496 1166 1532 1190 τὰ
1550 1167 1585 1190 σὰ
1603 1165 1651 1191 σὺν
1667 1165 1805 1199 ἐκπλήξει

1011 1211 1144 1245 βοώντων,
1165 1211 1347 1237 ἐπαινούντων
1366 1231 1374 1242 ,
1410 1211 1588 1245 κροτούντων,
1610 1210 1714 1245 ἡλίκοις
1733 1211 1804 1236 ἀνα-

1010 1257 1127 1283 δούντων
1145 1257 1275 1292 ᾅσμασιν,
1291 1256 1365 1283 ἆπαν
1385 1256 1476 1290 Θαῦμα
1497 1256 1543 1282 καὶ
1557 1256 1646 1282 πᾶσαν
1660 1255 1804 1288 εὐφημίαν

1011 1302 1083 1328 κατὰ
1105 1303 1151 1328 σοῦ
1176 1302 1364 1337 συνειρόντων,
1389 1302 1434 1327 καὶ
1450 1301 1675 1335 φιλονεικούντων
1696 1301 1804 1335 ταύτην

1015 1349 1099 1382 μόνην
1126 1347 1273 1380 καλλίστην
1289 1348 1356 1382 πρὸς
1380 1348 1512 1381 ἀλλήλους
1528 1348 1708 1381 φιλονεικίαν,
1725 1347 1803 1376 ὅστις

1011 1394 1044 1420 ἂν
1060 1402 1088 1420 τε
1106 1393 1212 1420 πλείοσι
1223 1394 1269 1419 καὶ
1290 1393 1413 1428 μείζοσιν
1427 1393 1575 1425 ἐγκωμίοις
1591 1392 1707 1426 ἀγήλας,
1726 1400 1803 1425 παρ-

1015 1439 1117 1475 αλλάξῃ
1141 1439 1204 1470 τοὺς
1220 1439 1327 1469 ἄλλους·
1344 1438 1459 1469 εἰκότως
1479 1438 1551 1472 μάλα
1566 1438 1613 1463 καὶ
1629 1437 1801 1469 ἀναγκαίως,

1012 1487 1061 1513 καὶ
1089 1485 1147 1520 μετ’
1163 1485 1303 1518 ἀξιολόγου
1321 1484 1368 1510 τοῦ
1385 1484 1538 1518 γίγνεσθαι.
1556 1484 1587 1509 Εἰ
1603 1483 1656 1518 γὰρ
1674 1483 1756 1510 αὐτὸς
1774 1484 1802 1509 ἐν

972 1541 995 1572 C
1014 1533 1088 1568 μέσῳ
1115 1531 1292 1564 καθεστηκὼς
1322 1529 1369 1556 τοῦ
1399 1531 1476 1564 κοινῇ
1502 1528 1709 1559 λυσιτελοῦντος
1739 1529 1802 1554 ὅσαι

1012 1574 1082 1612 ὧραι
1099 1576 1252 1611 φροντὶζεις
1265 1595 1272 1607 ,
1290 1577 1336 1602 καὶ
1360 1575 1439 1602 πάνθ’
1455 1575 1472 1602 ἃ
1491 1576 1523 1609 τῇ
1550 1575 1604 1601 τῶν
1631 1575 1698 1600 ὅλων
1721 1575 1802 1609 χρείᾳ.

1013 1625 1150 1658 προσῆκε,
1170 1623 1249 1657 μόνος
1273 1623 1305 1649 ἐκ
1329 1623 1428 1654 παντὸς
1446 1622 1544 1657 τρόπον
1560 1621 1608 1648 καὶ
1623 1621 1739 1657 βουλεύῃ
1755 1622 1802 1647 καὶ

1013 1670 1153 1703 πράττεις,
1171 1669 1219 1695 καὶ
1242 1668 1310 1703 πρὸς
1326 1668 1356 1694 τδ
1373 1668 1434 1694 δέον
1451 1667 1523 1694 ἅπαν
1539 1668 1630 1701 γίγνῃ,
1648 1667 1707 1697 ταῖς
1730 1668 1802 1701 ὑπερ

1011 1712 1048 1742 ὧν
1073 1716 1182 1741 ἕκαστοι
1206 1713 1346 1749 βούλονταί
1368 1722 1397 1739 τε
1420 1713 1467 1739 καὶ
1481 1713 1585 1739 δέονται
1610 1714 1734 1747 φροντίσι
1755 1713 1802 1738 καὶ

1013 1761 1188 1795 προθυμίαις,
1203 1760 1284 1790 αὐτῖις
1305 1759 1444 1793 ἄγρυπνος
1462 1757 1508 1789 ὢν,
1528 1760 1574 1785 καὶ
1592 1759 1654 1792 μηδ’
1675 1757 1802 1791 ἡντινοιῖν

1013 1808 1086 1840 ἄγων
1102 1807 1209 1840 σχολὴν,
1226 1805 1263 1836 ὡς
1279 1806 1311 1832 ἂν
1328 1805 1423 1840 μηδενὶ
1442 1805 1495 1831 τῶν
1511 1805 1638 1831 ἁπάντων
1704 1805 1803 1838 δυσχε-

1015 1852 1072 1886 ρές’
1090 1851 1157 1877 ἀλλὰ
1172 1851 1218 1876 καὶ
1234 1851 1379 1884 πρεσὸεἰαι
1395 1850 1443 1876 καὶ
1459 1849 1550 1880 πόλεις
1567 1849 1613 1875 καὶ
1628 1849 1759 1882 ἄρχοντες
1777 1849 1802 1874 οἱ

1013 1897 1116 1923 τούτων
1135 1897 1182 1923 καὶ
1202 1896 1319 1928 ἰδιῶται,
1347 1896 1394 1922 καὶ
1409 1895 1491 1930 δῆμοι
1511 1895 1558 1921 καὶ
1586 1895 1640 1921 πᾶν
1654 1894 1692 1925 ὡς
1711 1895 1801 1920 εἰπεῖν

1015 1943 1104 1970 ὁτιοῦν
1127 1942 1203 1976 γένος
1231 1941 1388 1968 ἀπολαύωσι
1423 1942 1553 1975 προνιιίας
1580 1941 1744 1975 βασιλικῆς,
1769 1938 1802 1975 ἧς

1017 1989 1097 2024 μόνος
1131 1988 1212 2019 αὐτὸς
1236 1987 1384 2021 ὑποκριτὴς
1402 1987 1568 2021 ἀξιόχρεως·
1593 1986 1651 2017 πῶς
1671 1986 1720 2020 οὐχ
1737 1987 1803 2013 ἐκα-

1016 2033 1117 2068 σταχοῦ
1133 2033 1174 2059 δεῖ
1189 2042 1219 2059 σε
1232 2032 1279 2059 τοῦ
1300 2033 1355 2059 τῶν
1372 2033 1491 2059 ἐπαίνων
1514 2032 1677 2066 γιγνομένου
1701 2033 1804 2066 τυγχα-

1015 2086 1082 2110 νειν,
1105 2079 1154 2104 καὶ
1189 2078 1285 2113 μισίιὸν
1313 2077 1385 2112 ἔχειν
1412 2078 1528 2112 ταυτησὶ
1549 2078 1598 2111 τῆς
1618 2077 1733 2112 μελέτης
1758 2079 1802 2103 τὸν

1015 2125 1135 2150 τοιοῦτον
1151 2124 1258 2159 ἑρανονς
1277 2123 1307 2149 ὃν
1321 2123 1353 2158 δή
1371 2132 1411 2149 σοι
1426 2123 1526 2152 πάντες
1543 2123 1698 2157 ἐξαιροῦσιν
1715 2123 1803 2157 ἀσμε-

1016 2178 1067 2196 νοι·
1082 2171 1130 2204 οὐχ
1142 2171 1166 2195 οἱ
1184 2170 1232 2204 μὲν
1255 2169 1365 2203 μᾶλλον,
1380 2170 1404 2195 ot
1422 2168 1443 2195 δ’
1459 2165 1550 2204 ἦττον,
1564 2168 1632 2196 ἀλλὰ
1649 2170 1749 2199 πάντες
1761 2169 1802 2194 δι-

180 2214 292 2242 meritas
311 2215 440 2249 consequi
468 2221 594 2250 oporteat
620 2215 734 2249 laudes,
764 2220 791 2242 et
807 2216 963 2250 bujusmodi

1038 2216 1103 2246 alui;
1127 2215 1199 2242 κατὰ
1215 2215 1312 2241 ταυτὰ.

179 2261 309 2289 collectas
325 2261 410 2296 stipes
426 2269 499 2288 cura:
523 2262 604 2297 bujns
628 2266 680 2289 tuae
699 2262 844 2297 praemium
872 2262 964 2289 ferre!
985 2262 1057 2296 Quas
1078 2263 1126 2289 tibi
1164 2262 1258 2296 utique
1292 2260 1384 2288 cuncti
1404 2259 1517 2287 eximias
1542 2261 1716 2295 perlubcnter
1736 2260 1805 2288 deli-

179 2312 266 2343 gunt;
284 2315 339 2335 non
362 2307 408 2334 alii
424 2308 521 2343 magis,
536 2308 582 2335 alii
597 2309 688 2335 minas
699 2328 707 2340 ,
729 2309 777 2336 sed
796 2309 857 2344 jure
874 2316 970 2336 omnes
988 2316 1064 2344 teque
1081 2312 1205 2343 prompte
1217 2312 1244 2334 et
1258 2307 1395 2334 alacriter.

216 2368 259 2396 Ill.
274 2368 301 2395 ln
316 2367 417 2402 quibus
429 2367 568 2397 omnibus.
590 2368 613 2395 si
636 2367 676 2395 fas
690 2367 793 2401 dicere,
811 2367 884 2402 quod
904 2368 966 2395 sine

180 2414 235 2441 ulla
250 2414 412 2448 cujusquam
439 2412 544 2440 olIensa
567 2412 671 2440 dictum
695 2417 774 2445 esto,
790 2417 818 2440 et
845 2413 964 2447 primus,

179 2465 208 2487 et
221 2460 339 2492 medius,
355 2463 383 2486 et
402 2463 556 2493 postremus
573 2466 624 2493 ego
643 2458 702 2493 ipse
723 2466 802 2491 sum;
821 2466 874 2485 non
891 2459 964 2493 quod

182 2506 246 2532 novi
266 2505 405 2539 quidpiam
420 2506 453 2531 de
469 2509 495 2532 te
511 2503 659 2538 proferam,
683 2511 777 2530 verum
790 2512 833 2535 ea,
848 2511 964 2538 quorum

183 2551 232 2577 tibi
248 2550 455 2577 cunsciiomnes
474 2554 547 2579 sunt.
565 2549 598 2576 de
617 2556 671 2584 quo
683 2557 715 2576 ea
730 2549 810 2583 plane
825 2554 965 2583 comperta

184 2597 298 2629 habent,
314 2603 374 2630 qua:
400 2595 433 2622 de
452 2595 527 2622 nullo
545 2595 598 2622 alio
619 2596 666 2622 ulli
688 2595 788 2622 habent
813 2602 964 2630 comperta,

183 2644 230 2672 sed
250 2643 322 2678 quod
338 2643 477 2676 aliquanto
500 2643 559 2676 plus
580 2643 606 2669 in
628 2650 661 2670 eo
679 2643 737 2677 ipse
754 2641 881 2675 habeam,
894 2643 967 2676 quod

184 2690 277 2717 divitia
290 2690 405 2725 quadam
419 2690 527 2717 laudum
541 2695 648 2716 tuarmn
664 2690 842 2718 bacchatione
857 2690 967 2724 pereulv

184 2746 231 2765 sus
250 2738 337 2769 lerat;
351 2738 396 2771 qui
410 2737 482 2764 enim
494 2745 547 2764 non
562 2737 722 2768 baeeliarer,
746 2737 967 2771 quandoquidem

186 2792 249 2810 eum
275 2791 464 2818 smpenumero
492 2784 650 2819 complures
669 2784 736 2810 alios
761 2782 818 2817 spei
846 2783 970 2816 velisque

190 2830 258 2856 meis
270 2835 399 2864 patronos
415 2830 583 2861 statuissem,
599 2830 666 2857 nihil
683 2836 803 2862 unquam
819 2828 968 2863 adiumenti

189 2883 204 2902 a
226 2884 360 2911 quoquam
376 2877 504 2912 percepi,
520 2884 614 2904 verum
642 2876 780 2910 sopbisms
804 2876 921 2907 omneis,
945 2879 971 2901 et

1067 2367 1104 2393 1".
1120 2366 1228 2392 Τούτων
1243 2365 1273 2392 δὲ
1290 2365 1399 2391 πάντων
1414 2365 1438 2390 εί
1455 2361 1511 2390 οἷόν
1533 2364 1556 2390 τ’
1572 2364 1672 2396 είπεζν,
1689 2365 1738 2390 καί
1757 2374 1802 2399 μοι

1020 2413 1112 2448 μηδεὶς
1137 2412 1268 2446 ἀχθεσθῇ,
1287 2411 1393 2445 πρῶτος
1411 2411 1457 2436 καὶ
1484 2411 1565 2444 μέσος
1587 2411 1633 2436 καὶ
1645 2411 1800 2442 τελευταῖος

1019 2459 1085 2492 ἐγὼ,
1103 2457 1196 2484 καινὸν
1212 2457 1261 2490 μὲν
1277 2456 1373 2490 λέγων.
1382 2456 1469 2489 οὐδὲν,
1486 2456 1544 2482 ἀλλ’
1560 2456 1578 2483 ἃ
1593 2457 1657 2490 περὶ
1674 2456 1722 2482 aut}
1735 2457 1803 2483 πάν-

1017 2513 1063 2536 τες
1080 2505 1180 2531 ἴσασιν·
1199 2504 1271 2530 ἴσασι
1286 2502 1315 2529 δέ
1329 2502 1347 2529 ἃ
1363 2502 1477 2537 μηδενὸς
1498 2503 1561 2537 περὶ
1578 2503 1632 2528 τῶν
1656 2503 1745 2530 ἄλλων
1758 2504 1803 2530 οὺ-

1018 2551 1093 2581 δένες
1113 2551 1212 2576 ἴσασιν·
1229 2549 1299 2584 ἔχων
1319 2549 1348 2575 δέ
1367 2558 1394 2575 τι
1409 2550 1456 2575 καὶ
1471 2549 1550 2575 πλέον
1568 2549 1660 2580 αὐτὸς,
1674 2549 1705 2575 τὸ
1719 2551 1800 2576 κάτο-

1019 2605 1065 2632 χος
1089 2596 1185 2630 ὥσπερ
1206 2596 1257 2622 ὑπὸ
1277 2595 1331 2622 τῶν
1349 2596 1413 2628 περὶ
1435 2595 1522 2621 ταῦτα
1543 2594 1742 2629 βακχευμάτων
1764 2605 1802 2621 κι-

1018 2643 1137 2670 νεῖσθαι.
1155 2642 1216 2673 Πῶς
1241 2643 1270 2668 δὲ
1288 2642 1317 2668 οὐ
1342 2641 1442 2675 μέλλω,
1461 2641 1575 2671 πολλοὺς
1601 2642 1648 2675 μὲν
1671 2641 1799 2671 πολλάκις

1019 2691 1114 2721 ἄλλους
1127 2689 1352 2724 προστησάμενος
1360 2689 1418 2718 ταῖς
1434 2688 1548 2720 ἐλπίσιν,
1559 2687 1664 2717 οἰιδενὶις
1680 2687 1708 2712 δὲ
1726 2687 1799 2712 οὐδὲν

1019 2737 1201 2770 ἀπονὰμενος,
1229 2735 1359 2769 σοφιστὰς
1381 2735 1409 2760 δὲ
1435 2734 1539 2765 πάντας
1568 2733 1667 2769 εὑρὼν,
1698 2733 1746 2758 καὶ
1765 2733 1800 2767 τῷ

1023 2783 1106 2817 μηδὲν
1124 2781 1280 2815 εἰργάσθαι,
1296 2781 1418 2815 μαθητὰς
1438 2781 1483 2806 τοῦ
1503 2779 1645 2813 Χάρητοςς
1674 2778 1755 2804 ’Λλλὰ
1770 2779 1799 2804 σὺ

1024 2830 1104 2863 μόνος
1128 2827 1278 2862 ἀνθρώπων
1296 2827 1361 2861 ἡμῖν
1379 2827 1415 2858 ὡς
1433 2827 1532 2859 ἄριστα
1549 2826 1636 2859 ἔσχες,
1659 2824 1706 2850 καὶ
1720 2824 1799 2857 πρι-ὖ-

1022 2883 1087 2907 στης
1101 2873 1270 2906 περιφανῶς·
1287 2875 1332 2898 καὶ
1352 2873 1423 2906 μάλα
1439 2873 1477 2902 Li;
1501 2871 1592 2903 Cvrlttv
1607 2869 1738 2904 ἔπραξας’
1756 2869 1800 2895 καὶ
