1878 3060
223 126 276 156 3.Ἷῦ

838 125 1036 156 TllEODULl
1059 125 1231 157 MONACIll
1809 127 1863 156 2W3

223 186 352 216 exoptant
372 205 376 209 .
391 188 418 209 ct
439 183 464 210 lii
481 192 576 210 rursus
594 183 640 218 qui
665 187 791 218 egestate
809 181 964 210 cunllictam

1119 180 1166 213 ῶν,
1181 181 1205 206 οἳ
1220 179 1268 206 καὶ
1283 179 1401 215 γαλήνης
1422 180 1503 215 οὔσης
1525 180 1643 214 χρῶνται
1659 181 1690 216 τῇ
1706 180 1803 216 τέχνῃ,
1824 183 1860 215 μὴ

224 229 392 261 pmeutiores
416 230 510 255 colunt
546 236 578 256 ac
605 229 774 260 observant,
806 235 903 262 nempe
937 227 1011 262 leges

225 275 333 308 utrique
345 281 480 307 metuunt,
498 275 577 309 queis
590 275 645 302 vim
662 283 738 303 suam
754 283 786 301 ac
803 274 888 301 robur
899 274 1012 306 astrnis,

223 328 285 347 cum
304 321 469 348 omnibusin
487 321 717 356 rebusjustitiain
739 328 846 348 servas.
866 319 936 346 Tum
959 327 1008 346 no-

223 374 286 393 vum
305 366 442 400 quoddam
459 366 649 394 beneficentia:
674 374 748 394 nunc
771 367 897 400 apparuit
915 373 1012 400 genus,

222 418 248 438 ct
266 417 292 439 tu
317 404 478 446 simpliciter
503 411 573 438 bene
596 412 630 438 dc
646 411 785 438 universis
808 410 946 438 mereris:
979 411 1013 438 de

224 457 351 491 inopibus
378 457 525 487 videlicet,
547 457 646 491 inopiae
678 456 764 490 ipsius
790 464 883 488 causa,
913 456 947 483 de
978 457 1013 483 iis

221 507 325 534 autem,
341 501 442 536 quibus
456 502 617 529 meliuscule
627 509 687 529 esse
706 502 833 539 videtur,
852 510 886 528 ne
899 507 926 528 ct
941 501 969 528 hi
986 501 1012 528 in

222 548 294 574 illan
311 548 558 582 egentissimorum
571 547 698 575 recidant
713 547 828 574 classem
848 557 854 573 :
873 547 1013 574 solcrlium

221 601 286 620 sane
300 601 375 620 more
389 594 618 628 gubernatorum,
631 593 678 628 qui
696 601 729 620 ne
746 598 802 619 tum
820 593 930 628 quidem
951 600 1013 620 cum

220 639 319 666 sudum
341 647 372 666 ac
387 647 515 666 serenum
536 643 593 669 est,
609 639 643 666 ab
661 644 721 666 arte
743 646 791 666 sua
810 639 959 670 recedunt,
979 646 1014 666 ne

221 693 273 719 qua
292 684 362 711 forte
388 684 490 711 illisum
520 685 647 712 cautibus
669 684 842 719 diﬂringatur
864 685 1012 719 navigium.

222 730 382 763 Quanquam
394 737 470 759 vero.
489 738 503 756 a
521 730 598 756 nullo
609 730 673 756 dum
689 730 847 756 mortalium
860 729 931 756 istuc
946 737 1015 764 prte-

221 775 316 802 stitum
334 775 419 802 fuisse
441 775 576 803 allirmare
607 776 750 807 habemus.
780 784 830 803 nec
844 776 876 803 ad
901 776 1012 810 aliquod

223 821 326 847 rel'crre
339 821 402 847 licet
418 822 599 856 exemplum:
621 822 696 849 solus
723 827 750 848 tu
772 822 845 848 enim
872 821 1011 857 repet-isti,

222 866 297 894 solus
309 867 445 900 protulisti
464 867 490 894 in
507 868 596 894 lucem
614 875 620 894 :
634 867 767 894 exsistent
782 872 887 899 tamen,
901 868 1011 902 opinor,

222 914 269 948 qui
291 914 358 941 illud
377 915 593 947 minulabuntnr,
629 915 739 949 eritque
764 914 924 946 fortassean,
949 922 1011 942 cum

221 960 276 987 tuis
288 959 363 987 hisce
378 960 499 987 secunda
512 964 618 994 Icmpus
631 960 713 987 cdere
734 960 891 988 conabitur.
910 960 1009 987 Verum

221 1005 294 1032 enim
309 1013 374 1032 vero
389 1005 469 1041 quod-
483 1006 520 1033 ita
536 1006 616 1040 plane
629 1014 691 1033 cum
715 1007 834 1041 benigne
855 1006 917 1033 aliis
932 1006 1010 1038 facis,

222 1052 377 1084 delectaris,
392 1052 480 1086 [quasi
505 1051 527 1078 si
550 1052 598 1078 tibi
629 1051 679 1086 ipsi
705 1051 772 1078 illud
798 1052 880 1079 tribui
900 1058 1012 1080 censeas

222 1097 396 1128 beneficium,
411 1096 484 1131 quod
499 1097 539 1124 sic
555 1098 619 1124 item
632 1103 776 1132 promptus
787 1096 819 1123 ad
837 1097 1009 1131 largiendum

221 1150 262 1176 cs,
280 1147 310 1169 ut
326 1143 370 1169 vix
386 1143 455 1170 alius
472 1142 553 1176 ullus,
574 1143 807 1176 quemadmodum
825 1143 955 1173 arbitror.
974 1142 1008 1169 ad

221 1189 437 1223 accipiendum:
465 1194 548 1224 atque
575 1190 624 1216 has
651 1197 720 1216 unas
745 1189 931 1223 maximasque
960 1189 1009 1216 tibi

221 1242 286 1269 opes
302 1243 363 1262 esse
377 1236 487 1267 statuis,
506 1235 641 1270 quidquid
664 1236 760 1267 habes,
773 1235 807 1262 ad
825 1236 894 1263 alios
920 1240 1010 1262 trans-

221 1281 302 1313 lerre,
319 1288 424 1315 eosque
439 1281 512 1315 quod
534 1287 592 1308 tute
607 1287 687 1308 antea
710 1281 816 1312 fueras.
840 1286 866 1308 te
883 1281 955 1315 quod
971 1281 1009 1308 illi

221 1331 312 1361 erant,
340 1327 409 1359 ﬁeri,
435 1326 488 1353 hoc
516 1328 606 1361 ipsum
634 1332 711 1353 tuum
736 1326 860 1360 profecto
873 1326 959 1353 solius
981 1330 1009 1353 et

222 1359 363 1407 proprium
378 1377 430 1404 est,
443 1373 470 1399 in
486 1381 541 1408 quo
556 1373 661 1400 nullum
678 1380 766 1408 neque
778 1373 1008 1408 liabuisti,neque

221 1426 340 1452 unquam
356 1418 500 1445 habiturus
517 1426 558 1449 es.
574 1419 679 1445 socium
698 1428 705 1445 :
725 1426 796 1446 unus
817 1422 844 1445 tu
869 1419 954 1450 enim,
978 1422 1008 1445 ιιι

221 1472 278 1491 rem
295 1463 381 1491 verbo
406 1463 560 1494 absolvam.
581 1465 713 1491 adversus
728 1465 869 1499 graviores
890 1465 1008 1492 fortunm

1066 228 1225 262 περιρῤαγῇ
1243 236 1295 253 που
1315 227 1345 253 τὺ
1365 227 1468 261 σκάφος
1489 227 1701 265 προσεγκύρσαν
1726 228 1860 254 σπιλάσι.

1066 275 1162 300 Καίτοι
1180 273 1259 299 τοῦτο
1284 273 1333 308 μὲν
1356 273 1380 299 εἰ
1394 273 1441 299 καὶ
1472 273 1567 308 μηδενί
1591 282 1635 300 πω
1650 274 1705 300 τῶν
1723 274 1861 300 ἁπάντων

1064 320 1247 354 εἰργασμένον
1263 319 1359 354 ἔχομεν
1373 318 1474 352 λέγειν,
1484 319 1539 345 οὐδ’
1549 318 1622 345 ἔστιν
1634 320 1673 350 εἰς
1685 319 1861 354 παράδειγμ’

1065 366 1234 399 ἀνενεγκεῖν-
1253 365 1334 399 μόνος
1359 364 1413 399 γὰρ
1431 365 1542 399 ἐξεῦρες
1558 364 1606 391 καὶ
1630 367 1710 399 μόνος
1725 364 1860 400 προῦφη-

1065 419 1124 442 νας·
1139 411 1198 438 ἀλλ’
1209 409 1256 437 οὖν
1273 410 1381 437 ἔσονταί
1394 419 1467 442 τινες
1486 411 1619 443 ζηλωταί·
1635 415 1683 437 και
1698 412 1862 446 φιλονεική-

1066 464 1107 482 σει
1124 455 1185 482 ποτ’
1200 456 1233 482 ἂν
1251 456 1315 487 ἴσως
1332 455 1346 481 ό
1372 455 1468 490 χρόνος
1481 455 1574 482 δοῦναι
1586 455 1620 482 τὰ
1641 455 1771 491 δεύτερα’
1789 457 1822 482 τὸ
1838 457 1861 482 δ’

1068 502 1140 528 οὕτω
1166 502 1215 536 μὲν
1242 503 1349 537 χαίρειν
1369 502 1400 527 εἶ)
1421 502 1549 528 ποιοῦντα
1565 503 1627 533 τοὺς
1648 502 1744 534 ἄλλους
1762 503 1863 536 ὥσπερ

1067 549 1149 575 αὑτὸν
1165 548 1196 575 εὖ
1211 549 1326 583 πάσχειν
1346 548 1479 582 νομίζειν,
1498 547 1570 574 οὕτω
1584 547 1612 574 δὲ
1627 548 1773 583 πρόθυμον
1788 546 1863 575 εἶναι

1065 595 1182 628 διδόντα,
1194 595 1232 626 ὡς
1252 594 1305 621 οὐδ’
1322 595 1354 620 ἂν
1372 592 1412 625 εἷς
1433 593 1510 629 οἶμαι
1531 594 1688 629 λαμσάνων,
1703 596 1750 621 καὶ
1764 594 1864 621 τοῦτον

1065 641 1193 677 ἡγεῖσθαι
1207 641 1287 676 μόνον
1305 640 1419 666 πλοῦτον
1436 641 1483 667 καὶ
1504 640 1644 675 μέγιστον,
1660 640 1691 666 τὸ
1709 641 1863 675 μετατιθέ-

1064 696 1108 714 ναι
1126 688 1193 722 πρδς
1207 686 1317 720 ἑτέρους
1329 686 1363 712 τὰ
1373 686 1449 712 ὕντα·
1468 687 1516 712 καὶ
1528 687 1640 717 τούτους
1657 686 1707 721 μὲν
1722 686 1796 721 ὅπερ
1812 688 1863 713 αὖ-

1064 734 1120 766 τὺς,
1137 733 1219 760 αὐτὸν
1233 733 1262 759 δὲ
1283 733 1350 768 ὅπερ
1373 733 1471 758 ἐκεῖνοι
1492 733 1646 766 γίγνεσθαν
1659 733 1713 760 τόδ’
1737 734 1797 768 ἄρα
1814 734 1861 760 σὺν

1064 777 1149 804 αὑτοῦ
1166 778 1249 813 μόνου
1270 777 1317 804 καὶ
1336 778 1464 807 κοινωνὸν
1487 778 1538 804 οὐκ
1555 777 1643 813 ἔσχες,
1662 778 1725 812 οὕτε
1749 780 1863 814 μήποτε

1064 824 1165 858 κτήσῃ·
1186 824 1266 858 μόνος
1278 824 1331 858 γὰρ
1347 823 1384 853 ὡς
1401 824 1489 850 εἰπεῖν
1503 824 1663 858 διαγέγονας
1678 825 1749 859 πρὸς
1759 825 1798 851 τὰ
1811 825 1862 860 τῆς

1063 870 1148 905 τύχης
1178 869 1367 904 ἁμιλλώμενος
1381 869 1466 904 πάθη,
1484 870 1533 896 καὶ
1550 870 1597 905 τὴν
1616 870 1762 905 ἀνώμαλον
1784 871 1863 905 ἄγω-ι

1064 917 1103 947 είς
1121 917 1178 942 ἴσον
1191 917 1222 942 τό
1239 924 1271 950 γε
1288 917 1357 942 κατὰ
1382 917 1490 943 σαυτόν·
1508 916 1557 943 καὶ
1580 917 1634 951 μὴν
1649 917 1698 945 τὰς
1717 918 1863 952 ὁσημέραι

1063 960 1185 995 συναίράς
1197 960 1358 996 γαμηλίους,
1373 961 1420 987 καὶ
1435 961 1561 987 συσσίτια
1575 962 1698 996 πενήτων
1713 962 1789 997 ὑπὲρ
1804 964 1856 997 τὴν

1063 1007 1169 1042 χρείαν,
1184 1007 1231 1033 καὶ
1245 1007 1335 1041 χρεῶν
1351 1008 1459 1034 ἀτόπων
1476 1007 1630 1040 ἀποκοπὰς,
1645 1008 1692 1034 καὶ
1707 1009 1862 1043 δεσμωτῶν

1062 1051 1150 1084 λύσιν,
1164 1052 1211 1078 καὶ
1228 1052 1344 1087 είρκτῶν
1359 1052 1466 1086 ἄφεσιν,
1492 1053 1538 1079 καὶ
1558 1052 1608 1085 τὰς
1624 1053 1653 1078 ὲν
1672 1054 1730 1084 τοῖς
1748 1054 1861 1080 νοσοῦσι

1062 1098 1251 1133 παραμυθίας,
1264 1098 1311 1124 καὶ
1323 1099 1373 1131 τὴν
1384 1098 1439 1124 τῶν
1453 1099 1537 1132 ξένων
1552 1098 1686 1134 ὑποδοχὴν
1700 1099 1751 1125 καὶ
1765 1100 1863 1134 φιλαν-

1063 1144 1199 1178 θρωπίαν,
1213 1145 1260 1170 καὶ
1275 1144 1350 1171 πόλλ’
1365 1145 1459 1180 ἔτερα,
1480 1145 1528 1172 καὶ
1548 1146 1577 1171 τὸ
1595 1145 1724 1180 μέγιστον
1742 1147 1811 1177 τοὺς
1829 1147 1860 1172 ἐκ

1062 1189 1161 1215 πολλοῦ
1178 1189 1228 1223 μὲν
1244 1189 1324 1224 ίερῶς
1338 1189 1546 1221 στασιάζοντας,
1559 1190 1622 1224 ἄρτι
1637 1189 1666 1216 δὲ
1677 1191 1860 1221 νενευκότας,

1062 1234 1110 1261 καὶ
1122 1235 1366 1269 προσδοκωμένους
1378 1235 1475 1261 αὐτίκα
1490 1235 1562 1269 μάλα
1573 1237 1700 1270 τιμήσειν
1713 1236 1858 1270 ὁμόνοιαν·

1061 1279 1075 1306 ὅ
1086 1279 1156 1310 τίνος
1173 1279 1207 1306 ἂν
1224 1279 1343 1314 πρόσθεν
1356 1280 1428 1306 κατὰ
1443 1280 1557 1315 γνώμην
1573 1280 1674 1316 είσῄεις
1698 1282 1767 1317 ποίᾳ
1781 1282 1861 1308 ταῦτ’

1060 1326 1148 1351 ἔνεστι
1162 1326 1235 1360 ψυχῇ
1251 1326 1419 1360 παραὸαλείν
1435 1326 1613 1362 ἀνθρωπίνῃ;
1631 1327 1663 1353 Ὢ
1672 1327 1712 1358 τίς
1726 1327 1790 1362 ᾄσει
1810 1329 1860 1362 μὲν

1059 1372 1159 1405 πάντα,
1175 1372 1236 1407 ᾄσει
1261 1373 1292 1398 δὲ
1311 1373 1371 1398 κατ’
1385 1372 1480 1406 ἀξάνς
1501 1373 1533 1399 ’Ὠ
1549 1374 1591 1405 τίς
1606 1373 1726 1405 ἀκούσας
1746 1375 1798 1400 οὐκ
1816 1375 1861 1400 εἰ-

1060 1418 1108 1449 οὺς
1127 1418 1266 1445 ἀνίσταται
1281 1419 1313 1453 τῇ
1326 1418 1419 1452 ψυχῇ,
1436 1419 1481 1444 καὶ
1496 1418 1542 1444 τὸν
1555 1419 1738 1453 εἰργασμένον
1756 1419 1859 1445 ἐθέλων

1059 1463 1130 1498 ὑπὲρ
1146 1464 1251 1495 πάντας
1270 1463 1424 1499 σεμνύνειν,
1444 1464 1633 1499 πληροὺμενος
1654 1464 1858 1498 ἐνθουσιασμοῦ

219 1518 368 1543 :erttmnas,
385 1510 412 1537 in
437 1511 510 1537 omni
534 1511 591 1537 vita
609 1511 718 1545 egregie
734 1511 909 1545 depugnasti,
925 1516 960 1537 att

1116 1508 1152 1535 ὦν
1165 1509 1292 1544 ἐμφαίνει
1312 1510 1342 1535 τὸ
1360 1509 1470 1543 θαῦμας
1495 1509 1565 1542 Ἐγὼ
1581 1509 1609 1536 δὲ
1632 1510 1680 1535 καὶ
1704 1510 1792 1537 τᾶλλα
1808 1511 1857 1544 μὲν

222 1557 382 1591 inaequalem
395 1557 469 1583 illam
483 1557 573 1588 deam,
587 1556 678 1590 quoad
692 1561 813 1590 poteras,
829 1557 899 1584 utad
913 1565 1007 1592 atqua.

221 1603 325 1630 litatem
352 1602 518 1634 reduceres,
539 1609 650 1636 operam
670 1602 780 1629 dedisti.
806 1601 908 1629 Adliazc
926 1610 1009 1637 porro

221 1649 395 1682 quotidianae
418 1650 485 1675 istas
513 1652 574 1675 tuas
604 1648 764 1675 collationes
781 1648 932 1682 epulasque
957 1656 1009 1675 nu-

221 1694 338 1728 ptiales,
364 1699 392 1721 et
423 1694 613 1726 lautlusculas,
643 1701 726 1728 quam
751 1701 800 1728 pro
829 1694 1008 1727 necessitate,

220 1747 371 1776 pauperum
390 1739 579 1771 iuvitationes,
595 1744 623 1767 et
637 1740 765 1767 immanis
784 1739 847 1767 aeris
867 1741 949 1767 alieni
966 1741 1008 1767 al~

220 1786 383 1818 levamenta,
397 1790 426 1814 et
442 1786 606 1814 solutionem
623 1787 777 1814 vinctorum
801 1788 1006 1814 custodiarum-

220 1841 273 1867 qtte
298 1832 470 1865 missionem,
493 1837 519 1859 ct
539 1840 673 1867 aegrorum
695 1832 910 1866 consolationes,
928 1838 956 1860 et
979 1834 1007 1859 in

221 1878 387 1913 recipiendis
408 1878 565 1913 hospitibus
582 1878 780 1905 humanitatem
794 1898 801 1910 ,
821 1882 849 1905 et
863 1879 1006 1913 complura

220 1924 246 1950 id
274 1931 359 1958 genus
374 1924 437 1955 alia,
462 1923 582 1957 denique
611 1923 684 1957 quod
711 1923 751 1949 vel
780 1923 929 1950 maximum
948 1928 1001 1954 est.

219 1971 321 1997 sanctis
349 1970 454 2005 jamdiu
478 1969 702 1997 contentionibus
729 1969 899 2002 distractos,
930 1977 1004 1997 nunc

219 2021 310 2042 autem
332 2015 470 2042 inclinatis
496 2015 605 2047 animis,
622 2021 652 2042 ut
671 2023 734 2049 spes
761 2019 814 2048 est,
844 2016 1003 2050 propediem

1062 1554 1209 1589 δυστυχὴς,
1227 1554 1269 1580 ἐν).
1280 1554 1308 1580 δὲ
1321 1554 1437 1589 μάλιστα
1452 1554 1540 1589 τούτῳ
1548 1555 1591 1580 ὃτι
1605 1554 1655 1588 τῆς
1665 1555 1773 1582 τούτων
1789 1557 1859 1582 ἀπο-

1062 1600 1192 1635 λείπομαι
1217 1601 1292 1633 Οέας,
1312 1602 1359 1627 καὶ
1375 1601 1425 1627 οὐκ
1439 1601 1570 1628 ἀπολαύω
1586 1601 1682 1636 παρὼν
1697 1602 1748 1637 τῆς
1767 1603 1857 1637 ἀρχῆς

1061 1647 1096 1673 τὰ
1113 1646 1272 1681 γιγνόμενα·
1286 1648 1303 1682 ἥ
1319 1647 1433 1678 σώζοιτο
1461 1647 1593 1674 ἐνιαυτῶν
1621 1648 1735 1682 συχναῖς
1760 1648 1858 1682 περιό-

1061 1692 1128 1724 δοις,
1149 1693 1189 1724 είς
1204 1692 1332 1727 τελευτὴν
1350 1692 1379 1718 εὖ
1395 1693 1469 1728 μάλα
1484 1694 1592 1726 παγίως
1607 1693 1661 1720 τῶν
1677 1695 1856 1729 πραγμάτων

1061 1738 1234 1773 χωρούντων·
1254 1738 1367 1771 σώζοιτο
1378 1739 1406 1764 δὲ
1421 1738 1544 1773 βασιλεία
1555 1739 1589 1766 τὰ
1607 1740 1675 1775 μόνα
1689 1740 1738 1766 καὶ
1755 1741 1855 1774 πρῶτα

1062 1783 1195 1810 κάλλιστα
1207 1784 1254 1810 καὶ
1267 1785 1409 1820 πρέποντά
1418 1793 1449 1819 γε
1461 1785 1595 1820 ἀλλήλοις.
1612 1786 1666 1812 Καὶ
1677 1786 1787 1820 γένοιτο
1805 1787 1854 1820 μὲν

1059 1829 1131 1863 ὑμᾶς
1147 1830 1186 1860 εὶς
1198 1829 1447 1865 τὸ¹Ἀργανθωνίου
1459 1833 1547 1866 γῆρας
1560 1831 1685 1867 ἀφῖχθαι,
1703 1832 1752 1858 καὶ
1768 1831 1797 1858 εἰ
1810 1840 1854 1862 τις

1058 1875 1137 1907 ἄλλος
1152 1874 1367 1911 ’ὑπερσεσηκὼς
1395 1877 1437 1911 εἴη
1470 1878 1534 1909 τοὺς
1559 1879 1652 1913 ὄρους·
1680 1878 1803 1904 συνεῖναι
1824 1877 1854 1904 δὲ

1059 1921 1152 1956 μόνοις
1169 1922 1213 1948 ἀεὶ
1228 1923 1285 1953 τοῖς
1312 1923 1461 1957 βελτίστοις
1485 1923 1648 1950 ὲπιδιδοῦσιν
1671 1923 1736 1950 ὅσον
1762 1924 1853 1956 ἔξεστι

1057 1968 1193 2001 πλεῖστον,
1205 1968 1243 1999 ὡς
1258 1968 1292 1994 ἂν
1307 1970 1354 1995 καὶ
1374 1971 1431 2000 τοῖς
1455 1970 1677 2005 ἐπιγιγνομένοις
1693 1969 1738 2004 εἴη
1755 1971 1854 2004 πειρὶ-

1056 2015 1118 2040 σοαι
1135 2016 1183 2049 τῆς
1197 2014 1262 2049 παρ’
1275 2015 1352 2049 ὑμῶν
1365 2015 1526 2050 εὐπραξίας.

220 2061 395 2089 concordiam
412 2062 547 2093 culturos.
557 2061 629 2096 quod
643 2063 687 2088 cui
705 2061 746 2089 vel
757 2062 784 2089 in
797 2066 915 2089 mentem
928 2067 1007 2088 antea
1027 2061 1158 2088 venerat?
1172 2062 1223 2090 cui.
1246 2061 1315 2095 haec,
1334 2063 1455 2097 inquam.
1487 2063 1584 2090 anima:
1600 2055 1852 2096 humanm-compa-

219 2115 282 2135 rare
292 2109 334 2135 {as
351 2109 411 2136 cst?
423 2109 445 2136 0
457 2109 519 2143 quis
533 2108 592 2135 haec
607 2108 698 2135 omnia
713 2107 811 2136 canet?
821 2113 902 2134 canet
916 2112 1007 2134 autem
1028 2115 1061 2134 ex
1077 2107 1194 2134 merito?
1221 2107 1243 2135 0
1256 2108 1318 2142 quis
1334 2108 1391 2135 ham
1411 2108 1525 2136 auribus
1556 2115 1693 2141 usurpans
1708 2116 1766 2136 non
1785 2117 1851 2144 pro-

219 2155 293 2182 tinus
316 2155 450 2182 cxcitatur
463 2155 576 2188 animo;
614 2158 696 2188 atque
717 2153 782 2181 dum
815 2158 957 2181 auctorem
992 2161 1047 2188 prze
1067 2153 1195 2180 omnibus
1221 2153 1358 2181 laudando
1386 2154 1517 2182 extollere
1544 2158 1679 2187 conatur,
1707 2163 1764 2182 non
1787 2163 1852 2182 mox

218 2203 292 2229 velut
318 2202 431 2229 numine
455 2201 574 2235 quodam
597 2200 766 2231 instinctus,
791 2200 1009 2227 obmutescendo
1043 2191 1161 2234 prodigii
1185 2200 1267 2234 hujus
1308 2201 1524 2235 magnitudinem
1552 2201 1690 2228 declarat?
1713 2201 1755 2229 Me
1782 2209 1851 2228 vero

218 2256 281 2275 cum
295 2250 322 2275 in
341 2248 447 2276 cwteris
465 2247 615 2280 infelicem,
631 2252 688 2274 tum
709 2247 737 2273 in
754 2246 806 2274 hoc
821 2254 877 2274 uno
905 2246 1068 2281 praesertim,
1101 2246 1172 2281 quod
1207 2247 1241 2274 ab
1276 2255 1390 2282 operum
1415 2248 1530 2275 istorum
1555 2247 1651 2276 absum
1671 2248 1849 2283 spectaculo:

218 2303 269 2323 nec
283 2303 413 2331 praesens,
425 2302 506 2328 quem
525 2301 573 2328 par
585 2298 654 2325 erat,
668 2294 702 2321 de
715 2300 792 2320 sacra
807 2293 858 2320 ista
871 2293 1005 2327 dignitate
1027 2298 1084 2325 tua.
1100 2294 1179 2329 capio
1209 2294 1341 2322 fructum.
1375 2294 1463 2327 Quam
1479 2295 1560 2330 longo
1571 2303 1707 2322 annorum
1729 2296 1847 2323 circuitu

218 2350 319 2372 sartum
337 2348 436 2370 tectam
453 2342 502 2368 tibi
530 2348 642 2368 manere
657 2341 783 2376 discupio
799 2349 805 2367 :
819 2341 902 2368 rebus
926 2341 1055 2368 omnibus
1085 2341 1118 2368 ad
1151 2341 1232 2368 linem
1264 2349 1351 2376 usque
1364 2343 1426 2369 vitm
1446 2350 1579 2377 prospero
1596 2347 1623 2369 et
1652 2344 1790 2369 constanti
1805 2349 1847 2369 tc-

218 2400 285 2419 nore
300 2389 524 2426 procedentibus.
547 2388 626 2416 Salva
651 2388 716 2414 item
743 2393 771 2415 et
804 2387 950 2415 incolumis
974 2388 1150 2423 imperatoria
1169 2388 1296 2424 majestas
1308 2389 1343 2415 sit
1375 2393 1456 2424 opto;
1491 2396 1551 2423 qua:
1575 2395 1619 2415 res
1653 2388 1715 2415 dua:
1737 2389 1802 2416 sola:
1818 2393 1847 2416 et

219 2439 315 2473 primae
329 2435 519 2469 pulcherrima:
532 2441 598 2461 sane
615 2437 697 2465 sunt,
715 2438 743 2460 et
757 2434 860 2468 optime
895 2434 967 2461 inter
989 2442 1018 2461 se
1038 2434 1216 2462 conveniunt.
1238 2434 1292 2462 Vos
1325 2441 1415 2461 autem
1440 2435 1494 2461 fata
1510 2435 1543 2461 ad
1559 2434 1752 2469 Arganthonii,
1769 2440 1795 2463 ct
1822 2437 1845 2462 si

219 2485 282 2518 quis
303 2483 373 2510 alius
391 2483 462 2509 ultra
486 2488 648 2509 communes
680 2480 730 2507 aevi
756 2481 889 2508 terminos
913 2485 1024 2507 evectus
1057 2484 1110 2513 est,
1133 2486 1281 2512 senectam,
1301 2481 1395 2508 venire
1415 2481 1525 2514 sinant,
1552 2485 1634 2516 atque
1666 2482 1691 2508 iu
1715 2481 1847 2509 SL‘t‘lllldlS

219 2537 353 2569 perpetuo
370 2533 462 2564 rebus,
478 2536 506 2559 et
523 2531 577 2564 his,
594 2535 726 2566 quantum
742 2529 799 2557 ﬁeri
817 2536 907 2565 potest
934 2531 1081 2557 maximum
1116 2530 1225 2557 assidue
1255 2530 1426 2564 capientibus
1455 2530 1667 2563 incrementum,
1684 2532 1799 2564 versari,
1814 2537 1844 2558 ut

219 2580 322 2617 posteri
334 2581 416 2608 etiam
443 2579 568 2607 traditam
586 2587 600 2606 a
619 2579 696 2607 vobis
711 2584 944 2615 propagatamque
957 2579 1134 2613 experiantur
1162 2579 1334 2607 felicitatem.
