1878 3060
44 133 91 166 33'!

618 134 813 165 LAUDATlO
832 134 946 164 REGIS
965 134 1073 165 CYPRI

1621 133 1674 166 398

605 292 780 359 ΤΟΥ
829 291 1117 358 ΑΥΤΟΥ

455 413 542 458 ΕΙΣ
569 415 683 457 TON
707 414 851 457 ΡΗΓΑ
887 414 996 457 ΤΗΣ
1025 414 1272 458 ΚΥΠΡΟΥ.

706 593 1024 652 EJUSDEM

486 711 793 758 LAUDATIO
835 713 1004 759 REGIS
1040 712 1240 758 CYPBI.

77 867 308 904 Ᾱ¹.”Υψηλότατε,
326 868 491 902 ὲνδοξότατε,
509 870 698 905 εὐγενέστατε,
714 871 818 906 λαμπρ(

938 892 944 899 .
958 871 1116 900 Cclsissime
1126 891 1134 902 .
1151 870 1347 906 gloriosissime
1357 889 1365 902 ,
1383 871 1603 906 generosissime,
1618 867 1679 896 illu-

46 925 106 943 τατε
121 935 129 947 ,
148 916 222 950 μέγα
239 916 292 951 mg
311 917 361 950 τῆς
387 916 510 952 Κύπρου.
529 918 560 944 Οἱ
585 917 707 944 πλεῖστοι
721 919 775 945 τῶν
797 919 837 949 είς

45 963 91 996 τὴν
105 962 294 996 μεγαλόπολιν
308 963 424 997 ταυτηνὶ
438 963 634 999 καταιρόντων,
651 964 762 992 ἐπειδὰν
772 965 838 991 πολ-

45 1008 89 1038 ὶὰς
115 1008 289 1042 ἀμείψαντες
307 1008 399 1042 χώρας
421 1009 469 1034 καὶ⁸
486 1009 580 1041 πόλεις
603 1009 650 1036 καὶ
666 1010 763 1044 νήσους
791 1010 838 1037 καὶ

45 1054 186 1089 ἠπείρους,
199 1054 358 1089 διηγεῖσθαι
370 1055 419 1086 τὰς
433 1055 540 1083 ἑαυτῶν
552 1056 695 1092 περιόδους
710 1056 838 1084 ἐθέλωσιν

45 1097 82 1131 οἷς
111 1100 143 1126 ἂν
163 1101 356 1136 ἐντυγχάνωσι
379 1102 487 1136 νύκτωρ
506 1104 553 1129 καὶ.
571 1102 632 1138 μεθ’
647 1104 766 1139 ἡμέραν,
789 1105 838 1131 καὶ¹

49 1147 155 1180 μάλισθ’
169 1147 268 1174 ὀπόσοι
279 1147 405 1181 γλῶτταν
417 1148 517 1183 ἔχωσιν
528 1149 666 1184 ἀρκοῦσαν
683 1151 716 1177 ὲκ
731 1150 839 1185 φύσεως

46 1193 216 1226 ἐξαγγέλλειν
228 1193 264 1219 τὰ
277 1193 329 1227 τῆς
342 1194 462 1226 διανοίας
471 1195 625 1231 ἀπόρρητα,
642 1196 764 1231 βελτίους
776 1197 840 1223 ἑαυ-

47 1239 97 1263 τῶν
115 1239 238 1272 γίνονται
266 1239 380 1274 μᾶλλον,
400 1240 466 1266 ὅταν
492 1241 531 1273 είς
546 1242 607 1273 τοὺς
622 1243 686 1274 σοὺς
710 1242 840 1274 ἐπαίνους

48 1285 157 1316 ἑαυτοὺς
173 1285 349 1317 ἀπολύσωσι,
368 1287 416 1313 καὶ
432 1287 483 1318 τὰς
499 1287 580 1322 ἡνίας
594 1289 644 1323 τῆς
659 1288 783 1323 γλώττης
798 1289 841 1315 ἐν·

47 1331 125 1357 aon-
154 1331 279 1357 κᾶπειτα
308 1332 483 1366 ἐρωτώμενοι
510 1333 580 1368 πρὺς
599 1333 654 1360 τῶν
675 1334 839 1368 ἀκουόντων,

49 1375 103 1406 πῶς
126 1375 211 1410 φύσει
238 1374 439 1411 φιλοθεάμονες
456 1377 637 1413 ὑπάρχοντες,
654 1380 701 1405 καὶ
724 1379 840 1410 πολλοὺς

48 1422 236 1456 διεληλυθότες
259 1423 371 1455 τόπους,
386 1423 434 1448 καὶ
460 1423 565 1450 πολλῶν
581 1425 733 1459 ἀνθρώπων
755 1425 841 1453 ἄστεα.

50 1468 92 1494 καὶ
104 1468 165 1494 νόον
176 1468 344 1502 ἐγνωκότες,
359 1469 408 1503 τὴν
420 1468 472 1502 τῆς
484 1469 598 1504 Κύπρου
614 1470 715 1505 μᾶλλον
727 1471 842 1506 ὑμνοῦσι

53 1515 198 1545 πολιτείαν,
210 1515 260 1541 καὶ
271 1515 320 1549 τὴν
330 1514 502 1550 δικαιοσύνην
512 1515 559 1551 τὴν
572 1517 686 1551 dimicat
695 1517 744 1544 ὃσα
760 1518 842 1544 πλουο

51 1562 101 1592 τεῖς
117 1561 222 1595 ἀγαθὰ,
240 1562 330 1588 ὲκείνο
343 1562 376 1596 δὴ
391 1562 421 1588 τὸ
436 1563 485 1597 τῆς
509 1563 728 1600 Ἀριστοτελικῆς
745 1566 842 1600 σοφίας

52 1607 218 1641 ἀπὸςςθεγμσ.
226 1608 415 1642 μιμησάμενοι
427 1608 623 1644 ἀποκρίνονται
636 1618 643 1625 '
659 1611 697 1642 ὡς
706 1611 758 1646 γὰρ
770 1612 841 1638 ἐκεῖ·

53 1661 92 1683 νος
109 1653 263 1688 ἐρωτηθεὶς
275 1653 412 1685 διατίτοίς
436 1654 530 1686 καλοῖς
548 1656 716 1691 μακρότερον
730 1656 841 1690 ὀμιλοῦ-

53 1707 109 1732 μεν,
122 1699 229 1734 τυφλοῦ
243 1700 274 1725 τὸ
286 1699 418 1735 ἐρώτημα
432 1699 502 1727 εἶναι
515 1701 693 1737 ἀπεκρίνατο,
708 1702 779 1729 οὕτω
794 1703 842 1730 καὶ

51 1743 121 1772 οὗτοι
138 1745 208 1780 παρ’
221 1745 396 1781 ὸτωνδήποτε
410 1747 583 1781 ἐρωτώμενοι
597 1748 668 1774 διατί
681 1751 736 1780 τοις
751 1750 841 1783 ἐγκω-

54 1792 119 1825 μίοις
134 1791 270 1818 ἑπιπλέον
287 1793 344 1823 τοῖς
366 1793 423 1824 σοῖς
446 1793 658 1828 ὲνδιατρίὸουσι,
676 1794 721 1820 καὶ
740 1794 843 1828 γλυκύ-

52 1846 126 1872 τητος
140 1839 230 1873 γέμον
246 1838 378 1873 ἡγοῦνται
391 1839 552 1876 ὲντρύφημα
566 1840 599 1866 τὰ
615 1841 648 1867 σὰ
663 1841 821 1876 διηγήματα
831 1861 839 1874 ,

51 1883 138 1918 κωφοῦ
158 1893 244 1920 φασιν
255 1882 326 1912 εἶναι
340 1886 369 1912 τὺ
389 1885 531 1921 ἐρώτημα.
547 1887 608 1913 Τῶν
628 1887 683 1922 γὰρ
699 1887 838 1920 τοιούτων,

51 1930 84 1961 ὡς
102 1932 224 1966 εἴρηται,
239 1931 373 1962 πολλάκις
387 1932 573 1967 διηγουμένων
590 1934 625 1959 τὰ
640 1934 773 1968 κράτιστα
786 1932 841 1961 τῶν

53 1975 100 2001 σῶν
126 1976 260 2010 ἀγαθῶν,
287 1977 335 2003 καὶ
367 1977 476 2004 πάντων
506 1978 659 2006 ἀκουόντων
697 1980 745 2007 καὶ⁹
774 1979 840 2006 Θαυ-

55 2022 202 2055 μαζόντων,
218 2022 314 2054 Ὅστις
332 2023 447 2057 ἀνήκοος
467 2024 571 2058 ἔμεινε,
597 2025 675 2058 φασὶ.
695 2025 786 2059 κωφὸς
809 2026 842 2052 ἂν

54 2068 92 2101 εἴη
106 2069 216 2100 πάντως
229 2068 260 2100 ἐξ
274 2068 359 2104 αὐτῆς
370 2069 419 2103 τῆς
427 2070 571 2103 γενέσεως,
587 2071 636 2098 καὶ
645 2070 695 2105 τῆς
708 2070 843 2105 βελτίονος

54 2114 211 2150 λειπόμενος
223 2114 278 2140 τῶν
287 2115 441 2150 αἰσθήσεων
455 2124 462 2131 ·
477 2115 584 2142 πολλῶν
596 2117 649 2152 γὰρ
657 2117 786 2151 πελαγῶν
796 2118 843 2144 καὶ

53 2160 192 2187 θιλατσῶν
209 2160 310 2193 οὐσῶν,
327 2161 424 2188 ὁπόσαι
443 2162 541 2196 νήσους
556 2161 647 2197 ἔχουσι
666 2162 798 2197 μεγίστας
812 2172 842 2190 τε

857 1551 879 1579 Β

889 916 1033 947 strissime,
1042 922 1138 950 magne
1149 922 1195 942 rex
1204 914 1296 950 Cypri.
1306 913 1431 949 Plerique
1439 921 1534 942 eorum
1543 914 1590 948 qui
1604 920 1681 948 perc-

888 971 935 997 gre
952 963 985 990 ad
1002 970 1126 998 magnam
1139 962 1209 990 hanc
1222 961 1317 989 urbem
1331 960 1619 996 (Constantinopolim)
1633 967 1681 995 ap-

889 1010 1005 1045 pellunt,
1023 1014 1165 1044 postquam
1186 1008 1278 1036 multis
1306 1007 1458 1043 peragratis
1469 1007 1638 1042 regionibus,
1653 1010 1681 1034 et

889 1056 1007 1092 oppidis,
1026 1061 1054 1084 et
1069 1056 1176 1088 insulis,
1189 1060 1217 1083 et
1234 1055 1393 1090 provinciis,
1406 1054 1504 1081 itinera
1522 1061 1571 1081 sua
1586 1053 1620 1080 iis
1631 1051 1679 1088 qui

890 1109 972 1131 noctu
989 1108 1036 1131 aut
1048 1103 1167 1131 interdiu
1186 1102 1259 1131 obvii
1275 1103 1346 1130 forte
1368 1101 1480 1133 fuerint,
1491 1107 1619 1128 enarrare
1638 1107 1682 1127 v0-

890 1151 967 1178 lunt:
980 1154 1008 1177 et
1023 1150 1060 1177 il‘li
1078 1150 1104 1177 in
1123 1150 1231 1184 primis,
1245 1150 1292 1184 qui
1307 1149 1340 1176 ad
1356 1147 1524 1177 enuntianda
1540 1147 1682 1175 recondita

891 1196 975 1223 animi
989 1203 1080 1227 sensa,
1103 1196 1170 1223 satis
1194 1195 1354 1223 instructam
1382 1202 1398 1222 a
1426 1199 1524 1222 natura
1552 1201 1683 1228 accepere

890 1243 1023 1278 linguam,
1041 1247 1097 1269 tum
1115 1242 1187 1269 haud
1202 1242 1282 1277 paulo
1314 1249 1381 1269 sane
1406 1241 1535 1268 meliores
1552 1239 1682 1275 semetip-

891 1290 929 1317 sis
941 1289 1010 1316 ﬁunt
1021 1294 1157 1321 oratores,
1172 1297 1235 1316 cum
1247 1289 1273 1316 in
1289 1293 1350 1315 tuas
1361 1295 1420 1316 sese
1435 1287 1532 1315 laudes
1561 1287 1682 1318 solvunt,

891 1335 1048 1371 linguaque
1072 1336 1163 1363 laxant
1179 1335 1312 1363 habenas.
1345 1335 1406 1362 Mox
1421 1342 1487 1362 vero
1512 1333 1546 1360 ab
1571 1333 1683 1360 audito-

892 1382 968 1409 ribus
982 1381 1153 1417 interrogati,
1169 1381 1217 1416 qui
1248 1381 1304 1412 liat,
1321 1386 1350 1408 ut
1375 1380 1501 1408 homines
1520 1384 1617 1406 natura
1643 1378 1685 1405 vi-

891 1428 971 1456 sendi
988 1428 1117 1459 studiosi.
1131 1432 1159 1455 et.
1176 1433 1214 1455 tot
1250 1426 1391 1462 pervagati
1410 1426 1481 1458 loca,
1498 1429 1526 1452 et
1544 1425 1591 1460 qui
1612 1424 1684 1452 Mul-

892 1478 980 1501 torum
990 1482 1084 1501 novere
1091 1474 1219 1508 urbesque
1233 1473 1387 1508 animosque
1402 1472 1519 1500 uirorum
1535 1471 1598 1506 (Οδ.
1611 1470 1681 1506 A',3)

894 1519 1094 1554 rempublicam
1126 1520 1262 1556 Cypriam.
1301 1523 1430 1553 tuamque
1473 1517 1620 1553 justitiam,
1656 1522 1684 1545 et

891 1574 954 1601 quae
970 1571 1100 1601 praeterea
1117 1566 1235 1601 plurima
1259 1564 1308 1592 tibi
1344 1564 1446 1592 adsunt
1474 1564 1556 1597 bona,
1573 1563 1685 1599 potissi-

891 1620 967 1639 mum
981 1612 1007 1639 in
1028 1613 1127 1640 cmlum
1153 1612 1253 1643 ferant,
1269 1611 1302 1638 ad
1319 1611 1428 1638 celebre
1453 1610 1521 1638 illud
1546 1610 1685 1638 Aristote-

891 1657 951 1685 lica:
960 1657 1100 1692 sapientiae
1113 1657 1267 1685 alludentes
1275 1657 1379 1684 dictum
1390 1656 1568 1691 respondent.
1580 1655 1686 1691 Quippe

893 1708 923 1732 ut
942 1704 999 1737 ille,
1009 1711 1072 1731 eum
1087 1703 1121 1731 ab
1137 1703 1198 1738 ipso
1210 1703 1359 1738 aliquando
1385 1707 1567 1738 quaereretur,
1600 1702 1697 1738 φναν-θ’

890 1750 991 1778 diutius
999 1759 1058 1778 cum
1072 1750 1190 1786 pulchris
1202 1750 1427 1778 nersamurhazci
1435 1758 1494 1777 eam
1509 1758 1563 1777 esse
1573 1750 1686 1776 interro-

891 1798 1022 1832 gationem
1035 1797 1145 1825 dicebat.
1164 1797 1253 1830 (Diog.
1271 1797 1362 1825 Laert.
1381 1805 1407 1824 ν.
1427 1796 1485 1832 20.)
1501 1796 1541 1823 Ad
1556 1796 1684 1824 eumdem

892 1846 921 1869 et
935 1841 963 1868 lii
976 1841 1098 1872 modum.
1107 1841 1242 1876 rogitante
1261 1841 1331 1868 forte
1349 1840 1557 1875 quopiam,quid
1574 1840 1610 1866 Ita
1625 1841 1687 1867 lon-

892 1888 953 1923 gius
968 1887 1023 1915 tuis
1034 1887 1217 1914 immorantur
1235 1887 1378 1918 laudibus,
1393 1887 1510 1921 illosque
1524 1887 1558 1913 de
1573 1886 1627 1913 tuis
1643 1893 1687 1913 re-

893 1934 944 1961 bus
957 1941 1099 1961 sermones
1114 1940 1164 1967 ρῐο
1179 1933 1339 1960 dulcissimo
1353 1932 1554 1960 oblectamento
1569 1931 1686 1959 habent?

893 1979 969 2008 surdi
989 1981 1129 2015 propriam
1141 1979 1220 2007 aiunt
1234 1986 1296 2007 esse
1309 1979 1506 2014 quaestionem;
1528 1979 1684 2014 hujusmodi

891 2025 967 2052 enim
983 2025 1153 2058 hominibus,
1168 2030 1199 2053 ut
1209 2025 1339 2058 diximus,
1366 2033 1437 2061 pene
1450 2025 1574 2060 quotidie
1583 2025 1616 2053 de
1632 2025 1687 2052 tuis

895 2071 975 2098 bonis
986 2071 1090 2106 optima
1104 2079 1220 2106 qumque
1244 2071 1535 2104 commemorantibus,
1570 2072 1687 2107 aliisque

903 2116 1035 2144 omnibus
1079 2117 1258 2145 audientibus
1307 2117 1592 2152 admirantibusque,
1639 2117 1686 2152 qui

898 2163 974 2190 solus
991 2162 1084 2189 talium
1113 2163 1301 2190 narrationum
1333 2171 1433 2199 expers
1475 2164 1583 2196 mansit,
1614 2162 1689 2190 hunc

53 2209 96 2233 καὶ
109 2207 270 2242 ἐλαχίστας,
284 2209 331 2234 καὶ
351 2208 448 2236 ὁπόσαι
472 2208 560 2244 μέσην
584 2208 662 2244 ἔσχον
685 2209 794 2241 Θέσιν,‹

946 2208 972 2234 Id
985 2207 1069 2236 dubie
1081 2216 1114 2235 ex
1125 2213 1187 2236 ortu
1202 2208 1262 2243 ipso
1276 2208 1390 2236 surdum
1413 2215 1600 2243 sensuumque
1619 2215 1687 2242 prae-

53 2255 81 2280 ἐκ
93 2255 143 2289 τῆς
168 2255 298 2289 Ἰνδικῆς,
315 2254 371 2281 οὔτ’
390 2256 422 2282 ἐκ
439 2255 488 2290 τῆς
505 2256 557 2288 ἔξω
573 2255 627 2282 τῶν
648 2256 846 2290 Ἀτλαντίδων,

53 2300 104 2326 οὒτ’
124 2302 157 2326 ὲκ
171 2301 221 2335 τῆς
237 2301 330 2334 ἐντὸς,
350 2301 398 2327 καὶ
414 2302 482 2336 ὅσην
502 2301 659 2336 Ἡράκλειοι
674 2301 768 2336 στῆλαι
786 2302 845 2338 ὀρί-

55 2345 137 2377 ζουσι,
162 2348 246 2381 φήμη
273 2355 315 2378 τις
339 2347 405 2382 ἡμῖν
429 2348 546 2380 ἀφίκετο
562 2347 640 2379 κλέος
656 2348 846 2382 ἐπιφερομένη

55 2393 169 2419 τοιοῦτον
181 2413 189 2424 ,
208 2393 307 2427 ἡλίκον
331 2393 378 2419 καὶ
404 2390 461 2420 οἷον
475 2394 492 2428 ἠ
506 2393 620 2428 Κύπρος
644 2394 661 2429 ἠ
683 2394 733 2429 σή’
752 2394 810 2420 οὗθ’
827 2396 843 2430 ἡ

56 2438 143 2473 Χρυσῆ
159 2439 299 2475 λεγομένη
315 2439 507 2475 Χερρόνησος,
525 2440 581 2467 οὔθ’
603 2441 618 2475 ή
635 2441 690 2467 τῶν
705 2441 846 2476 ἀρκτικῶν

57 2484 100 2518 τῆς
119 2485 287 2521 οἰκουμένης
315 2486 512 2521 προκαθημένη
535 2488 628 2521 μερῶν
657 2488 755 2523 Θούλη,
783 2487 844 2514 οὔτε

56 2531 103 2558 τῶν
119 2531 298 2567 Βρετανικῶν
323 2532 452 2566 οὐδεμία·
472 2531 516 2559 ναὶ
537 2533 602 2568 μὴν,
631 2534 692 2560 οὐδὲ
717 2534 770 2560 τῶν
789 2535 845 2560 ὅσοι

57 2577 117 2609 πρὲις
143 2577 322 2612 μεσημϐρίαν
339 2578 387 2603 καὶ
414 2577 490 2604 νότον
505 2577 607 2613 ἄνεμον
624 2579 746 2606 οἰκοῦσιν
769 2580 844 2606 Ἰνδοὶ

57 2625 98 2649 καὶ
122 2624 265 2656 Δίθίοπες,
293 2624 438 2659 θαυμαστὴ
461 2624 491 2651 τό
516 2625 630 2660 μέγεθος
658 2626 843 2660 Ταπροῦάνησ

58 2670 108 2695 ἀλλ’
126 2671 181 2697 οὐδ’
196 2672 213 2706 ἡ
233 2670 348 2705 πλησίον
370 2671 418 2697 καὶ
430 2671 529 2704 γείτων
549 2672 605 2703 τοῖς
618 2672 673 2698 τῶν
701 2672 844 2708 ’ΥρκανιῖΝ

57 2716 138 2743 ἔθνεσι
155 2717 274 2744 Κασπία
285 2724 292 2731 ·
312 2716 367 2742 οὐδ’
383 2717 433 2751 ὅση
449 2718 480 2743 ἐκ
496 2717 632 2753 Γαδείρων
648 2726 677 2744 τε
694 2720 740 2744 καὶ
759 2718 844 2752 Ἠρα-

58 2761 148 2789 κὶιείων
158 2762 303 2798 ἀρχομένη
319 2762 425 2797 στηλῶν
436 2763 523 2790 ἄνεισι
540 2763 590 2798 μὲν
599 2764 664 2798 ἄχρι
679 2765 726 2790 καὶ
744 2765 771 2795 ἐς
780 2764 844 2794 τοὺς

57 2806 246 2844 ῦπερδορείους
259 2808 372 2841 ἔγγιστα
389 2808 507 2841 Σκύθας,
523 2810 693 2844 περατοῦται
708 2810 731 2836 δ’
744 2811 772 2840 ἐς
787 2810 843 2835 Κύρ

57 2860 118 2887 προν
133 2855 183 2890 τὴν
209 2855 261 2889 σήν
276 2861 284 2869 ·
301 2853 318 2888 ἢ
340 2854 440 2888 μᾶλλον
460 2855 573 2890 ἄρχεται
595 2856 646 2891 μὲν
667 2858 698 2883 ὲκ
718 2855 842 2890 Κύπριν,

896 2253 1066 2281 stantissimo
1077 2253 1203 2280 orbatum
1226 2253 1311 2281 fuisse
1325 2253 1542 2282 dictitant.Cum
1571 2254 1688 2288 plurima

895 2299 969 2326 enim
996 2299 1097 2334 passim
1126 2306 1234 2333 aequora
1265 2306 1297 2326 ac
1322 2299 1407 2326 maria
1430 2305 1689 2333 sunt,qui2euuque

897 2344 994 2372 insulis
1006 2349 1102 2372 ornata
1116 2349 1190 2376 sunt,
1205 2345 1264 2371 sive
1281 2345 1412 2372 maximis
1425 2345 1612 2379 minimisque,
1629 2345 1689 2371 sive

898 2391 1029 2418 medioori
1046 2391 1150 2418 ambitu
1168 2391 1299 2425 praeditis,
1328 2398 1417 2425 neque
1443 2398 1475 2418 ex
1488 2390 1581 2417 Indico
1597 2396 1687 2418 tamen

897 2438 977 2469 mari,
987 2445 1076 2472 neqtte
1093 2437 1140 2464 illo
1153 2437 1224 2464 ultra
1238 2437 1394 2464 Atlantidas
1409 2442 1585 2471 exporrecto,
1597 2445 1687 2471 neque

899 2485 950 2511 lmc
962 2485 1034 2518 quod
1057 2484 1125 2511 citra
1137 2484 1248 2511 easdem
1265 2484 1318 2510 late
1333 2484 1400 2511 satis
1426 2488 1500 2518 patet
1511 2503 1518 2515 ,
1533 2488 1559 2510 et
1584 2483 1688 2510 llercu-

896 2530 948 2557 leis
990 2530 1227 2558 circumscribitur
1262 2529 1409 2562 columnis,
1451 2530 1505 2556 ulla
1542 2529 1576 2556 ad
1607 2537 1688 2557 aures

897 2580 1005 2603 nostras
1017 2577 1116 2611 allapsa
1141 2577 1212 2603 l'arna
1232 2579 1292 2606 est,
1312 2575 1446 2610 ejusmodi
1468 2583 1562 2602 secum
1593 2575 1688 2610 gloria:

899 2622 1076 2657 splenderent
1104 2622 1234 2653 afferens,
1252 2622 1360 2657 qualem
1379 2627 1567 2657 quantumque
1582 2621 1688 2657 Cyprus

899 2667 949 2694 ista
966 2672 1027 2693 tua:
1046 2674 1099 2693 non
1116 2667 1159 2693 illa
1193 2674 1269 2698 sane,
1286 2674 1350 2701 quae
1376 2665 1474 2699 fertur,
1490 2666 1582 2696 Aurea
1602 2666 1688 2695 Cher-

899 2720 1027 2744 sonesus,
1050 2720 1104 2739 non
1134 2713 1337 2748 aquilonarium
1360 2713 1435 2740 orbis
1460 2714 1582 2748 partium
1612 2714 1689 2749 prin-

896 2767 961 2793 ceps
975 2759 1076 2791 Thule,
1093 2766 1147 2785 non
1172 2759 1226 2786 ulla
1251 2759 1484 2792 Britannicarum,
1513 2768 1566 2788 non
1592 2768 1625 2788 ex
1654 2760 1688 2788 iis

889 2806 960 2833 item
1002 2813 1071 2840 quas
1098 2805 1130 2832 ad
1165 2806 1307 2832 meridiem
1353 2811 1533 2841 anstrumque
1569 2807 1627 2834 lmli
1661 2811 1689 2834 et

894 2851 1037 2887 [Ethiopes
1061 2851 1196 2882 incolunt,
1225 2852 1329 2887 ingenti
1354 2853 1541 2888 magnitudine
1571 2852 1687 2888 superba
