1878 3060
209 127 262 158 39')

815 127 1014 158 TliEODULI
1037 128 1061 157 Μ
1068 127 1212 158 ONACHI

1779 129 1835 159 4οΊ

209 186 382 221 'l‘aprobane.
406 194 494 221 neque
529 194 596 220 quas
625 186 744 213 vicinum
777 187 950 221 proximumq

1093 187 1208 213 >ατοῦται
1218 187 1241 212 δ’
1256 187 1284 218 ἐς
1297 186 1343 217 τὰς
1364 185 1542 221 Ἡρακλείους
1559 185 1672 220 στήλας·
1687 185 1758 212 οὕτω
1779 187 1834 221 γὰρ

211 233 340 267 llyicauis
364 233 490 266 gentibus
518 240 591 259 mare
624 232 752 266 Caspium
783 233 873 264 habet,
903 240 992 266 neque

210 287 291 313 quam
315 279 432 312 amplum
450 283 501 308 est.
521 278 593 312 quod
615 286 630 305 e
657 280 780 306 Gadibus
810 279 991 312 Herculisque

210 326 347 351 columnis
363 332 521 359 erumpens,
539 325 571 351 ad
601 325 676 358 ipsos
692 333 779 360 usque
806 325 991 360 hyperboreos

209 372 323 406 Scythas
348 371 470 405 proxime
484 370 616 400 ascendit.
632 371 664 397 ad
682 375 755 397 tuatn
771 377 836 397 vero
848 370 991 397 concludi-

208 424 252 444 tur
281 417 410 453 Cyprum,
433 417 490 444 sive.
505 417 597 443 verius
623 417 743 452 a’Cypro
766 417 877 443 initium
903 416 989 450 ducit,

207 465 353 491 terminum
367 463 400 490 ad
425 464 567 490 columnas
586 463 695 497 accipit.
725 463 764 490 sic
790 463 863 490 enim
891 463 990 498 justius

206 509 401 541 decentiusque
418 508 572 541 loquemur.
593 507 698 541 Quippe
715 514 776 534 cum
803 507 858 534 duo
873 507 988 533 extremi

207 556 274 582 lines
289 554 416 582 cultioris
429 554 510 588 hujus
526 554 668 587 nostrique
684 554 768 580 maris
786 554 851 584 sint,
870 560 987 587 quorutn

205 601 283 628 altari
297 602 397 627 famosa
419 604 446 626 et
461 599 561 634 inclyta
576 600 663 626 insula
679 599 783 634 Cyprus
799 599 988 634 prmtenditur,

203 648 272 674 alter
288 646 430 673 llerculcis
445 645 579 672 columnis
596 645 770 677 describitur,
784 645 829 671 hic
850 652 899 679 ego
929 645 987 680 pri-

204 702 262 720 mas
271 693 371 720 merito
386 692 438 719 sibi
452 691 592 718 vindicare
605 691 803 718 circumfusum
814 691 904 726 Cypro
912 699 987 718 mare

203 745 310 767 statuo:
329 743 410 772 atque
423 738 544 765 indidem
561 745 670 764 omnetn
695 738 766 764 illam
784 737 911 764 humidae
939 745 987 764 na-

203 791 270 812 tura:
285 786 337 812 vim
351 789 482 815 exortam,
497 784 529 810 ad
547 783 693 811 Herculeas
705 791 791 818 usque
818 782 918 810 deferri
935 787 988 809 ter-

203 831 357 866 minarique
372 830 523 861 columnas,
539 830 629 864 potius
647 829 792 856 dicendum
811 837 870 856 esse
883 850 890 860 ,
903 837 984 864 quam

203 883 298 905 contra
313 881 388 904 :tum
403 876 473 902 hanc
489 875 570 902 etiam
588 875 697 909 utrique
714 875 833 902 termino
864 875 985 909 regulam
1002 865 1023 892 Β

201 925 345 959 legemque
368 923 484 957 posthac
513 921 570 949 fore
584 921 715 952 dixerim,
735 926 765 948 ut
790 926 884 948 nostro
907 920 982 947 vide-

201 971 266 997 licet
282 969 350 996 mari
366 968 399 996 de
414 969 514 1003 Cypro,
531 975 584 994 non
597 967 820 994 Herculanisillis
835 966 983 998 columnis,

202 1016 312 1043 initium
330 1015 524 1042 constituatur.
538 1014 605 1041 Nam
627 1018 655 1040 et.
671 1013 768 1040 almam
795 1013 866 1040 hanc
891 1020 983 1039 rerum

201 1062 323 1089 omnium
348 1062 472 1089 altricem
500 1060 566 1088 solis
593 1059 741 1090 ﬂammam,
759 1060 840 1092 hanc,
863 1060 985 1094 inquam,

201 1108 305 1135 mundo
322 1108 453 1134 universo
466 1106 568 1133 lumina
583 1106 747 1138 pra‘hcntem
766 1105 891 1132 diurnam
918 1106 985 1132 Iam-

201 1155 313 1188 padem,
326 1161 359 1181 ex
371 1154 416 1180 illa
426 1153 487 1180 cmli
502 1153 578 1187 plaga
596 1159 673 1178 suum
696 1151 834 1186 auspicari
861 1151 987 1178 curricu-

200 1201 333 1233 lum,a:vo
350 1199 435 1233 omni,
462 1197 663 1226 omnesvidere
679 1198 824 1225 mortales:
841 1205 894 1232 qua
909 1201 985 1232 parte
1003 1205 1005 1208 '

199 1248 319 1283 Cyprum
333 1247 404 1273 Deus
426 1245 565 1280 plantavit.
583 1244 683 1278 quibus
698 1244 781 1271 etiam
802 1243 836 1271 de
848 1244 983 1278 partibus,

201 1294 274 1321 Solis
285 1293 355 1328 ejus,
370 1299 452 1327 quem
469 1291 569 1318 mentis
584 1290 867 1317 duntaxatintuenmr
881 1290 983 1322 oculis,

204 1338 362 1367 Servatoris
381 1337 510 1364 videlicet
535 1335 622 1362 nostri
638 1335 696 1366 Dei,
713 1335 854 1362 familiaris
882 1335 985 1362 conde-

202 1385 356 1413 scensionis
379 1383 471 1410 lumen
499 1386 676 1416 conspectum
702 1380 763 1412 fuit,
779 1380 902 1414 illudque
928 1386 985 1408 toto

200 1433 268 1459 urbe
284 1430 416 1458 diffusum
450 1429 547 1464 gaudii
575 1428 745 1464 mysterium,
765 1431 794 1454 ut
822 1427 850 1454 in
879 1432 983 1455 tantum

199 1479 292 1513 utique
325 1475 508 1506 tenebricosa,
548 1479 574 1502 et
595 1474 724 1505 obscura,
749 1478 777 1500 et
792 1474 985 1508 immansueta,

1043 233 1212 267 δικαιότερόν
1223 241 1252 259 τε
1268 232 1315 259 καὶ
1329 233 1546 267 εὐπρεπέστερον
1564 233 1653 266 λέγειν
1666 240 1673 247 ·
1691 232 1764 258 δυοῖν
1779 235 1836 267 γὰρ

1042 276 1126 302 ὄντων
1151 277 1244 311 ἄκρων
1258 277 1306 311 τῆς
1322 277 1425 312 ἡμέρου
1442 277 1544 312 ταύτης
1559 278 1606 303 καὶ
1623 277 1760 312 ἡμετέρας
1787 277 1836 303 θα-

1043 323 1154 358 λάττης,
1173 323 1219 350 καὶ
1234 324 1279 349 τοῦ
1296 323 1345 358 μὲν
1359 324 1408 357 τῆς
1424 323 1588 358 περιϐοήτου
1605 324 1652 350 καὶ
1673 324 1835 356 θαυμασίας

1042 370 1256 404 προκαθημένης
1280 369 1406 404 Κύπρου,
1422 369 1468 396 τοῦ
1485 370 1507 395 δ’
1525 370 1570 404 ὑφ’
1588 369 1757 405 Ἡρακλείων
1776 371 1836 404 ὁρι-

1039 414 1288 448 ζομένουίστηλῶν,
1314 412 1393 450 νικᾷν
1409 414 1496 448 ἔγωγε
1511 415 1623 450 τίθεμαι
1647 416 1682 441 τὰ
1698 416 1836 451 πρεσϐεῖα

1040 459 1089 494 τὴν
1105 460 1169 493 περὶ
1185 459 1297 495 Κύπρον
1310 461 1382 494 ἔχειν
1398 461 1546 493 θάλασσαν,
1566 461 1612 487 καὶ
1629 461 1740 487 αὐτόθεν
1761 463 1832 496 μᾶλ-

1040 506 1086 532 λον
1101 507 1246 542 ὴργμένην
1258 507 1307 541 τὴν
1323 506 1386 542 ὃλην
1401 507 1503 541 ταύτην
1518 507 1608 541 λέγειν
1624 509 1709 542 ὑγρὰν
1720 509 1832 538 οὐσίαν,

1039 552 1104 586 ἄχρι
1124 554 1169 578 καὶ
1182 552 1209 582 ἐς
1224 553 1272 583 τὰς
1290 552 1469 587 Ἡρακλείους
1484 555 1608 580 κατιέναι
1625 556 1672 580 καὶ
1691 556 1833 587 περατοῦ-

1040 597 1102 623 σθαι
1132 598 1242 632 στήλας,
1270 599 1287 632 ἦ
1310 599 1477 626 τούναντίον.
1502 599 1555 624 Καὶ
1580 599 1654 625 τοῦτ’
1677 598 1746 625 εἶναι
1774 602 1833 631 τοῖς

1039 643 1134 678 ἄκροις
1147 634 1292 677 ἁμφοίνἘκ
1306 651 1336 677 γε
1351 643 1555 679 τουνῦνέφεξῆς
1572 645 1671 672 κανόνα
1685 648 1730 672 καὶ
1746 647 1834 680 νόμον

1038 689 1126 723 ἔγωγε
1150 689 1222 723 λέγω
1236 698 1242 704 ·
1263 690 1386 717 τίθεσθαι
1406 690 1506 725 δηλαδὴ
1530 691 1579 726 τὴν
1602 692 1689 726 ἀρχὴν
1711 695 1742 726 τῇ
1766 694 1832 718 καθ’

1037 737 1112 770 ἡμᾶς
1128 737 1229 770 ταύτης
1247 736 1368 773 θαλάττῃ
1383 737 1415 763 ὲκ
1432 737 1556 772 Κύπρου,
1572 739 1619 764 καὶ
1637 741 1673 773 μὴ
1690 739 1719 771 ἐξ
1740 740 1835 774 Ἥραν

1037 782 1135 809 κλείων
1156 782 1276 817 στηλῶν·
1299 783 1345 809 καὶ
1363 783 1416 818 γὰρ
1433 783 1482 818 τὴν
1508 785 1542 810 τὰ
1557 784 1646 811 πάντα
1672 785 1833 820 βόσκουσαν

1038 829 1114 861 ἡλίου
1131 829 1229 863 φλόγα,
1245 829 1296 864 τὴν
1310 829 1471 864 πάγκοσμόν
1487 839 1559 865 φημι
1574 831 1623 865 τῆς
1638 832 1743 866 ἡμέρας
1758 833 1834 867 λαμ-

1038 875 1121 905 πάδα,
1139 875 1244 900 ἐκεῖθεν
1258 875 1414 909 ἀρχομένην
1434 875 1534 909 ὁρῶσιν
1549 876 1578 907 ἐξ
1593 877 1690 908 αίῶνος
1704 877 1834 910 ἅπαντες

1038 920 1188 959 ἄνθρωποι.
1204 920 1286 948 Ὅθεν
1300 922 1316 955 ἡ
1340 921 1451 956 Κύπρος
1469 922 1635 956 πεφύτευται
1658 923 1726 958 πρὸς
1743 924 1831 957 Θεοῦ,

1040 967 1093 993 κάκ
1107 966 1162 993 τῶν
1177 968 1266 1002 μερῶν
1281 968 1392 994 ἐκείνων
1406 969 1472 1003 ἡμῖν
1498 970 1544 994 καὶ
1560 970 1589 994 τὸ
1603 970 1651 1003 τῆς
1666 969 1712 995 τοῦ
1730 971 1833 1004 νοητοῦ

1039 1013 1114 1046 ἡλίου
1131 1014 1178 1040 καὶ
1194 1015 1318 1048 Σωτῆρος
1333 1013 1411 1048 ἡμῶν
1419 1014 1485 1041 Θεοῦ
1501 1015 1730 1048 συγκατασάσεως
1747 1016 1832 1052 ὤφθη

1040 1060 1108 1094 φῶς,
1127 1060 1174 1086 καὶ
1190 1060 1220 1085 τὸ
1234 1061 1283 1095 τῆς
1300 1061 1474 1095 παγκοσμίου
1492 1061 1579 1095 χαρᾶς
1598 1062 1769 1097 μυστήριον·
1791 1063 1831 1094 ὼς

1039 1104 1109 1132 εἶναι
1125 1106 1202 1141 παρὰ
1214 1106 1341 1132 τοσοῦτον
1358 1106 1395 1138 ὡς
1407 1107 1514 1142 ἀληθῶς
1529 1108 1562 1133 τὰ
1579 1108 1653 1142 παρὰ
1665 1108 1715 1140 τὰς
1738 1108 1831 1144 Ἥρα-

1037 1152 1144 1183 κλείους
1156 1152 1255 1186 στήλας
1270 1152 1339 1186 μέρη
1355 1153 1479 1179 σκοτεινὰ
1491 1154 1537 1179 καὶ
1546 1154 1658 1188 ἀλαμπῆ
1671 1155 1717 1180 καὶ
1725 1155 1829 1189 ἄγρια,

1038 1198 1158 1233 παρόσον
1172 1197 1207 1224 τὰ
1223 1198 1298 1232 παρὰ
1314 1198 1364 1232 τὴν
1388 1198 1499 1233 Κύπρον
1522 1199 1614 1234 ἥμερα
1631 1201 1676 1226 καὶ
1698 1202 1830 1236 προσηνῆ

1038 1246 1085 1271 καὶ
1099 1245 1256 1279 λάμποντα⁸
1273 1245 1318 1270 καὶ
1335 1244 1468 1279 τέρποντα
1489 1246 1524 1280 μὴ
1542 1246 1622 1280 μόνον
1640 1247 1766 1280 σώματα,
1787 1248 1832 1273 ὃτι

1040 1292 1077 1327 μὴ
1100 1293 1146 1318 καὶ
1171 1292 1260 1326 ψυχὰς
1275 1292 1359 1323 αὑτὰς
1384 1292 1445 1318 ὅσαι
1469 1293 1568 1326 νοερῶς
1586 1292 1679 1327 ὁρῶσι,
1697 1293 1732 1319 δι’
1752 1295 1830 1328 ἡμᾶς

1039 1338 1213 1372 σαρκωθέντα
1225 1338 1289 1364 Θεὸν
1299 1339 1394 1372 Λόγον,
1407 1341 1453 1365 καὶ
1465 1339 1585 1366 παθόντα
1594 1341 1641 1366 καὶ
1657 1341 1831 1374 ἀναστάντα,

1040 1384 1087 1410 καὶ
1102 1384 1246 1411 συνελόντα
1262 1385 1363 1418 φάναι,
1380 1385 1492 1411 τοσοῦτο
1512 1386 1624 1420 βελτίων
1637 1386 1690 1412 τῶν
1706 1388 1831 1414 δυτικῶν

1039 1432 1072 1458 τὰ
1085 1431 1170 1457 ἓωθέν
1186 1440 1217 1457 τε
1228 1431 1274 1458 καὶ
1291 1432 1322 1458 ὲκ
1338 1431 1463 1466 Κύπρου,
1479 1432 1542 1458 ὅσον
1559 1432 1674 1466 ἀλήθεια
1688 1433 1807 1467 ψεύδους
1821 1443 1828 1449 ·

1040 1479 1064 1504 εἰ
1084 1478 1138 1512 γὰρ
1148 1479 1180 1503 τὰ
1195 1478 1305 1511 μυθώδη
1321 1478 1410 1504 πάντα
1430 1477 1544 1512 ψεύδους
1560 1479 1697 1510 ἀπόζοντα
1714 1480 1828 1512 γέλωτα

198 1531 259 1558 qum
273 1522 306 1549 ad
321 1522 462 1548 columnas
475 1520 623 1547 Herculeas
634 1519 685 1546 sita
708 1523 782 1550 sunt,
798 1527 859 1546 esse
875 1527 939 1547 nece

1092 1524 1207 1556 ισκάνει,
1219 1521 1236 1558 ἦ
1250 1532 1301 1549 που
1315 1524 1348 1550 τὰ
1357 1524 1524 1558 Ἡρακλέους
1541 1524 1647 1551 ἅπαντα
1667 1525 1764 1559 μύθοις
1781 1527 1830 1552 καὶ

198 1571 251 1600 sit,
273 1569 300 1595 in
321 1573 454 1602 quantum
478 1566 569 1601 Cypro
597 1565 724 1596 ﬁnitima,
754 1569 782 1591 et
811 1565 981 1592 humanitate

200 1618 361 1649 temperata,
374 1617 401 1640 et
412 1612 500 1642 mitia,
515 1616 542 1637 et
558 1611 658 1637 illustri
688 1611 798 1646 perfusa
826 1611 888 1638 luce
903 1616 979 1645 sunt,

198 1661 322 1694 adeoque
348 1667 401 1685 non
416 1665 533 1692 corpora
557 1656 638 1683 modo
669 1657 814 1691 delectant,
834 1657 882 1684 sed
909 1658 981 1692 ipsas

190 1699 280 1734 etiam
307 1705 430 1732 animas:
462 1707 598 1738 quotquot
623 1707 714 1730 mente
745 1707 774 1729 et
801 1703 979 1737 intelligentia

199 1753 285 1779 Deum
300 1751 461 1777 Sermonem
478 1753 570 1776 nostra
600 1747 698 1783 gratia.
728 1752 866 1782 assumpta
897 1754 982 1774 carne

199 1799 335 1830 indutum,
347 1801 374 1824 et
397 1795 532 1831 supplicio
545 1794 684 1826 allectum,
701 1799 728 1821 et
738 1794 763 1820 in
779 1794 863 1820 vitam
876 1801 984 1828 regres-

199 1853 272 1877 sum,
289 1848 418 1871 ccrnunt.
435 1841 472 1869 Ut
495 1841 589 1876 paucis
604 1841 686 1875 igitur
708 1839 857 1872 absolvam,
877 1843 982 1867 tantum

1035 1570 1192 1604 πλάσμασιν
1213 1569 1379 1604 ἔρειδὸμενα,
1395 1570 1501 1603 γέλωτά
1530 1579 1559 1596 τε
1586 1570 1748 1604 ὀφλισκάνει
1772 1581 1830 1606 μα-

1035 1615 1111 1650 κρὸν,
1137 1615 1185 1641 καὶ
1215 1614 1315 1649 χλεύην
1346 1615 1454 1641 ἅπασαν
1478 1615 1656 1649 ἑπισὺρεταισ
1676 1617 1748 1643 ὥστε
1773 1618 1828 1643 παῦ

1033 1660 1087 1686 τῶν
1117 1661 1228 1687 εἰκότων
1249 1661 1284 1686 τὰ
1299 1660 1384 1695 ψευδῆ
1409 1661 1464 1687 τῶν
1478 1661 1587 1696 ἀληθῶν
1612 1663 1750 1698 ἡγεῖσθαι,
1777 1665 1826 1690 καὶ

1034 1705 1052 1731 ὃ.
1066 1705 1182 1738 γέλωτος
1197 1706 1318 1739 πέφυκεν
1340 1706 1413 1738 ἄξια,
1434 1706 1488 1732 τῶν
1507 1707 1684 1741 ὑμνουμένων
1702 1710 1750 1735 καὶ
1770 1718 1827 1744 μα-

1036 1751 1224 1786 καριζομένων
1254 1751 1367 1787 ἄρχειν;
1400 1750 1478 1779 οὕτω
1509 1754 1677 1788 πανταχόθεν
1708 1757 1827 1788 εἰκότως

1035 1798 1052 1833 ή
1087 1797 1120 1833 σὴ
1144 1797 1173 1824 τὸ
1204 1798 1306 1825 δίκαιον
1327 1799 1384 1834 ἔχει
1408 1799 1522 1836 Κύπρος
1540 1801 1574 1826 τὰ
1597 1803 1718 1836 πρωτεῖα
1743 1803 1827 1837 κομί-

1038 1842 1145 1874 ζεσθαι.

198 1889 416 1919 occidentalibus
430 1887 587 1921 regionibus
596 1886 719 1913 bonitate
732 1886 881 1913 orientales
897 1891 925 1913 et
944 1887 1050 1922 Cypriae
1066 1893 1206 1923 praestant,
1222 1895 1354 1924 quantum
1365 1891 1466 1918 veritas
1483 1892 1635 1919 mendacio.
1654 1892 1793 1920 Nimirum
1802 1898 1826 1924 si

198 1937 320 1970 fabulosa
331 1943 391 1970 qua:
408 1933 579 1962 mendacium
590 1932 725 1965 redolent,
739 1933 830 1959 omnia
844 1933 928 1960 risum
947 1935 1043 1963 merito
1055 1937 1165 1970 debent,
1188 1937 1282 1972 utique
1304 1941 1332 1964 et
1349 1937 1472 1965 Herculis
1483 1938 1603 1965 facinora
1612 1939 1714 1971 omnia,
1725 1942 1828 1976 quippe

198 1984 297 2011 fabulis
313 1981 506 2017 figmentisque
518 1979 620 2011 innixa,
630 1984 778 2013 etmagnos
791 1984 930 2007 merentur
939 1981 1019 2015 risus,
1032 1983 1263 2011 etomneludibrii
1274 1991 1358 2019 genus
1367 1984 1438 2012 ultro
1451 1984 1566 2012 invitant
1576 1989 1656 2018 atque
1669 1988 1826 2015 attrahunt.

197 2032 283 2063 Quam
311 2029 402 2062 itaque
431 2026 572 2061 indignum
601 2024 763 2052 fueritfalsa
786 2033 814 2053 et
844 2029 975 2054 ementita
994 2033 1057 2057 ante
1088 2038 1152 2057 vera
1183 2038 1243 2058 esse
1267 2038 1274 2057 :
1295 2035 1324 2058 et
1353 2039 1414 2065 ηοω
1443 2031 1499 2058 risu
1526 2038 1558 2058 cx
1583 2038 1614 2058 se
1636 2032 1718 2067 digna
1747 2040 1825 2063 sunt.

197 2078 349 2114 principem
381 2075 453 2102 inter
475 2081 508 2101 ea
526 2079 620 2101 tenere
651 2073 754 2107 locum,
782 2082 842 2110 qua:
868 2077 983 2104 summis
1020 2081 1153 2104 ornantur
1181 2077 1319 2110 laudibus,
1356 2082 1384 2105 et
1415 2078 1442 2105 in
1471 2078 1636 2106 boatissimis
1664 2080 1827 2106 habentur?

195 2125 270 2153 Adeo
283 2131 346 2152 sane
361 2121 435 2149 omni
451 2129 484 2148 ex
500 2124 576 2155 parte
597 2120 772 2147 meritissime
790 2128 870 2148 suum
889 2121 980 2157 Cypro
997 2127 1049 2150 tuae
1062 2124 1106 2158 jus
1121 2129 1238 2156 constat,
1256 2129 1286 2151 ut
1302 2125 1404 2159 primas
1431 2124 1487 2159 ipsa
1503 2125 1574 2152 ferre
1599 2126 1697 2153 debeat
1720 2133 1824 2161 partes

231 2172 262 2199 ll.
277 2171 432 2205 Atquehaac
447 2170 557 2205 quidem
572 2169 725 2201 commoda,
735 2167 809 2195 nullo
825 2167 972 2195 administr

1083 2168 1114 2196 θ’.
1125 2171 1179 2196 Καὶ
1188 2171 1274 2197 ταῦτα
1292 2172 1342 2206 μὲν
1356 2172 1466 2207 ἀμέσως
1476 2173 1508 2199 ἐκ
1522 2172 1589 2199 Θεοῦ
1602 2174 1707 2207 τάγαθὰ
1717 2174 1824 2207 Κύπρῳ

197 2218 375 2250 intermedio,
406 2217 518 2244 unicea
553 2216 608 2243 Deo
636 2215 733 2242 insula:
757 2214 846 2250 Cypro
875 2215 938 2242 dudl

1084 2216 1156 2250 νήσῳ
1180 2216 1393 2252 προϋπάρχοντα
1410 2219 1552 2253 φαίνεταιο
1571 2219 1588 2246 ἃ
1602 2219 1624 2246 δ’
1643 2220 1674 2245 ἐκ
1693 2220 1762 2246 Θεοῦ
1779 2221 1825 2247 διὰ

196 2265 295 2292 tributa
321 2264 450 2291 fuerant:
479 2270 540 2297 qure
554 2269 603 2296 per
626 2266 650 2288 te
667 2269 742 2292 vero,
768 2265 796 2288 et
810 2265 922 2295 propter
942 2265 978 2293 te,

195 2311 328 2344 optimum
363 2309 418 2336 Deo
444 2312 584 2342 repertum
611 2307 780 2338 ministrum.
797 2307 853 2333 Deo
868 2311 979 2334 auctore

196 2359 381 2385 accesserunt.
398 2359 426 2381 et
444 2353 616 2388 postmodum
632 2353 737 2388 adjecta
764 2356 840 2384 sunt,
859 2353 979 2388 quispro

197 2404 276 2429 famte
301 2400 490 2435 magnitudine
506 2399 587 2434 digne
613 2399 681 2426 satis
706 2399 894 2426 enarraverit’.’
911 2400 981 2426 Ilur-

197 2456 246 2475 sus
258 2447 322 2483 quis
336 2454 390 2473 nott
407 2453 456 2480 pro
471 2445 604 2479 dignitate
622 2451 679 2471 rem
698 2444 792 2471 verbis
821 2450 979 2477 exseculus,

196 2502 250 2522 non
271 2499 344 2520 totus
358 2491 462 2527 pudore
485 2491 690 2518 confundatur?
719 2497 812 2518 coram
849 2492 978 2518 nimirum

195 2539 269 2566 illico
280 2543 309 2565 et
320 2543 382 2564 ante
399 2537 494 2563 oculos
511 2541 697 2569 prmsenlanca
720 2536 826 2569 objecta
855 2535 980 2562 confuta—

197 2586 282 2612 tione.
307 2583 415 2618 Quippe
445 2581 584 2616 iniustitia:
609 2581 700 2609 omnis
733 2581 910 2608 fundamenta
946 2581 980 2608 de

197 2631 287 2658 insula
301 2627 503 2659 extertninasti.
515 2635 575 2662 qum
590 2627 709 2663 undique
723 2635 756 2654 cx
778 2627 822 2654 illa
847 2627 980 2654 evelleras

196 2676 379 2709 funditusque
395 2673 560 2700 sustuleras.
580 2673 656 2701 Illius
669 2678 760 2700 autem
775 2675 834 2701 loco
848 2674 959 2700 introdu
969 2687 982 2693 -

196 2727 267 2749 ctam
298 2719 444 2755 justitiam,
466 2720 491 2746 in
507 2720 616 2746 domum
636 2719 900 2754 familiaritatemque
916 2719 978 2745 inti-

198 2775 269 2794 mam
282 2766 420 2800 recepisti,
435 2771 463 2793 ul
480 2774 540 2801 quae
554 2775 620 2800 apex
644 2766 788 2797 virtutum,
806 2770 888 2800 atque
904 2766 979 2792 radix

195 2819 223 2841 ct
239 2813 444 2840 fundamentum
456 2814 583 2841 conciuni
598 2813 705 2840 ordinis
717 2813 838 2847 est,ejus
850 2814 977 2846 tnaxime,

196 2859 243 2893 qui
272 2859 354 2886 rebus
386 2859 501 2893 publicis
536 2864 662 2886 ornatum
695 2858 784 2890 affert,
816 2859 978 2893 cunelisque

1032 2260 1079 2287 σοῦ
1102 2262 1149 2288 καὶ
1165 2261 1208 2287 διὰ
1227 2262 1256 2288 σὲ
1280 2264 1424 2296 κράτιστον
1440 2264 1579 2300 ὑπηρέτην
1594 2266 1748 2300 εὑρημένον
1765 2267 1825 2300 Θεῷ

1031 2308 1196 2341 προσγέγονέ
1208 2317 1237 2334 τε
1249 2309 1296 2334 καὶ
1306 2309 1460 2342 ἐπεγένετο,
1472 2311 1512 2341 τίς
1523 2311 1556 2336 ἂν
1571 2310 1654 2343 ἀξίως
1667 2312 1715 2345 τῆς
1727 2315 1823 2347 φήμης

1031 2352 1117 2378 εἰπεῖν
1139 2353 1286 2389 owner-J11;
1302 2355 1343 2386 τίς
1358 2355 1379 2381 δ’
1401 2357 1450 2382 οὐκ
1470 2357 1552 2389 ἀξίως
1565 2357 1649 2384 εἰπὼν
1664 2358 1715 2384 οὐκ
1733 2359 1766 2384 ἂν
1781 2360 1823 2383 αἰ-

1032 2399 1179 2434 σχυνθείης
1200 2400 1245 2425 τὶν
1261 2401 1359 2427 αὐτίκα
1376 2402 1487 2437 ἔλεγχον
1504 2402 1573 2437 ἔχων
1596 2404 1649 2439 πρθι
1670 2404 1823 2438 ὀφθαλμῶν

1031 2443 1248 2478 ἀνθιστάμενον·
1270 2447 1376 2478 ἀδικίας
1402 2449 1452 2482 μὲν
1475 2449 1529 2483 γὰρ
1547 2449 1656 2483 ἀπάσης
1683 2450 1822 2485 κρηπῖδας

1030 2492 1080 2526 τῆς
1101 2492 1183 2527 νήσου
1198 2490 1341 2528 ὲξὼρισαζς,
1356 2496 1525 2530 πανταχόθεν
1541 2496 1623 2529 αὐτῆς
1642 2495 1758 2530 ἀνελὼν,
1774 2497 1821 2522 καὶ

1030 2537 1178 2573 ἀφανισμῷ
1190 2540 1318 2565 παντελεῖ
1326 2541 1473 2575 παραδούς’
1489 2542 1662 2576 δικαιοσύνην
1679 2542 1702 2568 δ’
1712 2543 1821 2568 ἀντεισ-

1031 2583 1150 2618 ήνεγκάς
1173 2593 1201 2610 τε
1210 2586 1256 2611 καὶ
1270 2586 1406 2621 εἰσῳκίσω
1416 2587 1461 2613 καὶ
1474 2587 1614 2623 ᾠκειώσω,
1626 2588 1672 2614 ἂτε
1681 2588 1714 2614 τὰ
1725 2589 1820 2624 πρῶτα

1031 2629 1168 2663 φέρουσαν
1176 2629 1230 2655 τῶν
1241 2630 1331 2656 καλῶν
1343 2633 1388 2658 καὶ
1404 2631 1482 2666 ῥίζαν
1494 2633 1540 2658 καὶ
1552 2632 1675 2667 θεμέλιον
1690 2633 1818 2666 εὐταξίας

1030 2672 1122 2705 οὖσαν,
1138 2673 1187 2708 ὅση
1203 2675 1252 2705 τὰς
1267 2675 1405 2707 πολιτείας
1419 2678 1517 2711 κοσμεῖ
1535 2677 1581 2702 καὶ
1610 2677 1745 2710 ἁρμονίαν
1763 2680 1817 2708 τοῖς

1030 2719 1210 2754 ἀνθρωπίνοις
1228 2721 1348 2756 ἐντίθησι
1366 2722 1512 2757 πράγμασι
1533 2724 1626 2755 πᾶσιν,
1641 2723 1672 2749 οὺ
1688 2724 1762 2759 λόγῳ
1775 2725 1819 2758 μό-

1031 2775 1074 2792 νον
1090 2767 1137 2800 τῆς
1155 2768 1257 2802 ἀρετῆς
1275 2769 1385 2802 κοσμῶν
1412 2771 1440 2795 τὸ
1463 2767 1573 2803 σεμνὸν,
1596 2770 1643 2800 τὰς
1661 2770 1711 2802 τῆς
1728 2770 1818 2796 δικαιο

1031 2813 1113 2848 σύνης
1129 2814 1230 2848 δηλαδὴ
1247 2815 1414 2848 πλάστιγγας
1426 2816 1473 2842 καὶ
1486 2816 1540 2842 τῶν
1556 2817 1684 2843 τοιούτων
1698 2817 1817 2843 κανὸνιυν

1031 2861 1061 2886 τὸ
1076 2861 1142 2895 apes
1151 2860 1206 2891 πὲς,
1222 2860 1289 2887 ἀλλὰ
1305 2863 1351 2888 καὶ
1368 2863 1481 2896 πράξεσι
1499 2863 1682 2898 καταλλήλαις
1698 2863 1814 2897 βεῦαιῶν
