1878 3060
93 158 102 165 Α

77 159 119 191 Μ

97 180 103 189 ι

773 163 976 196 EPlSTOL/E.

1640 169 1693 201 4Ῑο

77 216 177 243 ἐνταῦθα
193 217 289 251 φύγοι,
305 218 344 253 μὴ
365 220 426 245 κατ’
442 219 593 255 εὐρύῆατον
607 220 660 252 ζῶν
674 229 680 236 ⁵
698 221 785 253 οὕτως
799 221 815 248 ἄ

950 232 988 255 es.
1006 230 1034 253 et
1052 227 1235 254 necessariam
1257 227 1347 262 legum
1368 227 1582 259 observantiam,
1600 233 1627 254 et
1649 236 1691 254 sa-

78 262 192 296 ποταμῶν
216 263 252 289 τὰ
280 265 423 299 πράγμαθ’
444 266 528 300 ἡμῖν’
553 267 599 292 καὶ
616 266 716 302 τοσῷδε
740 268 852 302 μᾶλλον,

77 309 106 339 ὡς
119 309 180 343 μηδὲ
203 310 364 346 προσδοκᾷν
390 310 489 343 ἐξεῖναι
507 313 636 348 τάρχαῖα,
657 313 727 340 κατὰ
753 315 807 341 πᾶν
823 314 854 340 τὸ

78 356 103 380 ἐκ
119 355 160 380 τοῦ
176 356 312 390 παρόντος
328 357 411 389 εἰκός.
428 357 567 393 Χαίρομεν
579 359 680 390 τοίνυν,
694 357 734 390 οἷς
747 360 854 395 χαίρειν

78 401 140 426 πᾱτα
167 401 299 436 αἰσχύνη,
319 403 367 428 καὶ
393 400 430 429 ὧν
463 404 493 429 τὸ
523 404 677 438 μεμνῆσθαι
707 405 787 438 μόνον
815 405 854 436 είς

78 447 131 480 ἆτος
139 447 207 473 τελεῖ
218 456 224 462 ·
239 448 271 473 τὸ
287 448 342 482 γὰρ
355 449 425 483 πρὸς
440 449 572 483 ἀλλήλους
588 450 710 484 ὠμότητι
724 451 852 485 χρῆσθαι,

77 494 114 519 καὶ
134 494 180 528 ζῇν
207 494 353 527 ἐγγύτατα
378 495 432 521 τῶν
449 495 563 530 Θηρίων,
580 497 626 522 καὶ
654 496 764 526 στάσεις
787 496 854 522 ἐκά-

79 547 143 566 στοτε
164 540 208 566 καὶ
225 539 348 575 μελετᾷν
374 542 420 567 καὶ
436 543 536 572 ποιεῖν,
558 543 606 568 καὶ
621 543 783 577 διαρπάζειν
798 543 854 573 τοῖς

78 586 189 620 εὐπόροις
215 586 251 612 τὰ
280 586 359 620 ὄντα,
387 588 514 623 καθάπερ
551 588 699 623 Ἀθήνῃσιν
727 589 773 614 ἐπὶ
801 588 854 614 τῶν

77 631 220 664 τριάκοντα,
239 633 288 657 καὶ
305 631 354 657 νῦν
374 632 425 666 μὲν
450 633 648 667 ἐπιορκοῦντας
662 633 790 668 ὀρᾶδθαι,
808 634 854 660 νῦν

77 675 94 702 δ’
109 676 150 701 ἐπὶ
165 678 218 707 τοῖς
233 678 329 709 αὐτοῖς
348 678 424 708 αὖθις
439 677 586 712 ὀμνύντας,
604 680 651 705 καὶ
668 679 731 710 τοὺς
744 679 794 714 μὲν
808 680 855 705 ἐπὶ

77 722 117 755 τῆς
130 722 229 757 ἀγορᾶς
247 723 423 756 κονδυλίζειν
447 725 494 751 καὶ
508 725 675 759 συγκόπτειν
697 726 745 752 καὶ
763 727 855 752 παίειν

79 769 116 794 καὶ
135 768 232 801 ξαίνειν
263 772 337 796 κατὰ
361 771 447 797 νώτου
475 771 588 805 πολλὰς,
606 773 669 804 τοὺς
686 773 714 799 δὲ
731 774 777 799 καὶ
797 773 855 799 πὼο

78 824 149 849 γωνος
172 816 265 844 ἕλκειν
281 818 385 852 ἄνδρας
409 818 482 845 ἔστιν
498 820 541 845 ὅτε
567 820 736 854 πρεσὸύτας,
750 821 796 847 καὶ
814 821 855 846 αἱ·

78 862 119 892 δὼς
129 863 234 896 imm,
244 865 312 897 τοὺς
322 865 345 891 δ’
362 865 457 900 ΰὸρεσι
471 866 591 898 πλύνειν,
605 867 661 897 τοῖς
671 867 699 893 δὲ
708 868 742 893 τὰ
751 867 855 901 ἔσχατα.

77 911 183 937 ἀπειλεῖν
196 919 202 926 ”
220 912 409 946 νυκτομαχίαι
426 921 455 938 τε
474 913 610 946 ἀγεννεῖς,
628 914 674 940 καὶ
695 913 768 948 λόχοι
784 913 854 940 κατὰ

77 957 120 982 τῶν
133 958 286 991 ὁμοφύλων,
307 959 356 986 καὶ
369 959 538 993 στρατόπεδα
554 959 722 990 ἀκολάστων,
737 961 785 986 καὶ
800 961 854 986 τοί-

77 1013 122 1039 χων
137 1005 269 1040 διορυχαὶ,
288 1006 337 1032 καὶ¹
362 1006 471 1037 κλοπαὶ.
489 1008 536 1033 καὶ
556 1007 650 1034 οἰκιῶν
666 1007 852 1042 καθαιρέσεις,

78 1050 116 1075 καὶ
135 1051 182 1076 ὅσα
208 1052 249 1082 είς
264 1051 348 1078 τοῦτο
375 1052 458 1078 τείνει
471 1061 477 1067 ·
495 1054 535 1079 ἔτι
552 1061 582 1079 τε
605 1053 697 1080 ἄδικον
714 1053 780 1088 πῦρ,
806 1052 854 1079 καὶ

77 1095 144 1122 λίθων
167 1097 292 1130 ἀφέσεις,
310 1097 360 1124 καὶ
389 1099 546 1133 τραύματα,
564 1099 610 1125 καὶ
632 1098 745 1133 πληγαὶ,
771 1099 817 1124 καὶ
840 1099 854 1124 ὁ

78 1143 147 1173 πολὺς
161 1143 293 1169 ἑκάστοτε
310 1143 404 1178 φόνος,
419 1145 449 1170 τό
469 1153 499 1170 τε
517 1144 561 1171 διὰ
577 1145 666 1178 πάσης
684 1145 792 1180 ἡλικίας
810 1153 854 1171 νο-

80 1187 207 1222 μιζόμενον
222 1189 312 1224 ξίφος,
337 1191 384 1216 καὶ
401 1191 414 1216 ὁ
430 1191 613 1225 στεργόμενος
629 1191 778 1225 ἀκινάκης,
792 1191 853 1225 μεθ’

78 1230 107 1259 ὧν
127 1235 170 1261 καὶ
196 1235 285 1269 ἡδέως
314 1236 488 1269 καθεύδουσι,
511 1238 559 1263 καὶ
584 1234 621 1264 ὧν
649 1238 713 1264 ἄνευ
738 1237 789 1272 ζῇν
804 1238 853 1272 οὐχ

79 1276 122 1305 οἶόν
135 1289 173 1307 τε.
200 1281 274 1312 Τοὺς
291 1281 346 1316 γὰρ
372 1283 419 1308 ἐπὶ
444 1282 516 1317 κακῇ
536 1282 619 1317 μοίρᾳ
640 1282 692 1316 τῆς
714 1282 852 1318 ἡμετέρας

79 1325 114 1350 καὶ
128 1327 225 1358 φύντας
241 1328 294 1354 καὶ
320 1328 473 1363 τραφέντας
491 1330 537 1355 καὶ
562 1329 741 1364 αὐξηθέντας,
758 1328 805 1355 καὶ
818 1330 851 1364 τῇ

79 1373 170 1406 πατρίδι
187 1373 266 1407 κριοῦ
284 1375 400 1408 τροφεῖα
416 1374 568 1405 δεδωκότας
580 1375 617 1406 ὡς
635 1375 724 1409 λόγος,
740 1375 852 1407 τούτους

78 1417 103 1451 δὴ
115 1419 171 1450 τοὺς
185 1420 358 1453 Σαλμωνέας
372 1420 491 1455 ἀτεχνῶς
506 1421 554 1446 καὶ
565 1421 749 1455 Λυκούργους,
763 1422 779 1455 ἢ
795 1431 854 1448 και-

79 1465 130 1495 νούς
144 1474 214 1497 τινας
232 1467 370 1500 γίγαντας
385 1466 400 1500 ἢ
422 1466 470 1492 τοῦ
489 1467 656 1502 Πολυφήμου
683 1469 818 1504 μαθητὰς,
835 1470 851 1504 ἢ

78 1510 118 1536 οὐκ
137 1509 208 1538 οἷδ’ὃ
221 1521 248 1538 τι
263 1512 323 1543 ,καὶ
341 1512 433 1546 φαίην,
457 1512 517 1539 οὐδὲ
541 1513 630 1545 λέγειν
652 1514 750 1547 ἔξεστι,
766 1515 853 1541 ταῦτα

78 1555 154 1580 τοίνυν
178 1556 222 1582 καὶ
250 1556 340 1582 πλείω
365 1556 468 1582 τούτων
493 1556 623 1588 ἐξώλειαν
645 1557 752 1592 ἔχοντα,
774 1559 805 1585 τό
820 1568 851 1592 γε
867 1571 889 1600 c

78 1600 180 1635 τήμερον
194 1600 277 1634 εἶναι,
294 1601 330 1628 τὰ
346 1604 456 1629 πάντων
473 1603 539 1638 ἡμῖν
561 1603 657 1637 ἥδιστα
668 1612 675 1619 ·
698 1606 744 1631 καὶ
763 1606 852 1631 κινδυ-

79 1646 175 1680 νεύομεν
190 1649 218 1672 ὲν
233 1647 345 1679 τούτοις
359 1648 539 1683 εὐδαιμονεῖν,
554 1646 590 1675 ὧν
602 1650 630 1676 τὸ
646 1651 774 1684 καθάπαξ
791 1653 854 1678 ἀτυ-

79 1692 125 1725 χεῖν
149 1693 309 1727 εὐδαιμονία
339 1695 447 1728 σαφής·
470 1695 540 1727 ἄξιοι
567 1696 616 1730 μὲν
641 1697 717 1731 παρὰ
745 1698 854 1724 πάντων

81 1740 200 1771 μιςεῖσῦαι
216 1741 272 1767 τῶν
291 1740 355 1766 νοῦν
369 1741 497 1775 ἐχόντων,
516 1742 586 1777 ἄξιοι
609 1743 637 1769 δὲ
655 1743 789 1778 κρημνῶν
806 1745 853 1770 καὶ

81 1784 210 1820 βαράθρων
231 1787 279 1812 καὶ
299 1787 421 1820 σεισμῶν
442 1788 488 1814 καὶ
513 1789 679 1822 χωσμάτων,
696 1789 808 1816 καὶτῶν
825 1790 854 1822 ἐξ

79 1831 176 1864 οὒρινοῦ
192 1834 304 1859 πάντων
320 1833 405 1867 βελῶν
415 1842 422 1850 ·
439 1834 488 1868 οὑχ
507 1834 544 1865 ὡς
561 1835 615 1861 τῶν
629 1835 792 1862 δεινοτάτων
807 1837 855 1862 αὑ-

79 1877 184 1912 τόχειρες
203 1879 297 1914 μόνον,
315 1880 383 1906 ἀλλὰ
410 1882 456 1906 καὶ
479 1880 517 1914 τῷ
534 1882 709 1916 παράδειγμα
729 1884 787 1913 τοῖς
807 1883 853 1910 ἅλ-

79 1923 125 1954 λοις
144 1927 287 1958 γεγονέναι
305 1926 359 1951 τῶν
374 1926 439 1953 ἴσων
452 1934 458 1940 “
477 1927 546 1961 πρὸς
567 1928 622 1962 γὰρ
641 1928 688 1959 τὰς
717 1929 855 1963 μητροπό-

80 1968 127 2001 λετς
146 1972 256 1998 ἕκαστοι
280 1972 435 2007 βλέποντες,
465 1974 536 2007 σφᾶς
562 1974 660 2004 αὐτοὺς
683 1974 852 2001 πλάττουσι·

80 2017 172 2052 Φεραῖοι
187 2019 252 2053 γοῦν
278 2020 327 2045 καὶ
355 2019 541 2052 Ποτιδαιᾶται,
564 2020 612 2046 καὶ
627 2021 656 2046 αἱ
684 2020 777 2047 λοιπαὶ
803 2022 852 2047 πό-

80 2062 133 2094 λεις,
147 2065 197 2091 οὐδ’
212 2066 290 2091 ἔστιν
304 2066 391 2090 εἰπεῖν
406 2066 434 2096 ἐς
448 2066 509 2091 ὅσον
526 2066 624 2099 μανίας
642 2066 745 2101 ῆλασαν
755 2073 761 2080 ·
782 2067 854 2093 οὕτω

80 2111 356 2146 τιπλεονεκτήσαντες
382 2111 450 2145 πρὸς
474 2111 524 2146 τὴν
547 2112 675 2146 μίμησιν.
700 2112 756 2138 Καὶ
783 2114 853 2146 μετὰ

81 2157 191 2184 roso-5:90
215 2159 287 2185 πάνυ
305 2158 351 2184 τοῦ
367 2158 495 2192 θράσους,
511 2158 549 2188 ὡς
566 2158 614 2185 καὶ
637 2158 783 2193 παρελθεῖν
796 2160 853 2190 τοῖς

80 2203 157 2237 ἔργοις
180 2206 228 2239 τὴν
246 2204 340 2239 φύσιν,
370 2206 417 2231 καὶ
437 2204 545 2230 παιδιὰν
571 2205 690 2239 ἀτεχνῶς
710 2204 797 2236 δεῖξαι
819 2205 853 2231 τὰ

81 2251 134 2284 παρ’
146 2252 232 2286 ἡμῶν,
248 2253 281 2277 ἐκ
297 2252 432 2286 δευτέρων
449 2251 483 2278 τὰ
499 2252 622 2286 πρωτεῖα
645 2252 744 2286 τρόπον
759 2251 853 2286 ἕτερον

81 2298 258 2331 κομισάμενοι.
277 2298 307 2324 Ei
325 2298 346 2323 δ’
368 2299 381 2323 6
406 2298 437 2324 τὸ
454 2299 565 2332 σπέρμα
593 2298 753 2333 παρασχὼν,
776 2295 853 2329 οὗτος

80 2341 118 2366 καὶ
133 2343 182 2368 τιῖιν
198 2343 307 2376 φύντων
331 2342 416 2373 αἴτιος
430 2343 445 2368 ὀ
467 2343 512 2374 σδς
535 2343 642 2377 ἑταῖρός
668 2343 853 2378 φησιιςΔημο-

81 2386 172 2422 οὓένης,
189 2390 237 2415 καὶ
251 2388 338 2420 οὕτως
354 2389 407 2424 ἄρα
425 2389 556 2423 νικῶντες
574 2390 655 2424 ἡμεῖς
671 2389 761 2422 νίκην,
774 2389 807 2425 ἢν
820 2390 853 2416 ἄν

82 2440 119 2466 μοι
131 2435 199 2461 δοκεί
221 2445 263 2467 τις
282 2436 330 2462 καὶ
345 2436 412 2470 δναρ
429 2435 491 2462 ίδὼν
513 2436 565 2461 οὐκ
591 2435 635 2467 ἂν,
654 2436 734 2470 εἴπερ
758 2433 813 2462 οἷόν
829 2435 852 2461 τ’

80 2476 161 2514 ἦν,ἓθ”
174 2481 256 2508 ὖπνου
273 2483 420 2517 μετασχεῖν
441 2482 581 2516 ἐθελῆσαι,
600 2481 675 2516 φόϐῳ
695 2482 750 2507 τῶν
768 2481 848 2508 ἴσων·

81 2527 103 2551 ἐν
118 2528 198 2554 τοίνυν
215 2529 346 2560 τοιούτοις
361 2528 436 2554 οὗτιν
452 2529 518 2563 ἡμῖν
533 2527 575 2559 τίς
599 2527 675 2554 ἐλπὶ;
698 2528 851 2562 σωτηρίαςς

870 2239 890 2266 ι)

82 2573 168 2605 μᾶλλον
180 2575 207 2601 δὲ
223 2576 263 2606 τίς
280 2575 330 2601 οὐκ
348 2575 380 2601 ἂν
394 2575 474 2605 ἐλπὶς
491 2574 629 2605 ἀπωλείας
641 2583 648 2605 ;
661 2575 729 2601 ὅπου
743 2575 797 2609 γὰρ
812 2572 853 2605 εἷς

82 2619 189 2647 toruo-3v
204 2623 288 2653 κακὸς
307 2622 438 2653 πολλάκις
463 2623 613 2655 ἀναφανεὶς
630 2621 717 2653 αἴτιος
740 2622 788 2657 ὅλῃ
804 2621 853 2648 πό-

81 2663 112 2690 λει
126 2667 215 2700 γέγονε
240 2668 391 2702 συμφορᾶς,
408 2667 455 2693 καὶ
477 2667 526 2701 τῆς
542 2667 602 2697 ἑνός
625 2675 697 2697 τινος
715 2666 851 2700 ἀκρασίας

82 2710 142 2738 inv
158 2716 230 2749 κοινῇ
248 2716 277 2740 τὸ
303 2714 404 2748 πλῆθος
425 2713 474 2749 τὴν
489 2714 567 2748 δίκην
589 2714 691 2744 ἔτισαν,
715 2714 741 2738 τί
759 2713 852 2739 πείσε-

82 2756 133 2783 a’iai
148 2761 197 2794 χρὴ
210 2760 329 2794 νομίζειν
340 2760 425 2794 ἡμᾶς,
444 2760 497 2785 τῶν
510 2760 559 2793 μὲν
575 2759 850 2793 πεπλημμεληκότων

82 2802 152 2828 ὅντων
166 2805 233 2841 ὑπὲρ
248 2807 297 2837 τὰς
316 2808 408 2840 μυίας,
427 2807 476 2840 τῆς
499 2805 526 2831 δὲ
547 2805 664 2837 ἀδικίας,
681 2804 738 2832 ἀλλ’
753 2806 802 2832 οὐκ
817 2805 850 2831 ἂν

82 2847 199 2885 δυναίμην
213 2853 299 2878 εἰπεῖν
313 2853 361 2887 ῆση
375 2862 426 2885 τις.

85 2899 128 2921 tam
143 2899 266 2933 capitales
291 2900 400 2928 fraudes
415 2908 552 2935 noxasque
568 2900 594 2927 in
629 2907 678 2927 nos
713 2899 885 2934 admisimus,

906 271 1017 305 pienter
1031 279 1062 298 ac
1078 272 1201 299 modeste
1219 273 1417 307 rempublicam
1434 281 1539 307 gerere,
1558 273 1694 307 dignoque

905 316 1056 350 majoribus
1078 324 1154 344 more
1173 326 1180 345 :
1202 326 1290 352 eaque
1315 326 1408 352 agere,
1428 326 1489 353 qua:
1513 310 1631 345 maxime
1656 318 1695 344 fas

905 363 1036 397 piumque
1058 363 1094 389 sit
1117 370 1209 398 agere,
1232 364 1323 391 odisse
1347 372 1423 397 vero,
1446 372 1507 399 qure
1527 372 1634 398 :equum
1661 364 1696 390 sit

905 408 1007 437 odisse.
1025 408 1127 443 quibus
1143 417 1176 436 ex
1192 410 1274 436 rebus
1289 410 1391 444 optima
1409 409 1500 436 omnia
1517 410 1694 444 proveniunt.

905 453 964 480 haec
981 461 1016 481 ne
1037 454 1063 480 in
1087 454 1178 481 animo
1200 455 1310 489 quidem
1334 455 1479 486 habemus,
1495 455 1541 481 sed
1564 455 1605 481 vel
1623 455 1695 489 ipsas

906 500 940 526 de
958 500 1033 527 hisee
1050 500 1241 535 cogitationes,
1259 506 1387 535 tanquam
1410 501 1484 528 aliud
1503 501 1608 535 aliquid
1630 501 1696 535 legi—

906 545 958 574 bus
977 546 1168 579 interdictum,
1183 554 1198 574 a
1217 547 1296 573 nobis
1315 547 1422 580 penitus
1438 547 1580 581 exegimus
1598 554 1696 573 excus-

905 593 1058 627 simusque.
1077 593 1153 620 lianc
1168 600 1218 620 nos
1234 593 1341 620 scilicet
1357 593 1465 619 honesti
1481 593 1603 627 justique
1619 591 1696 619 duci-

905 647 968 666 mus
993 639 1139 671 rationcm,
1161 644 1190 666 ut
1214 639 1326 674 publico
1350 647 1419 674 pene
1440 639 1544 674 judicio
1562 639 1633 665 diem
1657 638 1697 666 illi

906 685 1046 716 dicamus,
1065 686 1191 720 quisquis
1225 693 1280 712 non
1302 685 1434 720 Eurybati
1453 685 1532 719 plane
1553 685 1636 712 vitam
1656 685 1697 711 vi-

905 732 991 764 xerit;
1009 732 1133 767 adeoque
1155 733 1230 760 velut
1242 740 1351 760 sursum
1376 732 1585 759 recurrentibus
1601 731 1694 758 amtti-

905 779 958 805 bus
977 777 1077 805 nosl'rm
1097 785 1172 805 nunc
1190 786 1234 805 res
1259 783 1352 811 erunt,
1371 779 1455 813 idque
1475 783 1552 805 tanto
1573 777 1697 812 profecto

906 823 1003 858 magis,
1022 829 1051 850 ut
1067 831 1118 851 nec
1135 824 1282 859 pristinum
1298 824 1416 859 amplius
1436 828 1596 858 exspectare
1616 823 1698 849 liccat

907 873 1018 901 statum,
1038 875 1170 904 quantum
1196 870 1304 905 quidem
1326 870 1484 904 conjectura
1504 877 1536 896 ex
1557 867 1698 903 prmsenti-

910 915 961 942 bus
981 916 1109 950 augurari
1137 923 1292 950 possumus.
1311 916 1415 948 Nempe
1436 915 1469 942 iis
1490 915 1571 942 unice
1593 915 1698 949 gaude-

908 969 980 993 mus,
997 961 1099 995 quibus
1117 962 1306 996 turpissimum
1330 961 1449 996 gaudere
1465 965 1517 991 est.
1536 965 1564 987 et
1580 968 1697 995 quorum

909 1007 950 1033 vel
973 1007 1131 1034 meminisse
1154 1007 1300 1040 duntaxat,
1316 1007 1428 1035 sceleris
1447 1007 1605 1034 habendum
1624 1007 1697 1035 loco.

908 1050 1014 1085 Quippe
1028 1056 1122 1078 mutua
1136 1051 1254 1078 invicem
1267 1051 1429 1079 crudelitate
1442 1052 1554 1085 saevire;
1567 1056 1595 1079 et
1608 1052 1698 1086 proxi-

908 1103 952 1123 me
968 1097 1001 1123 ad
1017 1097 1215 1124 immanitatem
1232 1097 1353 1125 ferarum
1375 1097 1521 1131 accedere;
1540 1103 1569 1124 et
1584 1098 1698 1126 seditio-

908 1151 956 1170 nes
979 1143 1104 1178 quotidie
1128 1148 1185 1170 tum
1210 1144 1347 1176 meditari,
1365 1148 1422 1172 tum
1443 1144 1516 1172 ciere
1534 1149 1615 1179 atque
1630 1152 1698 1171 con-

907 1189 990 1221 ﬂare;
1008 1197 1036 1216 ct
1056 1189 1173 1216 divitum
1189 1190 1309 1225 diripere
1328 1194 1410 1225 atque
1433 1190 1556 1225 expilare
1576 1191 1672 1218 domos
1689 1199 1696 1217 :

907 1243 940 1263 eo
957 1236 1036 1270 plane
1054 1236 1145 1269 modo,
1164 1244 1219 1271 quo
1233 1237 1348 1264 Athenis
1373 1242 1496 1272 tempore
1520 1237 1633 1272 triginta
1659 1241 1699 1272 ty-

906 1289 1074 1314 rannorum;
1091 1286 1117 1309 et
1136 1283 1216 1310 modo
1232 1283 1260 1309 in
1278 1283 1423 1310 manifesto
1439 1283 1612 1318 deprehendi
1635 1291 1698 1317 per-

904 1327 990 1361 jurio,
1010 1328 1091 1355 modo
1109 1328 1181 1356 idem
1206 1336 1304 1356 rursus
1327 1329 1469 1363 conceptis
1492 1328 1616 1364 dejerare
1638 1337 1699 1356 ver-

906 1375 964 1407 bis;
981 1378 1009 1401 et
1021 1382 1095 1402 nunc
1111 1375 1166 1402 illis
1177 1375 1224 1409 qui
1239 1375 1266 1402 in
1280 1375 1340 1402 foro
1353 1376 1466 1410 degunt,
1479 1382 1510 1402 os
1524 1383 1615 1410 pugno
1629 1382 1697 1401 con-

906 1419 1063 1451 verberare,
1077 1423 1104 1446 et
1121 1419 1280 1451 concidere,
1295 1424 1322 1447 et
1340 1419 1433 1452 ferire,
1454 1425 1481 1446 et
1496 1420 1581 1454 virgis
1600 1419 1698 1446 verbe-

907 1464 1039 1499 ribusque
1050 1465 1243 1499 frequentibus
1254 1470 1328 1500 terga
1338 1466 1475 1499 lacerare;
1487 1473 1560 1493 nunc
1570 1470 1696 1500 arreptos

907 1510 990 1537 barba
1004 1510 1087 1537 etiam
1101 1518 1159 1538 aevo
1174 1519 1371 1546 nonnunquam
1384 1511 1502 1547 grandes
1521 1511 1595 1538 viros
1606 1515 1697 1544 rapta-

906 1563 954 1589 re,
977 1556 1060 1591 idque
1082 1557 1158 1584 nullo
1183 1557 1289 1592 pudore
1316 1562 1361 1584 aut
1388 1558 1573 1590 verecundia;
1600 1564 1698 1584 rursus

906 1604 974 1630 alios
988 1603 1155 1631 contumelia
1171 1609 1198 1630 et
1216 1604 1324 1639 injuriis
1340 1604 1526 1639 perfundere;
1543 1604 1605 1631 aliis
1621 1609 1697 1631 atro-

906 1650 1015 1677 cissima
1043 1651 1146 1686 qumvis
1177 1650 1316 1682 minitari;
1343 1655 1370 1678 et
1397 1651 1477 1678 foeda:
1505 1651 1698 1678 dimicationes

906 1694 1067 1728 nocturnae;
1083 1701 1110 1724 et
1126 1697 1198 1731 globi
1215 1697 1379 1724 sicariorum
1394 1697 1528 1724 adversus
1542 1697 1698 1732 municipes

906 1744 934 1767 et
953 1740 1087 1773 tribules,
1116 1746 1144 1768 et
1157 1742 1238 1776 justas
1258 1739 1696 1776 perditissimorumnebulonum

906 1779 1010 1820 copiae;
1033 1791 1059 1814 et
1082 1787 1268 1821 perfossioncs
1286 1788 1441 1822 parietum;
1458 1793 1485 1815 et
1503 1789 1586 1820 furta.
1604 1793 1633 1816 et
1647 1788 1697 1815 do-

906 1841 999 1859 muum
1017 1833 1191 1867 eversiones;
1212 1838 1367 1868 caeleraque
1383 1833 1409 1860 id
1424 1842 1511 1869 genus
1525 1835 1626 1861 omnia.
1643 1835 1698 1861 Ad-

906 1878 964 1906 hzec
977 1887 1060 1914 porro
1075 1879 1170 1906 nefarii
1190 1887 1223 1906 ac
1238 1880 1339 1907 funesti
1357 1880 1444 1914 ignes,
1461 1885 1488 1906 et
1502 1880 1695 1914 lapidationes,

905 1930 933 1953 el
958 1927 1061 1960 ingesta
1085 1926 1217 1959 vulnera,
1235 1934 1268 1952 ac
1291 1926 1378 1958 ictus,
1401 1931 1429 1953 et
1453 1926 1590 1953 conlinme
1613 1931 1696 1960 atque

905 1971 1072 2005 qumidianaa
1095 1971 1184 1999 caedes
1208 1976 1379 2006 stragesque,
1397 1976 1424 1999 et
1448 1972 1522 1998 omni
1545 1972 1618 1999 aetati
1639 1972 1695 1998 fre-

906 2025 995 2052 quens
1016 2017 1080 2044 ferri
1104 2026 1180 2049 usus,
1199 2022 1282 2052 atque
1306 2018 1334 2044 in
1355 2017 1463 2045 deliciis
1484 2018 1620 2050 acinaces,
1635 2019 1695 2053 qui-

905 2064 1021 2091 buscum
1036 2069 1064 2091 et
1079 2065 1157 2099 quies
1173 2064 1230 2099 ipsa
1243 2072 1413 2099 somnusque
1439 2065 1550 2092 suavior
1566 2065 1693 2097 habetur,

904 2115 932 2138 et
948 2111 1006 2138 sine
1022 2111 1122 2146 quibus
1137 2119 1187 2138 nec
1201 2111 1300 2147 degere
1316 2111 1399 2138 vitam
1414 2117 1540 2147 possunt.
1554 2111 1609 2138 llos
1623 2112 1694 2138 enim

906 2157 932 2183 in
949 2156 1098 2191 perniciem
1114 2162 1194 2191 atque
1208 2157 1320 2183 exitium
1336 2157 1493 2192 reipublica:
1508 2162 1620 2188 nostra},
1637 2162 1694 2184 tum

905 2209 983 2231 natos
994 2205 1129 2239 altosque,
1140 2208 1196 2231 tum
1209 2204 1315 2239 magnis
1326 2205 1424 2239 opibus
1434 2209 1540 2234 auctos,
1551 2212 1602 2231 nec
1614 2204 1694 2231 aliam

907 2251 1013 2286 patriae,
1030 2259 1111 2286 quam
1129 2250 1235 2283 arietis,
1254 2255 1284 2276 ut
1308 2251 1334 2277 in
1360 2250 1506 2284 proverbio
1523 2254 1574 2282 est,
1593 2252 1696 2277 educa-

900 2298 990 2334 tionis
1013 2298 1202 2333 persolventes
1228 2298 1385 2325 mercedem
1403 2306 1410 2324 :
1427 2297 1477 2323 bos
1498 2297 1621 2331 inquam,
1638 2296 1695 2323 sive.

905 2351 996 2371 meros
1008 2351 1143 2379 verosque
1156 2343 1317 2371 Salmoneus
1331 2348 1358 2370 et
1374 2343 1526 2378 Lycurgos,
1537 2342 1594 2369 sive
1610 2350 1695 2368 nows

905 2391 1050 2426 quospiam
1064 2391 1198 2426 gigantes,
1210 2390 1268 2416 sive
1279 2397 1426 2424 germanos
1442 2388 1600 2422 Polyphemi
1613 2388 1697 2414 disci-

905 2438 1004 2472 pulos,
1029 2437 1087 2464 sive
1111 2444 1167 2472 quo
1196 2437 1249 2463 alio
1277 2436 1412 2470 appellem
1439 2436 1549 2462 nomine
1575 2435 1696 2461 incertus

906 2483 1016 2515 lia-reo;
1041 2490 1092 2509 nec
1116 2483 1259 2509 nominare
1282 2486 1382 2508 tutum.
1408 2481 1453 2508 lla:
1477 2481 1579 2516 itaque.
1599 2486 1626 2508 et
1653 2481 1695 2508 bis

906 2529 988 2556 etiam
1005 2528 1171 2555 funestiores
1187 2535 1302 2562 quaque
1317 2532 1417 2561 pestes,
1431 2535 1491 2562 quae
1509 2536 1583 2554 nunc
1601 2535 1693 2554 rerum

906 2575 991 2602 facies
1006 2579 1057 2607 est,
1075 2575 1198 2601 omnium
1219 2574 1298 2601 nobis
1317 2574 1527 2608 jucundissima:
1548 2579 1611 2601 sunt
1629 2583 1635 2602 :
1652 2580 1694 2602 at-

907 2629 959 2656 que
979 2621 1047 2648 adeo
1065 2621 1100 2648 iis
1120 2621 1147 2647 in
1165 2622 1246 2648 rebus
1268 2620 1362 2647 felices
1379 2621 1459 2648 nobis
1475 2621 1611 2654 videmur,
1628 2630 1696 2656 qua-

907 2676 966 2695 rum
979 2669 1136 2703 inexpertos
1148 2668 1229 2703 plane
1240 2675 1351 2699 esse,ea
1362 2668 1473 2695 domum
1486 2676 1548 2695 vera
1557 2673 1599 2695 est
1609 2667 1696 2695 felici-

907 2716 957 2740 tas.
968 2713 1045 2748 Digni
1058 2713 1173 2747 proinde
1182 2713 1317 2746 omnium,
1326 2714 1372 2749 qui
1382 2714 1502 2748 sapiunt,
1511 2714 1574 2740 odio
1586 2721 1693 2746 sumus;

905 2759 979 2794 digni
1001 2767 1067 2786 saxo
1080 2759 1197 2794 Tarpeio
1211 2765 1295 2795 atque
1322 2760 1471 2792 Imratllris;
1484 2760 1558 2795 digiti
1575 2761 1695 2787 motibus

906 2811 985 2834 terra:
999 2806 1190 2841 hiatibusque;
1208 2806 1281 2841 digni
1296 2807 1393 2841 jaculis
1409 2806 1624 2840 lulminiluusque
1640 2814 1696 2834 εω-

904 2853 1021 2880 ιιτςιὶἱηιδ
1042 2855 1181 2880 omuibus.
1206 2853 1290 2887 quue
1316 2861 1370 2879 non
1394 2853 1455 2880 ideo
1482 2857 1598 2885 tantum,
1618 2852 1691 2888 quod

907 2909 1000 2933 verum
1022 2901 1103 2928 ciiam
1129 2900 1199 2935 quod
1229 2899 1357 2927 siruilium
1383 2907 1511 2926 ausorum
1536 2899 1691 2932 exemplum
