  <div class='ocr_page' id='page_1' title='image "/cluster/home/n/w/nwhite01/storage/ocr_20150623/145/njp.32101077773149/274.png"; bbox 0 0 1878 3060; ppageno 0'>
   <div class='ocr_carea' id='block_1_1' title="bbox 32 101 1651 139">
    <p class='ocr_par' dir='ltr' id='par_1_1' title="bbox 32 101 1651 139">
     <span class='ocr_line' id='line_1_1' title="bbox 32 101 1651 139; baseline -0.002 -2"><span class='ocrx_word' id='word_1_1' title='bbox 32 107 72 139; x_wconf 71' lang='lat'><strong>333</strong></span> <span class='ocrx_word' id='word_1_2' title='bbox 468 106 611 137; x_wconf 78' lang='lat' dir='ltr'><strong>ORATIO</strong></span> <span class='ocrx_word' id='word_1_3' title='bbox 631 106 682 136; x_wconf 84' lang='lat' dir='ltr'><strong>AD</strong></span> <span class='ocrx_word' id='word_1_4' title='bbox 702 105 903 136; x_wconf 74' lang='lat' dir='ltr'><strong>NIPIIONEM</strong></span> <span class='ocrx_word' id='word_1_5' title='bbox 928 104 1217 135; x_wconf 70' lang='lat' dir='ltr'><strong>PATliIAliCIIAM.</strong></span> <span class='ocrx_word' id='word_1_6' title='bbox 1599 101 1651 133; x_wconf 58' lang='lat'><strong>194</strong></span> 
     </span>
    </p>
   </div>
   <div class='ocr_carea' id='block_1_2' title="bbox 33 160 774 199">
    <p class='ocr_par' dir='ltr' id='par_1_2' title="bbox 33 160 762 199">
     <span class='ocr_line' id='line_1_2' title="bbox 33 160 762 199; baseline 0.003 -11"><span class='ocrx_word' id='word_1_7' title='bbox 33 162 82 198; x_wconf 46' lang='grc' dir='ltr'><strong>ἢεῖ)</strong></span> <span class='ocrx_word' id='word_1_8' title='bbox 105 160 184 195; x_wconf 66' lang='grc' dir='ltr'>οὗτος</span> <span class='ocrx_word' id='word_1_9' title='bbox 213 163 308 191; x_wconf 68' lang='grc' dir='ltr'>ἐνθάδε</span> <span class='ocrx_word' id='word_1_10' title='bbox 342 164 410 198; x_wconf 82' lang='grc' dir='ltr'>ὅπερ</span> <span class='ocrx_word' id='word_1_11' title='bbox 431 165 485 195; x_wconf 76' lang='grc' dir='ltr'>τοῖς</span> <span class='ocrx_word' id='word_1_12' title='bbox 511 164 618 199; x_wconf 81' lang='grc' dir='ltr'>νοητοῖς</span> <span class='ocrx_word' id='word_1_13' title='bbox 645 165 658 190; x_wconf 77' lang='grc' dir='ltr'>ὁ</span> <span class='ocrx_word' id='word_1_14' title='bbox 685 163 762 194; x_wconf 64' lang='lat' dir='ltr'><strong>Sed,“</strong></span> 
     </span>
    </p>
   </div>
   <div class='ocr_carea' id='block_1_3' title="bbox 909 160 1650 199">
    <p class='ocr_par' dir='ltr' id='par_1_3' title="bbox 909 161 1650 196">
     <span class='ocr_line' id='line_1_3' title="bbox 909 161 1650 196; baseline -0.003 -7"><span class='ocrx_word' id='word_1_15' title='bbox 909 184 921 193; x_wconf 76' lang='grc'><strong>,,</strong></span> <span class='ocrx_word' id='word_1_16' title='bbox 953 171 1060 190; x_wconf 77' lang='lat' dir='ltr'><strong>sacrum</strong></span> <span class='ocrx_word' id='word_1_17' title='bbox 1080 162 1230 189; x_wconf 76' lang='lat' dir='ltr'><strong>animarum</strong></span> <span class='ocrx_word' id='word_1_18' title='bbox 1255 162 1386 196; x_wconf 63' lang='lat' dir='ltr'><strong>regimen,</strong></span> <span class='ocrx_word' id='word_1_19' title='bbox 1411 161 1525 196; x_wconf 71' lang='lat' dir='ltr'><strong>proinde</strong></span> <span class='ocrx_word' id='word_1_20' title='bbox 1544 161 1650 195; x_wconf 78' lang='lat' dir='ltr'><strong>opinor,</strong></span> 
     </span>
    </p>
   </div>
   <div class='ocr_carea' id='block_1_4' title="bbox 34 210 814 255">
    <p class='ocr_par' dir='ltr' id='par_1_4' title="bbox 34 210 814 255">
     <span class='ocr_line' id='line_1_4' title="bbox 34 210 814 255; baseline -0.003 -18"><span class='ocrx_word' id='word_1_21' title='bbox 34 211 94 237; x_wconf 66' lang='grc' dir='ltr'>πῖθ’</span> <span class='ocrx_word' id='word_1_22' title='bbox 106 210 180 237; x_wconf 66' lang='grc' dir='ltr'>οὕτω</span> <span class='ocrx_word' id='word_1_23' title='bbox 198 210 248 242; x_wconf 82' lang='grc' dir='ltr'>δεῖ,</span> <span class='ocrx_word' id='word_1_24' title='bbox 264 211 297 236; x_wconf 68' lang='grc' dir='ltr'><strong>σὺ</strong></span> <span class='ocrx_word' id='word_1_25' title='bbox 315 210 344 236; x_wconf 73' lang='grc' dir='ltr'><strong>δὲ</strong></span> <span class='ocrx_word' id='word_1_26' title='bbox 359 211 441 255; x_wconf 50' lang='grc' dir='ltr'>πάλξι</span> <span class='ocrx_word' id='word_1_27' title='bbox 459 210 571 242; x_wconf 62' lang='grc' dir='ltr'>τούτους</span> <span class='ocrx_word' id='word_1_28' title='bbox 587 210 649 241; x_wconf 71' lang='grc' dir='ltr'>τοὺς</span> <span class='ocrx_word' id='word_1_29' title='bbox 665 210 814 244; x_wconf 68' lang='grc' dir='ltr'>λογισμοὺς</span> 
     </span>
    </p>
   </div>
   <div class='ocr_carea' id='block_1_5' title="bbox 32 255 814 290">
    <p class='ocr_par' dir='ltr' id='par_1_5' title="bbox 32 255 814 290">
     <span class='ocr_line' id='line_1_5' title="bbox 32 255 814 290; baseline -0.001 -8"><span class='ocrx_word' id='word_1_30' title='bbox 32 258 126 287; x_wconf 59' lang='lat' dir='ltr'><strong>Etiamq-</strong></span> <span class='ocrx_word' id='word_1_31' title='bbox 144 256 195 282; x_wconf 76' lang='grc' dir='ltr'><strong>καὶ</strong></span> <span class='ocrx_word' id='word_1_32' title='bbox 210 256 287 282; x_wconf 73' lang='grc' dir='ltr'>οὐδὲν</span> <span class='ocrx_word' id='word_1_33' title='bbox 304 255 384 290; x_wconf 73' lang='grc' dir='ltr'>ἔργον</span> <span class='ocrx_word' id='word_1_34' title='bbox 410 256 511 289; x_wconf 78' lang='grc' dir='ltr'>εὑρεῖν,</span> <span class='ocrx_word' id='word_1_35' title='bbox 528 256 551 281; x_wconf 82' lang='grc' dir='ltr'><strong>εί</strong></span> <span class='ocrx_word' id='word_1_36' title='bbox 566 255 609 281; x_wconf 74' lang='grc' dir='ltr'><strong>διὰ</strong></span> <span class='ocrx_word' id='word_1_37' title='bbox 630 255 738 282; x_wconf 77' lang='grc' dir='ltr'>πάντων</span> <span class='ocrx_word' id='word_1_38' title='bbox 752 256 814 289; x_wconf 78' lang='grc' dir='ltr'>ἀφῖ-</span> 
     </span>
    </p>
   </div>
   <div class='ocr_carea' id='block_1_6' title="bbox 33 301 814 336">
    <p class='ocr_par' dir='ltr' id='par_1_6' title="bbox 33 301 814 336">
     <span class='ocr_line' id='line_1_6' title="bbox 33 301 814 336; baseline -0.001 -9"><span class='ocrx_word' id='word_1_39' title='bbox 33 303 74 333; x_wconf 77' lang='grc' dir='ltr'>ξιι,</span> <span class='ocrx_word' id='word_1_40' title='bbox 89 302 147 327; x_wconf 82' lang='grc' dir='ltr'>ἀλλ’</span> <span class='ocrx_word' id='word_1_41' title='bbox 172 302 228 336; x_wconf 77' lang='grc' dir='ltr'><strong>ὅτῳ</strong></span> <span class='ocrx_word' id='word_1_42' title='bbox 245 302 348 336; x_wconf 77' lang='grc' dir='ltr'>μᾶλλον</span> <span class='ocrx_word' id='word_1_43' title='bbox 372 302 542 336; x_wconf 64' lang='grc' dir='ltr'>ἐξείργασται,</span> <span class='ocrx_word' id='word_1_44' title='bbox 559 301 601 332; x_wconf 84' lang='grc' dir='ltr'><strong>τίς</strong></span> <span class='ocrx_word' id='word_1_45' title='bbox 620 301 691 327; x_wconf 77' lang='grc' dir='ltr'>οὕτω</span> <span class='ocrx_word' id='word_1_46' title='bbox 713 301 814 336; x_wconf 71' lang='grc' dir='ltr'>φρένας</span> 
     </span>
    </p>
   </div>
   <div class='ocr_carea' id='block_1_7' title="bbox 32 347 816 383">
    <p class='ocr_par' dir='ltr' id='par_1_7' title="bbox 32 347 816 383">
     <span class='ocr_line' id='line_1_7' title="bbox 32 347 816 383; baseline 0 -10"><span class='ocrx_word' id='word_1_47' title='bbox 32 349 106 381; x_wconf 49' lang='lat' dir='ltr'><strong>iure;</strong></span> <span class='ocrx_word' id='word_1_48' title='bbox 125 347 177 374; x_wconf 76' lang='grc' dir='ltr'>καὶ</span> <span class='ocrx_word' id='word_1_49' title='bbox 207 348 262 374; x_wconf 79' lang='grc' dir='ltr'><strong>τῶν</strong></span> <span class='ocrx_word' id='word_1_50' title='bbox 289 349 489 383; x_wconf 73' lang='grc' dir='ltr'><strong>φανερωτάτων</strong></span> <span class='ocrx_word' id='word_1_51' title='bbox 514 347 584 382; x_wconf 82' lang='grc' dir='ltr'>ἔχων</span> <span class='ocrx_word' id='word_1_52' title='bbox 611 348 713 378; x_wconf 67' lang='grc' dir='ltr'>σκαιῶς</span> <span class='ocrx_word' id='word_1_53' title='bbox 742 348 816 378; x_wconf 78' lang='grc' dir='ltr'>ὅστις</span> 
     </span>
    </p>
   </div>
   <div class='ocr_carea' id='block_1_8' title="bbox 33 392 814 428">
    <p class='ocr_par' dir='ltr' id='par_1_8' title="bbox 33 392 814 428">
     <span class='ocr_line' id='line_1_8' title="bbox 33 392 814 428; baseline 0 -9"><span class='ocrx_word' id='word_1_54' title='bbox 33 396 70 419; x_wconf 66' lang='grc' dir='ltr'><strong>οἰκ</strong></span> <span class='ocrx_word' id='word_1_55' title='bbox 85 395 115 420; x_wconf 72' lang='lat' dir='ltr'><strong>iv</strong></span> <span class='ocrx_word' id='word_1_56' title='bbox 132 392 214 426; x_wconf 75' lang='grc' dir='ltr'>οἶμαι</span> <span class='ocrx_word' id='word_1_57' title='bbox 239 395 394 428; x_wconf 79' lang='grc' dir='ltr'>συμφήσαι,</span> <span class='ocrx_word' id='word_1_58' title='bbox 425 394 462 424; x_wconf 83' lang='grc' dir='ltr'>ὡς</span> <span class='ocrx_word' id='word_1_59' title='bbox 478 394 530 428; x_wconf 75' lang='grc' dir='ltr'><strong>ἄρα</strong></span> <span class='ocrx_word' id='word_1_60' title='bbox 545 393 594 419; x_wconf 84' lang='grc' dir='ltr'><strong>νῦν</strong></span> <span class='ocrx_word' id='word_1_61' title='bbox 609 394 638 419; x_wconf 75' lang='grc' dir='ltr'><strong>οὐ</strong></span> <span class='ocrx_word' id='word_1_62' title='bbox 654 393 814 427; x_wconf 74' lang='grc' dir='ltr'>λαμϐάνεις,</span> 
     </span>
    </p>
   </div>
   <div class='ocr_carea' id='block_1_9' title="bbox 33 439 816 475">
    <p class='ocr_par' dir='ltr' id='par_1_9' title="bbox 33 439 816 475">
     <span class='ocr_line' id='line_1_9' title="bbox 33 439 816 475; baseline 0 -11"><span class='ocrx_word' id='word_1_63' title='bbox 33 439 303 475; x_wconf 73' lang='grc' dir='ltr'>ἀλλ’ὰττολαμῦἀνεις</span> <span class='ocrx_word' id='word_1_64' title='bbox 323 439 353 466; x_wconf 80' lang='grc' dir='ltr'>τὸ</span> <span class='ocrx_word' id='word_1_65' title='bbox 375 439 478 474; x_wconf 77' lang='grc' dir='ltr'>σχῆμα·</span> <span class='ocrx_word' id='word_1_66' title='bbox 502 440 550 466; x_wconf 69' lang='grc' dir='ltr'><strong>καὶ</strong></span> <span class='ocrx_word' id='word_1_67' title='bbox 568 440 622 465; x_wconf 86' lang='grc' dir='ltr'>τῶν</span> <span class='ocrx_word' id='word_1_68' title='bbox 643 439 816 474; x_wconf 75' lang='grc' dir='ltr'><strong>πραγμάτων</strong></span> 
     </span>
    </p>
   </div>
   <div class='ocr_carea' id='block_1_10' title="bbox 33 485 815 521">
    <p class='ocr_par' dir='ltr' id='par_1_10' title="bbox 33 485 815 521">
     <span class='ocr_line' id='line_1_10' title="bbox 33 485 815 521; baseline 0 -10"><span class='ocrx_word' id='word_1_69' title='bbox 33 487 156 518; x_wconf 73' lang='grc' dir='ltr'>ίιδὸντων,</span> <span class='ocrx_word' id='word_1_70' title='bbox 173 487 265 512; x_wconf 78' lang='grc' dir='ltr'>πάλαι</span> <span class='ocrx_word' id='word_1_71' title='bbox 287 487 411 521; x_wconf 80' lang='grc' dir='ltr'><strong>κρατεῖν,</strong></span> <span class='ocrx_word' id='word_1_72' title='bbox 431 485 482 521; x_wconf 77' lang='grc' dir='ltr'>ἢδη</span> <span class='ocrx_word' id='word_1_73' title='bbox 504 486 657 521; x_wconf 78' lang='grc' dir='ltr'><strong>προσετέθη</strong></span> <span class='ocrx_word' id='word_1_74' title='bbox 687 485 815 520; x_wconf 76' lang='grc' dir='ltr'>τοῠνομα·</span> 
     </span>
    </p>
   </div>
   <div class='ocr_carea' id='block_1_11' title="bbox 33 531 815 566">
    <p class='ocr_par' dir='ltr' id='par_1_11' title="bbox 33 531 815 566">
     <span class='ocr_line' id='line_1_11' title="bbox 33 531 815 566; baseline -0.003 -8"><span class='ocrx_word' id='word_1_75' title='bbox 33 532 85 558; x_wconf 73' lang='grc' dir='ltr'>ὡστ’</span> <span class='ocrx_word' id='word_1_76' title='bbox 101 533 133 558; x_wconf 77' lang='grc' dir='ltr'>οὐ</span> <span class='ocrx_word' id='word_1_77' title='bbox 159 532 210 558; x_wconf 76' lang='grc' dir='ltr'><strong>τοῦ</strong></span> <span class='ocrx_word' id='word_1_78' title='bbox 228 531 395 566; x_wconf 81' lang='grc' dir='ltr'><strong>κεκομίσθαι</strong></span> <span class='ocrx_word' id='word_1_79' title='bbox 407 531 449 557; x_wconf 81' lang='grc' dir='ltr'><strong>δεῖ</strong></span> <span class='ocrx_word' id='word_1_80' title='bbox 467 540 507 557; x_wconf 77' lang='grc' dir='ltr'><strong>σοι</strong></span> <span class='ocrx_word' id='word_1_81' title='bbox 525 532 626 566; x_wconf 76' lang='grc' dir='ltr'>μᾶλλον</span> <span class='ocrx_word' id='word_1_82' title='bbox 643 532 815 565; x_wconf 71' lang='grc' dir='ltr'><strong>συγχαίρειν,</strong></span> 
     </span>
    </p>
   </div>
   <div class='ocr_carea' id='block_1_12' title="bbox 33 577 816 613">
    <p class='ocr_par' dir='ltr' id='par_1_12' title="bbox 33 577 816 613">
     <span class='ocr_line' id='line_1_12' title="bbox 33 577 816 613; baseline 0 -9"><span class='ocrx_word' id='word_1_83' title='bbox 33 579 45 612; x_wconf 73' lang='grc' dir='ltr'>ἢ</span> <span class='ocrx_word' id='word_1_84' title='bbox 67 579 254 613; x_wconf 70' lang='grc' dir='ltr'>συνάχθεσθαι</span> <span class='ocrx_word' id='word_1_85' title='bbox 272 579 389 609; x_wconf 78' lang='grc' dir='ltr'>πάντας,</span> <span class='ocrx_word' id='word_1_86' title='bbox 406 578 453 604; x_wconf 82' lang='grc' dir='ltr'><strong>τοῦ</strong></span> <span class='ocrx_word' id='word_1_87' title='bbox 475 577 512 613; x_wconf 83' lang='grc' dir='ltr'>μὴ</span> <span class='ocrx_word' id='word_1_88' title='bbox 535 577 620 604; x_wconf 83' lang='grc' dir='ltr'>πάλαι</span> <span class='ocrx_word' id='word_1_89' title='bbox 643 577 673 604; x_wconf 83' lang='grc' dir='ltr'><strong>τὸ</strong></span> <span class='ocrx_word' id='word_1_90' title='bbox 698 577 756 604; x_wconf 82' lang='grc' dir='ltr'>δέον</span> <span class='ocrx_word' id='word_1_91' title='bbox 779 578 816 609; x_wconf 76' lang='grc' dir='ltr'>ὡς</span> 
     </span>
    </p>
   </div>
   <div class='ocr_carea' id='block_1_13' title="bbox 33 623 817 659">
    <p class='ocr_par' dir='ltr' id='par_1_13' title="bbox 33 623 817 659">
     <span class='ocr_line' id='line_1_13' title="bbox 33 623 817 659; baseline 0 -9"><span class='ocrx_word' id='word_1_92' title='bbox 33 627 95 655; x_wconf 53' lang='lat' dir='ltr'><strong>rixo;</strong></span> <span class='ocrx_word' id='word_1_93' title='bbox 117 625 300 659; x_wconf 74' lang='grc' dir='ltr'>κεκομίσθαι·</span> <span class='ocrx_word' id='word_1_94' title='bbox 324 624 425 659; x_wconf 78' lang='grc' dir='ltr'>μᾶλλον</span> <span class='ocrx_word' id='word_1_95' title='bbox 443 623 472 650; x_wconf 79' lang='grc' dir='ltr'>δὲ</span> <span class='ocrx_word' id='word_1_96' title='bbox 501 624 544 650; x_wconf 71' lang='grc' dir='ltr'><strong>σοὶ</strong></span> <span class='ocrx_word' id='word_1_97' title='bbox 573 623 622 657; x_wconf 81' lang='grc' dir='ltr'><strong>μὲν</strong></span> <span class='ocrx_word' id='word_1_98' title='bbox 651 623 711 649; x_wconf 83' lang='grc' dir='ltr'>κατ’</span> <span class='ocrx_word' id='word_1_99' title='bbox 733 623 817 658; x_wconf 77' lang='grc' dir='ltr'>ἄμφω</span> 
     </span>
    </p>
   </div>
   <div class='ocr_carea' id='block_1_14' title="bbox 34 665 817 704">
    <p class='ocr_par' dir='ltr' id='par_1_14' title="bbox 34 665 817 704">
     <span class='ocr_line' id='line_1_14' title="bbox 34 665 817 704; baseline -0.003 -9"><span class='ocrx_word' id='word_1_100' title='bbox 34 670 196 704; x_wconf 63' lang='grc' dir='ltr'>συγχαίρειν.</span> <span class='ocrx_word' id='word_1_101' title='bbox 216 670 264 695; x_wconf 67' lang='grc' dir='ltr'>καὶ</span> <span class='ocrx_word' id='word_1_102' title='bbox 279 667 320 700; x_wconf 79' lang='grc' dir='ltr'>οἷς</span> <span class='ocrx_word' id='word_1_103' title='bbox 342 668 489 704; x_wconf 77' lang='grc' dir='ltr'><strong>ἀξιόχρεως</strong></span> <span class='ocrx_word' id='word_1_104' title='bbox 514 667 656 703; x_wconf 71' lang='grc' dir='ltr'>πόρρωθεν</span> <span class='ocrx_word' id='word_1_105' title='bbox 677 665 756 702; x_wconf 80' lang='grc' dir='ltr'>ἦσθα,</span> <span class='ocrx_word' id='word_1_106' title='bbox 771 667 817 694; x_wconf 71' lang='grc' dir='ltr'>καὶ</span> 
     </span>
    </p>
   </div>
   <div class='ocr_carea' id='block_1_15' title="bbox 33 713 818 750">
    <p class='ocr_par' dir='ltr' id='par_1_15' title="bbox 33 713 818 750">
     <span class='ocr_line' id='line_1_15' title="bbox 33 713 818 750; baseline -0.003 -9"><span class='ocrx_word' id='word_1_107' title='bbox 33 717 65 741; x_wconf 67' lang='lat' dir='ltr'><strong>in</strong></span> <span class='ocrx_word' id='word_1_108' title='bbox 83 715 131 740; x_wconf 81' lang='grc' dir='ltr'><strong>νῦν</strong></span> <span class='ocrx_word' id='word_1_109' title='bbox 149 716 258 750; x_wconf 78' lang='grc' dir='ltr'>ἔτυχες·</span> <span class='ocrx_word' id='word_1_110' title='bbox 275 716 351 749; x_wconf 79' lang='grc' dir='ltr'>ἡμᾶς</span> <span class='ocrx_word' id='word_1_111' title='bbox 364 715 391 740; x_wconf 79' lang='grc' dir='ltr'><strong>δὲ</strong></span> <span class='ocrx_word' id='word_1_112' title='bbox 416 715 440 740; x_wconf 80' lang='grc' dir='ltr'><strong>εί</strong></span> <span class='ocrx_word' id='word_1_113' title='bbox 457 714 504 740; x_wconf 73' lang='grc' dir='ltr'><strong>καὶ</strong></span> <span class='ocrx_word' id='word_1_114' title='bbox 522 713 569 740; x_wconf 82' lang='grc' dir='ltr'><strong>νῦν</strong></span> <span class='ocrx_word' id='word_1_115' title='bbox 589 714 672 745; x_wconf 75' lang='grc' dir='ltr'>ὅντως</span> <span class='ocrx_word' id='word_1_116' title='bbox 688 714 717 740; x_wconf 79' lang='grc' dir='ltr'>ὲν</span> <span class='ocrx_word' id='word_1_117' title='bbox 730 714 818 740; x_wconf 78' lang='grc' dir='ltr'>εὐδαί-</span> 
     </span>
    </p>
   </div>
   <div class='ocr_carea' id='block_1_16' title="bbox 35 759 816 796">
    <p class='ocr_par' dir='ltr' id='par_1_16' title="bbox 35 759 816 796">
     <span class='ocr_line' id='line_1_16' title="bbox 35 759 816 796; baseline -0.003 -9"><span class='ocrx_word' id='word_1_118' title='bbox 35 770 102 795; x_wconf 58' lang='grc' dir='ltr'>μοσιν</span> <span class='ocrx_word' id='word_1_119' title='bbox 122 762 210 796; x_wconf 73' lang='grc' dir='ltr'>ἔχεις,</span> <span class='ocrx_word' id='word_1_120' title='bbox 236 760 275 795; x_wconf 83' lang='grc' dir='ltr'>τῷ</span> <span class='ocrx_word' id='word_1_121' title='bbox 293 761 331 795; x_wconf 87' lang='grc' dir='ltr'>μὴ</span> <span class='ocrx_word' id='word_1_122' title='bbox 347 761 430 787; x_wconf 77' lang='grc' dir='ltr'>πάλαι</span> <span class='ocrx_word' id='word_1_123' title='bbox 455 759 551 786; x_wconf 78' lang='grc' dir='ltr'>τούτου</span> <span class='ocrx_word' id='word_1_124' title='bbox 578 759 743 795; x_wconf 79' lang='grc' dir='ltr'>πειραθῆναι</span> <span class='ocrx_word' id='word_1_125' title='bbox 769 759 816 786; x_wconf 74' lang='grc' dir='ltr'><strong>τοῦ</strong></span> 
     </span>
    </p>
   </div>
   <div class='ocr_carea' id='block_1_17' title="bbox 35 806 552 842">
    <p class='ocr_par' dir='ltr' id='par_1_17' title="bbox 35 806 552 842">
     <span class='ocr_line' id='line_1_17' title="bbox 35 806 552 842; baseline 0.019 -19"><span class='ocrx_word' id='word_1_126' title='bbox 35 809 138 842; x_wconf 53' lang='grc' dir='ltr'><strong>μέν,υῶ</strong></span> <span class='ocrx_word' id='word_1_127' title='bbox 153 808 195 838; x_wconf 65' lang='grc' dir='ltr'>εις</span> <span class='ocrx_word' id='word_1_128' title='bbox 210 807 394 841; x_wconf 66' lang='grc' dir='ltr'><strong>ἠδικημένους</strong></span> <span class='ocrx_word' id='word_1_129' title='bbox 410 806 552 841; x_wconf 75' lang='grc' dir='ltr'><strong>τελοῦμεν.</strong></span> 
     </span>
    </p>
   </div>
   <div class='ocr_carea' id='block_1_18' title="bbox 869 207 1652 243">
    <p class='ocr_par' dir='ltr' id='par_1_18' title="bbox 869 207 1652 243">
     <span class='ocr_line' id='line_1_18' title="bbox 869 207 1652 243; baseline -0.003 -9"><span class='ocrx_word' id='word_1_130' title='bbox 869 213 897 234; x_wconf 82' lang='grc' dir='ltr'><strong>ιιι</strong></span> <span class='ocrx_word' id='word_1_131' title='bbox 914 209 1012 235; x_wconf 69' lang='lat' dir='ltr'><strong>anima:</strong></span> <span class='ocrx_word' id='word_1_132' title='bbox 1028 209 1151 243; x_wconf 83' lang='lat' dir='ltr'><strong>corporis</strong></span> <span class='ocrx_word' id='word_1_133' title='bbox 1176 209 1218 235; x_wconf 91' lang='lat' dir='ltr'><strong>sui</strong></span> <span class='ocrx_word' id='word_1_134' title='bbox 1243 207 1430 243; x_wconf 72' lang='lat' dir='ltr'><strong>gubernatio:</strong></span> <span class='ocrx_word' id='word_1_135' title='bbox 1457 207 1479 235; x_wconf 90' lang='lat' dir='ltr'><strong>si</strong></span> <span class='ocrx_word' id='word_1_136' title='bbox 1507 207 1545 234; x_wconf 88' lang='lat' dir='ltr'><strong>illi</strong></span> <span class='ocrx_word' id='word_1_137' title='bbox 1576 208 1652 238; x_wconf 79' lang='lat' dir='ltr'><strong>item,</strong></span> 
     </span>
    </p>
   </div>
   <div class='ocr_carea' id='block_1_19' title="bbox 867 253 1655 289">
    <p class='ocr_par' dir='ltr' id='par_1_19' title="bbox 867 253 1655 289">
     <span class='ocr_line' id='line_1_19' title="bbox 867 253 1655 289; baseline -0.003 -8"><span class='ocrx_word' id='word_1_138' title='bbox 867 255 913 288; x_wconf 87' lang='lat' dir='ltr'><strong>qui</strong></span> <span class='ocrx_word' id='word_1_139' title='bbox 927 255 979 281; x_wconf 87' lang='lat' dir='ltr'><strong>hoc</strong></span> <span class='ocrx_word' id='word_1_140' title='bbox 997 256 1116 289; x_wconf 75' lang='lat' dir='ltr'><strong>caprssit</strong></span> <span class='ocrx_word' id='word_1_141' title='bbox 1130 262 1239 285; x_wconf 84' lang='lat' dir='ltr'><strong>munus,</strong></span> <span class='ocrx_word' id='word_1_142' title='bbox 1255 262 1308 281; x_wconf 90' lang='lat' dir='ltr'><strong>non</strong></span> <span class='ocrx_word' id='word_1_143' title='bbox 1324 255 1415 280; x_wconf 84' lang='lat' dir='ltr'><strong>minus</strong></span> <span class='ocrx_word' id='word_1_144' title='bbox 1432 253 1516 280; x_wconf 79' lang='lat' dir='ltr'><strong>multa</strong></span> <span class='ocrx_word' id='word_1_145' title='bbox 1530 261 1655 280; x_wconf 73' lang='lat' dir='ltr'><strong>necessa-</strong></span> 
     </span>
    </p>
   </div>
   <div class='ocr_carea' id='block_1_20' title="bbox 867 298 1654 334">
    <p class='ocr_par' dir='ltr' id='par_1_20' title="bbox 867 298 1654 334">
     <span class='ocr_line' id='line_1_20' title="bbox 867 298 1654 334; baseline -0.001 -9"><span class='ocrx_word' id='word_1_146' title='bbox 867 299 909 325; x_wconf 88' lang='lat' dir='ltr'><strong>rio</strong></span> <span class='ocrx_word' id='word_1_147' title='bbox 933 299 1090 334; x_wconf 79' lang='lat' dir='ltr'><strong>peragenda</strong></span> <span class='ocrx_word' id='word_1_148' title='bbox 1115 304 1190 329; x_wconf 81' lang='lat' dir='ltr'><strong>sunt.</strong></span> <span class='ocrx_word' id='word_1_149' title='bbox 1217 307 1298 333; x_wconf 77' lang='lat' dir='ltr'><strong>quam</strong></span> <span class='ocrx_word' id='word_1_150' title='bbox 1332 299 1468 325; x_wconf 86' lang='lat' dir='ltr'><strong>universis</strong></span> <span class='ocrx_word' id='word_1_151' title='bbox 1495 298 1654 325; x_wconf 86' lang='lat' dir='ltr'><strong>hominibus</strong></span> 
     </span>
    </p>
   </div>
   <div class='ocr_carea' id='block_1_21' title="bbox 869 344 1654 379">
    <p class='ocr_par' dir='ltr' id='par_1_21' title="bbox 869 344 1654 379">
     <span class='ocr_line' id='line_1_21' title="bbox 869 344 1654 379; baseline 0 -9"><span class='ocrx_word' id='word_1_152' title='bbox 869 345 980 379; x_wconf 72' lang='lat' dir='ltr'><strong>reliquis</strong></span> <span class='ocrx_word' id='word_1_153' title='bbox 996 354 1001 371; x_wconf 90' lang='lat'><strong>:</strong></span> <span class='ocrx_word' id='word_1_154' title='bbox 1018 345 1126 378; x_wconf 71' lang='lat' dir='ltr'><strong>pnesidi</strong></span> <span class='ocrx_word' id='word_1_155' title='bbox 1147 345 1274 372; x_wconf 72' lang='lat' dir='ltr'><strong>videlicet</strong></span> <span class='ocrx_word' id='word_1_156' title='bbox 1292 345 1415 371; x_wconf 90' lang='lat' dir='ltr'><strong>omnium</strong></span> <span class='ocrx_word' id='word_1_157' title='bbox 1430 349 1455 371; x_wconf 87' lang='lat' dir='ltr'><strong>et</strong></span> <span class='ocrx_word' id='word_1_158' title='bbox 1475 345 1594 374; x_wconf 86' lang='lat' dir='ltr'><strong>custodi.</strong></span> <span class='ocrx_word' id='word_1_159' title='bbox 1607 344 1654 378; x_wconf 92' lang='lat' dir='ltr'><strong>qui</strong></span> 
     </span>
    </p>
   </div>
   <div class='ocr_carea' id='block_1_22' title="bbox 867 390 1655 425">
    <p class='ocr_par' dir='ltr' id='par_1_22' title="bbox 867 390 1655 425">
     <span class='ocr_line' id='line_1_22' title="bbox 867 390 1655 425; baseline -0.001 -8"><span class='ocrx_word' id='word_1_160' title='bbox 867 391 940 417; x_wconf 88' lang='lat' dir='ltr'><strong>idem</strong></span> <span class='ocrx_word' id='word_1_161' title='bbox 961 391 988 418; x_wconf 92' lang='lat' dir='ltr'><strong>in</strong></span> <span class='ocrx_word' id='word_1_162' title='bbox 1008 395 1079 417; x_wconf 68' lang='lat' dir='ltr'><strong>terra</strong></span> <span class='ocrx_word' id='word_1_163' title='bbox 1095 390 1254 417; x_wconf 76' lang='lat' dir='ltr'><strong>mortalibus</strong></span> <span class='ocrx_word' id='word_1_164' title='bbox 1273 395 1324 423; x_wconf 84' lang='lat' dir='ltr'><strong>est,</strong></span> <span class='ocrx_word' id='word_1_165' title='bbox 1345 390 1417 425; x_wconf 81' lang='lat' dir='ltr'><strong>quod</strong></span> <span class='ocrx_word' id='word_1_166' title='bbox 1442 390 1562 417; x_wconf 74' lang='lat' dir='ltr'><strong>:etheriis</strong></span> <span class='ocrx_word' id='word_1_167' title='bbox 1576 397 1655 416; x_wconf 75' lang='lat' dir='ltr'><strong>men—</strong></span> 
     </span>
    </p>
   </div>
   <div class='ocr_carea' id='block_1_23' title="bbox 869 436 1657 471">
    <p class='ocr_par' dir='ltr' id='par_1_23' title="bbox 869 436 1657 471">
     <span class='ocr_line' id='line_1_23' title="bbox 869 436 1657 471; baseline -0.004 -7"><span class='ocrx_word' id='word_1_168' title='bbox 869 438 943 464; x_wconf 86' lang='lat' dir='ltr'><strong>tibus</strong></span> <span class='ocrx_word' id='word_1_169' title='bbox 969 438 1050 464; x_wconf 82' lang='lat' dir='ltr'><strong>Deus.</strong></span> <span class='ocrx_word' id='word_1_170' title='bbox 1079 436 1147 464; x_wconf 90' lang='lat' dir='ltr'><strong>Cum</strong></span> <span class='ocrx_word' id='word_1_171' title='bbox 1172 437 1239 468; x_wconf 71' lang='lat' dir='ltr'><strong>haec,</strong></span> <span class='ocrx_word' id='word_1_172' title='bbox 1261 437 1381 471; x_wconf 74' lang='lat' dir='ltr'><strong>inquam,</strong></span> <span class='ocrx_word' id='word_1_173' title='bbox 1405 436 1445 463; x_wconf 81' lang='lat' dir='ltr'><strong>sic</strong></span> <span class='ocrx_word' id='word_1_174' title='bbox 1457 436 1567 463; x_wconf 85' lang='lat' dir='ltr'><strong>omnino</strong></span> <span class='ocrx_word' id='word_1_175' title='bbox 1582 443 1657 462; x_wconf 89' lang='lat' dir='ltr'><strong>eom—</strong></span> 
     </span>
    </p>
   </div>
   <div class='ocr_carea' id='block_1_24' title="bbox 871 481 1655 518">
    <p class='ocr_par' dir='ltr' id='par_1_24' title="bbox 871 481 1655 518">
     <span class='ocr_line' id='line_1_24' title="bbox 871 481 1655 518; baseline -0.005 -8"><span class='ocrx_word' id='word_1_176' title='bbox 871 488 965 518; x_wconf 86' lang='lat' dir='ltr'><strong>parata</strong></span> <span class='ocrx_word' id='word_1_177' title='bbox 980 491 1040 510; x_wconf 86' lang='lat' dir='ltr'><strong>esse</strong></span> <span class='ocrx_word' id='word_1_178' title='bbox 1063 487 1183 518; x_wconf 91' lang='lat' dir='ltr'><strong>oportet,</strong></span> <span class='ocrx_word' id='word_1_179' title='bbox 1200 489 1228 510; x_wconf 87' lang='lat' dir='ltr'><strong>et</strong></span> <span class='ocrx_word' id='word_1_180' title='bbox 1243 482 1300 510; x_wconf 65' lang='lat' dir='ltr'><strong>hac</strong></span> <span class='ocrx_word' id='word_1_181' title='bbox 1319 482 1421 509; x_wconf 92' lang='lat' dir='ltr'><strong>dudum</strong></span> <span class='ocrx_word' id='word_1_182' title='bbox 1441 482 1489 508; x_wconf 82' lang='lat' dir='ltr'><strong>tibi</strong></span> <span class='ocrx_word' id='word_1_183' title='bbox 1511 481 1655 508; x_wconf 84' lang='lat' dir='ltr'><strong>hominum</strong></span> 
     </span>
    </p>
   </div>
   <div class='ocr_carea' id='block_1_25' title="bbox 869 526 1655 558">
    <p class='ocr_par' dir='ltr' id='par_1_25' title="bbox 869 526 1655 558">
     <span class='ocr_line' id='line_1_25' title="bbox 869 526 1655 558; baseline -0.004 -3"><span class='ocrx_word' id='word_1_184' title='bbox 869 529 983 555; x_wconf 84' lang='lat' dir='ltr'><strong>collecta</strong></span> <span class='ocrx_word' id='word_1_185' title='bbox 1006 528 1058 555; x_wconf 91' lang='lat' dir='ltr'><strong>fuit</strong></span> <span class='ocrx_word' id='word_1_186' title='bbox 1075 527 1260 558; x_wconf 74' lang='lat' dir='ltr'><strong>existimatio,</strong></span> <span class='ocrx_word' id='word_1_187' title='bbox 1285 535 1335 554; x_wconf 90' lang='lat' dir='ltr'><strong>nec</strong></span> <span class='ocrx_word' id='word_1_188' title='bbox 1355 527 1464 554; x_wconf 82' lang='lat' dir='ltr'><strong>ditlicilc</strong></span> <span class='ocrx_word' id='word_1_189' title='bbox 1491 531 1534 553; x_wconf 86' lang='lat' dir='ltr'><strong>est</strong></span> <span class='ocrx_word' id='word_1_190' title='bbox 1551 526 1655 556; x_wconf 84' lang='lat' dir='ltr'><strong>videre.</strong></span> 
     </span>
    </p>
   </div>
   <div class='ocr_carea' id='block_1_26' title="bbox 869 571 1656 608">
    <p class='ocr_par' dir='ltr' id='par_1_26' title="bbox 869 571 1656 608">
     <span class='ocr_line' id='line_1_26' title="bbox 869 571 1656 608; baseline -0.005 -8"><span class='ocrx_word' id='word_1_191' title='bbox 869 577 962 601; x_wconf 85' lang='lat' dir='ltr'><strong>utrum</strong></span> <span class='ocrx_word' id='word_1_192' title='bbox 996 576 1084 608; x_wconf 79' lang='lat' dir='ltr'><strong>spatia</strong></span> <span class='ocrx_word' id='word_1_193' title='bbox 1112 575 1202 600; x_wconf 64' lang='lat' dir='ltr'><strong>haecce</strong></span> <span class='ocrx_word' id='word_1_194' title='bbox 1218 571 1529 604; x_wconf 66' lang='lat' dir='ltr'><strong>omniadecut‘tlrreris,</strong></span> <span class='ocrx_word' id='word_1_195' title='bbox 1561 579 1656 597; x_wconf 86' lang='lat' dir='ltr'><strong>verum</strong></span> 
     </span>
    </p>
   </div>
   <div class='ocr_carea' id='block_1_27' title="bbox 868 618 1655 655">
    <p class='ocr_par' dir='ltr' id='par_1_27' title="bbox 868 618 1655 655">
     <span class='ocr_line' id='line_1_27' title="bbox 868 618 1655 655; baseline -0.004 -8"><span class='ocrx_word' id='word_1_196' title='bbox 868 622 896 648; x_wconf 92' lang='lat' dir='ltr'><strong>in</strong></span> <span class='ocrx_word' id='word_1_197' title='bbox 922 628 1039 655; x_wconf 78' lang='lat' dir='ltr'><strong>quonam</strong></span> <span class='ocrx_word' id='word_1_198' title='bbox 1049 621 1109 655; x_wconf 86' lang='lat' dir='ltr'><strong>plus</strong></span> <span class='ocrx_word' id='word_1_199' title='bbox 1135 628 1226 655; x_wconf 70' lang='lat' dir='ltr'><strong>opera:</strong></span> <span class='ocrx_word' id='word_1_200' title='bbox 1250 620 1408 653; x_wconf 78' lang='lat' dir='ltr'><strong>laborisque</strong></span> <span class='ocrx_word' id='word_1_201' title='bbox 1441 618 1655 652; x_wconf 75' lang='lat' dir='ltr'><strong>consumpseris.</strong></span> 
     </span>
    </p>
   </div>
   <div class='ocr_carea' id='block_1_28' title="bbox 869 664 1656 702">
    <p class='ocr_par' dir='ltr' id='par_1_28' title="bbox 869 664 1656 702">
     <span class='ocr_line' id='line_1_28' title="bbox 869 664 1656 702; baseline -0.006 -8"><span class='ocrx_word' id='word_1_202' title='bbox 869 668 929 702; x_wconf 87' lang='lat' dir='ltr'><strong>quis</strong></span> <span class='ocrx_word' id='word_1_203' title='bbox 948 668 1009 694; x_wconf 87' lang='lat' dir='ltr'><strong>heic</strong></span> <span class='ocrx_word' id='word_1_204' title='bbox 1035 668 1071 694; x_wconf 87' lang='lat' dir='ltr'><strong>ita</strong></span> <span class='ocrx_word' id='word_1_205' title='bbox 1099 675 1194 701; x_wconf 85' lang='lat' dir='ltr'><strong>parum</strong></span> <span class='ocrx_word' id='word_1_206' title='bbox 1213 667 1344 701; x_wconf 89' lang='lat' dir='ltr'><strong>prudens,</strong></span> <span class='ocrx_word' id='word_1_207' title='bbox 1360 673 1508 699; x_wconf 74' lang='lat' dir='ltr'><strong>rerumque</strong></span> <span class='ocrx_word' id='word_1_208' title='bbox 1537 664 1656 690; x_wconf 71' lang='lat' dir='ltr'><strong>clarissi-</strong></span> 
     </span>
    </p>
   </div>
   <div class='ocr_carea' id='block_1_29' title="bbox 870 711 1658 748">
    <p class='ocr_par' dir='ltr' id='par_1_29' title="bbox 870 711 1658 748">
     <span class='ocr_line' id='line_1_29' title="bbox 870 711 1658 748; baseline -0.006 -8"><span class='ocrx_word' id='word_1_209' title='bbox 870 721 975 740; x_wconf 89' lang='lat' dir='ltr'><strong>marum</strong></span> <span class='ocrx_word' id='word_1_210' title='bbox 988 714 1025 740; x_wconf 88' lang='lat' dir='ltr'><strong>ita</strong></span> <span class='ocrx_word' id='word_1_211' title='bbox 1042 713 1186 748; x_wconf 84' lang='lat' dir='ltr'><strong>imperitus</strong></span> <span class='ocrx_word' id='word_1_212' title='bbox 1203 713 1307 740; x_wconf 90' lang='lat' dir='ltr'><strong>arbiter</strong></span> <span class='ocrx_word' id='word_1_213' title='bbox 1320 713 1366 744; x_wconf 81' lang='lat' dir='ltr'><strong>sit,</strong></span> <span class='ocrx_word' id='word_1_214' title='bbox 1386 713 1432 747; x_wconf 90' lang='lat' dir='ltr'><strong>qui</strong></span> <span class='ocrx_word' id='word_1_215' title='bbox 1454 720 1507 738; x_wconf 85' lang='lat' dir='ltr'><strong>non</strong></span> <span class='ocrx_word' id='word_1_216' title='bbox 1528 711 1611 741; x_wconf 82' lang='lat' dir='ltr'><strong>ultro,</strong></span> <span class='ocrx_word' id='word_1_217' title='bbox 1629 715 1658 736; x_wconf 83' lang='lat' dir='ltr'><strong>ut</strong></span> 
     </span>
    </p>
   </div>
   <div class='ocr_carea' id='block_1_30' title="bbox 869 758 1656 794">
    <p class='ocr_par' dir='ltr' id='par_1_30' title="bbox 869 758 1656 794">
     <span class='ocr_line' id='line_1_30' title="bbox 869 758 1656 794; baseline -0.006 -8"><span class='ocrx_word' id='word_1_218' title='bbox 869 759 996 794; x_wconf 86' lang='lat' dir='ltr'><strong>equidem</strong></span> <span class='ocrx_word' id='word_1_219' title='bbox 1010 759 1142 791; x_wconf 86' lang='lat' dir='ltr'><strong>arbitror,</strong></span> <span class='ocrx_word' id='word_1_220' title='bbox 1161 760 1279 786; x_wconf 81' lang='lat' dir='ltr'><strong>fateatur</strong></span> <span class='ocrx_word' id='word_1_221' title='bbox 1295 767 1347 785; x_wconf 89' lang='lat' dir='ltr'><strong>non</strong></span> <span class='ocrx_word' id='word_1_222' title='bbox 1373 758 1497 792; x_wconf 80' lang='lat' dir='ltr'><strong>accipere</strong></span> <span class='ocrx_word' id='word_1_223' title='bbox 1519 761 1546 784; x_wconf 87' lang='lat' dir='ltr'><strong>te</strong></span> <span class='ocrx_word' id='word_1_224' title='bbox 1571 764 1656 787; x_wconf 78' lang='lat' dir='ltr'><strong>nunc,</strong></span> 
     </span>
    </p>
   </div>
   <div class='ocr_carea' id='block_1_31' title="bbox 870 803 1657 840">
    <p class='ocr_par' dir='ltr' id='par_1_31' title="bbox 870 803 1657 840">
     <span class='ocr_line' id='line_1_31' title="bbox 870 803 1657 840; baseline -0.006 -7"><span class='ocrx_word' id='word_1_225' title='bbox 870 805 918 833; x_wconf 86' lang='lat' dir='ltr'><strong>sed</strong></span> <span class='ocrx_word' id='word_1_226' title='bbox 940 806 1062 840; x_wconf 86' lang='lat' dir='ltr'><strong>recipere</strong></span> <span class='ocrx_word' id='word_1_227' title='bbox 1086 806 1161 832; x_wconf 91' lang='lat' dir='ltr'><strong>hunc</strong></span> <span class='ocrx_word' id='word_1_228' title='bbox 1187 805 1325 837; x_wconf 89' lang='lat' dir='ltr'><strong>habitum,</strong></span> <span class='ocrx_word' id='word_1_229' title='bbox 1340 811 1368 832; x_wconf 88' lang='lat' dir='ltr'><strong>et</strong></span> <span class='ocrx_word' id='word_1_230' title='bbox 1395 805 1466 839; x_wconf 85' lang='lat' dir='ltr'><strong>quod</strong></span> <span class='ocrx_word' id='word_1_231' title='bbox 1493 803 1657 839; x_wconf 78' lang='lat' dir='ltr'><strong>jampridem</strong></span> 
     </span>
    </p>
   </div>
   <div class='ocr_carea' id='block_1_32' title="bbox 34 852 1659 891">
    <p class='ocr_par' dir='ltr' id='par_1_32' title="bbox 34 852 1659 891">
     <span class='ocr_line' id='line_1_32' title="bbox 34 852 1659 891; baseline -0.002 -10"><span class='ocrx_word' id='word_1_232' title='bbox 34 857 151 891; x_wconf 65' lang='lat' dir='ltr'><strong>resip-te</strong></span> <span class='ocrx_word' id='word_1_233' title='bbox 167 856 256 883; x_wconf 80' lang='lat' dir='ltr'><strong>decus</strong></span> <span class='ocrx_word' id='word_1_234' title='bbox 278 855 327 883; x_wconf 89' lang='lat' dir='ltr'><strong>tibi</strong></span> <span class='ocrx_word' id='word_1_235' title='bbox 348 854 499 887; x_wconf 85' lang='lat' dir='ltr'><strong>dedissem,</strong></span> <span class='ocrx_word' id='word_1_236' title='bbox 524 854 599 882; x_wconf 86' lang='lat' dir='ltr'><strong>illius</strong></span> <span class='ocrx_word' id='word_1_237' title='bbox 639 862 713 882; x_wconf 88' lang='lat' dir='ltr'><strong>nunc</strong></span> <span class='ocrx_word' id='word_1_238' title='bbox 739 854 887 882; x_wconf 77' lang='lat' dir='ltr'><strong>accessisse</strong></span> <span class='ocrx_word' id='word_1_239' title='bbox 925 854 1044 882; x_wconf 89' lang='lat' dir='ltr'><strong>titulum.</strong></span> <span class='ocrx_word' id='word_1_240' title='bbox 1078 854 1250 889; x_wconf 82' lang='lat' dir='ltr'><strong>Quapropter</strong></span> <span class='ocrx_word' id='word_1_241' title='bbox 1278 862 1333 881; x_wconf 90' lang='lat' dir='ltr'><strong>non</strong></span> <span class='ocrx_word' id='word_1_242' title='bbox 1361 854 1447 889; x_wconf 74' lang='lat' dir='ltr'><strong>magis</strong></span> <span class='ocrx_word' id='word_1_243' title='bbox 1469 853 1519 880; x_wconf 86' lang='lat' dir='ltr'><strong>tibi</strong></span> <span class='ocrx_word' id='word_1_244' title='bbox 1546 852 1581 879; x_wconf 88' lang='lat' dir='ltr'><strong>de</strong></span> <span class='ocrx_word' id='word_1_245' title='bbox 1614 861 1659 878; x_wconf 80' lang='lat' dir='ltr'><strong>ac-</strong></span> 
     </span>
    </p>
   </div>
   <div class='ocr_carea' id='block_1_33' title="bbox 32 900 614 936">
    <p class='ocr_par' dir='ltr' id='par_1_33' title="bbox 32 900 614 936">
     <span class='ocr_line' id='line_1_33' title="bbox 32 900 614 936; baseline 0 -8"><span class='ocrx_word' id='word_1_246' title='bbox 32 908 99 935; x_wconf 75' lang='lat' dir='ltr'><strong>ccpta</strong></span> <span class='ocrx_word' id='word_1_247' title='bbox 115 901 253 936; x_wconf 79' lang='lat' dir='ltr'><strong>dignitate</strong></span> <span class='ocrx_word' id='word_1_248' title='bbox 267 900 450 936; x_wconf 78' lang='lat' dir='ltr'><strong>congratulari</strong></span> <span class='ocrx_word' id='word_1_249' title='bbox 466 900 614 932; x_wconf 87' lang='lat' dir='ltr'><strong>debemus,</strong></span> 
     </span>
    </p>
   </div>
   <div class='ocr_carea' id='block_1_34' title="bbox 652 899 1659 936">
    <p class='ocr_par' dir='ltr' id='par_1_34' title="bbox 652 899 1659 936">
     <span class='ocr_line' id='line_1_34' title="bbox 652 899 1659 936; baseline -0.003 -9"><span class='ocrx_word' id='word_1_250' title='bbox 652 909 734 936; x_wconf 81' lang='lat' dir='ltr'><strong>quant</strong></span> <span class='ocrx_word' id='word_1_251' title='bbox 760 908 935 928; x_wconf 85' lang='lat' dir='ltr'><strong>communem</strong></span> <span class='ocrx_word' id='word_1_252' title='bbox 965 908 999 928; x_wconf 80' lang='lat' dir='ltr'><strong>ex</strong></span> <span class='ocrx_word' id='word_1_253' title='bbox 1018 908 1051 927; x_wconf 91' lang='lat' dir='ltr'><strong>eo</strong></span> <span class='ocrx_word' id='word_1_254' title='bbox 1085 908 1182 928; x_wconf 89' lang='lat' dir='ltr'><strong>omnes</strong></span> <span class='ocrx_word' id='word_1_255' title='bbox 1203 901 1325 928; x_wconf 86' lang='lat' dir='ltr'><strong>dolorem</strong></span> <span class='ocrx_word' id='word_1_256' title='bbox 1351 908 1467 935; x_wconf 63' lang='lat' dir='ltr'><strong>cupere,</strong></span> <span class='ocrx_word' id='word_1_257' title='bbox 1505 899 1579 934; x_wconf 91' lang='lat' dir='ltr'><strong>quod</strong></span> <span class='ocrx_word' id='word_1_258' title='bbox 1605 907 1659 926; x_wconf 87' lang='lat' dir='ltr'><strong>non</strong></span> 
     </span>
    </p>
   </div>
   <div class='ocr_carea' id='block_1_35' title="bbox 31 943 1661 982">
    <p class='ocr_par' dir='ltr' id='par_1_35' title="bbox 31 943 1661 982">
     <span class='ocr_line' id='line_1_35' title="bbox 31 943 1661 982; baseline -0.002 -8"><span class='ocrx_word' id='word_1_259' title='bbox 31 947 199 981; x_wconf 76' lang='lat' dir='ltr'><strong>jamdudum,</strong></span> <span class='ocrx_word' id='word_1_260' title='bbox 212 952 244 974; x_wconf 92' lang='lat' dir='ltr'><strong>ut</strong></span> <span class='ocrx_word' id='word_1_261' title='bbox 257 955 324 974; x_wconf 90' lang='lat' dir='ltr'><strong>sane</strong></span> <span class='ocrx_word' id='word_1_262' title='bbox 335 955 442 982; x_wconf 67' lang='lat' dir='ltr'><strong>mquum</strong></span> <span class='ocrx_word' id='word_1_263' title='bbox 452 952 523 978; x_wconf 87' lang='lat' dir='ltr'><strong>erat,</strong></span> <span class='ocrx_word' id='word_1_264' title='bbox 533 947 638 982; x_wconf 85' lang='lat' dir='ltr'><strong>justum</strong></span> <span class='ocrx_word' id='word_1_265' title='bbox 674 954 705 974; x_wconf 87' lang='lat' dir='ltr'><strong>ac</strong></span> <span class='ocrx_word' id='word_1_266' title='bbox 734 947 856 975; x_wconf 86' lang='lat' dir='ltr'><strong>debitum</strong></span> <span class='ocrx_word' id='word_1_267' title='bbox 878 947 1011 974; x_wconf 85' lang='lat' dir='ltr'><strong>honorem</strong></span> <span class='ocrx_word' id='word_1_268' title='bbox 1026 953 1192 975; x_wconf 87' lang='lat' dir='ltr'><strong>consecutus</strong></span> <span class='ocrx_word' id='word_1_269' title='bbox 1211 947 1311 975; x_wconf 78' lang='lat' dir='ltr'><strong>fuisses</strong></span> <span class='ocrx_word' id='word_1_270' title='bbox 1327 957 1334 974; x_wconf 85' lang='lat'><strong>:</strong></span> <span class='ocrx_word' id='word_1_271' title='bbox 1352 947 1410 974; x_wconf 88' lang='lat' dir='ltr'><strong>sive</strong></span> <span class='ocrx_word' id='word_1_272' title='bbox 1430 946 1522 981; x_wconf 83' lang='lat' dir='ltr'><strong>potius</strong></span> <span class='ocrx_word' id='word_1_273' title='bbox 1539 945 1587 973; x_wconf 84' lang='lat' dir='ltr'><strong>tibi</strong></span> <span class='ocrx_word' id='word_1_274' title='bbox 1601 943 1661 979; x_wconf 62' lang='lat' dir='ltr'><strong>qui;</strong></span> 
     </span>
    </p>
   </div>
   <div class='ocr_carea' id='block_1_36' title="bbox 32 993 1662 1028">
    <p class='ocr_par' dir='ltr' id='par_1_36' title="bbox 32 993 1662 1028">
     <span class='ocr_line' id='line_1_36' title="bbox 32 993 1662 1028; baseline -0.001 -9"><span class='ocrx_word' id='word_1_275' title='bbox 32 995 85 1021; x_wconf 79' lang='lat' dir='ltr'><strong>dem</strong></span> <span class='ocrx_word' id='word_1_276' title='bbox 103 1000 226 1028; x_wconf 86' lang='lat' dir='ltr'><strong>utroque</strong></span> <span class='ocrx_word' id='word_1_277' title='bbox 252 994 501 1028; x_wconf 73' lang='lat' dir='ltr'><strong>congratulandum</strong></span> <span class='ocrx_word' id='word_1_278' title='bbox 519 993 641 1025; x_wconf 89' lang='lat' dir='ltr'><strong>nomine,</strong></span> <span class='ocrx_word' id='word_1_279' title='bbox 658 998 715 1020; x_wconf 88' lang='lat' dir='ltr'><strong>tum</strong></span> <span class='ocrx_word' id='word_1_280' title='bbox 741 993 815 1027; x_wconf 88' lang='lat' dir='ltr'><strong>quod</strong></span> <span class='ocrx_word' id='word_1_281' title='bbox 836 1000 872 1021; x_wconf 89' lang='lat' dir='ltr'><strong>eo</strong></span> <span class='ocrx_word' id='word_1_282' title='bbox 891 993 1070 1028; x_wconf 75' lang='lat' dir='ltr'><strong>dignissimus</strong></span> <span class='ocrx_word' id='word_1_283' title='bbox 1083 994 1188 1021; x_wconf 89' lang='lat' dir='ltr'><strong>dudum</strong></span> <span class='ocrx_word' id='word_1_284' title='bbox 1208 1001 1281 1026; x_wconf 85' lang='lat' dir='ltr'><strong>eras,</strong></span> <span class='ocrx_word' id='word_1_285' title='bbox 1307 999 1363 1021; x_wconf 89' lang='lat' dir='ltr'><strong>tum</strong></span> <span class='ocrx_word' id='word_1_286' title='bbox 1396 993 1468 1028; x_wconf 86' lang='lat' dir='ltr'><strong>quod</strong></span> <span class='ocrx_word' id='word_1_287' title='bbox 1499 1000 1573 1020; x_wconf 90' lang='lat' dir='ltr'><strong>nunc</strong></span> <span class='ocrx_word' id='word_1_288' title='bbox 1595 993 1662 1019; x_wconf 83' lang='lat' dir='ltr'><strong>ade-</strong></span> 
     </span>
    </p>
   </div>
   <div class='ocr_carea' id='block_1_37' title="bbox 33 1041 1661 1077">
    <p class='ocr_par' dir='ltr' id='par_1_37' title="bbox 33 1041 1661 1077">
     <span class='ocr_line' id='line_1_37' title="bbox 33 1041 1661 1077; baseline -0.002 -7"><span class='ocrx_word' id='word_1_289' title='bbox 33 1050 88 1077; x_wconf 80' lang='lat' dir='ltr'><strong>ptus</strong></span> <span class='ocrx_word' id='word_1_290' title='bbox 102 1051 144 1070; x_wconf 88' lang='lat' dir='ltr'><strong>es.</strong></span> <span class='ocrx_word' id='word_1_291' title='bbox 161 1042 220 1070; x_wconf 80' lang='lat' dir='ltr'><strong>Nos</strong></span> <span class='ocrx_word' id='word_1_292' title='bbox 242 1047 346 1075; x_wconf 84' lang='lat' dir='ltr'><strong>autem,</strong></span> <span class='ocrx_word' id='word_1_293' title='bbox 377 1042 429 1069; x_wconf 91' lang='lat' dir='ltr'><strong>etsi</strong></span> <span class='ocrx_word' id='word_1_294' title='bbox 450 1049 524 1069; x_wconf 88' lang='lat' dir='ltr'><strong>nunc</strong></span> <span class='ocrx_word' id='word_1_295' title='bbox 549 1042 649 1069; x_wconf 87' lang='lat' dir='ltr'><strong>merito</strong></span> <span class='ocrx_word' id='word_1_296' title='bbox 674 1041 763 1069; x_wconf 87' lang='lat' dir='ltr'><strong>beatis</strong></span> <span class='ocrx_word' id='word_1_297' title='bbox 785 1042 959 1075; x_wconf 85' lang='lat' dir='ltr'><strong>adnumeres,</strong></span> <span class='ocrx_word' id='word_1_298' title='bbox 991 1043 1119 1077; x_wconf 80' lang='lat' dir='ltr'><strong>quoniam</strong></span> <span class='ocrx_word' id='word_1_299' title='bbox 1146 1050 1202 1071; x_wconf 83' lang='lat' dir='ltr'><strong>non</strong></span> <span class='ocrx_word' id='word_1_300' title='bbox 1226 1043 1290 1070; x_wconf 90' lang='lat' dir='ltr'><strong>olim</strong></span> <span class='ocrx_word' id='word_1_301' title='bbox 1317 1043 1387 1070; x_wconf 84' lang='lat' dir='ltr'><strong>hanc</strong></span> <span class='ocrx_word' id='word_1_302' title='bbox 1419 1042 1525 1077; x_wconf 79' lang='lat' dir='ltr'><strong>experti</strong></span> <span class='ocrx_word' id='word_1_303' title='bbox 1557 1045 1661 1069; x_wconf 80' lang='lat' dir='ltr'><strong>sortem</strong></span> 
     </span>
    </p>
   </div>
   <div class='ocr_carea' id='block_1_38' title="bbox 33 1088 946 1123">
    <p class='ocr_par' dir='ltr' id='par_1_38' title="bbox 33 1088 946 1123">
     <span class='ocr_line' id='line_1_38' title="bbox 33 1088 946 1123; baseline 0 -7"><span class='ocrx_word' id='word_1_304' title='bbox 33 1090 140 1121; x_wconf 78' lang='lat' dir='ltr'><strong>fuimus,</strong></span> <span class='ocrx_word' id='word_1_305' title='bbox 174 1089 308 1123; x_wconf 71' lang='lat' dir='ltr'><strong>iniuriam</strong></span> <span class='ocrx_word' id='word_1_306' title='bbox 342 1088 626 1123; x_wconf 79' lang='lat' dir='ltr'><strong>profecto-perpessis</strong></span> <span class='ocrx_word' id='word_1_307' title='bbox 653 1088 818 1115; x_wconf 87' lang='lat' dir='ltr'><strong>accensendi</strong></span> <span class='ocrx_word' id='word_1_308' title='bbox 839 1095 946 1116; x_wconf 85' lang='lat' dir='ltr'><strong>sumus.</strong></span> 
     </span>
    </p>
   </div>
   <div class='ocr_carea' id='block_1_39' title="bbox 64 1139 854 1180">
    <p class='ocr_par' dir='ltr' id='par_1_39' title="bbox 64 1139 854 1180">
     <span class='ocr_line' id='line_1_39' title="bbox 64 1139 854 1180; baseline -0.003 -7"><span class='ocrx_word' id='word_1_309' title='bbox 64 1150 99 1173; x_wconf 76' lang='lat' dir='ltr'><strong>A&#39;.</strong></span> <span class='ocrx_word' id='word_1_310' title='bbox 114 1146 177 1173; x_wconf 84' lang='grc' dir='ltr'><strong>Τῶν</strong></span> <span class='ocrx_word' id='word_1_311' title='bbox 192 1146 222 1172; x_wconf 84' lang='grc' dir='ltr'>δὲ</span> <span class='ocrx_word' id='word_1_312' title='bbox 237 1146 292 1172; x_wconf 83' lang='grc' dir='ltr'><strong>σῶν</strong></span> <span class='ocrx_word' id='word_1_313' title='bbox 305 1145 563 1180; x_wconf 74' lang='grc' dir='ltr'><strong>πλεονεκτημάτων,</strong></span> <span class='ocrx_word' id='word_1_314' title='bbox 579 1145 627 1172; x_wconf 78' lang='grc' dir='ltr'><strong>τοῦ</strong></span> <span class='ocrx_word' id='word_1_315' title='bbox 640 1153 682 1177; x_wconf 85' lang='grc' dir='ltr'><strong>τις</strong></span> <span class='ocrx_word' id='word_1_316' title='bbox 699 1144 732 1172; x_wconf 76' lang='grc' dir='ltr'>ἃν</span> <span class='ocrx_word' id='word_1_317' title='bbox 744 1145 818 1180; x_wconf 86' lang='grc' dir='ltr'>πρῶ-</span> <span class='ocrx_word' id='word_1_318' title='bbox 833 1139 854 1166; x_wconf 81' lang='grc' dir='ltr'><strong><em>Β</em></strong></span> 
     </span>
    </p>
   </div>
   <div class='ocr_carea' id='block_1_40' title="bbox 33 1191 820 1228">
    <p class='ocr_par' dir='ltr' id='par_1_40' title="bbox 33 1191 820 1228">
     <span class='ocr_line' id='line_1_40' title="bbox 33 1191 820 1228; baseline -0.003 -9"><span class='ocrx_word' id='word_1_319' title='bbox 33 1203 74 1219; x_wconf 68' lang='grc' dir='ltr'><strong>τιν</strong></span> <span class='ocrx_word' id='word_1_320' title='bbox 87 1194 105 1228; x_wconf 83' lang='grc' dir='ltr'>ἢ</span> <span class='ocrx_word' id='word_1_321' title='bbox 122 1193 281 1219; x_wconf 77' lang='grc' dir='ltr'>τελευταῖον</span> <span class='ocrx_word' id='word_1_322' title='bbox 299 1191 421 1227; x_wconf 81' lang='grc' dir='ltr'>μνησθῇ;</span> <span class='ocrx_word' id='word_1_323' title='bbox 446 1193 571 1227; x_wconf 85' lang='grc' dir='ltr'>πότερον,</span> <span class='ocrx_word' id='word_1_324' title='bbox 587 1192 638 1227; x_wconf 75' lang='grc' dir='ltr'>τῆς</span> <span class='ocrx_word' id='word_1_325' title='bbox 663 1191 820 1226; x_wconf 80' lang='grc' dir='ltr'><strong>ὑπερφυοῦς</strong></span> 
     </span>
    </p>
   </div>
   <div class='ocr_carea' id='block_1_41' title="bbox 34 1237 819 1275">
    <p class='ocr_par' dir='ltr' id='par_1_41' title="bbox 34 1237 819 1275">
     <span class='ocr_line' id='line_1_41' title="bbox 34 1237 819 1275; baseline -0.003 -9"><span class='ocrx_word' id='word_1_326' title='bbox 34 1240 169 1275; x_wconf 69' lang='grc' dir='ltr'>ἀγχινοίας</span> <span class='ocrx_word' id='word_1_327' title='bbox 185 1239 236 1265; x_wconf 73' lang='grc' dir='ltr'><strong>καὶ</strong></span> <span class='ocrx_word' id='word_1_328' title='bbox 248 1238 295 1264; x_wconf 80' lang='grc' dir='ltr'><strong>τοῦ</strong></span> <span class='ocrx_word' id='word_1_329' title='bbox 313 1238 509 1272; x_wconf 79' lang='grc' dir='ltr'>βουλευομένου</span> <span class='ocrx_word' id='word_1_330' title='bbox 527 1238 596 1273; x_wconf 84' lang='grc' dir='ltr'>πρὸς</span> <span class='ocrx_word' id='word_1_331' title='bbox 608 1237 716 1271; x_wconf 81' lang='grc' dir='ltr'>πάντα,“</span> <span class='ocrx_word' id='word_1_332' title='bbox 728 1238 775 1264; x_wconf 74' lang='grc' dir='ltr'><strong>καὶ</strong></span> <span class='ocrx_word' id='word_1_333' title='bbox 788 1237 819 1264; x_wconf 77' lang='grc' dir='ltr'><strong>τὸ</strong></span> 
     </span>
    </p>
   </div>
   <div class='ocr_carea' id='block_1_42' title="bbox 34 1283 819 1321">
    <p class='ocr_par' dir='ltr' id='par_1_42' title="bbox 34 1283 819 1321">
     <span class='ocr_line' id='line_1_42' title="bbox 34 1283 819 1321; baseline -0.004 -9"><span class='ocrx_word' id='word_1_334' title='bbox 34 1287 191 1321; x_wconf 71' lang='grc' dir='ltr'>γιγνόμενον</span> <span class='ocrx_word' id='word_1_335' title='bbox 217 1285 267 1319; x_wconf 89' lang='grc' dir='ltr'><strong>μὲν</strong></span> <span class='ocrx_word' id='word_1_336' title='bbox 291 1285 430 1319; x_wconf 79' lang='grc' dir='ltr'>πανταχῆ,</span> <span class='ocrx_word' id='word_1_337' title='bbox 449 1284 478 1310; x_wconf 75' lang='grc' dir='ltr'>ἐν</span> <span class='ocrx_word' id='word_1_338' title='bbox 501 1284 590 1310; x_wconf 73' lang='grc' dir='ltr'>οὐδενὶ</span> <span class='ocrx_word' id='word_1_339' title='bbox 608 1283 637 1310; x_wconf 79' lang='grc' dir='ltr'>δὲ</span> <span class='ocrx_word' id='word_1_340' title='bbox 667 1283 819 1318; x_wconf 79' lang='grc' dir='ltr'>μετάμελον</span> 
     </span>
    </p>
   </div>
   <div class='ocr_carea' id='block_1_43' title="bbox 35 1329 819 1366">
    <p class='ocr_par' dir='ltr' id='par_1_43' title="bbox 35 1329 819 1366">
     <span class='ocr_line' id='line_1_43' title="bbox 35 1329 819 1366; baseline -0.001 -9"><span class='ocrx_word' id='word_1_341' title='bbox 35 1334 148 1366; x_wconf 73' lang='grc' dir='ltr'>ἔχοντος,</span> <span class='ocrx_word' id='word_1_342' title='bbox 162 1331 180 1366; x_wconf 80' lang='grc' dir='ltr'>ἢ</span> <span class='ocrx_word' id='word_1_343' title='bbox 195 1331 244 1357; x_wconf 81' lang='grc' dir='ltr'><strong>τοῦ</strong></span> <span class='ocrx_word' id='word_1_344' title='bbox 264 1331 316 1364; x_wconf 71' lang='grc' dir='ltr'>τῆς</span> <span class='ocrx_word' id='word_1_345' title='bbox 332 1329 445 1365; x_wconf 87' lang='grc' dir='ltr'><strong>γνώμης</strong></span> <span class='ocrx_word' id='word_1_346' title='bbox 465 1330 614 1365; x_wconf 76' lang='grc' dir='ltr'>ἐμϐριθοῦς</span> <span class='ocrx_word' id='word_1_347' title='bbox 628 1331 676 1357; x_wconf 78' lang='grc' dir='ltr'>καὶ</span> <span class='ocrx_word' id='word_1_348' title='bbox 693 1331 819 1364; x_wconf 85' lang='grc' dir='ltr'>γενναίου</span> 
     </span>
    </p>
   </div>
   <div class='ocr_carea' id='block_1_44' title="bbox 35 1375 820 1412">
    <p class='ocr_par' dir='ltr' id='par_1_44' title="bbox 35 1375 820 1412">
     <span class='ocr_line' id='line_1_44' title="bbox 35 1375 820 1412; baseline -0.003 -8"><span class='ocrx_word' id='word_1_349' title='bbox 35 1377 262 1412; x_wconf 77' lang='grc' dir='ltr'>συγκεκραμένον</span> <span class='ocrx_word' id='word_1_350' title='bbox 282 1376 394 1411; x_wconf 80' lang='grc' dir='ltr'>χάρισιν</span> <span class='ocrx_word' id='word_1_351' title='bbox 419 1376 598 1411; x_wconf 73' lang='grc' dir='ltr'><strong>ἡμερότητος,</strong></span> <span class='ocrx_word' id='word_1_352' title='bbox 623 1375 661 1407; x_wconf 86' lang='grc' dir='ltr'><strong>ὡς</strong></span> <span class='ocrx_word' id='word_1_353' title='bbox 687 1376 757 1411; x_wconf 86' lang='grc' dir='ltr'>μήτε</span> <span class='ocrx_word' id='word_1_354' title='bbox 779 1376 820 1411; x_wconf 86' lang='grc' dir='ltr'>τῷ</span> 
     </span>
    </p>
   </div>
   <div class='ocr_carea' id='block_1_45' title="bbox 36 1421 820 1459">
    <p class='ocr_par' dir='ltr' id='par_1_45' title="bbox 36 1421 820 1459">
     <span class='ocr_line' id='line_1_45' title="bbox 36 1421 820 1459; baseline 0 -10"><span class='ocrx_word' id='word_1_355' title='bbox 36 1424 218 1459; x_wconf 71' lang='grc' dir='ltr'>μεγαλόφρονι</span> <span class='ocrx_word' id='word_1_356' title='bbox 242 1423 316 1458; x_wconf 81' lang='grc' dir='ltr'>μόνῳ</span> <span class='ocrx_word' id='word_1_357' title='bbox 344 1423 412 1457; x_wconf 70' lang='grc' dir='ltr'>πρὸς</span> <span class='ocrx_word' id='word_1_358' title='bbox 435 1422 589 1457; x_wconf 78' lang='grc' dir='ltr'>ὑπεροψίαν</span> <span class='ocrx_word' id='word_1_359' title='bbox 610 1421 747 1457; x_wconf 78' lang='grc' dir='ltr'>ἐκφέρειν,</span> <span class='ocrx_word' id='word_1_360' title='bbox 773 1423 820 1449; x_wconf 84' lang='grc' dir='ltr'>καὶ</span> 
     </span>
    </p>
   </div>
   <div class='ocr_carea' id='block_1_46' title="bbox 35 1465 819 1503">
    <p class='ocr_par' dir='ltr' id='par_1_46' title="bbox 35 1465 819 1503">
     <span class='ocr_line' id='line_1_46' title="bbox 35 1465 819 1503; baseline 0.003 -11"><span class='ocrx_word' id='word_1_361' title='bbox 35 1467 147 1501; x_wconf 75' lang='grc' dir='ltr'>χαλεπὸν</span> <span class='ocrx_word' id='word_1_362' title='bbox 171 1465 244 1493; x_wconf 82' lang='grc' dir='ltr'>εἶναι</span> <span class='ocrx_word' id='word_1_363' title='bbox 268 1468 326 1498; x_wconf 86' lang='grc' dir='ltr'>τοῖς</span> <span class='ocrx_word' id='word_1_364' title='bbox 350 1467 556 1501; x_wconf 73' lang='grc' dir='ltr'><strong>ἐντυγχάνουσι,</strong></span> <span class='ocrx_word' id='word_1_365' title='bbox 580 1468 650 1502; x_wconf 86' lang='grc' dir='ltr'>μήτε</span> <span class='ocrx_word' id='word_1_366' title='bbox 673 1467 713 1502; x_wconf 82' lang='grc' dir='ltr'>τῷ</span> <span class='ocrx_word' id='word_1_367' title='bbox 739 1468 819 1503; x_wconf 84' lang='grc' dir='ltr'><strong>πράῳ</strong></span> 
     </span>
    </p>
   </div>
   <div class='ocr_carea' id='block_1_47' title="bbox 34 1513 820 1548">
    <p class='ocr_par' dir='ltr' id='par_1_47' title="bbox 34 1513 820 1548">
     <span class='ocr_line' id='line_1_47' title="bbox 34 1513 820 1548; baseline 0 -9"><span class='ocrx_word' id='word_1_368' title='bbox 34 1513 279 1548; x_wconf 69' lang='grc' dir='ltr'>μεγαλοφροσύνης</span> <span class='ocrx_word' id='word_1_369' title='bbox 291 1513 414 1548; x_wconf 80' lang='grc' dir='ltr'><strong>ἀπούσης</strong></span> <span class='ocrx_word' id='word_1_370' title='bbox 426 1513 496 1548; x_wconf 82' lang='grc' dir='ltr'>πρὸς</span> <span class='ocrx_word' id='word_1_371' title='bbox 507 1513 686 1548; x_wconf 79' lang='grc' dir='ltr'>μαλακότητα</span> <span class='ocrx_word' id='word_1_372' title='bbox 697 1513 820 1546; x_wconf 80' lang='grc' dir='ltr'>πίπτειν;</span> 
     </span>
    </p>
   </div>
   <div class='ocr_carea' id='block_1_48' title="bbox 41 1557 821 1594">
    <p class='ocr_par' dir='ltr' id='par_1_48' title="bbox 41 1557 821 1594">
     <span class='ocr_line' id='line_1_48' title="bbox 41 1557 821 1594; baseline 0.003 -10"><span class='ocrx_word' id='word_1_373' title='bbox 41 1558 108 1584; x_wconf 76' lang='grc' dir='ltr'>Ἀλλ’</span> <span class='ocrx_word' id='word_1_374' title='bbox 122 1558 292 1593; x_wconf 70' lang='grc' dir='ltr'>ἀμφοτέρων</span> <span class='ocrx_word' id='word_1_375' title='bbox 307 1559 347 1586; x_wconf 79' lang='grc' dir='ltr'><strong>είς</strong></span> <span class='ocrx_word' id='word_1_376' title='bbox 361 1557 445 1592; x_wconf 80' lang='grc' dir='ltr'>ἄκρον</span> <span class='ocrx_word' id='word_1_377' title='bbox 462 1557 612 1593; x_wconf 78' lang='grc' dir='ltr'>προῦστης,</span> <span class='ocrx_word' id='word_1_378' title='bbox 629 1559 750 1593; x_wconf 80' lang='grc' dir='ltr'>ἡρωϊκὸν</span> <span class='ocrx_word' id='word_1_379' title='bbox 771 1561 821 1594; x_wconf 81' lang='grc' dir='ltr'><strong>μὲν</strong></span> 
     </span>
    </p>
   </div>
   <div class='ocr_carea' id='block_1_49' title="bbox 36 1602 822 1641">
    <p class='ocr_par' dir='ltr' id='par_1_49' title="bbox 36 1602 822 1641">
     <span class='ocr_line' id='line_1_49' title="bbox 36 1602 822 1641; baseline 0.001 -11"><span class='ocrx_word' id='word_1_380' title='bbox 36 1605 162 1637; x_wconf 74' lang='grc' dir='ltr'>καθάπαξ</span> <span class='ocrx_word' id='word_1_381' title='bbox 174 1606 245 1639; x_wconf 75' lang='grc' dir='ltr'>ἔχων</span> <span class='ocrx_word' id='word_1_382' title='bbox 259 1605 290 1631; x_wconf 83' lang='grc' dir='ltr'>τὸ</span> <span class='ocrx_word' id='word_1_383' title='bbox 306 1602 373 1640; x_wconf 87' lang='grc' dir='ltr'>ἦθος</span> <span class='ocrx_word' id='word_1_384' title='bbox 386 1604 434 1631; x_wconf 77' lang='grc' dir='ltr'>καὶ</span> <span class='ocrx_word' id='word_1_385' title='bbox 448 1604 530 1638; x_wconf 76' lang='grc' dir='ltr'>φόϐον</span> <span class='ocrx_word' id='word_1_386' title='bbox 544 1605 650 1639; x_wconf 80' lang='grc' dir='ltr'>ὲγεῐρον</span> <span class='ocrx_word' id='word_1_387' title='bbox 665 1605 693 1630; x_wconf 89' lang='grc' dir='ltr'>ἐν</span> <span class='ocrx_word' id='word_1_388' title='bbox 702 1605 739 1639; x_wconf 85' lang='grc' dir='ltr'>τῷ</span> <span class='ocrx_word' id='word_1_389' title='bbox 748 1613 822 1641; x_wconf 85' lang='grc' dir='ltr'>παρ-</span> 
     </span>
    </p>
   </div>
   <div class='ocr_carea' id='block_1_50' title="bbox 35 1651 821 1687">
    <p class='ocr_par' dir='ltr' id='par_1_50' title="bbox 35 1651 821 1687">
     <span class='ocr_line' id='line_1_50' title="bbox 35 1651 821 1687; baseline 0 -9"><span class='ocrx_word' id='word_1_390' title='bbox 35 1652 130 1678; x_wconf 76' lang='grc' dir='ltr'>αυτίκα</span> <span class='ocrx_word' id='word_1_391' title='bbox 157 1651 209 1686; x_wconf 83' lang='grc' dir='ltr'>τῆς</span> <span class='ocrx_word' id='word_1_392' title='bbox 231 1651 309 1682; x_wconf 79' lang='grc' dir='ltr'>θέας,</span> <span class='ocrx_word' id='word_1_393' title='bbox 325 1651 444 1686; x_wconf 84' lang='grc' dir='ltr'>χαρίτων</span> <span class='ocrx_word' id='word_1_394' title='bbox 462 1651 491 1678; x_wconf 75' lang='grc' dir='ltr'>δὲ</span> <span class='ocrx_word' id='word_1_395' title='bbox 511 1651 628 1686; x_wconf 81' lang='grc' dir='ltr'>πλήρεις</span> <span class='ocrx_word' id='word_1_396' title='bbox 649 1651 699 1683; x_wconf 84' lang='grc' dir='ltr'>τὰς</span> <span class='ocrx_word' id='word_1_397' title='bbox 712 1651 821 1687; x_wconf 79' lang='grc' dir='ltr'>ὁμιλίας</span> 
     </span>
    </p>
   </div>
   <div class='ocr_carea' id='block_1_51' title="bbox 35 1697 821 1733">
    <p class='ocr_par' dir='ltr' id='par_1_51' title="bbox 35 1697 821 1733">
     <span class='ocr_line' id='line_1_51' title="bbox 35 1697 821 1733; baseline 0.001 -9"><span class='ocrx_word' id='word_1_398' title='bbox 35 1698 150 1729; x_wconf 69' lang='grc' dir='ltr'>ἰεικνὺς.</span> <span class='ocrx_word' id='word_1_399' title='bbox 171 1697 253 1724; x_wconf 79' lang='grc' dir='ltr'>Ἀλλὰ</span> <span class='ocrx_word' id='word_1_400' title='bbox 271 1697 325 1732; x_wconf 82' lang='grc' dir='ltr'><strong>μὴν</strong></span> <span class='ocrx_word' id='word_1_401' title='bbox 349 1697 384 1723; x_wconf 83' lang='grc' dir='ltr'>τὰ</span> <span class='ocrx_word' id='word_1_402' title='bbox 410 1698 493 1732; x_wconf 81' lang='grc' dir='ltr'>μέχρι</span> <span class='ocrx_word' id='word_1_403' title='bbox 517 1697 564 1724; x_wconf 85' lang='grc' dir='ltr'><strong>τοῦ</strong></span> <span class='ocrx_word' id='word_1_404' title='bbox 589 1697 671 1733; x_wconf 86' lang='grc' dir='ltr'>δεῦρο</span> <span class='ocrx_word' id='word_1_405' title='bbox 690 1697 821 1725; x_wconf 83' lang='grc' dir='ltr'>δοκοῦντα</span> 
     </span>
    </p>
   </div>
   <div class='ocr_carea' id='block_1_52' title="bbox 36 1743 823 1779">
    <p class='ocr_par' dir='ltr' id='par_1_52' title="bbox 36 1743 823 1779">
     <span class='ocr_line' id='line_1_52' title="bbox 36 1743 823 1779; baseline 0.004 -10"><span class='ocrx_word' id='word_1_406' title='bbox 36 1745 89 1770; x_wconf 77' lang='grc' dir='ltr'>τῶν</span> <span class='ocrx_word' id='word_1_407' title='bbox 105 1744 295 1779; x_wconf 80' lang='grc' dir='ltr'>ἀπορωτάτων</span> <span class='ocrx_word' id='word_1_408' title='bbox 314 1743 492 1778; x_wconf 81' lang='grc' dir='ltr'>συγγίνεσθαι</span> <span class='ocrx_word' id='word_1_409' title='bbox 512 1744 592 1779; x_wconf 87' lang='grc' dir='ltr'>μόνος</span> <span class='ocrx_word' id='word_1_410' title='bbox 610 1744 762 1778; x_wconf 82' lang='grc' dir='ltr'>ἀνθρώπων</span> <span class='ocrx_word' id='word_1_411' title='bbox 782 1746 823 1777; x_wconf 77' lang='grc' dir='ltr'><strong>είς</strong></span> 
     </span>
    </p>
   </div>
   <div class='ocr_carea' id='block_1_53' title="bbox 37 1788 821 1826">
    <p class='ocr_par' dir='ltr' id='par_1_53' title="bbox 37 1788 821 1826">
     <span class='ocr_line' id='line_1_53' title="bbox 37 1788 821 1826; baseline 0.001 -10"><span class='ocrx_word' id='word_1_412' title='bbox 37 1791 130 1817; x_wconf 78' lang='grc' dir='ltr'>ταυτὸν</span> <span class='ocrx_word' id='word_1_413' title='bbox 142 1788 309 1825; x_wconf 75' lang='grc' dir='ltr'>ῆγαγες,ὡς</span> <span class='ocrx_word' id='word_1_414' title='bbox 325 1790 362 1824; x_wconf 84' lang='grc' dir='ltr'>μὴ</span> <span class='ocrx_word' id='word_1_415' title='bbox 378 1789 529 1824; x_wconf 74' lang='grc' dir='ltr'>βεϐλάφθαι</span> <span class='ocrx_word' id='word_1_416' title='bbox 544 1789 667 1825; x_wconf 76' lang='grc' dir='ltr'>θάτερον·</span> <span class='ocrx_word' id='word_1_417' title='bbox 683 1790 731 1816; x_wconf 79' lang='grc' dir='ltr'>καὶ</span> <span class='ocrx_word' id='word_1_418' title='bbox 744 1792 821 1826; x_wconf 82' lang='grc' dir='ltr'>νικᾷς</span> 
     </span>
    </p>
   </div>
   <div class='ocr_carea' id='block_1_54' title="bbox 903 1145 1660 1179">
    <p class='ocr_par' dir='ltr' id='par_1_54' title="bbox 903 1145 1660 1179">
     <span class='ocr_line' id='line_1_54' title="bbox 903 1145 1660 1179; baseline 0.001 -7"><span class='ocrx_word' id='word_1_419' title='bbox 903 1145 946 1173; x_wconf 89' lang='lat' dir='ltr'><strong>IV.</strong></span> <span class='ocrx_word' id='word_1_420' title='bbox 963 1146 1051 1179; x_wconf 86' lang='lat' dir='ltr'><strong>Quam</strong></span> <span class='ocrx_word' id='word_1_421' title='bbox 1064 1154 1130 1174; x_wconf 86' lang='lat' dir='ltr'><strong>vero</strong></span> <span class='ocrx_word' id='word_1_422' title='bbox 1150 1148 1183 1174; x_wconf 89' lang='lat' dir='ltr'><strong>de</strong></span> <span class='ocrx_word' id='word_1_423' title='bbox 1194 1147 1393 1174; x_wconf 80' lang='lat' dir='ltr'><strong>excellentibus</strong></span> <span class='ocrx_word' id='word_1_424' title='bbox 1407 1147 1555 1174; x_wconf 82' lang='lat' dir='ltr'><strong>virtutibus</strong></span> <span class='ocrx_word' id='word_1_425' title='bbox 1569 1147 1660 1174; x_wconf 74' lang='lat' dir='ltr'><strong>laudi-</strong></span> 
     </span>
    </p>
   </div>
   <div class='ocr_carea' id='block_1_55' title="bbox 873 1191 1660 1226">
    <p class='ocr_par' dir='ltr' id='par_1_55' title="bbox 873 1191 1660 1226">
     <span class='ocr_line' id='line_1_55' title="bbox 873 1191 1660 1226; baseline 0.003 -9"><span class='ocrx_word' id='word_1_426' title='bbox 873 1191 978 1225; x_wconf 88' lang='lat' dir='ltr'><strong>busque</strong></span> <span class='ocrx_word' id='word_1_427' title='bbox 991 1191 1045 1218; x_wconf 87' lang='lat' dir='ltr'><strong>tuis</strong></span> <span class='ocrx_word' id='word_1_428' title='bbox 1061 1191 1162 1225; x_wconf 88' lang='lat' dir='ltr'><strong>primo,</strong></span> <span class='ocrx_word' id='word_1_429' title='bbox 1175 1199 1256 1226; x_wconf 86' lang='lat' dir='ltr'><strong>quam</strong></span> <span class='ocrx_word' id='word_1_430' title='bbox 1276 1195 1416 1226; x_wconf 84' lang='lat' dir='ltr'><strong>postremo</strong></span> <span class='ocrx_word' id='word_1_431' title='bbox 1434 1191 1559 1219; x_wconf 85' lang='lat' dir='ltr'><strong>dicemus</strong></span> <span class='ocrx_word' id='word_1_432' title='bbox 1578 1193 1660 1219; x_wconf 83' lang='lat' dir='ltr'><strong>loco?</strong></span> 
     </span>
    </p>
   </div>
   <div class='ocr_carea' id='block_1_56' title="bbox 875 1237 1660 1273">
    <p class='ocr_par' dir='ltr' id='par_1_56' title="bbox 875 1237 1660 1273">
     <span class='ocr_line' id='line_1_56' title="bbox 875 1237 1660 1273; baseline 0.005 -11"><span class='ocrx_word' id='word_1_433' title='bbox 875 1241 966 1264; x_wconf 90' lang='lat' dir='ltr'><strong>utrum</strong></span> <span class='ocrx_word' id='word_1_434' title='bbox 991 1237 1159 1272; x_wconf 76' lang='lat' dir='ltr'><strong>singularem</strong></span> <span class='ocrx_word' id='word_1_435' title='bbox 1183 1240 1238 1265; x_wconf 89' lang='lat' dir='ltr'><strong>vim</strong></span> <span class='ocrx_word' id='word_1_436' title='bbox 1265 1239 1377 1272; x_wconf 90' lang='lat' dir='ltr'><strong>mentis,</strong></span> <span class='ocrx_word' id='word_1_437' title='bbox 1393 1243 1422 1266; x_wconf 88' lang='lat' dir='ltr'><strong>et</strong></span> <span class='ocrx_word' id='word_1_438' title='bbox 1439 1239 1660 1273; x_wconf 84' lang='lat' dir='ltr'><strong>prudentissima</strong></span> 
     </span>
    </p>
   </div>
   <div class='ocr_carea' id='block_1_57' title="bbox 875 1282 1663 1319">
    <p class='ocr_par' dir='ltr' id='par_1_57' title="bbox 875 1282 1663 1319">
     <span class='ocr_line' id='line_1_57' title="bbox 875 1282 1663 1319; baseline 0.005 -10"><span class='ocrx_word' id='word_1_439' title='bbox 875 1282 903 1309; x_wconf 93' lang='lat' dir='ltr'><strong>in</strong></span> <span class='ocrx_word' id='word_1_440' title='bbox 926 1283 1056 1311; x_wconf 90' lang='lat' dir='ltr'><strong>omnibus</strong></span> <span class='ocrx_word' id='word_1_441' title='bbox 1083 1284 1209 1316; x_wconf 83' lang='lat' dir='ltr'><strong>consilia,</strong></span> <span class='ocrx_word' id='word_1_442' title='bbox 1248 1292 1309 1319; x_wconf 64' lang='lat' dir='ltr'><strong>qua:</strong></span> <span class='ocrx_word' id='word_1_443' title='bbox 1329 1292 1459 1312; x_wconf 85' lang='lat' dir='ltr'><strong>numeros</strong></span> <span class='ocrx_word' id='word_1_444' title='bbox 1481 1293 1546 1312; x_wconf 87' lang='lat' dir='ltr'><strong>suos</strong></span> <span class='ocrx_word' id='word_1_445' title='bbox 1567 1293 1663 1314; x_wconf 84' lang='lat' dir='ltr'><strong>omnes</strong></span> 
     </span>
    </p>
   </div>
   <div class='ocr_carea' id='block_1_58' title="bbox 873 1328 1664 1367">
    <p class='ocr_par' dir='ltr' id='par_1_58' title="bbox 873 1328 1664 1367">
     <span class='ocr_line' id='line_1_58' title="bbox 873 1328 1664 1367; baseline 0.005 -12"><span class='ocrx_word' id='word_1_446' title='bbox 873 1328 1007 1362; x_wconf 81' lang='lat' dir='ltr'><strong>expletos,</strong></span> <span class='ocrx_word' id='word_1_447' title='bbox 1024 1329 1126 1356; x_wconf 89' lang='lat' dir='ltr'><strong>nullam</strong></span> <span class='ocrx_word' id='word_1_448' title='bbox 1154 1335 1245 1358; x_wconf 79' lang='lat' dir='ltr'><strong>autent</strong></span> <span class='ocrx_word' id='word_1_449' title='bbox 1266 1331 1440 1358; x_wconf 86' lang='lat' dir='ltr'><strong>decretorum</strong></span> <span class='ocrx_word' id='word_1_450' title='bbox 1470 1333 1664 1367; x_wconf 80' lang='lat' dir='ltr'><strong>reprehensio-</strong></span> 
     </span>
    </p>
   </div>
   <div class='ocr_carea' id='block_1_59' title="bbox 876 1374 1663 1412">
    <p class='ocr_par' dir='ltr' id='par_1_59' title="bbox 876 1374 1663 1412">
     <span class='ocr_line' id='line_1_59' title="bbox 876 1374 1663 1412; baseline 0.006 -12"><span class='ocrx_word' id='word_1_451' title='bbox 876 1381 940 1400; x_wconf 86' lang='lat' dir='ltr'><strong>nem</strong></span> <span class='ocrx_word' id='word_1_452' title='bbox 956 1374 1057 1402; x_wconf 80' lang='lat' dir='ltr'><strong>habent</strong></span> <span class='ocrx_word' id='word_1_453' title='bbox 1073 1383 1079 1401; x_wconf 91' lang='lat'>:</span> <span class='ocrx_word' id='word_1_454' title='bbox 1101 1383 1135 1402; x_wconf 87' lang='lat' dir='ltr'><strong>an</strong></span> <span class='ocrx_word' id='word_1_455' title='bbox 1147 1377 1308 1410; x_wconf 74' lang='lat' dir='ltr'><strong>gravitatem</strong></span> <span class='ocrx_word' id='word_1_456' title='bbox 1335 1377 1419 1404; x_wconf 88' lang='lat' dir='ltr'><strong>animi</strong></span> <span class='ocrx_word' id='word_1_457' title='bbox 1436 1377 1663 1412; x_wconf 85' lang='lat' dir='ltr'><strong>nobilitatemque</strong></span> 
     </span>
    </p>
   </div>
   <div class='ocr_carea' id='block_1_60' title="bbox 873 1418 1662 1458">
    <p class='ocr_par' dir='ltr' id='par_1_60' title="bbox 873 1418 1662 1458">
     <span class='ocr_line' id='line_1_60' title="bbox 873 1418 1662 1458; baseline 0.006 -13"><span class='ocrx_word' id='word_1_458' title='bbox 873 1418 947 1446; x_wconf 84' lang='lat' dir='ltr'><strong>illam</strong></span> <span class='ocrx_word' id='word_1_459' title='bbox 973 1421 1192 1448; x_wconf 80' lang='lat' dir='ltr'><strong>mansuetudinis</strong></span> <span class='ocrx_word' id='word_1_460' title='bbox 1231 1422 1390 1456; x_wconf 80' lang='lat' dir='ltr'><strong>permistam</strong></span> <span class='ocrx_word' id='word_1_461' title='bbox 1424 1427 1662 1458; x_wconf 85' lang='lat' dir='ltr'><strong>temperatumque</strong></span> 
     </span>
    </p>
   </div>
   <div class='ocr_carea' id='block_1_61' title="bbox 875 1465 1661 1502">
    <p class='ocr_par' dir='ltr' id='par_1_61' title="bbox 875 1465 1661 1502">
     <span class='ocr_line' id='line_1_61' title="bbox 875 1465 1661 1502; baseline 0.008 -12"><span class='ocrx_word' id='word_1_462' title='bbox 875 1465 972 1499; x_wconf 76' lang='lat' dir='ltr'><strong>gratiis</strong></span> <span class='ocrx_word' id='word_1_463' title='bbox 987 1473 994 1491; x_wconf 73' lang='grc' dir='ltr'><strong>ι</strong></span> <span class='ocrx_word' id='word_1_464' title='bbox 1008 1471 1038 1492; x_wconf 83' lang='grc' dir='ltr'><strong>ιιι</strong></span> <span class='ocrx_word' id='word_1_465' title='bbox 1052 1473 1141 1500; x_wconf 90' lang='lat' dir='ltr'><strong>neque</strong></span> <span class='ocrx_word' id='word_1_466' title='bbox 1157 1467 1382 1502; x_wconf 82' lang='lat' dir='ltr'><strong>magnanimitate</strong></span> <span class='ocrx_word' id='word_1_467' title='bbox 1405 1468 1463 1495; x_wconf 81' lang='lat' dir='ltr'><strong>sola</strong></span> <span class='ocrx_word' id='word_1_468' title='bbox 1485 1469 1519 1495; x_wconf 89' lang='lat' dir='ltr'><strong>ad</strong></span> <span class='ocrx_word' id='word_1_469' title='bbox 1543 1469 1661 1496; x_wconf 85' lang='lat' dir='ltr'><strong>aliorum</strong></span> 
     </span>
    </p>
   </div>
   <div class='ocr_carea' id='block_1_62' title="bbox 876 1511 1661 1550">
    <p class='ocr_par' dir='ltr' id='par_1_62' title="bbox 876 1511 1661 1550">
     <span class='ocr_line' id='line_1_62' title="bbox 876 1511 1661 1550; baseline 0.008 -13"><span class='ocrx_word' id='word_1_470' title='bbox 876 1511 1083 1545; x_wconf 86' lang='lat' dir='ltr'><strong>despicientiam</strong></span> <span class='ocrx_word' id='word_1_471' title='bbox 1099 1513 1236 1545; x_wconf 85' lang='lat' dir='ltr'><strong>ell&#39;eraris,</strong></span> <span class='ocrx_word' id='word_1_472' title='bbox 1249 1514 1394 1549; x_wconf 74' lang='lat' dir='ltr'><strong>gravisque</strong></span> <span class='ocrx_word' id='word_1_473' title='bbox 1407 1519 1498 1542; x_wconf 87' lang='lat' dir='ltr'><strong>tecum</strong></span> <span class='ocrx_word' id='word_1_474' title='bbox 1517 1515 1661 1550; x_wconf 79' lang='lat' dir='ltr'><strong>agentibus</strong></span> 
     </span>
    </p>
   </div>
   <div class='ocr_carea' id='block_1_63' title="bbox 877 1557 1662 1595">
    <p class='ocr_par' dir='ltr' id='par_1_63' title="bbox 877 1557 1662 1595">
     <span class='ocr_line' id='line_1_63' title="bbox 877 1557 1662 1595; baseline 0.005 -11"><span class='ocrx_word' id='word_1_475' title='bbox 877 1557 936 1589; x_wconf 80' lang='lat' dir='ltr'><strong>fias,</strong></span> <span class='ocrx_word' id='word_1_476' title='bbox 960 1565 1051 1592; x_wconf 87' lang='lat' dir='ltr'><strong>neque</strong></span> <span class='ocrx_word' id='word_1_477' title='bbox 1067 1566 1163 1585; x_wconf 85' lang='lat' dir='ltr'><strong>rursus</strong></span> <span class='ocrx_word' id='word_1_478' title='bbox 1180 1559 1306 1591; x_wconf 83' lang='lat' dir='ltr'><strong>leuitate,</strong></span> <span class='ocrx_word' id='word_1_479' title='bbox 1336 1564 1442 1587; x_wconf 77' lang='lat' dir='ltr'><strong>remota</strong></span> <span class='ocrx_word' id='word_1_480' title='bbox 1473 1561 1662 1595; x_wconf 81' lang='lat' dir='ltr'><strong>magnitudine</strong></span> 
     </span>
    </p>
   </div>
   <div class='ocr_carea' id='block_1_64' title="bbox 874 1603 1664 1639">
    <p class='ocr_par' dir='ltr' id='par_1_64' title="bbox 874 1603 1664 1639">
     <span class='ocr_line' id='line_1_64' title="bbox 874 1603 1664 1639; baseline 0.005 -9"><span class='ocrx_word' id='word_1_481' title='bbox 874 1603 971 1636; x_wconf 76' lang='lat' dir='ltr'><strong>animi,</strong></span> <span class='ocrx_word' id='word_1_482' title='bbox 983 1604 1017 1631; x_wconf 90' lang='lat' dir='ltr'><strong>ad</strong></span> <span class='ocrx_word' id='word_1_483' title='bbox 1030 1604 1172 1632; x_wconf 87' lang='lat' dir='ltr'><strong>mollitiem</strong></span> <span class='ocrx_word' id='word_1_484' title='bbox 1184 1604 1351 1639; x_wconf 85' lang='lat' dir='ltr'><strong>prolabaris?</strong></span> <span class='ocrx_word' id='word_1_485' title='bbox 1360 1605 1400 1635; x_wconf 80' lang='lat' dir='ltr'><strong>Tu</strong></span> <span class='ocrx_word' id='word_1_486' title='bbox 1410 1614 1475 1634; x_wconf 86' lang='lat' dir='ltr'><strong>vero</strong></span> <span class='ocrx_word' id='word_1_487' title='bbox 1492 1607 1543 1634; x_wconf 86' lang='lat' dir='ltr'><strong>hoc</strong></span> <span class='ocrx_word' id='word_1_488' title='bbox 1557 1612 1664 1634; x_wconf 91' lang='lat' dir='ltr'><strong>utrum-</strong></span> 
     </span>
    </p>
   </div>
   <div class='ocr_carea' id='block_1_65' title="bbox 876 1650 1660 1685">
    <p class='ocr_par' dir='ltr' id='par_1_65' title="bbox 876 1650 1660 1685">
     <span class='ocr_line' id='line_1_65' title="bbox 876 1650 1660 1685; baseline 0.008 -10"><span class='ocrx_word' id='word_1_489' title='bbox 876 1657 930 1684; x_wconf 86' lang='lat' dir='ltr'><strong>que</strong></span> <span class='ocrx_word' id='word_1_490' title='bbox 951 1650 1154 1684; x_wconf 79' lang='lat' dir='ltr'><strong>perfectissime</strong></span> <span class='ocrx_word' id='word_1_491' title='bbox 1184 1651 1356 1685; x_wconf 86' lang='lat' dir='ltr'><strong>moderaris,</strong></span> <span class='ocrx_word' id='word_1_492' title='bbox 1384 1653 1516 1679; x_wconf 89' lang='lat' dir='ltr'><strong>nimirum</strong></span> <span class='ocrx_word' id='word_1_493' title='bbox 1549 1653 1660 1681; x_wconf 80' lang='lat' dir='ltr'><strong>heroica</strong></span> 
     </span>
    </p>
   </div>
   <div class='ocr_carea' id='block_1_66' title="bbox 876 1697 1662 1737">
    <p class='ocr_par' dir='ltr' id='par_1_66' title="bbox 876 1697 1662 1737">
     <span class='ocr_line' id='line_1_66' title="bbox 876 1697 1662 1737; baseline 0.008 -15"><span class='ocrx_word' id='word_1_494' title='bbox 876 1697 957 1730; x_wconf 88' lang='lat' dir='ltr'><strong>plane</strong></span> <span class='ocrx_word' id='word_1_495' title='bbox 980 1697 1112 1731; x_wconf 69' lang='lat' dir='ltr'><strong>praeditus</strong></span> <span class='ocrx_word' id='word_1_496' title='bbox 1138 1697 1239 1730; x_wconf 87' lang='lat' dir='ltr'><strong>indole,</strong></span> <span class='ocrx_word' id='word_1_497' title='bbox 1263 1698 1360 1737; x_wconf 74' lang='lat' dir='ltr'><strong>suique</strong></span> <span class='ocrx_word' id='word_1_498' title='bbox 1382 1699 1558 1727; x_wconf 88' lang='lat' dir='ltr'><strong>formidinem</strong></span> <span class='ocrx_word' id='word_1_499' title='bbox 1574 1701 1662 1735; x_wconf 90' lang='lat' dir='ltr'><strong>primo</strong></span> 
     </span>
    </p>
   </div>
   <div class='ocr_carea' id='block_1_67' title="bbox 876 1741 1663 1777">
    <p class='ocr_par' dir='ltr' id='par_1_67' title="bbox 876 1741 1663 1777">
     <span class='ocr_line' id='line_1_67' title="bbox 876 1741 1663 1777; baseline 0.01 -11"><span class='ocrx_word' id='word_1_500' title='bbox 876 1741 1001 1775; x_wconf 89' lang='lat' dir='ltr'><strong>protinus</strong></span> <span class='ocrx_word' id='word_1_501' title='bbox 1028 1748 1175 1777; x_wconf 85' lang='lat' dir='ltr'><strong>conspectu</strong></span> <span class='ocrx_word' id='word_1_502' title='bbox 1195 1743 1302 1776; x_wconf 89' lang='lat' dir='ltr'><strong>ciente,</strong></span> <span class='ocrx_word' id='word_1_503' title='bbox 1327 1744 1375 1772; x_wconf 87' lang='lat' dir='ltr'><strong>sed</strong></span> <span class='ocrx_word' id='word_1_504' title='bbox 1392 1745 1465 1772; x_wconf 87' lang='lat' dir='ltr'><strong>idem</strong></span> <span class='ocrx_word' id='word_1_505' title='bbox 1487 1747 1618 1774; x_wconf 87' lang='lat' dir='ltr'><strong>comitate</strong></span> <span class='ocrx_word' id='word_1_506' title='bbox 1635 1751 1663 1774; x_wconf 90' lang='lat' dir='ltr'><strong>et</strong></span> 
     </span>
    </p>
   </div>
   <div class='ocr_carea' id='block_1_68' title="bbox 875 1787 1663 1828">
    <p class='ocr_par' dir='ltr' id='par_1_68' title="bbox 875 1787 1663 1828">
     <span class='ocr_line' id='line_1_68' title="bbox 875 1787 1663 1828; baseline 0.009 -15"><span class='ocrx_word' id='word_1_507' title='bbox 875 1787 963 1819; x_wconf 78' lang='lat' dir='ltr'><strong>gratia</strong></span> <span class='ocrx_word' id='word_1_508' title='bbox 981 1788 1098 1815; x_wconf 80' lang='lat' dir='ltr'><strong>refertos</strong></span> <span class='ocrx_word' id='word_1_509' title='bbox 1110 1789 1245 1817; x_wconf 78' lang='lat' dir='ltr'><strong>exhibens</strong></span> <span class='ocrx_word' id='word_1_510' title='bbox 1265 1797 1440 1825; x_wconf 79' lang='lat' dir='ltr'><strong>congressus.</strong></span> <span class='ocrx_word' id='word_1_511' title='bbox 1455 1791 1589 1819; x_wconf 67' lang='lat' dir='ltr'><strong>Caeterum</strong></span> <span class='ocrx_word' id='word_1_512' title='bbox 1601 1801 1663 1828; x_wconf 64' lang='lat' dir='ltr'><strong>quin</strong></span> 
     </span>
    </p>
   </div>
   <div class='ocr_carea' id='block_1_69' title="bbox 36 1823 777 1872">
    <p class='ocr_par' dir='ltr' id='par_1_69' title="bbox 36 1823 777 1872">
     <span class='ocr_line' id='line_1_69' title="bbox 36 1823 777 1872; baseline 0.003 -12"><span class='ocrx_word' id='word_1_513' title='bbox 36 1837 97 1866; x_wconf 65' lang='grc' dir='ltr'>τοὶς</span> <span class='ocrx_word' id='word_1_514' title='bbox 181 1823 392 1869; x_wconf 64' lang='grc' dir='ltr'>φιλανθρώπους</span> <span class='ocrx_word' id='word_1_515' title='bbox 406 1835 576 1871; x_wconf 82' lang='grc' dir='ltr'>δικαιοσύνῃ,</span> <span class='ocrx_word' id='word_1_516' title='bbox 589 1823 777 1872; x_wconf 72' lang='grc' dir='ltr'>φιλανθρωπίᾳ</span> 
     </span>
    </p>
   </div>
   <div class='ocr_carea' id='block_1_70' title="bbox 921 1823 1662 1872">
    <p class='ocr_par' dir='ltr' id='par_1_70' title="bbox 921 1834 1662 1872">
     <span class='ocr_line' id='line_1_70' title="bbox 921 1834 1662 1872; baseline 0.008 -13"><span class='ocrx_word' id='word_1_517' title='bbox 921 1840 930 1859; x_wconf 85' lang='grc'><strong>)</strong></span> <span class='ocrx_word' id='word_1_518' title='bbox 944 1834 1059 1861; x_wconf 80' lang='lat' dir='ltr'><strong>antehae</strong></span> <span class='ocrx_word' id='word_1_519' title='bbox 1072 1834 1126 1867; x_wconf 75' lang='lat' dir='ltr'><strong>vix,</strong></span> <span class='ocrx_word' id='word_1_520' title='bbox 1138 1842 1172 1862; x_wconf 89' lang='lat' dir='ltr'><strong>ac</strong></span> <span class='ocrx_word' id='word_1_521' title='bbox 1185 1843 1219 1863; x_wconf 92' lang='lat' dir='ltr'><strong>ne</strong></span> <span class='ocrx_word' id='word_1_522' title='bbox 1234 1836 1279 1863; x_wconf 75' lang='lat' dir='ltr'><strong>vix</strong></span> <span class='ocrx_word' id='word_1_523' title='bbox 1290 1836 1411 1870; x_wconf 85' lang='lat' dir='ltr'><strong>quidem,</strong></span> <span class='ocrx_word' id='word_1_524' title='bbox 1426 1838 1573 1865; x_wconf 85' lang='lat' dir='ltr'><strong>convenire</strong></span> <span class='ocrx_word' id='word_1_525' title='bbox 1583 1847 1662 1872; x_wconf 82' lang='lat' dir='ltr'><strong>posse</strong></span> 
     </span>
    </p>
   </div>
   <div class='ocr_carea' id='block_1_71' title="bbox 36 1879 826 1916">
    <p class='ocr_par' dir='ltr' id='par_1_71' title="bbox 36 1879 826 1916">
     <span class='ocr_line' id='line_1_71' title="bbox 36 1879 826 1916; baseline 0.003 -10"><span class='ocrx_word' id='word_1_526' title='bbox 36 1882 96 1911; x_wconf 80' lang='grc' dir='ltr'>τοὺς</span> <span class='ocrx_word' id='word_1_527' title='bbox 111 1880 244 1911; x_wconf 78' lang='grc' dir='ltr'>δικαίους·</span> <span class='ocrx_word' id='word_1_528' title='bbox 262 1880 280 1914; x_wconf 79' lang='grc' dir='ltr'><strong>ἢ</strong></span> <span class='ocrx_word' id='word_1_529' title='bbox 293 1881 317 1906; x_wconf 80' lang='grc' dir='ltr'>εἰ</span> <span class='ocrx_word' id='word_1_530' title='bbox 329 1879 420 1913; x_wconf 84' lang='grc' dir='ltr'>βούλει</span> <span class='ocrx_word' id='word_1_531' title='bbox 431 1889 474 1914; x_wconf 81' lang='grc' dir='ltr'>γε,</span> <span class='ocrx_word' id='word_1_532' title='bbox 492 1881 684 1916; x_wconf 78' lang='grc' dir='ltr'>φιλανθρωπίᾳ</span> <span class='ocrx_word' id='word_1_533' title='bbox 699 1882 750 1916; x_wconf 75' lang='grc' dir='ltr'>μὲν</span> <span class='ocrx_word' id='word_1_534' title='bbox 765 1883 826 1916; x_wconf 83' lang='grc' dir='ltr'>φιλ-</span> 
     </span>
    </p>
   </div>
   <div class='ocr_carea' id='block_1_72' title="bbox 37 1925 825 1962">
    <p class='ocr_par' dir='ltr' id='par_1_72' title="bbox 37 1925 825 1962">
     <span class='ocr_line' id='line_1_72' title="bbox 37 1925 825 1962; baseline 0.001 -9"><span class='ocrx_word' id='word_1_535' title='bbox 37 1926 209 1961; x_wconf 75' lang='grc' dir='ltr'>ανθρώπους,</span> <span class='ocrx_word' id='word_1_536' title='bbox 228 1925 268 1961; x_wconf 81' lang='grc' dir='ltr'>τῷ</span> <span class='ocrx_word' id='word_1_537' title='bbox 288 1926 316 1952; x_wconf 75' lang='grc' dir='ltr'><strong>δὲ</strong></span> <span class='ocrx_word' id='word_1_538' title='bbox 343 1926 520 1961; x_wconf 86' lang='grc' dir='ltr'>παράδειγμα</span> <span class='ocrx_word' id='word_1_539' title='bbox 545 1927 720 1962; x_wconf 84' lang='grc' dir='ltr'>δικαιοσύνης</span> <span class='ocrx_word' id='word_1_540' title='bbox 744 1929 825 1960; x_wconf 80' lang='grc' dir='ltr'>αὐτὸς</span> 
     </span>
    </p>
   </div>
   <div class='ocr_carea' id='block_1_73' title="bbox 38 1971 826 2008">
    <p class='ocr_par' dir='ltr' id='par_1_73' title="bbox 38 1971 826 2008">
     <span class='ocr_line' id='line_1_73' title="bbox 38 1971 826 2008; baseline 0.003 -10"><span class='ocrx_word' id='word_1_541' title='bbox 38 1971 116 2006; x_wconf 75' lang='grc' dir='ltr'>εἶναι,</span> <span class='ocrx_word' id='word_1_542' title='bbox 135 1973 200 2004; x_wconf 77' lang='grc' dir='ltr'>τοὺς</span> <span class='ocrx_word' id='word_1_543' title='bbox 214 1972 321 2003; x_wconf 72' lang='grc' dir='ltr'>δεινοὺς</span> <span class='ocrx_word' id='word_1_544' title='bbox 336 1973 382 1998; x_wconf 70' lang='grc' dir='ltr'><strong>ἐπὶ</strong></span> <span class='ocrx_word' id='word_1_545' title='bbox 398 1973 497 2007; x_wconf 74' lang='grc' dir='ltr'>τούτῳ·</span> <span class='ocrx_word' id='word_1_546' title='bbox 508 1972 532 1999; x_wconf 86' lang='grc' dir='ltr'><strong>ὣ</strong></span> <span class='ocrx_word' id='word_1_547' title='bbox 547 1973 718 2006; x_wconf 83' lang='grc' dir='ltr'>συνδυασμοῦ</span> <span class='ocrx_word' id='word_1_548' title='bbox 733 1974 826 2008; x_wconf 87' lang='grc' dir='ltr'>θαῦμα</span> 
     </span>
    </p>
   </div>
   <div class='ocr_carea' id='block_1_74' title="bbox 39 2018 826 2054">
    <p class='ocr_par' dir='ltr' id='par_1_74' title="bbox 39 2018 826 2054">
     <span class='ocr_line' id='line_1_74' title="bbox 39 2018 826 2054; baseline 0.001 -10"><span class='ocrx_word' id='word_1_549' title='bbox 39 2019 86 2044; x_wconf 72' lang='grc' dir='ltr'>καὶ</span> <span class='ocrx_word' id='word_1_550' title='bbox 107 2018 188 2053; x_wconf 81' lang='grc' dir='ltr'>ζῆλον</span> <span class='ocrx_word' id='word_1_551' title='bbox 211 2019 315 2045; x_wconf 73' lang='grc' dir='ltr'>ἅπασιν</span> <span class='ocrx_word' id='word_1_552' title='bbox 341 2018 461 2053; x_wconf 77' lang='grc' dir='ltr'>ἔχοντος,</span> <span class='ocrx_word' id='word_1_553' title='bbox 489 2020 673 2054; x_wconf 82' lang='grc' dir='ltr'>προσήκοντος</span> <span class='ocrx_word' id='word_1_554' title='bbox 694 2019 744 2054; x_wconf 87' lang='grc' dir='ltr'>μὲν</span> <span class='ocrx_word' id='word_1_555' title='bbox 773 2021 826 2052; x_wconf 80' lang='grc' dir='ltr'>σοὶ,</span> 
     </span>
    </p>
   </div>
   <div class='ocr_carea' id='block_1_75' title="bbox 39 2065 826 2103">
    <p class='ocr_par' dir='ltr' id='par_1_75' title="bbox 39 2065 826 2103">
     <span class='ocr_line' id='line_1_75' title="bbox 39 2065 826 2103; baseline 0.004 -13"><span class='ocrx_word' id='word_1_556' title='bbox 39 2065 240 2096; x_wconf 75' lang='grc' dir='ltr'>λυσιτελοῦντος</span> <span class='ocrx_word' id='word_1_557' title='bbox 256 2065 285 2091; x_wconf 83' lang='grc' dir='ltr'>δὲ</span> <span class='ocrx_word' id='word_1_558' title='bbox 303 2065 397 2092; x_wconf 66' lang='grc' dir='ltr'>πόλεσι</span> <span class='ocrx_word' id='word_1_559' title='bbox 411 2065 417 2091; x_wconf 91' lang='lat' dir='ltr'><strong>l</strong></span> <span class='ocrx_word' id='word_1_560' title='bbox 435 2065 494 2092; x_wconf 88' lang='grc' dir='ltr'><strong>Νῦν</strong></span> <span class='ocrx_word' id='word_1_561' title='bbox 505 2066 536 2092; x_wconf 81' lang='grc' dir='ltr'><strong>οὐ</strong></span> <span class='ocrx_word' id='word_1_562' title='bbox 551 2066 670 2101; x_wconf 82' lang='grc' dir='ltr'>πένητας</span> <span class='ocrx_word' id='word_1_563' title='bbox 686 2067 744 2093; x_wconf 77' lang='grc' dir='ltr'>ἔστι</span> <span class='ocrx_word' id='word_1_564' title='bbox 757 2068 826 2103; x_wconf 78' lang='grc' dir='ltr'>πρὸς</span> 
     </span>
    </p>
   </div>
   <div class='ocr_carea' id='block_1_76' title="bbox 42 2111 826 2147">
    <p class='ocr_par' dir='ltr' id='par_1_76' title="bbox 42 2111 826 2147">
     <span class='ocr_line' id='line_1_76' title="bbox 42 2111 826 2147; baseline 0.004 -10"><span class='ocrx_word' id='word_1_565' title='bbox 42 2112 162 2147; x_wconf 71' lang='grc' dir='ltr'>εὐπόρων</span> <span class='ocrx_word' id='word_1_566' title='bbox 185 2111 352 2143; x_wconf 74' lang='grc' dir='ltr'>κακοῦσθαι,</span> <span class='ocrx_word' id='word_1_567' title='bbox 382 2112 509 2147; x_wconf 81' lang='grc' dir='ltr'>καθάπερ</span> <span class='ocrx_word' id='word_1_568' title='bbox 534 2114 562 2139; x_wconf 79' lang='grc' dir='ltr'>ἐν</span> <span class='ocrx_word' id='word_1_569' title='bbox 591 2113 694 2140; x_wconf 83' lang='grc' dir='ltr'>πόλεων</span> <span class='ocrx_word' id='word_1_570' title='bbox 726 2113 826 2141; x_wconf 78' lang='grc' dir='ltr'>ἁλώσει</span> 
     </span>
    </p>
   </div>
   <div class='ocr_carea' id='block_1_77' title="bbox 41 2158 826 2195">
    <p class='ocr_par' dir='ltr' id='par_1_77' title="bbox 41 2158 826 2195">
     <span class='ocr_line' id='line_1_77' title="bbox 41 2158 826 2195; baseline 0.003 -11"><span class='ocrx_word' id='word_1_571' title='bbox 41 2159 240 2193; x_wconf 76' lang='grc' dir='ltr'>καρπουμένων</span> <span class='ocrx_word' id='word_1_572' title='bbox 262 2159 324 2189; x_wconf 72' lang='grc' dir='ltr'>τοὺς</span> <span class='ocrx_word' id='word_1_573' title='bbox 347 2158 500 2193; x_wconf 80' lang='grc' dir='ltr'>δυστυχεῖς·</span> <span class='ocrx_word' id='word_1_574' title='bbox 524 2160 619 2186; x_wconf 79' lang='grc' dir='ltr'>καὶτὰ</span> <span class='ocrx_word' id='word_1_575' title='bbox 643 2160 692 2195; x_wconf 81' lang='grc' dir='ltr'><strong>μὲν</strong></span> <span class='ocrx_word' id='word_1_576' title='bbox 717 2161 826 2195; x_wconf 81' lang='grc' dir='ltr'>σφέτερ’</span> 
     </span>
    </p>
   </div>
   <div class='ocr_carea' id='block_1_78' title="bbox 42 2199 826 2240">
    <p class='ocr_par' dir='ltr' id='par_1_78' title="bbox 42 2199 826 2240">
     <span class='ocr_line' id='line_1_78' title="bbox 42 2199 826 2240; baseline 0.006 -12"><span class='ocrx_word' id='word_1_577' title='bbox 42 2203 126 2229; x_wconf 70' lang='grc' dir='ltr'>αὐτῶν</span> <span class='ocrx_word' id='word_1_578' title='bbox 140 2203 256 2234; x_wconf 69' lang='grc' dir='ltr'>ἀτόποις</span> <span class='ocrx_word' id='word_1_579' title='bbox 273 2203 448 2236; x_wconf 77' lang='grc' dir='ltr'>ὲπαυξόντων</span> <span class='ocrx_word' id='word_1_580' title='bbox 463 2199 646 2240; x_wconf 61' lang='grc' dir='ltr'>προσθήκαις,</span> <span class='ocrx_word' id='word_1_581' title='bbox 660 2206 782 2237; x_wconf 78' lang='grc' dir='ltr'>ἐκείνους</span> <span class='ocrx_word' id='word_1_582' title='bbox 797 2207 826 2233; x_wconf 79' lang='grc' dir='ltr'>δὲ</span> 
     </span>
    </p>
   </div>
   <div class='ocr_carea' id='block_1_79' title="bbox 42 2250 826 2287">
    <p class='ocr_par' dir='ltr' id='par_1_79' title="bbox 42 2250 826 2287">
     <span class='ocr_line' id='line_1_79' title="bbox 42 2250 826 2287; baseline 0.006 -13"><span class='ocrx_word' id='word_1_583' title='bbox 42 2250 130 2284; x_wconf 68' lang='grc' dir='ltr'>κλᾲειν</span> <span class='ocrx_word' id='word_1_584' title='bbox 145 2250 360 2284; x_wconf 80' lang='grc' dir='ltr'>ἀναγκαζόντων</span> <span class='ocrx_word' id='word_1_585' title='bbox 374 2251 420 2276; x_wconf 70' lang='grc' dir='ltr'>καὶ</span> <span class='ocrx_word' id='word_1_586' title='bbox 435 2251 622 2278; x_wconf 80' lang='grc' dir='ltr'>καθιστάντων</span> <span class='ocrx_word' id='word_1_587' title='bbox 638 2254 762 2287; x_wconf 81' lang='grc' dir='ltr'>πενήτων</span> <span class='ocrx_word' id='word_1_588' title='bbox 776 2254 826 2279; x_wconf 83' lang='grc' dir='ltr'><strong>πέ-</strong></span> 
     </span>
    </p>
   </div>
   <div class='ocr_carea' id='block_1_80' title="bbox 42 2295 826 2334">
    <p class='ocr_par' dir='ltr' id='par_1_80' title="bbox 42 2295 826 2334">
     <span class='ocr_line' id='line_1_80' title="bbox 42 2295 826 2334; baseline 0.006 -14"><span class='ocrx_word' id='word_1_589' title='bbox 42 2304 130 2328; x_wconf 61' lang='grc' dir='ltr'>νητας·</span> <span class='ocrx_word' id='word_1_590' title='bbox 149 2295 198 2321; x_wconf 78' lang='grc' dir='ltr'><strong>νῦν</strong></span> <span class='ocrx_word' id='word_1_591' title='bbox 214 2296 384 2329; x_wconf 78' lang='grc' dir='ltr'>συκοφαντία</span> <span class='ocrx_word' id='word_1_592' title='bbox 396 2296 527 2329; x_wconf 79' lang='grc' dir='ltr'>καθάπαξ</span> <span class='ocrx_word' id='word_1_593' title='bbox 547 2298 669 2324; x_wconf 75' lang='grc' dir='ltr'>ἐκποδὼν</span> <span class='ocrx_word' id='word_1_594' title='bbox 687 2299 826 2334; x_wconf 67' lang='grc' dir='ltr'>ἀπελήλα-</span> 
     </span>
    </p>
   </div>
   <div class='ocr_carea' id='block_1_81' title="bbox 42 2341 825 2379">
    <p class='ocr_par' dir='ltr' id='par_1_81' title="bbox 42 2341 825 2379">
     <span class='ocr_line' id='line_1_81' title="bbox 42 2341 825 2379; baseline 0.008 -13"><span class='ocrx_word' id='word_1_595' title='bbox 42 2349 92 2367; x_wconf 86' lang='grc' dir='ltr'>ται·</span> <span class='ocrx_word' id='word_1_596' title='bbox 107 2342 153 2367; x_wconf 81' lang='grc' dir='ltr'>καὶ</span> <span class='ocrx_word' id='word_1_597' title='bbox 170 2342 290 2374; x_wconf 78' lang='grc' dir='ltr'>πένητες</span> <span class='ocrx_word' id='word_1_598' title='bbox 306 2342 337 2368; x_wconf 77' lang='grc' dir='ltr'><strong>οὐ</strong></span> <span class='ocrx_word' id='word_1_599' title='bbox 353 2341 495 2376; x_wconf 72' lang='grc' dir='ltr'>ψεύδονται</span> <span class='ocrx_word' id='word_1_600' title='bbox 513 2345 581 2378; x_wconf 77' lang='grc' dir='ltr'>πρὸς</span> <span class='ocrx_word' id='word_1_601' title='bbox 601 2345 746 2379; x_wconf 73' lang='grc' dir='ltr'>εὐπόρους·</span> <span class='ocrx_word' id='word_1_602' title='bbox 766 2346 825 2372; x_wconf 77' lang='grc' dir='ltr'>οὐδὲ</span> 
     </span>
    </p>
   </div>
   <div class='ocr_carea' id='block_1_82' title="bbox 45 2388 826 2424">
    <p class='ocr_par' dir='ltr' id='par_1_82' title="bbox 45 2388 826 2424">
     <span class='ocr_line' id='line_1_82' title="bbox 45 2388 826 2424; baseline 0.009 -12"><span class='ocrx_word' id='word_1_603' title='bbox 45 2388 104 2420; x_wconf 67' lang='grc' dir='ltr'><strong>πρὸς</strong></span> <span class='ocrx_word' id='word_1_604' title='bbox 117 2389 164 2414; x_wconf 75' lang='grc' dir='ltr'><strong>τὸν</strong></span> <span class='ocrx_word' id='word_1_605' title='bbox 179 2388 270 2422; x_wconf 72' lang='grc' dir='ltr'>ἔχονθ’</span> <span class='ocrx_word' id='word_1_606' title='bbox 286 2389 300 2414; x_wconf 82' lang='grc' dir='ltr'>ὁ</span> <span class='ocrx_word' id='word_1_607' title='bbox 316 2388 412 2421; x_wconf 84' lang='grc' dir='ltr'>φθόνος</span> <span class='ocrx_word' id='word_1_608' title='bbox 426 2389 506 2424; x_wconf 75' lang='grc' dir='ltr'>ἕρπει</span> <span class='ocrx_word' id='word_1_609' title='bbox 523 2391 595 2416; x_wconf 75' lang='grc' dir='ltr'>κατὰ</span> <span class='ocrx_word' id='word_1_610' title='bbox 613 2391 660 2418; x_wconf 85' lang='grc' dir='ltr'><strong>τὸν</strong></span> <span class='ocrx_word' id='word_1_611' title='bbox 680 2393 762 2419; x_wconf 87' lang='grc' dir='ltr'>παῖδα</span> <span class='ocrx_word' id='word_1_612' title='bbox 778 2393 826 2418; x_wconf 89' lang='grc' dir='ltr'><strong>Σο-</strong></span> 
     </span>
    </p>
   </div>
   <div class='ocr_carea' id='block_1_83' title="bbox 44 2432 825 2472">
    <p class='ocr_par' dir='ltr' id='par_1_83' title="bbox 44 2432 825 2472">
     <span class='ocr_line' id='line_1_83' title="bbox 44 2432 825 2472; baseline 0.012 -16"><span class='ocrx_word' id='word_1_613' title='bbox 44 2434 125 2465; x_wconf 74' lang='grc' dir='ltr'>φξλου·</span> <span class='ocrx_word' id='word_1_614' title='bbox 140 2433 200 2460; x_wconf 74' lang='grc' dir='ltr'>ἀλλ’</span> <span class='ocrx_word' id='word_1_615' title='bbox 218 2432 294 2459; x_wconf 79' lang='grc' dir='ltr'>ἐστιν</span> <span class='ocrx_word' id='word_1_616' title='bbox 314 2434 455 2469; x_wconf 81' lang='grc' dir='ltr'>ἑκατέροις</span> <span class='ocrx_word' id='word_1_617' title='bbox 473 2435 539 2469; x_wconf 78' lang='grc' dir='ltr'>παρ’</span> <span class='ocrx_word' id='word_1_618' title='bbox 559 2437 724 2472; x_wconf 84' lang='grc' dir='ltr'>ἀμφοτέρων</span> <span class='ocrx_word' id='word_1_619' title='bbox 742 2438 759 2465; x_wconf 86' lang='grc' dir='ltr'>ἃ</span> <span class='ocrx_word' id='word_1_620' title='bbox 774 2439 825 2472; x_wconf 75' lang='grc' dir='ltr'>δεῖ,</span> 
     </span>
    </p>
   </div>
   <div class='ocr_carea' id='block_1_84' title="bbox 43 2478 865 2528">
    <p class='ocr_par' dir='ltr' id='par_1_84' title="bbox 43 2478 865 2528">
     <span class='ocr_line' id='line_1_84' title="bbox 43 2478 865 2528; baseline 0.01 -25"><span class='ocrx_word' id='word_1_621' title='bbox 43 2479 90 2504; x_wconf 81' lang='grc' dir='ltr'>τῶν</span> <span class='ocrx_word' id='word_1_622' title='bbox 110 2480 162 2513; x_wconf 85' lang='grc' dir='ltr'><strong>μὲν</strong></span> <span class='ocrx_word' id='word_1_623' title='bbox 174 2480 205 2505; x_wconf 66' lang='grc' dir='ltr'>ἐν</span> <span class='ocrx_word' id='word_1_624' title='bbox 223 2478 331 2512; x_wconf 80' lang='grc' dir='ltr'>πλούτῳ</span> <span class='ocrx_word' id='word_1_625' title='bbox 345 2479 414 2513; x_wconf 76' lang='grc' dir='ltr'>σφᾶς</span> <span class='ocrx_word' id='word_1_626' title='bbox 427 2480 576 2507; x_wconf 73' lang='grc' dir='ltr'>ἐλεούντων</span> <span class='ocrx_word' id='word_1_627' title='bbox 596 2483 641 2508; x_wconf 72' lang='grc' dir='ltr'><strong>καὶ</strong></span> <span class='ocrx_word' id='word_1_628' title='bbox 658 2485 825 2519; x_wconf 79' lang='grc' dir='ltr'>συνευχομέ-</span> <span class='ocrx_word' id='word_1_629' title='bbox 842 2498 865 2528; x_wconf 80' lang='lat' dir='ltr'><strong>D</strong></span> 
     </span>
    </p>
   </div>
   <div class='ocr_carea' id='block_1_85' title="bbox 43 2523 825 2564">
    <p class='ocr_par' dir='ltr' id='par_1_85' title="bbox 43 2523 825 2564">
     <span class='ocr_line' id='line_1_85' title="bbox 43 2523 825 2564; baseline 0.009 -15"><span class='ocrx_word' id='word_1_630' title='bbox 43 2532 88 2550; x_wconf 88' lang='grc' dir='ltr'><strong>νων</strong></span> <span class='ocrx_word' id='word_1_631' title='bbox 102 2525 164 2559; x_wconf 75' lang='grc' dir='ltr'>βίον</span> <span class='ocrx_word' id='word_1_632' title='bbox 181 2523 338 2559; x_wconf 74' lang='grc' dir='ltr'>ῥᾳστώνην·</span> <span class='ocrx_word' id='word_1_633' title='bbox 358 2525 495 2552; x_wconf 68' lang='grc' dir='ltr'>αἰδοῦνται</span> <span class='ocrx_word' id='word_1_634' title='bbox 510 2526 538 2552; x_wconf 82' lang='grc' dir='ltr'>δὲ</span> <span class='ocrx_word' id='word_1_635' title='bbox 552 2528 614 2558; x_wconf 78' lang='grc' dir='ltr'>τοὺς</span> <span class='ocrx_word' id='word_1_636' title='bbox 629 2528 720 2555; x_wconf 78' lang='grc' dir='ltr'>αὐτῶν</span> <span class='ocrx_word' id='word_1_637' title='bbox 734 2530 825 2564; x_wconf 82' lang='grc' dir='ltr'>κρείτ-</span> 
     </span>
    </p>
   </div>
   <div class='ocr_carea' id='block_1_86' title="bbox 43 2570 824 2609">
    <p class='ocr_par' dir='ltr' id='par_1_86' title="bbox 43 2570 824 2609">
     <span class='ocr_line' id='line_1_86' title="bbox 43 2570 824 2609; baseline 0.012 -15"><span class='ocrx_word' id='word_1_638' title='bbox 43 2576 97 2601; x_wconf 74' lang='grc' dir='ltr'>τους</span> <span class='ocrx_word' id='word_1_639' title='bbox 119 2572 143 2597; x_wconf 85' lang='grc' dir='ltr'>οἱ</span> <span class='ocrx_word' id='word_1_640' title='bbox 169 2570 255 2605; x_wconf 72' lang='grc' dir='ltr'>πενίᾳ</span> <span class='ocrx_word' id='word_1_641' title='bbox 283 2571 428 2603; x_wconf 75' lang='grc' dir='ltr'>συζῶντες·</span> <span class='ocrx_word' id='word_1_642' title='bbox 453 2572 555 2599; x_wconf 76' lang='grc' dir='ltr'>δεδίασι</span> <span class='ocrx_word' id='word_1_643' title='bbox 573 2575 626 2609; x_wconf 74' lang='grc' dir='ltr'><strong>γὰρ</strong></span> <span class='ocrx_word' id='word_1_644' title='bbox 653 2574 736 2609; x_wconf 85' lang='grc' dir='ltr'>ἄμφω</span> <span class='ocrx_word' id='word_1_645' title='bbox 761 2577 824 2608; x_wconf 81' lang='grc' dir='ltr'>τοὺς</span> 
     </span>
    </p>
   </div>
   <div class='ocr_carea' id='block_1_87' title="bbox 43 2616 822 2657">
    <p class='ocr_par' dir='ltr' id='par_1_87' title="bbox 43 2616 822 2657">
     <span class='ocr_line' id='line_1_87' title="bbox 43 2616 822 2657; baseline 0.009 -16"><span class='ocrx_word' id='word_1_646' title='bbox 43 2617 133 2650; x_wconf 67' lang='grc' dir='ltr'>νόμους</span> <span class='ocrx_word' id='word_1_647' title='bbox 151 2616 200 2648; x_wconf 82' lang='grc' dir='ltr'><strong>οὓς</strong></span> <span class='ocrx_word' id='word_1_648' title='bbox 216 2616 298 2648; x_wconf 74' lang='grc' dir='ltr'>αὐτὸς</span> <span class='ocrx_word' id='word_1_649' title='bbox 319 2617 447 2653; x_wconf 79' lang='grc' dir='ltr'>ἰσχυροὺς</span> <span class='ocrx_word' id='word_1_650' title='bbox 462 2620 561 2650; x_wconf 79' lang='grc' dir='ltr'>ποιεϊς,</span> <span class='ocrx_word' id='word_1_651' title='bbox 574 2619 733 2656; x_wconf 70' lang='grc' dir='ltr'>δικαιοσύνῃ</span> <span class='ocrx_word' id='word_1_652' title='bbox 753 2623 822 2657; x_wconf 80' lang='grc' dir='ltr'>πρὸς</span> 
     </span>
    </p>
   </div>
   <div class='ocr_carea' id='block_1_88' title="bbox 44 2662 826 2703">
    <p class='ocr_par' dir='ltr' id='par_1_88' title="bbox 44 2662 826 2703">
     <span class='ocr_line' id='line_1_88' title="bbox 44 2662 826 2703; baseline 0.006 -14"><span class='ocrx_word' id='word_1_653' title='bbox 44 2664 125 2690; x_wconf 67' lang='grc' dir='ltr'>πάντα</span> <span class='ocrx_word' id='word_1_654' title='bbox 140 2664 296 2698; x_wconf 77' lang='grc' dir='ltr'>χρώμενος.</span> <span class='ocrx_word' id='word_1_655' title='bbox 310 2663 367 2690; x_wconf 87' lang='grc' dir='ltr'>Νῦν</span> <span class='ocrx_word' id='word_1_656' title='bbox 383 2662 452 2695; x_wconf 81' lang='grc' dir='ltr'>εἶδος</span> <span class='ocrx_word' id='word_1_657' title='bbox 465 2665 625 2699; x_wconf 78' lang='grc' dir='ltr'>εὐεργεσίας</span> <span class='ocrx_word' id='word_1_658' title='bbox 637 2667 752 2703; x_wconf 74' lang='grc' dir='ltr'>ἐξεφάνη</span> <span class='ocrx_word' id='word_1_659' title='bbox 766 2677 826 2694; x_wconf 89' lang='grc' dir='ltr'>και-</span> 
     </span>
    </p>
   </div>
   <div class='ocr_carea' id='block_1_89' title="bbox 44 2709 826 2747">
    <p class='ocr_par' dir='ltr' id='par_1_89' title="bbox 44 2709 826 2747">
     <span class='ocr_line' id='line_1_89' title="bbox 44 2709 826 2747; baseline 0.009 -13"><span class='ocrx_word' id='word_1_660' title='bbox 44 2709 93 2741; x_wconf 55' lang='grc' dir='ltr'>νὴν,</span> <span class='ocrx_word' id='word_1_661' title='bbox 107 2712 154 2737; x_wconf 55' lang='grc' dir='ltr'><strong>καλ⁵</strong></span> <span class='ocrx_word' id='word_1_662' title='bbox 171 2710 280 2741; x_wconf 77' lang='grc' dir='ltr'>πάντας</span> <span class='ocrx_word' id='word_1_663' title='bbox 302 2710 395 2741; x_wconf 80' lang='grc' dir='ltr'>ἁπλῶς</span> <span class='ocrx_word' id='word_1_664' title='bbox 412 2711 443 2737; x_wconf 80' lang='grc' dir='ltr'><strong>εὖ</strong></span> <span class='ocrx_word' id='word_1_665' title='bbox 464 2713 562 2742; x_wconf 77' lang='grc' dir='ltr'>ποιεῖς·</span> <span class='ocrx_word' id='word_1_666' title='bbox 577 2713 639 2744; x_wconf 77' lang='grc' dir='ltr'>τοὺς</span> <span class='ocrx_word' id='word_1_667' title='bbox 657 2713 707 2747; x_wconf 78' lang='grc' dir='ltr'>μὲν</span> <span class='ocrx_word' id='word_1_668' title='bbox 725 2715 826 2746; x_wconf 76' lang='grc' dir='ltr'>ἐνδεεῖς</span> 
     </span>
    </p>
   </div>
   <div class='ocr_carea' id='block_1_90' title="bbox 43 2756 824 2796">
    <p class='ocr_par' dir='ltr' id='par_1_90' title="bbox 43 2756 824 2796">
     <span class='ocr_line' id='line_1_90' title="bbox 43 2756 824 2796; baseline 0.006 -14"><span class='ocrx_word' id='word_1_669' title='bbox 43 2757 73 2782; x_wconf 79' lang='grc' dir='ltr'>δι’</span> <span class='ocrx_word' id='word_1_670' title='bbox 87 2758 151 2785; x_wconf 70' lang='grc' dir='ltr'>αὐτὶ</span> <span class='ocrx_word' id='word_1_671' title='bbox 172 2756 266 2788; x_wconf 83' lang='grc' dir='ltr'>τοῦτο,</span> <span class='ocrx_word' id='word_1_672' title='bbox 288 2758 349 2788; x_wconf 79' lang='grc' dir='ltr'>τοὺς</span> <span class='ocrx_word' id='word_1_673' title='bbox 367 2758 390 2783; x_wconf 83' lang='grc' dir='ltr'>δ’</span> <span class='ocrx_word' id='word_1_674' title='bbox 405 2757 476 2792; x_wconf 80' lang='grc' dir='ltr'>ἔχειν</span> <span class='ocrx_word' id='word_1_675' title='bbox 484 2758 639 2790; x_wconf 76' lang='grc' dir='ltr'>δοκοῦντας,</span> <span class='ocrx_word' id='word_1_676' title='bbox 656 2760 698 2786; x_wconf 78' lang='grc' dir='ltr'>ἵνα</span> <span class='ocrx_word' id='word_1_677' title='bbox 713 2761 750 2796; x_wconf 80' lang='grc' dir='ltr'>μὴ</span> <span class='ocrx_word' id='word_1_678' title='bbox 771 2761 824 2787; x_wconf 84' lang='grc' dir='ltr'><strong>τῶν</strong></span> 
     </span>
    </p>
   </div>
   <div class='ocr_carea' id='block_1_91' title="bbox 44 2802 825 2841">
    <p class='ocr_par' dir='ltr' id='par_1_91' title="bbox 44 2802 825 2841">
     <span class='ocr_line' id='line_1_91' title="bbox 44 2802 825 2841; baseline 0.006 -14"><span class='ocrx_word' id='word_1_679' title='bbox 44 2803 88 2830; x_wconf 66' lang='grc' dir='ltr'>οὐκ</span> <span class='ocrx_word' id='word_1_680' title='bbox 102 2805 224 2838; x_wconf 63' lang='grc' dir='ltr'>ἑχόντων</span> <span class='ocrx_word' id='word_1_681' title='bbox 235 2802 357 2836; x_wconf 77' lang='grc' dir='ltr'>γένωντα</span> <span class='ocrx_word' id='word_1_682' title='bbox 381 2806 451 2831; x_wconf 81' lang='grc' dir='ltr'>κατὰ</span> <span class='ocrx_word' id='word_1_683' title='bbox 462 2805 525 2836; x_wconf 84' lang='grc' dir='ltr'>τοὺς</span> <span class='ocrx_word' id='word_1_684' title='bbox 536 2805 640 2836; x_wconf 73' lang='grc' dir='ltr'>δεινοὺς</span> <span class='ocrx_word' id='word_1_685' title='bbox 653 2806 709 2832; x_wconf 80' lang='grc' dir='ltr'>τῶν</span> <span class='ocrx_word' id='word_1_686' title='bbox 725 2806 825 2841; x_wconf 76' lang='grc' dir='ltr'>κυϐερ-</span> 
     </span>
    </p>
   </div>
   <div class='ocr_carea' id='block_1_92' title="bbox 201 2862 548 2894">
    <p class='ocr_par' dir='ltr' id='par_1_92' title="bbox 201 2862 548 2894">
     <span class='ocr_line' id='line_1_92' title="bbox 201 2862 548 2894; baseline 0.006 -3"><span class='ocrx_word' id='word_1_687' title='bbox 201 2862 336 2891; x_wconf 76' lang='grc' dir='ltr'>[Ἀτιιοι.</span> <span class='ocrx_word' id='word_1_688' title='bbox 353 2863 367 2891; x_wconf 73' lang='grc'>(</span> <span class='ocrx_word' id='word_1_689' title='bbox 379 2871 411 2893; x_wconf 82' lang='lat' dir='ltr'><strong>n.</strong></span> <span class='ocrx_word' id='word_1_690' title='bbox 431 2863 548 2894; x_wconf 79' lang='lat' dir='ltr'><strong>CXLV.</strong></span> 
     </span>
    </p>
   </div>
   <div class='ocr_carea' id='block_1_93' title="bbox 877 1879 1661 1912">
    <p class='ocr_par' dir='ltr' id='par_1_93' title="bbox 877 1879 1661 1912">
     <span class='ocr_line' id='line_1_93' title="bbox 877 1879 1661 1912; baseline 0.006 -7"><span class='ocrx_word' id='word_1_691' title='bbox 877 1879 1049 1912; x_wconf 80' lang='lat' dir='ltr'><strong>videbantur,</strong></span> <span class='ocrx_word' id='word_1_692' title='bbox 1074 1888 1107 1907; x_wconf 87' lang='lat' dir='ltr'><strong>ea</strong></span> <span class='ocrx_word' id='word_1_693' title='bbox 1133 1884 1161 1907; x_wconf 84' lang='lat' dir='ltr'><strong>tu</strong></span> <span class='ocrx_word' id='word_1_694' title='bbox 1191 1889 1262 1908; x_wconf 84' lang='lat' dir='ltr'><strong>unus</strong></span> <span class='ocrx_word' id='word_1_695' title='bbox 1285 1882 1442 1909; x_wconf 79' lang='lat' dir='ltr'><strong>mortalium</strong></span> <span class='ocrx_word' id='word_1_696' title='bbox 1464 1883 1505 1910; x_wconf 88' lang='lat' dir='ltr'><strong>sic</strong></span> <span class='ocrx_word' id='word_1_697' title='bbox 1528 1883 1556 1909; x_wconf 89' lang='lat' dir='ltr'><strong>in</strong></span> <span class='ocrx_word' id='word_1_698' title='bbox 1577 1891 1661 1910; x_wconf 86' lang='lat' dir='ltr'><strong>unum</strong></span> 
     </span>
    </p>
   </div>
   <div class='ocr_carea' id='block_1_94' title="bbox 877 1925 1662 1964">
    <p class='ocr_par' dir='ltr' id='par_1_94' title="bbox 877 1925 1662 1964">
     <span class='ocr_line' id='line_1_94' title="bbox 877 1925 1662 1964; baseline 0.005 -12"><span class='ocrx_word' id='word_1_699' title='bbox 877 1925 1044 1958; x_wconf 74' lang='lat' dir='ltr'><strong>conduxisti,</strong></span> <span class='ocrx_word' id='word_1_700' title='bbox 1054 1931 1084 1953; x_wconf 90' lang='lat' dir='ltr'><strong>ut</strong></span> <span class='ocrx_word' id='word_1_701' title='bbox 1098 1927 1216 1954; x_wconf 86' lang='lat' dir='ltr'><strong>alterum</strong></span> <span class='ocrx_word' id='word_1_702' title='bbox 1228 1927 1306 1954; x_wconf 87' lang='lat' dir='ltr'><strong>alteri</strong></span> <span class='ocrx_word' id='word_1_703' title='bbox 1318 1928 1387 1955; x_wconf 87' lang='lat' dir='ltr'><strong>nihil</strong></span> <span class='ocrx_word' id='word_1_704' title='bbox 1402 1928 1526 1956; x_wconf 83' lang='lat' dir='ltr'><strong>officeret</strong></span> <span class='ocrx_word' id='word_1_705' title='bbox 1541 1937 1548 1955; x_wconf 83' lang='lat'><strong>:</strong></span> <span class='ocrx_word' id='word_1_706' title='bbox 1564 1937 1662 1964; x_wconf 82' lang='lat' dir='ltr'><strong>nempe</strong></span> 
     </span>
    </p>
   </div>
   <div class='ocr_carea' id='block_1_95' title="bbox 877 1972 1661 2010">
    <p class='ocr_par' dir='ltr' id='par_1_95' title="bbox 877 1972 1661 2010">
     <span class='ocr_line' id='line_1_95' title="bbox 877 1972 1661 2010; baseline 0.006 -12"><span class='ocrx_word' id='word_1_707' title='bbox 877 1972 960 1998; x_wconf 86' lang='lat' dir='ltr'><strong>mites</strong></span> <span class='ocrx_word' id='word_1_708' title='bbox 985 1980 1017 1999; x_wconf 90' lang='lat' dir='ltr'><strong>ac</strong></span> <span class='ocrx_word' id='word_1_709' title='bbox 1033 1972 1170 1999; x_wconf 86' lang='lat' dir='ltr'><strong>humanos</strong></span> <span class='ocrx_word' id='word_1_710' title='bbox 1181 1974 1290 2008; x_wconf 88' lang='lat' dir='ltr'><strong>justitia</strong></span> <span class='ocrx_word' id='word_1_711' title='bbox 1307 1974 1406 2006; x_wconf 87' lang='lat' dir='ltr'><strong>anteis,</strong></span> <span class='ocrx_word' id='word_1_712' title='bbox 1432 1975 1545 2002; x_wconf 85' lang='lat' dir='ltr'><strong>lenitate</strong></span> <span class='ocrx_word' id='word_1_713' title='bbox 1559 1976 1661 2010; x_wconf 83' lang='lat' dir='ltr'><strong>justas,</strong></span> 
     </span>
    </p>
   </div>
   <div class='ocr_carea' id='block_1_96' title="bbox 877 2019 1661 2058">
    <p class='ocr_par' dir='ltr' id='par_1_96' title="bbox 877 2019 1661 2058">
     <span class='ocr_line' id='line_1_96' title="bbox 877 2019 1661 2058; baseline 0.006 -13"><span class='ocrx_word' id='word_1_714' title='bbox 877 2027 925 2046; x_wconf 87' lang='lat' dir='ltr'><strong>seu</strong></span> <span class='ocrx_word' id='word_1_715' title='bbox 946 2019 968 2046; x_wconf 87' lang='lat' dir='ltr'><strong>si</strong></span> <span class='ocrx_word' id='word_1_716' title='bbox 996 2019 1094 2051; x_wconf 88' lang='lat' dir='ltr'><strong>mavis,</strong></span> <span class='ocrx_word' id='word_1_717' title='bbox 1111 2021 1190 2048; x_wconf 78' lang='lat' dir='ltr'><strong>tenes</strong></span> <span class='ocrx_word' id='word_1_718' title='bbox 1220 2020 1399 2056; x_wconf 80' lang='lat' dir='ltr'><strong>indulgentia,</strong></span> <span class='ocrx_word' id='word_1_719' title='bbox 1419 2022 1471 2049; x_wconf 87' lang='lat' dir='ltr'><strong>hos</strong></span> <span class='ocrx_word' id='word_1_720' title='bbox 1495 2027 1598 2055; x_wconf 87' lang='lat' dir='ltr'><strong>autem,</strong></span> <span class='ocrx_word' id='word_1_721' title='bbox 1614 2024 1661 2058; x_wconf 90' lang='lat' dir='ltr'><strong>qui</strong></span> 
     </span>
    </p>
   </div>
   <div class='ocr_carea' id='block_1_97' title="bbox 874 2065 1663 2104">
    <p class='ocr_par' dir='ltr' id='par_1_97' title="bbox 874 2065 1663 2104">
     <span class='ocr_line' id='line_1_97' title="bbox 874 2065 1663 2104; baseline 0.006 -12"><span class='ocrx_word' id='word_1_722' title='bbox 874 2065 981 2100; x_wconf 86' lang='lat' dir='ltr'><strong>justitia</strong></span> <span class='ocrx_word' id='word_1_723' title='bbox 1004 2067 1127 2100; x_wconf 75' lang='lat' dir='ltr'><strong>insignes</strong></span> <span class='ocrx_word' id='word_1_724' title='bbox 1155 2067 1312 2100; x_wconf 72' lang='lat' dir='ltr'><strong>trahentur,</strong></span> <span class='ocrx_word' id='word_1_725' title='bbox 1336 2069 1408 2103; x_wconf 87' lang='lat' dir='ltr'><strong>quod</strong></span> <span class='ocrx_word' id='word_1_726' title='bbox 1438 2069 1531 2104; x_wconf 85' lang='lat' dir='ltr'><strong>ejusce</strong></span> <span class='ocrx_word' id='word_1_727' title='bbox 1553 2070 1663 2097; x_wconf 88' lang='lat' dir='ltr'><strong>virtutis</strong></span> 
     </span>
    </p>
   </div>
   <div class='ocr_carea' id='block_1_98' title="bbox 877 2112 1663 2152">
    <p class='ocr_par' dir='ltr' id='par_1_98' title="bbox 877 2112 1663 2152">
     <span class='ocr_line' id='line_1_98' title="bbox 877 2112 1663 2152; baseline 0.006 -13"><span class='ocrx_word' id='word_1_728' title='bbox 877 2112 994 2146; x_wconf 89' lang='lat' dir='ltr'><strong>ipsemet</strong></span> <span class='ocrx_word' id='word_1_729' title='bbox 1003 2113 1142 2147; x_wconf 82' lang='lat' dir='ltr'><strong>exemplar</strong></span> <span class='ocrx_word' id='word_1_730' title='bbox 1151 2121 1181 2140; x_wconf 84' lang='lat' dir='ltr'><strong>es</strong></span> <span class='ocrx_word' id='word_1_731' title='bbox 1190 2122 1197 2140; x_wconf 90' lang='lat'><strong>:</strong></span> <span class='ocrx_word' id='word_1_732' title='bbox 1207 2122 1224 2140; x_wconf 94' lang='lat' dir='ltr'><strong>o</strong></span> <span class='ocrx_word' id='word_1_733' title='bbox 1233 2114 1422 2142; x_wconf 87' lang='lat' dir='ltr'><strong>admirabilem</strong></span> <span class='ocrx_word' id='word_1_734' title='bbox 1440 2116 1569 2144; x_wconf 81' lang='lat' dir='ltr'><strong>ontnibus</strong></span> <span class='ocrx_word' id='word_1_735' title='bbox 1581 2121 1663 2152; x_wconf 87' lang='lat' dir='ltr'><strong>atque</strong></span> 
     </span>
    </p>
   </div>
   <div class='ocr_carea' id='block_1_99' title="bbox 878 2159 1662 2198">
    <p class='ocr_par' dir='ltr' id='par_1_99' title="bbox 878 2159 1662 2198">
     <span class='ocr_line' id='line_1_99' title="bbox 878 2159 1662 2198; baseline 0.006 -13"><span class='ocrx_word' id='word_1_736' title='bbox 878 2159 1023 2194; x_wconf 73' lang='lat' dir='ltr'><strong>gloriosam</strong></span> <span class='ocrx_word' id='word_1_737' title='bbox 1040 2160 1262 2195; x_wconf 85' lang='lat' dir='ltr'><strong>conjunctionem</strong></span> <span class='ocrx_word' id='word_1_738' title='bbox 1276 2161 1283 2188; x_wconf 85' lang='grc' dir='ltr'><strong>ι</strong></span> <span class='ocrx_word' id='word_1_739' title='bbox 1298 2169 1359 2195; x_wconf 66' lang='lat' dir='ltr'><strong>qua:</strong></span> <span class='ocrx_word' id='word_1_740' title='bbox 1370 2162 1410 2189; x_wconf 83' lang='lat' dir='ltr'><strong>sic</strong></span> <span class='ocrx_word' id='word_1_741' title='bbox 1423 2167 1468 2189; x_wconf 91' lang='lat' dir='ltr'><strong>tua</strong></span> <span class='ocrx_word' id='word_1_742' title='bbox 1483 2163 1594 2198; x_wconf 87' lang='lat' dir='ltr'><strong>propria</strong></span> <span class='ocrx_word' id='word_1_743' title='bbox 1610 2170 1662 2196; x_wconf 88' lang='lat' dir='ltr'><strong>est,</strong></span> 
     </span>
    </p>
   </div>
   <div class='ocr_carea' id='block_1_100' title="bbox 878 2206 1662 2242">
    <p class='ocr_par' dir='ltr' id='par_1_100' title="bbox 878 2206 1662 2242">
     <span class='ocr_line' id='line_1_100' title="bbox 878 2206 1662 2242; baseline 0.006 -11"><span class='ocrx_word' id='word_1_744' title='bbox 878 2206 952 2232; x_wconf 90' lang='lat' dir='ltr'><strong>utin</strong></span> <span class='ocrx_word' id='word_1_745' title='bbox 967 2206 1065 2240; x_wconf 82' lang='lat' dir='ltr'><strong>primis</strong></span> <span class='ocrx_word' id='word_1_746' title='bbox 1081 2206 1221 2233; x_wconf 82' lang='lat' dir='ltr'><strong>fructuosa</strong></span> <span class='ocrx_word' id='word_1_747' title='bbox 1245 2208 1281 2233; x_wconf 89' lang='lat' dir='ltr'><strong>sit</strong></span> <span class='ocrx_word' id='word_1_748' title='bbox 1302 2207 1472 2242; x_wconf 63' lang='lat' dir='ltr'><strong>reipublicae.</strong></span> <span class='ocrx_word' id='word_1_749' title='bbox 1494 2208 1554 2236; x_wconf 86' lang='lat' dir='ltr'><strong>Non</strong></span> <span class='ocrx_word' id='word_1_750' title='bbox 1588 2210 1662 2236; x_wconf 90' lang='lat' dir='ltr'><strong>enim</strong></span> 
     </span>
    </p>
   </div>
   <div class='ocr_carea' id='block_1_101' title="bbox 878 2253 1663 2290">
    <p class='ocr_par' dir='ltr' id='par_1_101' title="bbox 878 2253 1663 2290">
     <span class='ocr_line' id='line_1_101' title="bbox 878 2253 1663 2290; baseline 0.005 -11"><span class='ocrx_word' id='word_1_751' title='bbox 878 2260 951 2280; x_wconf 87' lang='lat' dir='ltr'><strong>nunc</strong></span> <span class='ocrx_word' id='word_1_752' title='bbox 967 2253 1083 2287; x_wconf 86' lang='lat' dir='ltr'><strong>amplius</strong></span> <span class='ocrx_word' id='word_1_753' title='bbox 1097 2254 1253 2287; x_wconf 86' lang='lat' dir='ltr'><strong>opprimere</strong></span> <span class='ocrx_word' id='word_1_754' title='bbox 1267 2254 1362 2290; x_wconf 85' lang='lat' dir='ltr'><strong>inopes</strong></span> <span class='ocrx_word' id='word_1_755' title='bbox 1374 2263 1406 2281; x_wconf 87' lang='lat' dir='ltr'><strong>ac</strong></span> <span class='ocrx_word' id='word_1_756' title='bbox 1422 2263 1519 2282; x_wconf 74' lang='lat' dir='ltr'><strong>vexare</strong></span> <span class='ocrx_word' id='word_1_757' title='bbox 1529 2255 1663 2284; x_wconf 87' lang='lat' dir='ltr'><strong>divitibus</strong></span> 
     </span>
    </p>
   </div>
   <div class='ocr_carea' id='block_1_102' title="bbox 877 2298 1663 2334">
    <p class='ocr_par' dir='ltr' id='par_1_102' title="bbox 877 2298 1663 2334">
     <span class='ocr_line' id='line_1_102' title="bbox 877 2298 1663 2334; baseline 0.005 -10"><span class='ocrx_word' id='word_1_758' title='bbox 877 2298 952 2330; x_wconf 84' lang='lat' dir='ltr'><strong>licet,</strong></span> <span class='ocrx_word' id='word_1_759' title='bbox 969 2299 1015 2332; x_wconf 90' lang='lat' dir='ltr'><strong>qui</strong></span> <span class='ocrx_word' id='word_1_760' title='bbox 1034 2299 1148 2332; x_wconf 89' lang='lat' dir='ltr'><strong>perinde</strong></span> <span class='ocrx_word' id='word_1_761' title='bbox 1179 2304 1208 2326; x_wconf 94' lang='lat' dir='ltr'><strong>ut</strong></span> <span class='ocrx_word' id='word_1_762' title='bbox 1230 2299 1256 2326; x_wconf 92' lang='lat' dir='ltr'><strong>in</strong></span> <span class='ocrx_word' id='word_1_763' title='bbox 1280 2300 1437 2334; x_wconf 81' lang='lat' dir='ltr'><strong>captivitate</strong></span> <span class='ocrx_word' id='word_1_764' title='bbox 1467 2300 1577 2327; x_wconf 89' lang='lat' dir='ltr'><strong>urbium</strong></span> <span class='ocrx_word' id='word_1_765' title='bbox 1603 2301 1663 2328; x_wconf 86' lang='lat' dir='ltr'><strong>ﬁeri</strong></span> 
     </span>
    </p>
   </div>
   <div class='ocr_carea' id='block_1_103' title="bbox 877 2345 1663 2382">
    <p class='ocr_par' dir='ltr' id='par_1_103' title="bbox 877 2345 1663 2382">
     <span class='ocr_line' id='line_1_103' title="bbox 877 2345 1663 2382; baseline 0.005 -11"><span class='ocrx_word' id='word_1_766' title='bbox 877 2345 957 2376; x_wconf 83' lang='lat' dir='ltr'><strong>solet,</strong></span> <span class='ocrx_word' id='word_1_767' title='bbox 972 2352 1005 2372; x_wconf 78' lang='lat' dir='ltr'><strong>ex</strong></span> <span class='ocrx_word' id='word_1_768' title='bbox 1022 2346 1129 2372; x_wconf 88' lang='lat' dir='ltr'><strong>miseris</strong></span> <span class='ocrx_word' id='word_1_769' title='bbox 1142 2346 1337 2380; x_wconf 89' lang='lat' dir='ltr'><strong>compendium</strong></span> <span class='ocrx_word' id='word_1_770' title='bbox 1353 2351 1505 2381; x_wconf 80' lang='lat' dir='ltr'><strong>captantes,</strong></span> <span class='ocrx_word' id='word_1_771' title='bbox 1524 2355 1587 2374; x_wconf 80' lang='lat' dir='ltr'><strong>suas</strong></span> <span class='ocrx_word' id='word_1_772' title='bbox 1599 2348 1663 2382; x_wconf 89' lang='lat' dir='ltr'><strong>qui-</strong></span> 
     </span>
    </p>
   </div>
   <div class='ocr_carea' id='block_1_104' title="bbox 878 2391 1661 2428">
    <p class='ocr_par' dir='ltr' id='par_1_104' title="bbox 878 2391 1661 2428">
     <span class='ocr_line' id='line_1_104' title="bbox 878 2391 1661 2428; baseline 0.005 -11"><span class='ocrx_word' id='word_1_773' title='bbox 878 2391 940 2417; x_wconf 89' lang='lat' dir='ltr'><strong>dem</strong></span> <span class='ocrx_word' id='word_1_774' title='bbox 956 2391 1050 2425; x_wconf 87' lang='lat' dir='ltr'><strong>copias</strong></span> <span class='ocrx_word' id='word_1_775' title='bbox 1075 2392 1233 2425; x_wconf 77' lang='lat' dir='ltr'><strong>ingentibus</strong></span> <span class='ocrx_word' id='word_1_776' title='bbox 1247 2392 1452 2420; x_wconf 77' lang='lat' dir='ltr'><strong>accessionibus</strong></span> <span class='ocrx_word' id='word_1_777' title='bbox 1477 2394 1661 2428; x_wconf 73' lang='lat' dir='ltr'><strong>adaugebant,</strong></span> 
     </span>
    </p>
   </div>
   <div class='ocr_carea' id='block_1_105' title="bbox 877 2439 1664 2475">
    <p class='ocr_par' dir='ltr' id='par_1_105' title="bbox 877 2439 1664 2475">
     <span class='ocr_line' id='line_1_105' title="bbox 877 2439 1664 2475; baseline 0.006 -12"><span class='ocrx_word' id='word_1_778' title='bbox 877 2444 1015 2472; x_wconf 76' lang='lat' dir='ltr'><strong>pauperes</strong></span> <span class='ocrx_word' id='word_1_779' title='bbox 1034 2442 1126 2465; x_wconf 87' lang='lat' dir='ltr'><strong>autem</strong></span> <span class='ocrx_word' id='word_1_780' title='bbox 1144 2439 1179 2465; x_wconf 86' lang='lat' dir='ltr'><strong>ad</strong></span> <span class='ocrx_word' id='word_1_781' title='bbox 1191 2439 1311 2466; x_wconf 86' lang='lat' dir='ltr'><strong>lamenta</strong></span> <span class='ocrx_word' id='word_1_782' title='bbox 1325 2447 1356 2466; x_wconf 87' lang='lat' dir='ltr'><strong>ac</strong></span> <span class='ocrx_word' id='word_1_783' title='bbox 1369 2439 1502 2475; x_wconf 83' lang='lat' dir='ltr'><strong>lacrymas</strong></span> <span class='ocrx_word' id='word_1_784' title='bbox 1515 2441 1664 2475; x_wconf 84' lang='lat' dir='ltr'><strong>compelle—</strong></span> 
     </span>
    </p>
   </div>
   <div class='ocr_carea' id='block_1_106' title="bbox 878 2483 1663 2521">
    <p class='ocr_par' dir='ltr' id='par_1_106' title="bbox 878 2483 1663 2521">
     <span class='ocr_line' id='line_1_106' title="bbox 878 2483 1663 2521; baseline 0.005 -11"><span class='ocrx_word' id='word_1_785' title='bbox 878 2483 954 2516; x_wconf 89' lang='lat' dir='ltr'><strong>bant,</strong></span> <span class='ocrx_word' id='word_1_786' title='bbox 966 2489 1048 2518; x_wconf 87' lang='lat' dir='ltr'><strong>atque</strong></span> <span class='ocrx_word' id='word_1_787' title='bbox 1061 2484 1095 2511; x_wconf 93' lang='lat' dir='ltr'><strong>de</strong></span> <span class='ocrx_word' id='word_1_788' title='bbox 1110 2485 1277 2519; x_wconf 85' lang='lat' dir='ltr'><strong>pauperibus</strong></span> <span class='ocrx_word' id='word_1_789' title='bbox 1297 2487 1487 2521; x_wconf 83' lang='lat' dir='ltr'><strong>pauperrimos</strong></span> <span class='ocrx_word' id='word_1_790' title='bbox 1513 2488 1663 2515; x_wconf 90' lang='lat' dir='ltr'><strong>concinna-</strong></span> 
     </span>
    </p>
   </div>
   <div class='ocr_carea' id='block_1_107' title="bbox 878 2530 1662 2568">
    <p class='ocr_par' dir='ltr' id='par_1_107' title="bbox 878 2530 1662 2568">
     <span class='ocr_line' id='line_1_107' title="bbox 878 2530 1662 2568; baseline 0.005 -11"><span class='ocrx_word' id='word_1_791' title='bbox 878 2531 953 2558; x_wconf 87' lang='lat' dir='ltr'><strong>bant.</strong></span> <span class='ocrx_word' id='word_1_792' title='bbox 972 2530 1024 2557; x_wconf 90' lang='lat' dir='ltr'><strong>Sed</strong></span> <span class='ocrx_word' id='word_1_793' title='bbox 1044 2535 1071 2557; x_wconf 86' lang='lat' dir='ltr'><strong>et</strong></span> <span class='ocrx_word' id='word_1_794' title='bbox 1085 2531 1332 2565; x_wconf 85' lang='lat' dir='ltr'><strong>quadruplatorum</strong></span> <span class='ocrx_word' id='word_1_795' title='bbox 1348 2534 1537 2560; x_wconf 75' lang='lat' dir='ltr'><strong>extermian</strong></span> <span class='ocrx_word' id='word_1_796' title='bbox 1550 2534 1662 2568; x_wconf 84' lang='lat' dir='ltr'><strong>penitus</strong></span> 
     </span>
    </p>
   </div>
   <div class='ocr_carea' id='block_1_108' title="bbox 878 2576 1664 2612">
    <p class='ocr_par' dir='ltr' id='par_1_108' title="bbox 878 2576 1664 2612">
     <span class='ocr_line' id='line_1_108' title="bbox 878 2576 1664 2612; baseline 0.008 -10"><span class='ocrx_word' id='word_1_797' title='bbox 878 2584 952 2603; x_wconf 91' lang='lat' dir='ltr'><strong>nunc</strong></span> <span class='ocrx_word' id='word_1_798' title='bbox 971 2581 1035 2603; x_wconf 87' lang='lat' dir='ltr'><strong>sunt</strong></span> <span class='ocrx_word' id='word_1_799' title='bbox 1052 2576 1212 2609; x_wconf 66' lang='lat' dir='ltr'><strong>calumniae;</strong></span> <span class='ocrx_word' id='word_1_800' title='bbox 1236 2585 1325 2612; x_wconf 86' lang='lat' dir='ltr'><strong>neque</strong></span> <span class='ocrx_word' id='word_1_801' title='bbox 1341 2578 1505 2606; x_wconf 82' lang='lat' dir='ltr'><strong>defraudant</strong></span> <span class='ocrx_word' id='word_1_802' title='bbox 1522 2581 1664 2608; x_wconf 77' lang='lat' dir='ltr'><strong>tenuiores</strong></span> 
     </span>
    </p>
   </div>
   <div class='ocr_carea' id='block_1_109' title="bbox 877 2622 1663 2658">
    <p class='ocr_par' dir='ltr' id='par_1_109' title="bbox 877 2622 1663 2658">
     <span class='ocr_line' id='line_1_109' title="bbox 877 2622 1663 2658; baseline 0.005 -9"><span class='ocrx_word' id='word_1_803' title='bbox 877 2623 982 2656; x_wconf 78' lang='lat' dir='ltr'><strong>eosqui</strong></span> <span class='ocrx_word' id='word_1_804' title='bbox 995 2622 1190 2657; x_wconf 85' lang='lat' dir='ltr'><strong>locupletiores</strong></span> <span class='ocrx_word' id='word_1_805' title='bbox 1217 2629 1292 2656; x_wconf 85' lang='lat' dir='ltr'><strong>sunt,</strong></span> <span class='ocrx_word' id='word_1_806' title='bbox 1319 2632 1409 2658; x_wconf 88' lang='lat' dir='ltr'><strong>neque</strong></span> <span class='ocrx_word' id='word_1_807' title='bbox 1434 2626 1507 2652; x_wconf 76' lang='lat' dir='ltr'><strong>dirus</strong></span> <span class='ocrx_word' id='word_1_808' title='bbox 1525 2627 1663 2654; x_wconf 82' lang='lat' dir='ltr'><strong>habentem</strong></span> 
     </span>
    </p>
   </div>
   <div class='ocr_carea' id='block_1_110' title="bbox 879 2669 1664 2707">
    <p class='ocr_par' dir='ltr' id='par_1_110' title="bbox 879 2669 1664 2707">
     <span class='ocr_line' id='line_1_110' title="bbox 879 2669 1664 2707; baseline 0.008 -13"><span class='ocrx_word' id='word_1_809' title='bbox 879 2669 1032 2703; x_wconf 79' lang='lat' dir='ltr'><strong>aggreditur</strong></span> <span class='ocrx_word' id='word_1_810' title='bbox 1052 2669 1129 2702; x_wconf 84' lang='lat' dir='ltr'><strong>livor,</strong></span> <span class='ocrx_word' id='word_1_811' title='bbox 1146 2674 1176 2696; x_wconf 88' lang='lat' dir='ltr'><strong>ut</strong></span> <span class='ocrx_word' id='word_1_812' title='bbox 1199 2669 1244 2696; x_wconf 84' lang='lat' dir='ltr'><strong>ille</strong></span> <span class='ocrx_word' id='word_1_813' title='bbox 1263 2669 1368 2704; x_wconf 88' lang='lat' dir='ltr'><strong>Sophili</strong></span> <span class='ocrx_word' id='word_1_814' title='bbox 1389 2671 1482 2698; x_wconf 83' lang='lat' dir='ltr'><strong>aiebat</strong></span> <span class='ocrx_word' id='word_1_815' title='bbox 1503 2672 1575 2699; x_wconf 82' lang='lat' dir='ltr'><strong>filius</strong></span> <span class='ocrx_word' id='word_1_816' title='bbox 1602 2673 1664 2707; x_wconf 91' lang='lat' dir='ltr'><strong>(So-</strong></span> 
     </span>
    </p>
   </div>
   <div class='ocr_carea' id='block_1_111' title="bbox 879 2715 1663 2750">
    <p class='ocr_par' dir='ltr' id='par_1_111' title="bbox 879 2715 1663 2750">
     <span class='ocr_line' id='line_1_111' title="bbox 879 2715 1663 2750; baseline 0.009 -10"><span class='ocrx_word' id='word_1_817' title='bbox 879 2715 1000 2749; x_wconf 68' lang='lat' dir='ltr'><strong>phocles,</strong></span> <span class='ocrx_word' id='word_1_818' title='bbox 1009 2715 1102 2742; x_wconf 79' lang='grc' dir='ltr'>Αἴαντι</span> <span class='ocrx_word' id='word_1_819' title='bbox 1118 2716 1190 2750; x_wconf 73' lang='lat'><strong>157),</strong></span> <span class='ocrx_word' id='word_1_820' title='bbox 1212 2716 1260 2744; x_wconf 86' lang='lat' dir='ltr'><strong>sed</strong></span> <span class='ocrx_word' id='word_1_821' title='bbox 1276 2721 1369 2744; x_wconf 85' lang='lat' dir='ltr'><strong>mutua</strong></span> <span class='ocrx_word' id='word_1_822' title='bbox 1384 2717 1462 2744; x_wconf 82' lang='lat' dir='ltr'><strong>aiteri</strong></span> <span class='ocrx_word' id='word_1_823' title='bbox 1474 2718 1663 2747; x_wconf 80' lang='lat' dir='ltr'><strong>alterisoﬂicia</strong></span> 
     </span>
    </p>
   </div>
   <div class='ocr_carea' id='block_1_112' title="bbox 879 2763 1663 2798">
    <p class='ocr_par' dir='ltr' id='par_1_112' title="bbox 879 2763 1663 2798">
     <span class='ocr_line' id='line_1_112' title="bbox 879 2763 1663 2798; baseline 0.006 -11"><span class='ocrx_word' id='word_1_824' title='bbox 879 2765 1010 2795; x_wconf 56' lang='lat' dir='ltr'><strong>praestant</strong></span> <span class='ocrx_word' id='word_1_825' title='bbox 1025 2769 1032 2791; x_wconf 73' lang='grc' dir='ltr'><strong>ι</strong></span> <span class='ocrx_word' id='word_1_826' title='bbox 1050 2765 1160 2796; x_wconf 88' lang='lat' dir='ltr'><strong>quando</strong></span> <span class='ocrx_word' id='word_1_827' title='bbox 1175 2767 1202 2790; x_wconf 89' lang='lat' dir='ltr'><strong>et</strong></span> <span class='ocrx_word' id='word_1_828' title='bbox 1216 2763 1307 2798; x_wconf 76' lang='lat' dir='ltr'><strong>gravis</strong></span> <span class='ocrx_word' id='word_1_829' title='bbox 1331 2763 1429 2790; x_wconf 92' lang='lat' dir='ltr'><strong>horum</strong></span> <span class='ocrx_word' id='word_1_830' title='bbox 1453 2764 1571 2792; x_wconf 75' lang='lat' dir='ltr'><strong>fortuna:</strong></span> <span class='ocrx_word' id='word_1_831' title='bbox 1586 2765 1663 2792; x_wconf 89' lang='lat' dir='ltr'><strong>locu-</strong></span> 
     </span>
    </p>
   </div>
   <div class='ocr_carea' id='block_1_113' title="bbox 879 2807 1662 2846">
    <p class='ocr_par' dir='ltr' id='par_1_113' title="bbox 879 2807 1662 2846">
     <span class='ocr_line' id='line_1_113' title="bbox 879 2807 1662 2846; baseline 0.008 -13"><span class='ocrx_word' id='word_1_832' title='bbox 879 2808 965 2842; x_wconf 76' lang='lat' dir='ltr'><strong>pletes</strong></span> <span class='ocrx_word' id='word_1_833' title='bbox 980 2807 1102 2842; x_wconf 80' lang='lat' dir='ltr'><strong>miseret,</strong></span> <span class='ocrx_word' id='word_1_834' title='bbox 1127 2809 1333 2846; x_wconf 82' lang='lat' dir='ltr'><strong>facilioremque</strong></span> <span class='ocrx_word' id='word_1_835' title='bbox 1353 2810 1415 2837; x_wconf 73' lang='lat' dir='ltr'><strong>vitae</strong></span> <span class='ocrx_word' id='word_1_836' title='bbox 1438 2810 1570 2838; x_wconf 88' lang='lat' dir='ltr'><strong>rationem</strong></span> <span class='ocrx_word' id='word_1_837' title='bbox 1595 2811 1662 2846; x_wconf 76' lang='lat' dir='ltr'><strong>ipsis</strong></span> 
     </span>
    </p>
   </div>
   <div class='ocr_carea' id='block_1_114' title="bbox 1438 2869 1473 2900">
    <p class='ocr_par' dir='ltr' id='par_1_114' title="bbox 1438 2869 1473 2900">
     <span class='ocr_line' id='line_1_114' title="bbox 1438 2869 1473 2900; baseline -0.029 0"><span class='ocrx_word' id='word_1_838' title='bbox 1438 2869 1473 2900; x_wconf 82' lang='grc'><strong>13</strong></span> 
     </span>
    </p>
   </div>
  </div>
