1878 3060
226 136 278 166 335

840 136 1038 167 TIIEODULI
1061 136 1233 167 MONAClll
1812 137 1867 166 .‘l'iii

226 196 355 226 exoptant
375 198 421 219 .el
442 194 467 220 lti
484 202 578 221 rursus
597 193 642 228 qui
667 198 794 228 egestate
811 192 967 220 coullictanl

1123 191 1168 224 ὦν,
1183 191 1207 217 οἳ
1223 189 1270 217 καὶ
1285 190 1404 225 γαλήνης
1424 190 1506 225 οὔσης
1528 190 1646 225 χρῶνται
1662 192 1693 226 τῇ
1708 191 1806 226 τέχνῃ,
1827 194 1864 226 μὴ

227 239 394 272 potentiores
419 240 512 266 colunt
548 246 581 266 ac
608 240 776 271 observattt,
808 245 906 272 netnpe
940 238 1014 273 leges

228 285 336 318 utrique
348 291 483 317 metuunt,
501 286 579 319 queis
593 285 648 312 vim
665 293 741 312 suatn
756 293 788 312 ac
805 285 890 311 robur
901 284 1014 316 astruis,

227 338 288 357 cum
306 331 433 358 omnibus
447 332 472 357 itt
490 332 570 358 rebus
582 331 720 365 justitiam
742 338 849 358 servas.
869 329 938 356 Tutu
962 337 1010 356 no-

226 385 289 403 vum
308 376 445 409 quoddam
462 376 652 404 beneﬁcentia:
677 384 751 403 nunc
773 376 899 410 apparuit
917 383 1015 410 genus,

225 428 251 448 et
269 427 295 448 tu
320 413 481 456 simpliciter
505 421 575 448 bene
598 421 632 448 dc
649 421 787 448 universis
811 421 949 448 utereris:
981 421 1015 448 de

227 467 354 501 tnopibus
380 467 527 498 videlicet,
549 467 648 501 inopia:
680 466 766 501 ipsius
792 473 886 498 causa,
916 466 950 493 de
980 467 1015 494 iis

223 517 327 544 autem,
343 511 445 546 quibus
459 512 619 539 meliuscule
630 519 689 539 esse
708 512 835 549 videtur,
854 519 888 538 tte
901 517 928 538 et
944 511 971 538 hi
988 511 1014 538 in

225 558 296 584 illa‘u
313 558 560 592 egentissimorum
574 557 700 584 recidant
716 557 830 585 classem
851 567 857 583 :
875 557 1015 584 solertiqu

224 611 289 630 sane
303 611 377 630 more
391 604 621 637 gubernatorum,
633 603 680 637 qui
698 611 731 630 ne
749 608 804 629 lum
822 603 932 638 quidem
953 610 1015 630 cutn

223 649 322 676 sudum
343 657 374 676 ac
389 657 518 676 serenum
538 654 595 679 est.
612 649 645 676 ab
663 653 723 676 arte
745 657 794 675 511³
812 649 962 681 recedunt,
981 656 1016 676 ne

223 702 276 729 qua
294 694 364 721 forte
390 694 492 721 illisutn
522 695 649 722 cantibus
671 695 844 730 ditl‘ringatur
866 695 1014 729 navigium.

224 740 384 772 Quanquam
397 747 472 768 vero.
491 747 505 766 a
524 740 600 766 nullo
611 740 675 766 dum
691 740 849 766 mortalium
862 739 933 767 istuc
948 747 1017 774 prm-

224 785 319 812 stitum
336 785 422 812 fuisse
443 785 578 813 affirmare
609 785 753 817 habemus.
782 794 832 813 nec
846 786 878 813 ad
903 786 1014 821 aliquod

225 830 328 857 referre
341 831 405 857 licet
420 832 601 866 exemplum:
623 832 698 859 solus
725 837 752 858 tu
774 832 847 859 enim
874 832 1014 867 reperisti,

224 876 299 903 solus
311 876 447 910 protulisti
466 877 492 904 in
509 878 598 904 lucem
616 878 770 904 :exsistent
784 881 889 909 tanien,
903 878 1013 913 opinor,

224 923 272 958 qui
293 924 360 951 illud
379 925 596 957 aemulabuntur,
631 925 741 959 eritque
767 924 926 957 fortassean,
951 932 1013 952 cum

224 969 278 996 tuis
291 969 365 997 hisce
380 969 501 997 secunda
514 975 620 1004 tempus
633 970 716 997 edere
736 970 893 998 conabitur.
912 970 1012 997 Verum

223 1015 296 1042 ettim
311 1022 376 1042 vero
392 1015 472 1050 quod-
486 1016 522 1043 ita
538 1016 619 1050 plane
631 1023 693 1043 eum
718 1017 836 1051 benigne
857 1016 919 1043 aliis
933 1016 1012 1048 facis,

224 1061 482 1096 tlelectaris,lqttasi
508 1061 529 1088 si
552 1062 600 1088 tibi
631 1061 681 1096 ipsi
707 1062 774 1089 illud
801 1062 882 1089 tribui
901 1069 1014 1090 censeas

224 1107 398 1138 beneficium,
414 1107 486 1141 quod
502 1107 541 1134 sic
557 1108 621 1133 item
635 1113 779 1142 promptus
789 1107 821 1134 ad
839 1107 1011 1142 largiendum

224 1160 264 1185 es,
282 1156 312 1179 ut
327 1153 372 1179 vix
388 1153 458 1180 alius
474 1152 555 1185 ttllus,
576 1153 810 1186 quemadmodum
827 1153 957 1184 arbitror,
977 1153 1010 1180 ad

223 1199 439 1233 accipiendum:
467 1203 549 1234 atque
577 1201 625 1226 has
653 1207 722 1226 uttas
747 1199 933 1233 maximasque
962 1199 1011 1226 tibi

223 1252 289 1278 opes
304 1253 365 1272 esse
380 1246 489 1277 statuis,
508 1245 643 1280 quidquid
666 1246 761 1277 habes.
775 1245 809 1272 ad
827 1246 896 1273 alios
922 1250 1012 1273 trans-

223 1291 305 1323 lerre,
321 1298 426 1325 eosque
441 1291 514 1325 quod
536 1297 594 1318 tute
609 1296 689 1318 antea
713 1291 817 1322 fueras.
842 1297 868 1318 te
885 1292 957 1326 quod
973 1292 1011 1318 illi

223 1341 313 1380 erant,
343 1337 411 1369 ﬁeri,
437 1336 490 1363 hoc
519 1337 608 1371 ipsum
637 1342 713 1363 tuttttt
738 1336 862 1371 profecto
875 1336 961 1364 solius
983 1341 1011 1363 et

224 1383 365 1417 proprium
380 1387 431 1413 est.
445 1383 472 1409 in
488 1391 543 1418 quo
558 1383 664 1410 ttultttm
680 1390 768 1418 neque
780 1383 1010 1418 ltabuistimeque

223 1435 342 1462 unquam
359 1428 502 1455 habiturus
519 1436 560 1459 es,
577 1429 681 1455 socium
699 1438 707 1455 ι
728 1436 798 1456 unus
819 1433 847 1455 tu
871 1429 956 1461 enim,
980 1432 1010 1455 ut

224 1482 280 1501 rem
296 1473 383 1501 verbo
408 1474 562 1504 absolvant.
583 1474 716 1501 adversus
730 1475 871 1509 graviores
892 1475 1010 1502 fortunat

1068 239 1227 273 περιρῤαγῇ
1245 246 1298 263 που
1318 237 1347 263 τδ
1367 237 1471 271 σκάφος
1491 237 1704 276 προσεγκύρσαν
1729 238 1863 265 σπιλάσι.

1068 285 1165 310 Καίτοι
1182 283 1262 309 τοῦτο
1287 284 1336 318 μὲν
1358 284 1382 310 εξ
1397 284 1444 310 καὶ
1475 284 1569 319 μηδενὶ
1594 293 1637 310 πω
1653 284 1707 311 τῶν
1725 285 1865 311 ἁπάντων

1066 330 1250 364 εἰργασμένον
1266 329 1362 364 ἔχομεν
1375 329 1476 363 λέγειν,
1486 329 1541 355 οὐδ’
1551 329 1624 356 ἔστιν
1636 331 1675 360 εἰς
1688 329 1865 364 παράδειγμ’

1067 376 1236 409 ἀνενεγκεῖν·
1256 375 1336 410 μόνος
1362 375 1416 409 γὰρ
1434 375 1545 409 ἐξεῦρες
1560 375 1608 402 καὶ
1632 377 1713 410 μόνος
1727 375 1864 410 προῦφη-

1068 429 1126 453 νας·
1141 421 1200 448 ἀλλ’
1211 419 1259 448 οὖν
1276 421 1383 448 ἔσονται
1397 430 1470 452 τινες
1488 421 1622 454 ζηλωταΓ
1638 425 1685 448 και
1701 423 1867 456 φιλονεική-

1069 474 1109 492 σει
1127 465 1187 492 ποτ’
1202 466 1235 492 ἂν
1253 467 1318 497 ἴσως
1335 466 1349 492 ὁ
1374 466 1470 500 χρόνος
1483 465 1576 492 δοῦναι
1588 466 1623 492 τὰ
1643 466 1774 501 δεύτερα·
1791 467 1825 493 τὸ
1841 468 1865 492 δ’

1070 512 1142 539 οὕτω
1168 513 1218 546 μὲν
1245 513 1351 547 χαίρειν
1372 512 1402 538 εὖ
1423 513 1551 539 ποιοῦντα
1567 513 1629 544 τοὺς
1650 513 1746 544 ἄλλους
1764 513 1866 547 ὥσπερ

1069 559 1151 585 αὐτὸν
1168 559 1198 585 εὖ
1213 560 1329 593 πάσχειν
1349 558 1482 592 νομίζειν,
1501 558 1573 584 οὕτω
1586 558 1614 584 δὲ
1629 558 1775 594 πρόθυμον
1790 556 1866 586 εἶναι

1067 606 1184 638 διδόντα,
1197 605 1234 636 ὡς
1254 604 1308 631 οὐδ’
1324 605 1357 631 ἂν
1374 602 1414 635 εἷς
1435 603 1512 639 οἶμαι
1533 604 1689 639 λαμσὰνων,
1705 606 1753 631 καὶ
1766 605 1868 631 τοῦτον

1067 652 1195 687 ἡγεῖσθαι
1209 652 1290 686 μόνον
1307 650 1422 677 πλοῦτον
1438 651 1486 677 καὶ
1507 650 1647 685 μέγιστον,
1663 651 1693 677 τὸ
1711 651 1866 685 μετατιθέ-

1066 706 1111 724 ναι
1128 698 1195 732 πρὺς
1208 696 1319 731 ἐτέρους
1332 697 1365 722 τὰ
1375 696 1451 723 δντα-
1471 697 1518 723 καὶ
1531 697 1643 728 τούτους
1659 697 1709 731 μὲν
1723 697 1798 732 ὅπερ
1814 699 1866 724 αὑ-

1066 744 1122 777 τὸς,
1139 743 1221 770 αὐτὸν
1236 743 1264 769 δὲ
1285 743 1353 778 ὅπερ
1376 743 1474 769 ἐκεῖνοι
1494 743 1648 776 γίγνεσθαι·
1661 744 1715 770 τόδ’
1740 744 1799 779 ἄρα
1816 745 1864 770 σὺν

1067 787 1151 815 αὑτοῦ
1168 788 1251 823 μόνου
1272 788 1320 814 καὶ
1339 788 1467 817 κοινωνὸν
1489 789 1540 815 οὐκ
1558 787 1646 824 ἔσχες,
1665 789 1728 816 οὔτε
1751 791 1866 825 μήποτε

1067 835 1167 869 κτήσῃ·
1188 834 1269 868 μόνος
1280 834 1333 869 γὰρ
1349 834 1387 864 ὡς
1403 835 1491 860 εἰπεῖν
1506 834 1666 868 διαγέγονας
1680 836 1751 870 πρὸς
1762 836 1799 862 τὰ
1814 836 1864 870 τῆς

1065 879 1150 915 τύχης
1180 880 1370 915 ἁμιλλώμενος
1383 879 1468 914 πάθη,
1487 880 1535 907 καὶ
1552 880 1600 916 τὴν
1618 881 1764 916 ἀνώμαλον
1786 882 1866 916 ᾶγωλ)

1066 927 1105 958 εἰς
1124 928 1181 953 ῐσον
1194 927 1224 953 τό
1241 935 1273 960 γε
1291 928 1359 953 κατὰ
1384 927 1493 953 σαυτόν’
1511 927 1559 954 καὶ
1582 928 1636 962 μὴν
1651 927 1701 955 τὰς
1719 928 1866 963 ὁσημέραι

1066 971 1188 1005 συναφὰς
1199 971 1361 1006 γαμηλίους,
1375 972 1422 998 καὶ
1437 972 1563 998 συσσίτια
1577 973 1700 1007 πενήτων
1715 972 1791 1007 ὑπὲρ
1807 974 1858 1007 τὴν

1065 1018 1172 1052 χρείαν,
1186 1018 1233 1044 καὶ
1247 1017 1337 1052 χρεῶν
1353 1018 1461 1044 ἀτόπων
1478 1018 1632 1051 ἀποκοπὰς,
1647 1019 1694 1045 καὶ
1709 1019 1865 1054 δεσμωτῶν

1064 1062 1152 1095 λύσιν,
1167 1062 1214 1088 καὶ
1230 1062 1346 1098 εἱρκτὼν
1362 1063 1469 1097 ἄφεσιν,
1493 1063 1540 1089 καὶ
1560 1063 1610 1096 τὰς
1626 1063 1655 1089 ὲν
1674 1064 1732 1094 τοῖς
1751 1064 1864 1090 νοσοῦσι

1064 1108 1253 1143 παραμυθίας,
1266 1109 1314 1135 καὶ
1326 1109 1375 1141 τὴν
1386 1108 1442 1135 τῶν
1455 1109 1539 1142 Ξένων
1554 1108 1688 1144 ὑποδοχὴν
1702 1109 1753 1136 καὶ
1767 1110 1865 1145 φιλαν-

1065 1154 1201 1189 θρωπίαν,
1216 1156 1262 1180 καὶ
1278 1154 1353 1181 πόλλ’
1368 1155 1461 1190 ἕτερα,
1482 1156 1530 1182 καὶ
1550 1156 1579 1182 τὸ
1597 1156 1727 1190 μέγιστον
1744 1157 1813 1188 τοὺς
1831 1157 1863 1183 ἐκ

1063 1199 1163 1226 πολλοῦ
1180 1200 1230 1234 μὲν
1246 1199 1325 1234 ὶερῶς
1340 1200 1548 1232 στασιάζοντας,
1561 1200 1624 1235 ἄρτι
1639 1200 1668 1226 δὲ
1679 1202 1863 1232 νενευκότας,

1064 1245 1112 1271 καὶ
1124 1245 1368 1279 προσδοκωμένους
1380 1246 1477 1272 αὐτίκα
1492 1246 1564 1279 μάλα
1575 1247 1703 1280 τιμήσειν
1715 1247 1860 1280 ὁμόνοιαν-

1063 1290 1077 1316 ὅ
1088 1289 1158 1321 τίνος
1175 1289 1208 1316 ἂν
1226 1290 1346 1324 πρόσθεν
1358 1291 1430 1317 κατὰ
1445 1291 1560 1326 γνώμην
1575 1291 1676 1326 εἰσῄει;
1700 1293 1769 1327 ποίᾳ
1782 1292 1863 1318 ταῦτ’

1063 1336 1150 1362 ἔνεστι
1163 1336 1237 1370 ψυχῇ
1253 1336 1421 1370 παραϐαλεῖν
1438 1337 1615 1373 ἀνθρωπίνῃς
1633 1338 1665 1364 Ὢ
1675 1338 1714 1368 τίς
1728 1338 1792 1373 ᾄσει
1812 1339 1863 1372 μὲν

1062 1383 1161 1415 πάντα,
1177 1383 1238 1418 ᾄσει
1263 1383 1294 1409 δὲ
1314 1383 1373 1409 κατ’
1388 1383 1482 1416 ἀξάνς
1503 1383 1535 1410 Ὢ
1551 1384 1593 1415 τίς
1608 1384 1728 1415 ἀκούσας
1747 1385 1800 1411 οὐχ
1817 1386 1863 1410 εἰ·

1062 1428 1110 1460 οὺς
1129 1428 1268 1455 ἀνίσταται
1283 1429 1315 1463 τῇ
1328 1428 1421 1462 ψυχῇ,
1438 1430 1484 1455 καὶ
1498 1429 1544 1455 τὸν
1556 1429 1739 1464 εἰργασμένον
1757 1430 1862 1456 ἐθέλων

1061 1474 1132 1509 ὑπὲρ
1148 1474 1253 1505 πάντας
1272 1473 1426 1509 σεμνύνειν,
1446 1474 1635 1509 πληρούμενος
1656 1475 1861 1508 ἐνθουσιασμοῦ

222 1527 369 1553 aerumnas,
387 1520 414 1547 in
439 1521 512 1547 omni
536 1521 593 1547 vita
611 1521 720 1555 egregie
736 1521 911 1556 depugnasti,
927 1525 963 1548 att

1119 1519 1154 1545 ὦν
1167 1520 1294 1554 ἐμφαίνει
1313 1520 1344 1545 τὸ
1362 1519 1471 1554 οαῦμας
1497 1519 1567 1553 Ἐγὼ
1582 1519 1611 1546 δὲ
1634 1520 1682 1546 καὶ
1706 1521 1794 1547 τᾶλλα
1810 1522 1860 1555 μὲν

223 1567 383 1601 inaequalem
397 1567 470 1593 illam
486 1566 576 1598 deam,
589 1566 680 1600 quoad
695 1571 815 1600 poteras,
831 1568 901 1594 utad
915 1575 1009 1602 aequa,

223 1613 327 1639 litatem
353 1612 520 1644 reduceres,
541 1619 653 1646 operam
672 1612 782 1640 dedisti.
808 1612 909 1639 Adbazc
927 1620 1010 1647 porto

222 1658 396 1692 quotidianas
420 1660 486 1685 istas
515 1662 577 1684 tuas
606 1658 766 1685 collatione:
784 1658 934 1693 epulasque
959 1666 1011 1685 nu-

223 1704 340 1738 ptiales,
365 1709 394 1731 et
424 1704 615 1735 lautlusculas,
645 1711 728 1739 quam
753 1711 802 1738 pro
831 1705 1010 1738 necessitate,

222 1757 372 1785 pauperum
393 1749 581 1782 invitationes,
596 1754 625 1777 et
639 1750 767 1777 immanis
786 1749 848 1777 teris
869 1751 951 1777 alieni
968 1751 1009 1778 al-

221 1796 385 1828 levamenta,
399 1801 428 1824 et
444 1796 608 1824 solutionem
625 1797 779 1824 vinctorum
803 1798 1008 1825 custodiarum-

221 1850 275 1877 que
300 1843 471 1875 missionem,
494 1847 521 1869 et
541 1850 676 1877 aegrorum
698 1842 912 1875 consolationes,
931 1848 958 1870 et
981 1845 1008 1870 itt

222 1888 389 1923 recipiendis
410 1888 567 1923 hospitibus
583 1888 803 1920 humanitatem,
823 1892 851 1915 et
865 1889 1008 1923 complura

221 1934 247 1960 id
275 1942 360 1968 genus
375 1934 439 1966 alia,
464 1933 584 1968 denique
613 1933 686 1968 quod
713 1933 754 1959 vel
782 1933 931 1960 maximum
950 1938 1003 1964 est.

220 1981 322 2007 sanctis
350 1980 456 2015 jamdiu
480 1979 704 2007 contentionibus
731 1979 901 2012 distractos,
933 1987 1006 2007 nunc

220 2031 311 2053 auten]
333 2025 471 2052 inclinatis
497 2026 606 2058 animis,
624 2031 654 2052 ut
673 2033 736 2059 spes
763 2030 816 2058 est,
846 2026 1005 2060 propedietn

1064 1564 1211 1599 δυστυχὴς,
1229 1564 1271 1590 ἑνὶ
1282 1564 1310 1590 δὲ
1323 1564 1439 1599 μάλιστα
1454 1565 1542 1599 τούτῳ
1550 1565 1593 1591 ὃτι
1607 1564 1658 1599 τῆς
1668 1566 1774 1592 τούτων
1791 1568 1861 1593 ἁπο-

1064 1611 1194 1645 λειπομαι
1220 1611 1294 1643 θέας,
1313 1612 1361 1638 καὶ
1377 1612 1427 1637 οὐκ
1441 1611 1572 1638 ἀπολαύω
1588 1611 1684 1646 παρὼν
1699 1612 1749 1647 τῆς
1768 1613 1859 1647 ἀρχῆς

1063 1657 1098 1683 τὰ
1115 1657 1274 1692 γιγνόμενα·
1288 1658 1305 1692 ἠ
1321 1658 1435 1689 σώζοιτο
1463 1658 1595 1684 ἐνιαυτῶν
1623 1659 1736 1692 συχναῖς
1762 1659 1859 1693 περιό-

1064 1702 1129 1735 δοις,
1151 1703 1191 1734 εις
1206 1702 1335 1738 τελευτὴν
1352 1702 1382 1729 εὖ
1397 1703 1471 1738 μάλα
1486 1704 1593 1736 παγίως
1609 1704 1664 1730 τῶν
1679 1706 1858 1739 πραγμάτων

1064 1749 1236 1783 χωρούντων·
1256 1749 1368 1781 σώζοιτο
1381 1749 1408 1775 δὲ
1422 1749 1546 1784 βασιλεία
1556 1750 1591 1776 τὰ
1609 1750 1677 1785 μόνα
1691 1750 1740 1776 καὶ
1759 1751 1857 1785 πρῶτα

1063 1794 1197 1821 κάλλιστα
1209 1794 1256 1821 καὶ
1269 1795 1411 1830 πρέποντά
1420 1804 1451 1829 γε
1463 1795 1597 1831 ἀλλήλοις.
1613 1797 1668 1822 Καὶ
1679 1797 1789 1830 γένοιτο
1807 1797 1857 1830 μὲν

1060 1840 1133 1873 ὑμᾶς
1149 1840 1188 1871 εἰς
1200 1840 1449 1876 τὸ”“Αργανθωνίου
1461 1843 1549 1877 γῆρας
1562 1841 1687 1877 ἀφῖχθαι,
1705 1842 1754 1868 καὶ
1770 1842 1799 1868 εἰ
1811 1850 1855 1872 τις

1060 1885 1139 1917 ἄλλος
1154 1883 1369 1922 κὑϊςερσεὸιίκὼς
1397 1888 1439 1922 εἴη
1471 1888 1536 1919 τοὺς
1561 1889 1654 1923 ὄρους’
1682 1889 1805 1915 συνεῖναι
1826 1887 1855 1914 δὲ

1060 1931 1153 1965 μόνοις
1170 1932 1215 1958 ἀεὶ
1230 1933 1287 1964 τοῖς
1313 1933 1463 1968 βελτίστοις
1487 1934 1650 1960 ὲπιδιδοῦσιν
1673 1934 1738 1960 ὅσον
1763 1934 1855 1966 ἔξεστι

1059 1978 1195 2011 πλεῖστον,
1207 1979 1245 2009 ὡς
1260 1979 1293 2005 ἂν
1309 1981 1356 2005 καὶ
1376 1981 1433 2010 τοῖς
1457 1981 1678 2015 ἐπιγιγνομένοις
1695 1980 1740 2015 εῐη
1756 1982 1856 2015 πειρᾶ-

1058 2025 1120 2051 σθαι
1137 2026 1185 2059 τῆς
1199 2024 1264 2059 παρ’
1276 2026 1354 2060 ὑμῶν
1367 2026 1528 2060 εὐπραξίας.

221 2071 398 2098 concordiam
413 2072 630 2106 eulturos,quod
644 2073 689 2098 cui
707 2072 747 2099 vel
759 2072 786 2099 in
799 2076 916 2099 utentem
930 2077 1008 2099 antea
1029 2071 1160 2099 venerat?
1174 2073 1224 2101 ce“:
1248 2071 1316 2105 inec,
1335 2073 1457 2107 inquam.
1488 2074 1586 2100 anima:
1602 2066 1855 2107 ltutnanm‘compa-

221 2124 284 2145 rare
294 2118 336 2144 tas
353 2118 413 2145 est?
425 2118 448 2145 0
459 2118 521 2152 quis
535 2117 594 2145 hate
610 2118 700 2145 omnia
715 2117 903 2145 canettcanet
918 2122 1008 2144 autent
1030 2125 1063 2145 ex
1079 2117 1195 2145 merito?
1223 2117 1245 2145 Ο
1258 2118 1320 2152 quis
1335 2118 1393 2145 haec
1413 2119 1527 2146 auribus
1557 2126 1695 2151 usurpans
1710 2126 1767 2146 non
1786 2127 1853 2154 pro-

221 2164 295 2192 tittus
318 2165 452 2191 excitatur
465 2164 577 2197 animo;
616 2168 699 2198 atque
719 2163 784 2190 dum
817 2168 959 2191 auctorem
994 2171 1049 2198 prte
1068 2163 1197 2190 omnibus
1223 2163 1360 2191 laudando
1388 2165 1519 2192 extollere
1546 2170 1680 2197 conatur,
1709 2173 1765 2192 non
1789 2173 1853 2192 lno!

220 2211 294 2238 velut
320 2211 434 2238 ttumiue
457 2210 576 2245 quodam
600 2210 768 2241 instinctus,
792 2209 1011 2237 obmutescendo
1044 2201 1162 2244 prodigii
1187 2210 1269 2244 hujus
1310 2211 1526 2245 magnitudinem
1554 2211 1692 2239 declarat?
1714 2211 1755 2239 Mc
1783 2220 1853 2239 vero

220 2265 284 2284 cum
297 2259 324 2284 in
343 2257 450 2285 ett-teris
467 2256 618 2290 infelicem,
632 2261 689 2283 tum
711 2257 739 2283 in
756 2256 808 2283 ltoc
823 2264 879 2284 uno
906 2257 1069 2291 praesertim,
1102 2257 1175 2291 quod
1208 2258 1243 2284 ab
1277 2265 1392 2292 operum
1417 2259 1531 2285 istorum
1557 2258 1653 2286 absum
1673 2258 1850 2294 spectaculo:

220 2312 271 2332 nec
285 2312 416 2340 pratsens,
427 2311 508 2338 quem
527 2310 575 2338 par
587 2308 656 2335 erat,
670 2303 704 2330 de
718 2311 794 2330 sacra
809 2303 860 2330 ista
873 2303 1007 2338 dignitate
1029 2308 1086 2335 tua,
1101 2304 1181 2339 capio
1211 2305 1343 2332 fructum.
1377 2305 1464 2337 Quam
1481 2305 1561 2340 longo
1573 2313 1709 2333 annorum
1730 2306 1848 2333 circuitu

219 2359 321 2382 sartum
339 2358 438 2380 tectam
455 2352 504 2378 tibi
532 2358 643 2378 manere
658 2351 785 2386 discupio
801 2359 807 2377 :
822 2351 904 2378 rebus
928 2351 1057 2378 omnibus
1086 2351 1119 2378 ad
1152 2351 1234 2378 tinent
1265 2359 1352 2386 usque
1365 2353 1428 2379 vita:
1448 2360 1581 2387 prospero
1599 2357 1625 2380 et
1654 2354 1792 2380 constanti
1807 2359 1848 2380 te-

220 2410 288 2429 nore
301 2400 525 2437 proeedcntiltus.
549 2398 628 2425 Salva
652 2398 717 2425 item
745 2403 773 2425 et
806 2397 952 2425 incolumis
975 2398 1152 2433 imperatoria
1170 2399 1297 2433 majestas
1309 2399 1344 2425 sit
1376 2403 1458 2434 opto;
1493 2407 1554 2433 qua:
1577 2405 1621 2425 res
1654 2398 1717 2425 dua:
1738 2399 1804 2426 sola:
1820 2404 1848 2426 et

220 2449 316 2483 prima:
330 2446 520 2480 pulcherrima:
534 2451 600 2471 sane
616 2447 699 2476 sunt,
717 2448 745 2471 et
759 2444 862 2479 optime
897 2444 969 2472 inter
991 2452 1020 2472 se
1040 2445 1217 2472 conveniunt.
1239 2444 1294 2472 Vos
1326 2450 1416 2471 autem
1441 2446 1495 2471 tata
1512 2445 1545 2471 ad
1561 2444 1753 2480 Argantltonii,
1770 2451 1798 2473 et
1823 2447 1846 2473 si

220 2495 282 2528 quis
304 2494 374 2520 alius
392 2494 463 2520 ultra
488 2498 650 2519 communes
681 2491 731 2518 aevi
758 2492 891 2518 tertninos
914 2495 1026 2518 evectus
1059 2495 1112 2523 est,
1134 2496 1282 2522 senectam,
1302 2491 1396 2518 venire
1417 2491 1527 2524 sittant,
1554 2496 1636 2526 atque
1667 2492 1694 2518 in
1717 2492 1848 2520 secundis

221 2548 355 2579 perpetuo
372 2543 464 2574 rebus,
480 2547 508 2570 et
524 2542 579 2574 his,
596 2545 727 2576 quantunt
744 2539 800 2568 ﬁeri
818 2546 909 2576 potest
935 2541 1083 2567 niaximum
1118 2540 1226 2567 assidue
1256 2540 1428 2574 capientibus
1456 2540 1668 2574 incrementum,
1687 2543 1801 2574 versari,
1816 2548 1846 2569 ut

221 2591 324 2626 posteri
335 2591 418 2618 etiam
444 2589 570 2617 traditam
588 2596 602 2616 a
620 2589 698 2617 vobis
712 2594 945 2626 propagatamque
959 2589 1135 2623 experiantur
1164 2589 1335 2617 felicitatem.
