1878 3060
48 118 97 152 33'!

623 119 818 165 ιΑυυΑΤίο
837 119 951 150 REGIS
971 119 1079 150 CYPRI

1627 119 1679 152 398

610 277 785 344 ΤΟΥ
834 277 1123 343 ΑΥΤΟΥ

461 399 547 443 ΕΙΣ
575 400 688 443 ΤοΝ
712 400 857 442 ΡΗΓΑ
892 399 1002 442 ΤΗΣ
1030 399 1277 444 ΚΥΠΡΟΥ.

711 579 1029 637 EJUSDEM

492 696 798 744 LAUDATIO
840 698 1010 744 REGIS
1046 697 1246 743 CYPBI.

81 853 313 889 Α’.’Υψηλότατε,
331 853 497 888 ὲνδοξότατε,
514 855 704 890 εὐγενέστατε,
719 856 822 892 λαμπρι

943 877 949 884 .
964 857 1138 888 Celsissime.
1156 855 1352 891 gloriosissime
1363 875 1370 888 ,
1389 855 1609 891 generosissime,
1623 853 1684 881 illu-

49 910 109 928 ut:
125 921 134 932 ,
153 901 227 936 μέγα
244 901 297 936 ρὴξ
316 902 366 936 τῆς
392 901 516 937 Κύπρου.
535 903 566 930 οι
591 903 712 930 πλεῖστοι
727 904 780 931 τῶν
802 905 842 935 εἰς

48 948 94 981 τὴν
109 947 298 981 μεγαλόπολιν
314 948 428 982 ταυτηνὶ
443 949 640 984 καταιρόντων,
658 950 767 976 ἐπειδὰν
777 950 843 976 πολ-

49 993 92 1023 L’x;
119 993 295 1027 ἀμείψαντες
313 993 404 1028 χώρας
426 994 475 1020 καὶ
492 994 585 1026 πόλεις
609 995 655 1022 καὶ
672 996 769 1030 νήσους
796 996 844 1022 καὶ

49 1039 192 1074 ἠπείρους,
204 1040 362 1074 διηγεῖσθαι
375 1040 424 1072 τὰς
438 1041 546 1068 ἑαυτῶν
558 1041 700 1077 περιόδους
715 1042 844 1069 ἐθέλωσιν

49 1082 85 1117 οἷς
115 1085 149 1111 ἂν
169 1086 361 1121 ἐντυγχάνωσι
384 1087 493 1122 νύκτωρ
512 1089 558 1114 καὶ
576 1088 637 1124 μεθ’
652 1089 771 1125 ἡμέραν,
795 1090 844 1116 καὶ

52 1132 161 1165 μάλισθ’
175 1133 273 1159 ὁπόσοι
285 1133 410 1166 γλῶτταν
423 1134 522 1169 ἔχωσιν
533 1135 672 1170 ἀρκοῦσαν
689 1136 721 1162 ἐκ
736 1135 844 1170 φύσεως

50 1178 222 1211 ἐξαγγέλλειν
234 1178 270 1204 τὰ
283 1179 334 1213 τῆς
346 1179 467 1211 διανοίας
476 1181 630 1216 ἀπόρρητα,
648 1181 769 1216 βελτίους
781 1182 845 1208 ἐαυ-

51 1224 101 1248 τῶν
120 1225 244 1257 γίνονται
272 1225 385 1258 μᾶλλον,
405 1226 472 1252 ὅταν
497 1227 537 1258 είς
551 1227 612 1258 τοὺς
627 1228 692 1259 σοὺς
715 1227 845 1260 ἐπαίνους

51 1271 163 1301 ἑαυτοὺς
180 1270 354 1303 ἀπολύσωσι,
373 1272 421 1298 καὶ
437 1272 489 1303 τὰς
504 1272 586 1308 ἡνίας
599 1274 649 1308 τῆς
665 1273 789 1308 γλώττης
803 1275 846 1300 ὲν-

51 1316 131 1342 δῶσι·
160 1317 285 1343 κᾶπειτα
313 1318 488 1352 ἐρωτώμενοι
515 1318 585 1354 πρὸς
604 1319 659 1345 τῶν
681 1319 845 1353 ἀκουόντων,

52 1361 108 1392 πῶς
132 1361 217 1395 φύσει
244 1360 444 1396 φιλοθεάμονες
461 1362 642 1398 ὑπάρχοντες,
659 1366 706 1390 καὶ
730 1364 846 1396 πολλοὺς

52 1407 241 1441 διεληλυθότες
265 1408 376 1440 τόπους,
391 1408 439 1434 καὶ
466 1408 570 1435 πολλῶν
586 1409 739 1445 ἀνθρώπων
761 1410 846 1438 ἄστεα

53 1454 97 1479 nl.
110 1453 170 1480 νόον
182 1454 348 1487 ἐγνωκότες,
364 1453 412 1489 τὴν
426 1454 478 1488 τῆς
489 1454 603 1489 Κύπρου
619 1455 721 1490 μᾶλλον
732 1456 847 1491 ὑμνοῦσι

56 1500 203 1531 πολιτείαν.
216 1501 265 1526 καὶ
276 1500 325 1535 τὴν
335 1500 507 1536 δικαιοσύνην
517 1501 565 1536 τὴν
578 1502 637 1536 σὴν,
645 1502 692 1528 καὶ
700 1502 750 1529 ὅσοι
766 1503 848 1529 πλου-

54 1547 106 1578 τεῖς
122 1547 227 1581 ἀγαθὰ,
245 1547 335 1573 ἐκεῖνο
348 1547 380 1582 δὴ
396 1548 426 1574 τὸ
441 1548 490 1582 τῆς
514 1549 733 1585 Ἀριστοτελικῆς
751 1551 847 1585 σοφίας

54 1593 222 1627 ἀπόςθεγμα
231 1594 419 1627 μιμησάμενοι
431 1594 628 1629 ἀποκρίνονται
641 1604 647 1610 ·
665 1595 702 1627 ὡς
711 1596 764 1631 γὰρ
776 1597 846 1623 ἐκεῖ·

55 1646 96 1669 νος
113 1639 268 1673 ἐρωτηθεὶς
281 1639 417 1670 διατίτοίς
441 1639 535 1672 καλοῖς
553 1641 722 1676 μακρότερον
735 1641 847 1676 ὁμιλοῦ-

56 1693 113 1718 μεν,
128 1684 234 1720 τυφλοῦ
248 1685 279 1711 τὸ
291 1685 424 1721 ἐρώτημα
437 1685 507 1712 εἶναι
520 1687 699 1722 ἀπεκρίνατο,
713 1688 785 1714 οὕτω
799 1689 848 1715 καὶ

54 1729 124 1757 οὗτοι
143 1731 401 1766 παρ’·ὸτωνδήποτε
415 1732 588 1767 ἐρωτώμενοι
602 1733 673 1759 διατι
687 1736 741 1765 τοῖς
756 1735 846 1768 ἐγκω-

56 1777 123 1811 μίοις
138 1776 275 1803 ὲπιπλέον
292 1778 349 1808 τοῖς
371 1779 428 1809 σοῖς
451 1778 662 1813 ἐνδιατρίϐουσι,
681 1779 726 1806 καὶ
746 1779 848 1813 γλυκύ-

54 1832 130 1857 τητος
145 1825 235 1858 γέμον
251 1823 383 1859 ἡγοῦνται
396 1825 558 1860 ὲντρὺφημα
571 1826 604 1852 τὰ
620 1826 654 1852 σὰ
668 1826 827 1861 διηγήματα
837 1846 844 1859 ,

53 1869 142 1904 κωφοῦ
163 1878 249 1905 φασιν
261 1868 331 1897 εἶναι
345 1871 374 1897 τὺ
395 1870 536 1906 ἐρώτημα.
552 1872 612 1898 Τῶν
633 1873 688 1907 γὰρ
704 1873 844 1906 τοιούτων,

54 1915 89 1946 ὡς
107 1918 230 1952 εἴρηται,
245 1916 378 1947 πολλάκις
393 1917 579 1952 διηγουμένων
595 1919 630 1945 τὰ
645 1919 778 1954 κράτιστα
792 1920 847 1946 τῶν

55 1960 105 1986 σῶν
131 1961 266 1996 ἀγαθῶν,
292 1962 340 1988 καὶ
372 1963 482 1990 πάντων
512 1964 664 1991 ἀκουόντων
703 1965 751 1992 καὶ
779 1964 846 1991 θαυ-

58 2007 207 2041 μαζόντων.
223 2008 319 2038 Ὅστις
337 2008 453 2042 ἀνήκοος
473 2008 577 2043 ἔμεινε,
603 2010 680 2044 φασὶ.
701 2010 792 2044 κιρρὸς
815 2011 848 2038 ἂν

57 2054 97 2087 εἴη
111 2055 222 2085 πάντως
235 2053 265 2086 ἐξ
279 2053 364 2089 αὐτῆς
376 2054 424 2088 τῆς
433 2055 577 2088 γενέσεως,
593 2055 701 2090 καὶτῆς
713 2055 849 2090 βελτίονος

57 2099 217 2135 λειπόμενος
228 2099 284 2126 τῶν
292 2100 447 2135 αίσοὴσεων
461 2109 467 2116 ·
482 2101 589 2127 πολλῶν
602 2101 655 2137 γὰρ
663 2102 792 2136 πελαγῶν
801 2103 849 2129 καὶ

56 2146 198 2173 Θαλασσῶν
215 2146 316 2178 οὐσῶν,
333 2147 429 2173 ΙΣπόσαι
448 2147 547 2182 νήσους
562 2147 653 2182 ἔχουσι
671 2147 804 2182 μεγίστας
818 2157 848 2175 τε

895 902 1039 932 strissime,
1047 907 1143 936 magne
1154 907 1200 927 rex
1209 899 1301 935 Cypri.
1311 898 1436 934 Plerique
1445 906 1539 927 eorum
1549 899 1595 933 qui
1609 905 1687 933 pere-

894 956 941 983 gre
957 948 990 976 ad
1007 955 1131 984 magnam
1144 947 1216 975 hanc
1227 946 1323 974 urbem
1337 945 1625 981 (Constantinopolim)
1638 952 1686 980 ap-

894 995 1010 1030 pellunt,
1028 999 1171 1029 postquam
1191 993 1283 1021 multis
1311 993 1464 1028 peragratis
1475 992 1643 1028 regionibus,
1659 995 1686 1019 et

895 1042 1012 1077 oppidis,
1031 1045 1060 1069 et
1074 1041 1181 1073 insulis,
1195 1046 1222 1068 et
1239 1040 1398 1075 provinciis,
1411 1039 1510 1066 itinera
1527 1046 1576 1066 sua
1591 1039 1625 1066 iis
1637 1037 1684 1074 qui

895 1094 977 1117 noctu
995 1088 1172 1116 autinterdiu
1192 1088 1264 1116 obvii
1280 1088 1352 1116 forte
1374 1086 1486 1118 fuerint,
1497 1093 1625 1113 enarrare
1643 1092 1687 1112 vo-

896 1136 973 1163 lunt:
986 1139 1014 1163 et
1028 1135 1065 1162 il'li
1083 1135 1109 1162 in
1129 1135 1236 1170 primis,
1251 1135 1297 1169 qui
1313 1134 1346 1162 ad
1361 1133 1530 1162 enuntianda
1546 1131 1687 1160 recondita

896 1182 980 1209 animi
994 1188 1086 1213 sensa,
1109 1181 1175 1208 satis
1199 1181 1360 1208 instructam
1387 1187 1403 1207 a
1432 1184 1530 1207 natura
1557 1185 1688 1213 accepere

895 1229 1029 1263 linguam,
1047 1232 1102 1255 tum
1120 1227 1193 1255 haud
1208 1227 1288 1262 paulo
1320 1234 1387 1254 sane
1412 1226 1540 1254 meliores
1557 1224 1687 1260 semetip-

896 1275 934 1302 sis
947 1274 1016 1301 ﬁunt
1027 1279 1162 1306 oratores,
1178 1282 1241 1301 eum
1252 1274 1278 1301 in
1295 1278 1356 1300 tuas
1366 1280 1426 1301 sese
1441 1273 1537 1300 laudes
1566 1272 1688 1303 solvunt,

897 1321 1053 1356 linguaeque
1077 1321 1168 1348 laxant
1185 1321 1317 1348 habenas.
1350 1320 1412 1347 Mox
1427 1327 1492 1347 vero
1518 1318 1551 1346 ab
1577 1318 1688 1345 audito-

898 1367 974 1394 ribus
987 1367 1159 1402 interrogati,
1175 1366 1222 1402 qui
1253 1366 1309 1397 ﬁat,
1327 1371 1356 1393 ut
1380 1365 1506 1392 homines
1525 1369 1622 1391 natura
1648 1363 1690 1390 vi-

897 1413 977 1441 sendi
994 1413 1122 1444 studiosi.
1137 1417 1165 1440 et
1181 1418 1220 1440 tot
1255 1411 1396 1448 pervagati
1416 1411 1486 1443 loca,
1504 1414 1532 1438 et
1550 1411 1596 1445 qui
1618 1409 1689 1437 Mul-

898 1463 985 1486 torum
996 1467 1089 1486 novere
1097 1459 1224 1494 urbesque
1238 1458 1392 1493 animosque
1407 1457 1524 1485 virorum
1540 1457 1604 1492 (Οδ.
1617 1455 1687 1491 Α’,5)

899 1505 1099 1539 rempublicam
1131 1505 1268 1540 Cypriam,
1307 1508 1436 1538 tuamque
1479 1503 1626 1538 justitiam,
1661 1507 1690 1530 et

897 1559 960 1586 quae
975 1556 1106 1586 praeterea
1122 1551 1241 1586 plurima
1264 1549 1314 1577 tibi
1350 1549 1452 1577 adsunt
1479 1549 1560 1582 bona,
1579 1548 1691 1584 potissi-

897 1605 973 1624 mum
987 1597 1013 1624 in
1034 1598 1133 1625 ccelum
1158 1597 1258 1629 lerant,
1275 1596 1309 1623 ad
1325 1596 1434 1624 celebre
1459 1595 1527 1623 illud
1551 1595 1690 1622 Aristote-

897 1642 957 1670 lica:
966 1643 1106 1677 sapientia:
1118 1642 1273 1670 alludentcs
1281 1642 1384 1669 dictum
1395 1641 1573 1676 respondent.
1585 1640 1691 1676 Quippe

898 1694 929 1716 ut
948 1689 1077 1722 ille,cum
1093 1688 1127 1716 ab
1143 1688 1203 1724 ipso
1216 1688 1365 1723 aliquando
1391 1693 1573 1723 quaereretur,
1605 1687 1702 1723 quarc‘

896 1735 998 1763 diutius
1004 1744 1064 1763 cum
1078 1735 1195 1770 pulchris
1207 1744 1346 1763 versamur
1353 1736 1366 1763 7
1371 1735 1432 1764 neci
1440 1743 1469 1762 ea
1475 1743 1500 1762 m
1515 1743 1569 1762 esse
1578 1735 1692 1761 interro-

897 1784 1028 1817 gationem
1041 1783 1152 1810 dicebat.
1169 1782 1259 1816 (Diog.
1276 1782 1368 1810 Laert.
1386 1791 1412 1809 ν.
1432 1780 1490 1817 20.)
1506 1781 1547 1808 Ad
1561 1781 1690 1809 eumdem

898 1832 927 1854 et
941 1827 968 1854 bi
981 1826 1103 1858 modum.
1113 1826 1248 1861 rogitante
1266 1826 1336 1853 forte
1355 1825 1562 1860 quopiam,quid
1579 1825 1615 1851 Ita
1631 1826 1692 1852 lon-

898 1873 958 1908 gius
974 1872 1029 1900 tuis
1040 1872 1222 1900 immorantur
1240 1872 1367 1899 laudibus
1377 1891 1384 1904 ,
1398 1872 1515 1906 illosque
1530 1872 1564 1897 de
1578 1871 1632 1898 tuis
1649 1878 1692 1898 re-

898 1919 949 1946 bus
963 1926 1105 1946 sermones
1120 1925 1170 1953 pro
1185 1917 1345 1945 dulcissimo
1359 1917 1559 1944 oblectamento
1574 1917 1692 1944 habent?

898 1964 975 1993 surdi
995 1966 1134 2000 propriam
1147 1965 1226 1992 aiunt
1240 1971 1302 1992 esse
1315 1964 1511 1999 quaestionem;
1534 1963 1690 1999 hujusmodi

897 2010 972 2037 enim
988 2010 1159 2043 hominibus,
1174 2015 1204 2038 ut
1214 2010 1345 2043 diximus,
1372 2018 1442 2046 pene
1456 2010 1579 2045 quotidie
1588 2009 1621 2038 de
1637 2010 1693 2037 tuis

901 2056 980 2083 bonis
992 2056 1096 2091 optima
1110 2064 1226 2091 qumque
1249 2056 1541 2088 commemorantibus,
1576 2056 1693 2092 aliisque

909 2101 1041 2129 omnibus
1085 2102 1264 2130 audientibus
1313 2102 1597 2137 adrnirantihusque,
1644 2102 1692 2136 qui

904 2148 979 2174 solus
997 2147 1089 2174 lalium
1119 2148 1307 2175 narrationum
1339 2155 1438 2183 expers
1480 2148 1589 2180 mansit,
1619 2147 1695 2175 hunc

57 2193 100 2219 καὶ
115 2193 276 2227 ἐλαχίστας,
290 2194 336 2219 καὶ
356 2193 454 2221 ὁπόσαι
478 2193 566 2229 μέσην
589 2193 667 2229 ἔσχον
690 2195 798 2226 ea:th

952 2193 978 2219 Id
991 2193 1074 2221 dubie
1087 2201 1120 2220 ex
1131 2198 1192 2220 ortu
1208 2193 1267 2228 ipso
1282 2193 1395 2221 surdum
1419 2200 1606 2227 sensuumque
1624 2200 1693 2227 pra:-

56 2240 86 2265 ὲκ
98 2240 148 2274 τῆς
175 2240 304 2274 Ἰνδικῆς,
322 2240 377 2266 οὐτ’
396 2241 428 2267 ὲκ
444 2241 493 2275 τῆς
511 2241 563 2272 ἔξω
578 2240 632 2267 τῶν
654 2241 851 2274 Ἀτλαντίδων,

57 2284 110 2312 οὒτ’
129 2287 162 2312 ὲκ
177 2285 228 2320 τῆς
244 2286 336 2319 ἐντὸς,
356 2286 404 2312 καὶ
420 2287 487 2321 ὅσην
508 2286 665 2321 Ἡράκλειοι
680 2287 774 2321 στῆλαι
791 2287 850 2322 ὁρί-

58 2331 143 2362 ζουσι,
168 2333 252 2366 φήμη
279 2339 321 2362 τις
345 2331 411 2366 ἡμῖν
435 2333 552 2365 ἀφίκετο
568 2332 646 2364 κλέος
662 2333 851 2367 ἐπιφερομένη

58 2377 174 2404 τοιοῦτον
187 2398 195 2408 ,
214 2377 313 2411 ἡλίκον
337 2377 384 2404 καὶ
410 2375 466 2404 οἷον
481 2379 497 2413 ή
511 2378 626 2413 Κύπρος
650 2379 666 2413 ή
689 2379 738 2414 σή”
758 2379 816 2406 οὗθ’
833 2381 849 2414 ἡ

59 2423 148 2458 Χρυσῆ
164 2424 305 2459 λεγομένη
321 2423 512 2460 Χερρόνησος,
531 2425 587 2451 οὔθ’
608 2426 624 2460 ἡ
641 2426 696 2452 τῶν
711 2425 852 2460 ἀρκτικῶν

60 2469 104 2503 τῆς
123 2470 293 2505 οἰκουμένης
322 2471 518 2506 προκαθημένη
541 2473 634 2506 μερῶν
662 2473 761 2508 Θούλη,
789 2472 850 2498 οὗτε

59 2516 107 2543 τῶν
123 2517 304 2552 Βρετανικῶν
328 2516 457 2551 οὐδεμία·
478 2516 522 2544 ναὶ
542 2519 608 2553 μὴν,
636 2519 698 2545 οὐδὲ
722 2519 776 2545 τῶν
795 2519 851 2545 ὅσοι

60 2562 122 2594 πρὸς
147 2562 328 2598 μεσημόρίαν
346 2563 393 2589 καὶ
420 2562 496 2589 νότον
511 2563 612 2598 ἄνεμον
630 2563 751 2590 οίκοῦσιν
775 2564 851 2590 Ἰνδοὶ

61 2610 102 2634 καὶ
127 2609 271 2641 Αἰθίοπες,
299 2609 443 2644 θαυμαστὴ
467 2609 497 2636 τό
522 2610 636 2645 μέγεθος
664 2610 849 2645 Ταπροὸάνηο

62 2655 112 2680 ἀλλ’
131 2656 187 2682 οὐδ’
202 2657 219 2691 ή
239 2655 354 2690 πλησίον
376 2656 424 2682 καὶ
435 2656 535 2690 γείτων
555 2658 610 2688 τοῖς
623 2657 678 2683 τῶν
707 2657 850 2692 Ὑρκανῶν

61 2701 143 2728 ἔθνεσι
159 2701 281 2729 Κασπία
292 2709 298 2716 ·
317 2701 374 2728 οὐδ’
389 2701 439 2736 ὅση
455 2703 486 2728 ἐκ
502 2702 638 2738 Γαδείρων
654 2711 684 2729 τε
699 2705 746 2729 καὶ
765 2703 850 2737 Ἠρα-

61 2746 152 2774 κλεεων
164 2747 310 2783 ἀρχομένη
325 2747 430 2782 στηλῶν
441 2747 529 2775 ἄνεισι
546 2748 596 2783 μὲν
605 2749 669 2784 ἄχρι
684 2750 732 2776 καὶ
749 2750 777 2780 ὲς
786 2749 850 2779 τοὺς

60 2792 254 2829 ὐπερὸορείους
266 2793 379 2826 ἔγγιστα
396 2793 513 2826 Σκύθας,
529 2795 699 2829 περατοῦται
714 2795 736 2821 δ’
750 2796 778 2824 ὲς
793 2794 849 2820 Κύ-

61 2846 122 2873 προν
138 2840 189 2875 τὴν
215 2840 269 2874 σήν
283 2846 290 2854 ’
308 2838 324 2873 ἢ
346 2838 445 2873 μᾶλλον
466 2839 579 2876 ἄρχεται
601 2842 652 2876 μὲν
673 2842 703 2868 ὲκ
724 2840 848 2875 Κύπριν,

901 2238 1071 2266 stantissimo
1083 2238 1209 2265 orbatum
1231 2238 1316 2266 fuisse
1331 2239 1468 2266 dictitant.
1478 2238 1548 2266 Cum
1576 2239 1694 2273 plurima

901 2284 974 2311 enim
1002 2283 1102 2319 passim
1131 2291 1240 2318 aequora
1271 2291 1302 2311 ae
1327 2284 1412 2310 maria
1435 2290 1510 2316 sunt,
1523 2292 1694 2318 quaecunque

903 2329 1000 2357 insulis
1011 2334 1108 2356 ornata
1122 2334 1196 2361 sunt,
1210 2329 1269 2356 sive
1286 2330 1417 2357 maximis
1430 2330 1618 2364 minimisque,
1635 2330 1694 2356 sive

904 2376 1035 2403 mcdiovri
1052 2376 1156 2402 ambitu
1174 2376 1304 2410 praeditis,
1334 2383 1423 2410 neque
1448 2383 1481 2402 ex
1494 2375 1587 2402 Indico
1603 2381 1694 2402 tamen

904 2423 983 2453 mari,
993 2430 1082 2457 neque
1098 2422 1146 2449 illo
1159 2423 1230 2449 ultra
1243 2422 1399 2449 Atlantidas
1415 2427 1591 2456 exporrecto.
1603 2430 1693 2456 neque

905 2470 957 2495 huc
967 2469 1039 2503 quod
1063 2469 1130 2496 citra
1144 2469 1254 2496 easdem
1271 2469 1324 2495 late
1339 2469 1405 2496 satis
1431 2473 1524 2503 patet,
1538 2473 1565 2495 et
1590 2468 1694 2495 Ilercu<

903 2515 954 2542 leis
996 2515 1233 2543 circumscribitur
1268 2515 1414 2547 columnis,
1457 2514 1511 2541 ulla
1548 2514 1583 2542 ad
1613 2522 1694 2542 aures

903 2565 1011 2588 nostras
1023 2561 1122 2596 allapsa
1147 2562 1218 2588 fama
1238 2565 1298 2591 est,
1318 2560 1452 2595 ejusmodi
1474 2567 1567 2587 secum
1599 2560 1694 2595 gloriae

905 2608 1082 2642 splendorem
1110 2607 1241 2638 aﬂcrens.
1258 2607 1366 2642 qualem
1385 2611 1573 2642 quantumque
1587 2606 1694 2642 Cyprus

905 2652 955 2679 ista
972 2657 1033 2677 tua:
1052 2659 1105 2677 non
1122 2652 1166 2678 illa
1198 2659 1275 2683 sane,
1292 2659 1356 2686 qua:
1382 2650 1480 2683 fertur,
1496 2652 1588 2680 Aurea
1608 2651 1694 2680 Cher-

905 2705 1033 2729 sonesus,
1056 2705 1110 2724 non
1140 2698 1343 2732 aquilonarium
1366 2698 1441 2725 orbis
1466 2698 1588 2733 partium
1618 2698 1694 2734 prin—

903 2752 967 2778 ceps
981 2744 1082 2776 Thule,
1099 2751 1153 2771 non
1178 2744 1232 2770 ulla
1256 2745 1490 2776 Britannicarum,
1519 2752 1572 2772 non
1598 2753 1631 2773 ex
1659 2745 1694 2772 iis

895 2791 966 2818 item
1008 2798 1077 2825 quas
1105 2790 1137 2817 ad
1171 2790 1313 2817 meridiem
1359 2795 1539 2826 austrumque
1575 2791 1633 2818 lnili
1666 2796 1695 2818 et

901 2837 1044 2872 [Ethiopes
1068 2837 1202 2867 incolunt,
1231 2837 1334 2872 ingenti
1359 2838 1546 2872 magnitudine
1577 2837 1694 2873 superba
