1878 3060
199 154 250 184 437

809 157 1005 187 ΤΠΕΟΟΠΙᾸ
1026 157 1201 188 ΜΠΝΑΟΠΙ

1770 153 1836 185 408

196 215 279 245 atque
295 211 459 243 necessario,
476 219 559 246 perqu
581 220 605 238 m
625 212 757 240 familiare
775 215 884 239 crcrect
901 220 937 239 co

1091 221 1105 243 ',
1123 214 1170 239 καὶ
1189 212 1331 248 προλέγεις
1353 213 1395 240 ἆτ’
1411 213 1499 245 ἔξεστι
1513 221 1520 229 ’
1541 212 1587 239 καὶ
1603 212 1631 239 τὺ
1651 211 1748 246 μέλλον
1766 211 1832 236 ὦσ-

197 257 342 289 mercium,
356 262 384 284 et
395 257 429 284 de
443 257 501 292 ipso
515 258 674 292 crcterisque
689 258 828 285 sideribus
841 259 981 291 omnibus,

196 304 326 337 prmclara
339 305 462 338 quaedam
476 309 503 331 ct
518 305 620 333 divina.
634 309 661 330 ct
677 304 859 332 admiratione
878 306 981 339 majora

195 350 329 377 disserit:
349 358 420 377 nunc
442 351 597 378 communis
625 350 696 376 idem
721 351 849 377 utilitatis
873 355 979 381 auctor,

195 401 223 423 ct
247 396 399 423 universale
421 396 556 430 quoddam
585 397 686 423 bonum
712 402 763 429 est;
782 402 810 424 et
834 397 982 431 unicuique

196 442 415 476 quatﬂocunque
430 449 495 469 usus
512 447 565 475 est,
581 443 682 470 sodalis
696 444 858 477 adjutorque
871 444 980 471 dexter-

196 489 306 515 rimus:
327 488 418 516 Omnis
443 489 486 515 cui
506 489 550 516 via
575 490 664 524 pervia
692 495 746 521 cst;
773 498 818 516 nec
843 495 980 517 conantem

195 535 299 561 animus
319 535 425 566 deserit,
440 540 486 561 aut
501 544 605 567 uiantis,
621 540 650 562 ut
665 536 702 562 ait
717 536 876 569 Sophocles.
893 537 981 571 (Anti-

195 589 271 615 gonc,
289 581 365 616 365.)
382 582 439 608 Imo
462 590 528 608 vero
549 584 719 616 prarslantior
741 590 850 616 semper
870 583 979 609 melior-

1032 267 1086 293 περ
1099 267 1139 290 τις
1158 260 1263 294 μάντις,
1282 259 1318 290 ὡς
1331 260 1420 294 παρὸν
1434 259 1560 295 διεξέρχῃ
1570 266 1576 273 ·
1595 258 1613 285 ἃ
1626 258 1698 289 τινος
1712 257 1765 284 οὐχ
1779 257 1835 288 ἂν,

1031 303 1119 340 οἶμαι,
1137 307 1358 342 περιφανέστερα
1386 309 1433 333 καὶ
1460 306 1563 333 καλλίω
1590 305 1758 338 κοσμοῦντα,
1776 303 1836 330 καὶ

1032 352 1148 379 πλοῦτον
1175 353 1222 379 καὶ
1251 352 1392 384 δόξανκαὶ
1416 352 1574 379 δυναστείαν
1598 352 1644 377 καὶ
1661 351 1752 383 γένος,
1779 350 1837 375 καὶ

1031 399 1079 432 τὴν
1109 400 1172 433 περὶ
1189 399 1237 429 τὰς
1263 399 1311 430 σὰς
1326 398 1421 433 θύρας,
1438 399 1464 425 ετ
1482 407 1527 433 μοι
1544 397 1622 428 δίδως
1647 396 1748 427 εἰπεῖν,
1764 396 1835 421 ὅσα(

1034 442 1104 480 ὧραι
1129 445 1178 480 τῆς
1203 445 1366 480 οἰκουμένης
1388 445 1524 480 φατρίανς
1549 444 1603 470 Καί
1628 451 1668 469 σοι
1686 442 1770 476 χάρις
1797 442 1837 467 ἂν

1034 493 1076 526 εἴη
1104 492 1246 527 θαυμαστή
1263 501 1305 522 τις
1334 491 1499 525 ὰναφανέντι
1514 490 1622 524 φύσεως
1643 487 1765 523 χορηγία
1781 487 1839 513 καὶ

1035 538 1174 572 φιλοτιμία
1185 538 1271 569 κοινὴ,
1285 538 1330 563 καὶ
1339 537 1433 571 ὄφελος
1445 537 1618 570 οἰκουμένης,
1627 533 1760 568 καὶψυχὴ
1774 532 1839 558 τῶν

1035 584 1206 618 πραγμάτων
1221 591 1228 598 “
1246 583 1339 617 ὥσπερ
1354 583 1387 618 ἣν
1400 583 1412 608 ὁ
1427 582 1539 609 Πλάτων
1550 581 1635 616 ἔφησε
1646 580 1694 606 τοῦ
1710 578 1837 608 παντός.

197 637 252 664 que
265 630 414 664 semetipso
429 630 607 663 conspicitur.
623 630 682 657 Non
704 635 730 656 tu
753 630 847 664 igitur.
878 629 952 664 quod
987 630 1021 657 de
1041 630 1223 657 Demosthene
1250 637 1304 656 non
1330 637 1411 656 nemo
1436 629 1630 664 pronuntiabat
1657 625 1837 660 (Aristides,

196 678 225 703 ἐν
241 677 279 710 τῷ
294 676 363 711 ὑπὲρ
377 676 431 702 τῶν
445 677 596 711 τεσσάρων.
614 682 632 704 t.
647 677 690 707 Ill,
708 686 733 711 p.
750 677 810 709 5H,
827 677 866 710 A;
885 677 937 712 Syn

1103 678 1164 710 iOl,
1196 677 1260 711 ﬁne)
1281 677 1402 712 pru’sidia
1433 677 1588 711 eloquentia:
1599 674 1724 702 Mercurii
1740 673 1840 706 imago

196 726 231 753 ad
245 733 291 752 nos
309 733 428 757 veneras,
447 725 494 753 sed
510 731 537 753 et
550 725 602 753 hoc
618 726 687 760 ipso,
699 733 754 759 quo
789 726 862 753 inter
882 734 932 753 nos
964 726 1092 753 homines
1130 726 1186 762 agis
1206 731 1339 760 tempore,
1374 729 1402 752 et
1425 725 1453 751 in
1478 725 1601 752 assiduas
1623 730 1672 758 pro
1698 722 1841 748 universa

197 772 339 806 republica
366 780 458 805 curas,
474 773 532 800 sine
554 773 607 799 ulla
627 772 839 805 intermissimic,
857 772 1005 802 incumbis.
1025 772 1126 806 quippe
1145 772 1191 806 qui
1210 772 1346 806 regiorum
1363 770 1536 797 oraculorum
1554 769 1643 804 tripus
1674 773 1703 795 et
1714 766 1840 795 Cortina

199 828 273 848 unus
298 822 441 849 verissime
477 821 551 849 visus
577 830 617 853 es,
651 821 771 859 adeum
801 822 880 856 plane
911 820 1036 852 modum,
1062 820 1137 847 velut
1159 820 1293 855 quispiam
1317 819 1463 846 humanam
1489 823 1680 852 supergressus
1706 819 1841 845 sortem,

198 877 288 905 neque
315 870 370 897 ullo
397 875 529 898 terrarum
556 870 679 898 inclusus
702 870 772 901 loco,
791 874 818 897 et
841 873 979 897 astrorum
1001 869 1116 896 Rimaris
1149 870 1237 895 varias
1253 868 1429 902 ancipitesque
1462 867 1528 897 vias,
1544 871 1571 892 et
1589 873 1642 891 una
1658 871 1721 891 cum
1737 863 1836 889 nostri

197 918 274 945 urbis
290 918 418 952 negotiis,
431 918 552 946 ccelcstia
568 918 689 950 insimul,
703 918 833 945 laudabili
866 918 1000 944 industria
1020 917 1151 948 sustines,
1187 917 1269 951 idque
1289 923 1371 950 supra
1392 916 1467 950 ipsos
1485 913 1676 941 astronomicw
1697 911 1770 938 artis
1787 918 1837 937 re-

199 969 325 997 pertores
345 968 374 991 et
395 965 542 996 antistites,
561 964 638 997 quasi
662 964 684 990 si
708 969 755 990 aut
775 971 789 990 a
813 963 892 991 nobis
916 963 981 991 illuc
1000 963 1118 991 subinde
1141 968 1166 990 te
1186 963 1335 997 reciperes,
1346 967 1392 989 aut
1407 963 1459 989 huc
1474 961 1538 988 inde
1551 959 1710 987 ventitares.
1726 957 1839 990 Quam—

199 1011 294 1038 obrem
317 1015 411 1045 patent
430 1011 477 1038 tibi
496 1018 572 1042 sane,
594 1018 654 1045 qum
671 1011 786 1038 obscura
805 1016 887 1046 atque
911 1011 1050 1038 inaccessa
1086 1011 1147 1038 aliis
1168 1011 1326 1037 hominibus
1361 1013 1439 1041 sunt;
1463 1013 1490 1035 et
1519 1006 1657 1042 praedicis,
1693 1003 1838 1039 quidquid

199 1060 345 1087 enuntiare
358 1059 398 1087 fas
411 1064 465 1091 est,
476 1064 503 1086 et
518 1059 592 1094 quod
606 1059 695 1086 adhuc
711 1059 833 1086 futurum
853 1063 906 1092 est,
944 1065 1072 1094 tanquam
1105 1060 1160 1094 jam
1193 1066 1324 1093 praesens,
1339 1065 1415 1084 more
1428 1056 1497 1084 vatis
1511 1054 1636 1089 alicujus,
1665 1059 1820 1087 pert-enses
1832 1072 1838 1078 .

199 1106 266 1139 Quaa
289 1106 380 1132 omnia
405 1113 523 1141 quanatn
546 1113 575 1132 re
599 1105 709 1135 eximia.
747 1110 777 1133 ut
799 1105 929 1136 arbitror,
967 1113 1022 1132 non
1042 1105 1228 1140 splendidiora
1256 1109 1336 1139 atque
1359 1102 1517 1138 pulchriora
1541 1099 1626 1128 sunt?
1642 1099 1747 1133 quippe
1772 1106 1839 1133 qua:

177 1188 181 1191 η
200 1159 228 1182 et
250 1154 351 1189 opibus
374 1154 439 1187 tuis,
455 1158 483 1181 et
499 1154 602 1188 gloriae,
618 1158 646 1180 et
664 1160 771 1180 summo
796 1153 822 1180 iu
848 1153 987 1188 republica
1008 1153 1127 1188 fastigio.
1147 1157 1174 1179 et
1192 1152 1285 1187 generi
1310 1151 1372 1186 ipsi,
1391 1155 1418 1177 et
1439 1149 1476 1176 illi
1498 1149 1563 1176 item
1590 1148 1635 1182 qui
1661 1147 1736 1174 fores
1758 1153 1838 1180 tuas,

200 1204 223 1230 si
241 1202 308 1229 mihi
324 1201 400 1229 eliari
422 1208 471 1235 per
488 1205 514 1228 te
533 1200 608 1230 licet.
645 1200 719 1227 horis
738 1199 867 1226 omnibus
886 1200 1003 1230 obsidet,
1024 1199 1100 1226 orbis
1123 1205 1256 1226 terrarum
1281 1196 1439 1227 conventui,
1477 1195 1615 1228 singulare
1638 1197 1837 1220 ornamentum

201 1251 331 1279 aﬂ‘erunt.
349 1249 445 1278 Merito
465 1249 558 1284 itaque
573 1249 658 1284 gratia
674 1248 722 1275 tibi
740 1248 866 1279 debetur.
880 1247 926 1283 qui
962 1247 1122 1274 admirabile
1153 1251 1180 1274 et
1213 1245 1388 1281 magniﬁcum
1403 1242 1539 1278 quoddam
1553 1247 1658 1269 natum
1673 1248 1788 1271 munus.
1811 1245 1840 1266 et

201 1301 286 1328 decus
299 1306 454 1330 commune.
469 1303 496 1325 et
511 1299 585 1325 orbis
600 1298 684 1325 nostri
700 1297 837 1328 columen,
853 1301 880 1324 et
911 1297 1000 1323 anima
1031 1296 1199 1331 reipublicze,
1232 1295 1318 1322 instar
1343 1292 1436 1324 illius,
1463 1299 1544 1326 quam
1568 1291 1688 1317 animum
1714 1289 1841 1316 universi

200 1348 277 1375 Plato
291 1346 444 1382 appellabat
457 1346 495 1381 (in
511 1345 617 1375 Tirmto.
636 1349 656 1371 t.
672 1344 717 1375 lll.
733 1344 768 1371 54
784 1344 811 1378 b)
830 1343 910 1370 nobis
925 1343 1088 1377 apparuisti.

235 1407 270 1434 ll.
289 1406 387 1434 Nostra
404 1411 469 1432 vero
491 1396 565 1431 urbs.
580 1410 661 1438 quam
678 1407 718 1435 tu,
734 1406 765 1429 ut
781 1409 842 1429 cum
858 1400 976 1436 Escliylt

1103 1419 1110 1427 .
1130 1399 1212 1434 Ἡμῖν
1238 1397 1267 1424 δὲ
1290 1398 1306 1433 ἡ
1334 1396 1422 1427 πόλις,
1516 1393 1598 1425 αὐτὸς
1614 1392 1676 1420 κατ’
1699 1393 1840 1426 Αἰσχύλον

195 1455 289 1483 .dicam
310 1452 413 1489 (Ἑπτὰ
432 1451 478 1477 ἐπὶ
501 1450 615 1486 Θήϐαις,
633 1449 693 1483 HO)
710 1457 716 1475 :
740 1448 803 1475 olim
824 1449 990 1475 carissimum

201 1500 336 1532 habuisti,
355 1498 488 1533 cujusque
503 1496 530 1523 in
545 1496 658 1531 gratiam
679 1494 783 1522 nullum
799 1501 853 1521 non
867 1493 990 1521 sulieun-

203 1549 268 1573 dum
285 1545 333 1573 tibi
349 1544 491 1572 statuebas
506 1543 644 1574 laborem;
663 1547 718 1568 lum
731 1541 804 1575 quod
820 1540 915 1567 urbem
933 1540 991 1573 ipse

203 1592 356 1622 adamares,
368 1595 423 1617 tum
437 1588 511 1623 quod
526 1588 581 1615 tuis
592 1588 636 1614 illa
652 1587 732 1621 digna
745 1591 814 1613 esset
831 1585 989 1613 beneﬁciis:

204 1640 262 1665 haec
283 1637 377 1672 igitur,
402 1635 482 1668 cujus
499 1634 578 1668 longe
594 1633 700 1667 lateque
716 1637 859 1667 pervagata
877 1636 921 1658 est
935 1631 992 1665 glo-

203 1685 254 1716 ria,
272 1691 333 1718 qua:
350 1686 377 1709 et
397 1685 532 1716 quotquot
548 1679 688 1711 viderunt,
705 1681 841 1704 amatores
861 1676 990 1707 habebat,

204 1735 233 1758 et
248 1729 294 1764 qui
308 1729 424 1755 necdum
440 1726 576 1757 viderant,
591 1725 641 1752 hos
653 1724 710 1751 sola
728 1722 847 1750 nominis
863 1723 904 1749 sui
922 1721 992 1748 fama

205 1776 259 1804 sibi
292 1774 476 1809 mancipabat,
506 1779 566 1807 qua:
603 1771 670 1799 urbs
697 1770 852 1797 Gratiarum
888 1768 991 1795 dudum

205 1823 312 1855 fuerat,
331 1828 406 1848 nunc
422 1819 558 1847 malorum
573 1818 695 1845 omnium
712 1817 776 1843 urbs
787 1820 838 1847 est,
853 1819 881 1842 et
892 1815 992 1841 horum

205 1870 330 1905 profecto
345 1866 502 1903 ejusmodi;
523 1872 583 1900 quae
604 1871 654 1891 nec
672 1862 763 1890 verbis
783 1861 918 1896 exprimi,
943 1867 993 1886 nec

205 1915 321 1943 auribus
342 1912 430 1947 accipi
453 1915 564 1947 queant.
590 1909 660 1936 Sunt
681 1917 711 1935 ea
734 1908 807 1935 enim
829 1913 856 1934 et
881 1911 920 1933 tot
944 1913 994 1932 nu-

207 1971 301 1995 mero,
324 1967 351 1990 et
375 1966 450 1989 tanta
472 1959 671 1994 magnitudine,
693 1963 722 1984 et
744 1961 798 1984 tam
820 1955 911 1991 gravia
935 1962 994 1988 per-

207 2018 302 2046 pessu,
323 2013 353 2036 ut
371 2007 437 2034 nulli
456 2013 551 2033 eorum
569 2005 617 2040 qui
639 2011 758 2039 unquam
781 2002 866 2037 pressi
884 2000 994 2029 calami-

209 2056 311 2083 tatibus
333 2053 480 2087 aiilictique
501 2053 620 2083 fuerunt.
640 2056 667 2077 ut
685 2057 799 2077 numero
820 2048 872 2075 hoc
892 2048 993 2080 dicam,

208 2107 326 2129 nostram
351 2102 378 2126 in
405 2099 521 2126 adversis
548 2105 672 2124 coronam
690 2104 766 2123 suam
789 2103 842 2121 esse
865 2093 991 2123 mallent,

208 2145 439 2183 quemadmodum
466 2144 585 2179 tragicus
611 2143 747 2178 quispiam
775 2140 877 2167 dixerit
901 2144 992 2173 poeta.

208 2195 248 2222 Eo
261 2202 331 2221 nunc
344 2197 419 2219 certe
434 2199 483 2218 nos
499 2191 631 2217 malorum
648 2190 782 2216 venimus.
798 2188 889 2220 Itaque
904 2186 930 2212 in
945 2192 994 2211 nos

209 2241 305 2277 genius
312 2240 423 2273 quidam
433 2237 545 2264 minime
553 2236 641 2263 bonus
648 2233 876 2262 comissabundus
890 2238 996 2266 grassa-

209 2291 254 2314 tus
263 2285 323 2312 fuit.
332 2285 391 2312 Jam
402 2284 446 2310 illa
456 2283 548 2317 igitur,
558 2281 680 2308 omnium
690 2277 993 2309 conscusione,ttrbiuui

210 2340 278 2368 quas
292 2331 416 2359 incolunt
426 2329 562 2361 homines,
575 2327 697 2355 omnium
707 2323 994 2358 antehacmquissima.

210 2383 239 2407 et
257 2378 430 2414 justissima,
449 2381 477 2403 et
505 2373 737 2404 moderatissima',
756 2376 784 2398 et
809 2378 840 2397 ea
863 2370 944 2396 etiam
969 2375 996 2394 re

211 2425 347 2454 omnium,
366 2430 427 2457 quae
448 2422 550 2455 ubique
573 2423 647 2450 sunt,
668 2419 721 2444 Deo
746 2415 932 2444 dilet'tissima.
951 2413 996 2440 illa

211 2478 302 2500 nunc,
327 2471 454 2503 inquam,
471 2475 491 2495 .o
510 2466 568 2498 sol,
593 2473 609 2491 o
633 2464 730 2494 tellus,
753 2470 808 2497 quo
829 2469 884 2488 rem
908 2460 996 2487 dicam

213 2515 314 2543 modo?
330 2522 420 2549 quave
436 2512 554 2539 narrabo
570 2510 694 2537 ratione?
709 2516 822 2544 prorsus
838 2515 871 2534 ex
887 2510 998 2533 contra-

214 2561 268 2592 rio,
289 2559 479 2589 exsecrabilis.
503 2562 531 2584 ct
555 2556 680 2588 scelesta,
702 2560 729 2581 et
752 2554 819 2581 ditis
840 2553 950 2584 devota,
972 2556 999 2578 ct

214 2606 350 2637 omnium,
369 2610 398 2631 ut
420 2603 505 2630 verbo
528 2602 678 2632 absolvam,
695 2599 896 2627 dirissintortttn
916 2602 999 2632 atque

216 2654 436 2681 tristissimorutn
458 2655 608 2681 certamen,
637 2648 726 2675 omnis
746 2647 839 2682 ﬂagitii
857 2650 885 2673 et
903 2646 1000 2672 intem-

214 2701 346 2735 perantia:
368 2703 518 2732 tropaeum.
544 2703 572 2724 ct
598 2696 688 2723 omnia
715 2695 773 2721 hate
796 2694 890 2727 Illique
915 2691 1000 2726 magis

215 2754 297 2781 quam
315 2745 380 2772 urbs
393 2751 444 2772 est.
460 2744 516 2777 Qua
533 2744 566 2770 dc
581 2751 674 2774 causa,
690 2749 762 2768 nunc
779 2739 893 2766 invisior
904 2738 998 2765 eadem
1019 2750 1039 2777 υ

216 2792 289 2819 haud
306 2792 388 2820 dubie
407 2792 460 2818 lico
475 2791 570 2822 fuerit,
585 2798 666 2824 quam
683 2788 823 2821 acceptior
838 2790 917 2812 antea
931 2789 1000 2815 erat,

217 2845 268 2865 nec
283 2838 378 2874 procul
391 2846 405 2864 a
418 2845 497 2872 pmna
517 2838 632 2871 quinque
646 2835 749 2861 urbium
763 2833 899 2859 ablutura.
913 2831 1001 2866 (Gem,

219 2893 274 2918 xui,
299 2885 310 2912 1
331 2893 426 2920 seqq.:
460 2884 522 2918 Sup,
546 2892 569 2915 .\,
591 2884 629 2916 (5.)
654 2882 724 2908 Sane
752 2879 866 2910 merito,
894 2877 1003 2912 quando

1043 1446 1127 1472 πάλαι
1143 1444 1291 1480 εὐφιλήταν
1311 1442 1383 1475 ἔθου,
1419 1441 1466 1468 καὶ
1494 1440 1564 1475 ὑπὲρ
1590 1437 1625 1476 ἦς
1655 1441 1746 1466 πάντα
1781 1440 1839 1466 δεῖν

1041 1491 1095 1526 ῷου
1112 1491 1209 1522 ποιεῖν,
1241 1488 1280 1523 τῷ
1291 1488 1315 1514 τ’
1331 1487 1412 1518 αὐτὸς
1429 1486 1532 1522 ταύτης
1552 1487 1630 1522 ὲρᾷν,
1664 1485 1703 1519 τῷ
1733 1486 1757 1511 τ’
1782 1486 1839 1511 αὺ-

1042 1537 1091 1571 τὴν
1107 1534 1137 1563 εὖ
1165 1536 1282 1571 πάσχειν
1299 1534 1377 1566 ἀξίαν
1404 1531 1484 1565 εἷναι,
1517 1532 1588 1566 αὕτη
1615 1532 1705 1558 τοίνυν
1734 1532 1749 1565 ἡ
1774 1531 1839 1566 δόξῃ

1043 1583 1087 1610 διὰ
1115 1583 1224 1609 πάντων
1253 1581 1340 1612 ἰοῦσα,
1372 1580 1419 1607 καὶ
1451 1581 1515 1611 τοὺς
1543 1579 1592 1614 μὲν
1615 1578 1720 1608 ἰδόντας
1749 1577 1839 1612 spata-

1042 1630 1092 1661 τὰς
1111 1628 1281 1663 κτησαμένη,
1309 1628 1372 1658 τοὺς
1392 1627 1419 1654 δὲ
1446 1626 1496 1652 οὐκ
1515 1625 1620 1656 ἰδόντας
1635 1624 1664 1656 ἐξ
1678 1624 1732 1658 ἄρα
1749 1624 1838 1658 μόνης

1043 1673 1301 1707 ἀνδραποδισαμένη
1324 1671 1373 1705 τῆς
1404 1671 1510 1706 φήμης,
1540 1664 1625 1697 πάλαι
1661 1669 1739 1699 πόλις
1768 1668 1839 1695 οὖσα

1043 1720 1173 1755 χαρίτων,
1189 1719 1236 1745 νῦν
1258 1718 1334 1748 πόλις
1355 1718 1412 1744 ἐστὶ
1445 1717 1549 1749 κακῶν,
1575 1715 1631 1741 οὔθ’
1657 1715 1722 1741 οἴων
1755 1714 1837 1749 εἰρῆ-

1044 1766 1118 1799 σθαι,
1140 1765 1195 1792 οὗθ’
1219 1766 1281 1792 οἴων
1311 1764 1394 1798 ἀκοῆς
1419 1763 1604 1798 γεγενῆσθαι,
1643 1762 1711 1788 ἀλλὰ
1741 1761 1838 1787 τοσού-

1043 1821 1098 1840 των
1131 1812 1180 1846 μὲν
1203 1812 1233 1838 τὸ
1259 1810 1372 1846 πλῆθος,
1404 1809 1572 1844 τηλικούτων
1603 1808 1631 1834 δὲ
1659 1808 1689 1834 τὸ
1708 1808 1838 1842 μέγεθος,

1044 1859 1116 1886 οὕτω
1137 1859 1166 1885 δὲ
1195 1858 1344 1892 δυσχερῶν,
1370 1857 1408 1888 ὡς
1430 1855 1547 1891 μηδένας
1576 1855 1609 1881 ἂν
1641 1854 1696 1880 τῶν
1724 1854 1837 1880 πώποτε

1044 1905 1293 1940 δεδυστυχηκότων,
1327 1904 1351 1929 εἰ
1380 1903 1421 1928 δεῖ
1448 1902 1553 1936 τάχιστ’
1582 1902 1690 1933 εἰπεῖν,
1734 1901 1838 1933 στέφα-

1045 1961 1089 1978 νον
1111 1951 1189 1986 ήμῶν
1219 1951 1248 1976 ὲν
1274 1950 1381 1981 κακοῖς,
1422 1945 1499 1974 εἶπεν
1530 1947 1564 1974 ἂν
1590 1947 1659 1982 ἀνὴρ
1691 1947 1835 1982 τραγικὸς,

1045 1997 1234 2033 ἀνθῃρῆσθαιθ
1253 1995 1359 2022 ἐνταῦθ’
1372 1995 1475 2030 ἥκομεν
1490 2001 1496 2008 '
1514 1994 1561 2020 καλ⁴
1577 1994 1650 2019 οὓτω
1676 1992 1738 2019 καθ’
1754 1993 1834 2028 ήμῶν

1046 2044 1175 2078 ἐκώμασέ
1203 2051 1246 2074 τις
1263 2041 1368 2076 δαίμων
1391 2041 1441 2066 οὐκ
1468 2039 1589 2073 ἀγαθός·
1615 2039 1661 2065 καὶ
1682 2040 1698 2073 η
1715 2038 1833 2074 πρόσθεν

1047 2091 1108 2116 κατ’
1124 2088 1286 2124 ἀνθρώπους
1303 2087 1476 2120 ὲννομωτόιτη
1491 2087 1537 2111 καὶ
1551 2085 1709 2119 δικαιοτάτη
1725 2086 1774 2110 καὶ
1786 2093 1835 2110 σω-

1048 2135 1219 2169 φρονεστάτη
1252 2132 1367 2164 πόλεων,
1392 2131 1430 2162 ὡς
1454 2131 1571 2162 ὄιπλντες
1593 2130 1677 2162 ἴσασι,
1707 2130 1757 2156 καὶ¹
1782 2129 1834 2155 τῶν

1047 2179 1206 2214 ἁπανταχοῦ
1218 2178 1314 2205 πασῶν
1330 2178 1373 2204 διὰ
1393 2177 1479 2203 ταῦτα
1502 2177 1602 2211 μᾶλλον
1620 2176 1757 2209 θεοφιλὴς,
1774 2176 1834 2207 νῦν,

1048 2227 1107 2262 ἥλιε
1128 2226 1174 2252 καὶ
1198 2226 1243 2260 γῆ,
1259 2225 1317 2255 πῶς
1341 2224 1431 2256 sine);
1457 2223 1515 2254 πῶς
1532 2222 1676 2254 διεξέ).θω;
1705 2221 1834 2255 ἐξαίφνης

1051 2273 1106 2299 πᾶν
1134 2271 1303 2298 τούναντίον·
1322 2270 1464 2303 ἐξάγιστος
1489 2268 1537 2294 καὶ
1554 2267 1642 2302 μιαρὰ
1669 2267 1716 2293 καὶ
1734 2268 1835 2301 ἐπάρα-

1049 2327 1106 2350 τος,
1136 2319 1181 2344 καὶ
1199 2318 1308 2344 πάντων
1326 2316 1364 2347 ὡς
1391 2317 1480 2341 εἰπεῖν
1505 2314 1651 2348 ἀγώνισμα
1667 2313 1722 2340 τῶν
1750 2314 1836 2348 χειρε-

1052 2373 1132 2398 στων,
1148 2364 1239 2398 πάσης
1254 2363 1282 2388 δὲ
1297 2363 1426 2397 τρόπαιον
1438 2361 1590 2396 ἀκρασίας·
1611 2360 1699 2385 πάντα
1711 2359 1740 2385 δὲ
1754 2359 1836 2385 ταῦτα

1053 2410 1153 2446 μᾶλλον
1170 2409 1186 2444 ἢ
1203 2408 1297 2440 πόλις·
1316 2408 1413 2434 οὐκοῦν
1433 2409 1479 2433 καὶ
1502 2406 1631 2440 θεομισὴς
1652 2406 1684 2431 δν
1709 2405 1752 2440 εἴη
1774 2405 1837 2439 μᾶλ-

1051 2457 1096 2483 λον
1110 2457 1127 2491 ἢ
1143 2455 1260 2491 πρόσθεν
1273 2454 1410 2489 θεοφιλὴς,
1425 2455 1472 2479 καὶ
1485 2453 1533 2486 τῆς
1549 2451 1741 2482 πενταπόλεως
1754 2459 1836 2484 τιμω-

1054 2503 1113 2538 ρίας
1125 2503 1155 2528 οὐ
1171 2501 1264 2538 πόρῤω
1279 2501 1388 2527 θέουσα.
1406 2499 1526 2529 Εἰκότως
1538 2506 1545 2512 ·
1562 2498 1660 2532 νόμους
1678 2498 1733 2531 γὰρ
1747 2497 1779 2531 δὴ
1793 2498 1835 2522 καὶ

1052 2550 1102 2580 τὰς
1129 2548 1235 2574 ἐκεῖθεν
1263 2547 1398 2580 ἀνάγκας,
1419 2545 1466 2572 καὶ
1492 2545 1523 2570 τὸ
1550 2544 1697 2578 σωφρόνως
1711 2552 1743 2569 τε
1760 2543 1832 2569 πολιυ

1053 2595 1153 2626 τεὺειν,
1170 2594 1218 2620 καὶ
1234 2593 1289 2620 τῶν
1305 2593 1446 2633 προγόνων
1463 2591 1555 2624 ἀξίως,
1573 2590 1618 2615 καὶ
1639 2589 1774 2624 πράττειν
1789 2588 1834 2622 μὲν

1053 2641 1071 2669 ὃ.
1098 2642 1228 2675 πράττειν
1260 2639 1379 2673 μάλιστα
1406 2638 1494 2672 θέμις,
1524 2638 1613 2670 μισεῖν
1637 2635 1675 2666 δὲ,
1701 2634 1719 2662 ἃ
1750 2635 1832 2669 μισεῖν

1054 2688 1140 2721 ἄξιον,
1162 2688 1190 2720 ἐξ
1207 2685 1244 2714 ῶν
1262 2686 1350 2712 πάντα
1365 2684 1398 2711 τὰ
1420 2683 1554 2719 κράτιστα
1569 2682 1702 2716 γίγνεται,
1729 2680 1784 2707 οὐδ’
1798 2681 1833 2709 εἰς

1055 2735 1118 2762 νοῦν
1144 2735 1271 2768 ἴσχομεν·
1287 2731 1343 2758 ἀλλ’
1360 2730 1454 2769 ὥσπερ
1477 2729 1542 2755 ἄλλο
1565 2737 1592 2754 τι
1609 2727 1663 2754 τῶν
1685 2725 1834 2762 ἀπειρημέ-

1056 2791 1121 2814 νων,
1139 2781 1184 2807 καὶ
1198 2780 1260 2811 τοὺς
1275 2780 1338 2814 περὶ
1353 2777 1455 2804 τούτων
1472 2776 1620 2810 λογισμοὺς
1636 2773 1835 2808 ἁπεσεισάμεθα

1058 2827 1185 2859 καθάπαξ
1201 2826 1279 2860 ἡμῶν
1305 2824 1407 2858 αὐτῶν,
1430 2823 1542 2849 τοσοῦτο
1565 2821 1611 2847 τοῦ
1631 2820 1715 2847 καλοῦ
1735 2820 1780 2845 καὶ
1799 2818 1833 2843 δι-

1059 2874 1137 2901 καίου
1155 2872 1311 2906 ποιούμενοι
1335 2871 1425 2904 λόγον,
1449 2869 1519 2895 ὥστε
1543 2867 1590 2894 καὶ
1614 2866 1725 2900 γραςὴν
1747 2864 1779 2890 ἄν
1798 2870 1832 2891 τις
