1878 3060
71 159 114 192 li!

775 165 835 195 EPl
841 167 978 197 STOLxE.

1641 170 1694 202 410

71 217 174 245 ἐνταῦοα
191 219 289 253 φύγοι,
307 220 345 255 μὴ
367 221 426 247 κατ’
443 220 594 256 εὖρύϐατον
607 221 661 254 ζῶν
675 231 681 238 ·
699 222 786 254 οὕτως
800 223 812 249 ἂ

951 234 989 257 es.
1007 232 1035 254 el
1054 229 1237 255 necessariam
1259 228 1348 263 legum
1369 229 1584 259 observantiam.
1601 234 1628 256 et
1650 238 1692 255 sa-

72 264 190 298 ποταμῶν
214 265 252 291 τὰ
280 267 424 301 πράγμαθ’
444 268 529 302 ἡμῖν·
554 269 600 294 καὶ
617 268 717 303 τοσῷδε
741 269 853 304 μᾶλλον,

72 311 102 341 ὡς
115 311 178 345 μηδὲ
201 312 365 348 προσδοκᾷν
391 312 491 345 ἐξεῖναι
507 315 637 349 τάρχαῖα,
658 315 728 341 κατὰ
754 316 808 342 πᾶν
824 315 855 341 τὸ

72 358 98 382 ἐκ
114 356 157 382 τοῦ
173 358 314 392 παρόντος
329 359 412 391 εἰκός.
429 359 568 395 Χαίρομεν
580 361 681 392 τοίνυν,
695 358 735 392 οἷς
748 361 855 396 χαίρειν

73 403 136 427 πᾶσα
164 402 301 438 αἰσχύνη,
321 404 368 430 καὶ
394 402 431 430 ὧν
464 406 495 431 τὸ
524 406 678 440 μεμνῆσθαι
708 406 789 440 μόνον
815 407 856 438 εις

72 449 127 482 ἄγος
135 449 206 474 τελεῖ
216 457 224 464 ·
239 450 271 475 τὸ
288 450 344 484 γὰρ
357 450 426 484 πρὸς
440 451 573 485 ἀλλήλους
589 451 711 486 ὠμότητι
725 452 854 486 χρῆσθαι,

71 495 110 521 καὶ
130 495 178 530 ζῇν
206 496 354 529 ἐγγύτατα
379 497 433 522 τῶν
450 497 564 531 Θηρίων,
581 499 627 523 καὶ
655 497 765 528 στάσεις
789 497 855 523 ἑκά-

73 549 139 567 στοτε
161 542 206 568 καὶ
225 541 350 577 μελετᾷν
374 544 422 569 καὶ
437 545 537 574 ποιεῖν,
560 545 607 570 καὶ
621 544 784 579 διαρπάζειν
799 545 856 574 τοῖς

72 587 188 622 εὖπόροις
213 588 251 613 τὰ
281 588 360 622 ὄντα,
389 590 516 624 καθάπερ
552 590 700 625 Ἀθήνῃσιν
728 590 775 616 ὲπὶ
803 589 856 616 τῶν

71 633 219 666 τριάκοντα,
238 635 289 659 καὶ
307 633 355 659 νῦν
375 634 426 668 μὲν
451 635 649 669 ἐπιορκοῦντας
664 635 791 670 ὁρᾶσθαι,
809 635 856 661 νῦν

72 677 89 704 δ’
105 678 147 704 ἐπὶ
162 679 218 709 τοῖς
233 680 332 710 αὐτοῖς
349 679 426 711 αὖθις
440 680 588 714 ὀμνύντας,
606 681 653 707 καὶ
669 681 732 711 τοὺς
746 681 796 715 μὲν
809 681 856 707 ἐπὶ

72 724 113 757 τῆς
126 724 229 759 ἀγορᾶς
248 725 425 757 κονδυλίςειν
449 727 495 753 καὶ
510 727 676 760 συγκόπτειν
698 727 747 754 καὶ
765 729 856 754 παίειν

74 771 112 796 καὶ
132 770 232 803 ξαίνειν
265 774 339 798 κατὰ
363 773 448 799 νώτου
476 773 589 806 πολλὰς,
608 774 670 805 τοὺς
687 775 715 801 δὲ
733 776 778 801 καὶ
798 775 856 800 πώ-

73 826 147 851 γωνος
169 818 266 846 ἕλκειν
283 819 386 854 ἄνδρας
410 820 484 847 ἔστιν
500 821 543 848 ὅτε
569 821 737 856 πρεσϐύτας,
751 823 797 848 καὶ
815 822 857 848 αἱ·

72 864 115 894 δὼς
126 864 234 898 ἄπεστι,
245 866 314 899 τοὺς
325 867 347 893 δ’
363 866 458 902 ὕϐρεσι
472 868 593 900 πλύνειν,
607 869 662 899 τοῖς
673 868 700 894 δὲ
710 869 743 895 τὰ
753 869 856 903 ἔσχατα

71 913 182 939 ἀπειλεῖν
195 921 202 928 ·
220 914 411 948 νυκτομαχίαι
427 922 457 940 τε
476 915 612 948 ἀγεννεῖς,
630 916 676 941 καὶ
696 914 770 949 λόχοι
786 915 856 942 κατὰ

72 959 117 984 τῶν
130 960 289 994 ὁμοφύλων,
309 961 357 987 καὶ
370 961 540 995 στρατόπεδα
556 961 724 992 ἀκολάστων,
739 963 786 988 καὶ
801 963 856 988 τοί-

72 1015 118 1041 χων
135 1007 271 1042 amp-exui,
291 1008 340 1034 καὶ
363 1008 474 1039 κλοπαὶ,
491 1009 538 1035 καὶ
558 1009 652 1035 οἰκιῶν
668 1009 854 1043 καθαιρέσεις,

73 1053 112 1077 καὶ
133 1053 181 1078 ὅσα
209 1054 251 1084 είς
266 1053 350 1080 τοῦτο
376 1054 460 1080 τείνει
472 1063 479 1069 ·
497 1055 537 1080 ἔτι
553 1063 584 1081 τε
607 1055 699 1082 ἄδικον
717 1054 782 1090 πῦρ,
808 1054 856 1081 καὶ

72 1097 142 1124 λίθων
166 1099 296 1132 ἀφέσεις,
314 1099 360 1126 καὶ
391 1101 548 1135 τραύματα,
566 1101 611 1126 καὶ
634 1100 748 1135 πληγαὶ,
773 1101 819 1126 καὶ
841 1100 856 1126 6

74 1145 145 1176 πολὺς
160 1145 296 1171 ἑκάστοτε
313 1145 406 1180 φόνος,
421 1147 451 1172 τό
472 1154 501 1172 τε
519 1146 563 1173 διὰ
579 1147 668 1180 πάσης
686 1147 794 1182 ἡλικίας
812 1155 856 1173 νο-

76 1189 207 1224 μιζόμενον
223 1191 315 1226 ξίφος,
339 1193 386 1218 καὶ
402 1193 416 1218 ὁ
432 1192 615 1226 στεργόμενος
630 1193 780 1226 ἀκινάκης,
794 1193 855 1226 μεθ’

74 1232 104 1261 ὧν
125 1237 169 1262 καὶ
197 1237 288 1272 ἡδέως
315 1238 490 1271 καθεύδουσι,
513 1240 561 1265 καὶ
586 1235 623 1266 ὧν
651 1239 715 1266 ἄνευ
741 1239 791 1274 ζῇν
806 1239 855 1274 οὐχ

75 1278 120 1307 οἷόν
134 1291 172 1309 τε.
201 1283 276 1314 Τοὺς
294 1283 348 1318 γὰρ
373 1284 420 1310 ἐπὶ
446 1285 518 1319 κακῇ
538 1284 621 1319 μοίρᾳ
642 1283 693 1318 τῆς
716 1284 855 1319 ἡμετέρας

75 1327 111 1352 καὶ
126 1329 226 1360 φύντας
243 1330 296 1356 καὶ
322 1330 476 1364 τραφέντας
493 1331 539 1356 καὶ
563 1330 743 1366 αὐξηθέντας,
760 1330 807 1356 καὶ
820 1331 853 1366 τῇ

76 1375 171 1408 πατρίδι
187 1375 269 1409 κριοῦ
288 1377 402 1410 τροφεῖα
417 1376 570 1407 δεδωκότας
582 1377 619 1407 ὡς
637 1377 726 1410 λόγος,
742 1377 855 1409 τούτους

74 1419 100 1453 δὴ
113 1421 171 1451 τοὺς
186 1421 360 1455 Σαλμωνέας·
374 1422 493 1456 ἀτεχνῶς
508 1423 556 1448 καὶ
567 1423 752 1457 Λυκούργους,
766 1424 781 1457 ῆ
797 1432 856 1450 και-

76 1466 129 1498 νούς
143 1476 215 1499 τινας
234 1468 402 1502 γίγανταςῆ
424 1469 471 1494 τοῦ
491 1469 658 1504 Πολυφήμου
684 1470 820 1506 μαθητὰς,
837 1471 853 1506 ἢ

75 1512 116 1538 οὐκ.
136 1511 183 1539 οἷδ’
195 1514 209 1539 ὃ
223 1522 250 1540 τι
265 1514 325 1545 ,καὶ
343 1514 435 1549 φαίην,
459 1514 519 1541 οὐδὲ
543 1515 633 1548 λέγειν
653 1515 752 1549 ἔξεστι,
768 1516 855 1543 ταῦτα

75 1557 153 1582 τοίνυν
178 1558 225 1584 καὶ
252 1558 341 1584 πλείω
367 1557 470 1584 τούτων
495 1557 625 1590 ἐξώλειαν
646 1559 754 1594 ἔχοντα,
776 1561 807 1586 τό
822 1569 853 1594 γε
869 1573 891 1602 c

76 1602 181 1637 τήμερον
195 1602 280 1635 εἶναι,
297 1603 332 1630 τὰ
348 1606 458 1630 πάντων
474 1605 542 1639 ἡμῖν
563 1605 659 1639 ἥδιστα
670 1613 677 1620 ·
700 1607 746 1632 καὶ
765 1607 854 1634 κινδυ-

76 1648 175 1682 νεύομεν
191 1651 219 1675 ὲν
235 1649 346 1681 τούτοις
360 1650 540 1685 εὐδαιμονεῖν,
555 1648 592 1677 ὧν
603 1652 632 1678 τὸ
648 1652 776 1685 καθάπαξ
793 1654 856 1679 ἀτυ-

77 1694 125 1727 χεῖν
149 1695 312 1729 εὐδαιμονία
341 1697 449 1730 σαφήςο
472 1697 542 1729 ἄξιοι
569 1697 618 1732 μὲν
643 1698 719 1732 παρὰ
747 1700 856 1726 πάντων

78 1742 202 1772 μισεῖσθαι
218 1743 276 1768 τῶν
294 1742 357 1768 νοῦν
371 1743 499 1777 ἐχόντων,
518 1744 589 1779 ἄξοι
611 1745 639 1770 δὲ
657 1745 792 1780 κρημνῶν
808 1747 856 1772 καὶ

79 1785 212 1822 βαράθρων
233 1789 282 1814 καὶ
301 1789 423 1822 σεισμῶν
444 1790 491 1815 καὶ
515 1791 681 1824 χωσμάτων,
697 1791 744 1817 καὶ
755 1791 810 1818 τῶν
828 1791 856 1824 ἐξ

77 1833 177 1866 οὐρινοῦ
193 1835 306 1861 πάντων
322 1835 424 1869 βελῶν·
441 1835 490 1870 οὐχ
509 1836 546 1867 ὡς
563 1837 617 1862 τῶν
631 1837 794 1864 δεινοτάτων
810 1839 857 1864 αὺ-

78 1879 185 1914 τὸχειρες
205 1881 300 1915 μόνον,
317 1881 385 1908 ἀλλὰ
412 1883 458 1908 καὶ
481 1882 519 1916 τῷ
536 1884 711 1918 παράδειγμα
731 1885 789 1916 τοῖς
809 1885 855 1911 ἄλ-

78 1925 125 1957 λοις
145 1929 289 1960 γεγονέναι
308 1928 360 1953 τῶν
376 1929 442 1955 ἰσων
454 1935 460 1942 '
480 1929 548 1963 πρὸς
570 1930 624 1964 γὰρ
643 1930 691 1961 τὰς
719 1931 857 1964 μητροπό-

79 1971 127 2004 λε’ς
147 1974 259 2000 ἕκαστοι
283 1974 437 2009 βλέποντες,
467 1975 538 2008 σφᾶς
564 1976 661 2006 αὐτοὺς
685 1975 854 2002 πλάττουσι·

79 2019 174 2053 Φεραῖοι
189 2021 255 2054 γοῦν
281 2022 329 2047 καὶ
357 2021 543 2053 Ποτιδαιᾶται,
566 2022 614 2048 καὶ
629 2023 658 2048 al
687 2022 780 2048 λοιπαὶ
805 2023 854 2049 πό-

79 2064 134 2096 λεις,
148 2066 200 2093 οὐδ’
215 2068 292 2093 ἔστιν
306 2068 394 2092 εἰπεῖν
409 2068 437 2098 ἐς
450 2067 511 2093 ὅσον
528 2067 626 2101 μανίας
644 2067 764 2102 ἣλασαν¹
784 2068 856 2094 οὕτω

80 2113 358 2148 τιπλεονεκτήσαντες
384 2113 452 2147 πρὸς
476 2113 526 2148 τὴν
549 2114 678 2148 μίμησιν.
703 2114 758 2140 Καὶ
786 2115 856 2148 μετὰ

80 2159 194 2186 τοσούτου
218 2161 290 2187 πάνυ
307 2160 353 2186 τοῦ
369 2160 497 2194 θράσους,
514 2160 551 2190 ὡς
569 2160 616 2186 καὶ
639 2160 785 2195 παρελοεῖν
799 2161 855 2192 τοῖς

80 2204 159 2239 ἔργοις
182 2208 231 2241 τὴν
249 2206 342 2241 φύσιν,
372 2207 419 2232 καὶ
439 2205 548 2232 παιδιὰν
573 2207 693 2241 ἀτεχνῶς
712 2206 799 2238 δεῖξαι
821 2206 856 2232 τὰ

81 2253 136 2286 παρ’
148 2254 236 2288 ἡμῶν,
251 2255 284 2279 ὲκ
298 2253 435 2288 δευτέρων
451 2253 485 2279 τὰ
501 2254 625 2288 πρωτεῖα
647 2253 746 2288 τρόπον
761 2253 855 2288 ἕτερον

81 2300 261 2333 κομισάμενοι.
280 2300 310 2326 Ei
327 2299 349 2326 δ’
370 2301 383 2326 ὁ
409 2300 440 2326 τὺ
457 2301 568 2334 σπέρμα
595 2299 756 2335 παρασχὼν,
778 2296 855 2330 υῦτικ

80 2343 120 2368 καὶ
135 2345 185 2370 τῶν
201 2345 309 2378 ερύντων
333 2344 418 2375 αἴτιος
433 2344 447 2370 ὁ
470 2345 514 2376 ab;
537 2344 645 2379 ἑταῖρός
670 2345 856 2380 φησιιςΔημο-

82 2388 175 2424 σθένης,
191 2392 240 2417 καὶ
254 2391 340 2422 οὕτως
357 2390 410 2426 ἂρα
427 2391 559 2424 νικῶντες
576 2392 658 2426 ἡμεῖς
674 2391 764 2424 νίκην,
777 2391 809 2426 ἦν
822 2391 855 2418 ἄν

83 2442 120 2468 μοι
133 2436 202 2463 δοκεί
224 2446 266 2469 τις
285 2438 332 2464 καὶ
348 2438 415 2472 οναρ
431 2436 494 2464 ίδὼν
516 2438 567 2463 οὐκ
593 2437 638 2469 ἂν,
657 2438 736 2472 εἴπερ
760 2435 815 2464 οἶόν
831 2437 855 2463 τ’

81 2478 117 2515 ἦν,
129 2483 163 2508 ἔθ’
177 2483 260 2510 ὕπνου
275 2485 423 2518 μετασχεῖν
444 2483 584 2518 ἐθελῆσαι,
602 2483 678 2518 φόϐῳ
697 2483 752 2508 τῶν
771 2483 851 2509 ἴσων

82 2528 105 2553 ἐν
120 2529 201 2555 τοίνυν
218 2530 349 2562 τοιούτοις
363 2529 438 2556 οὖσιν
455 2531 520 2564 ἡμῖν
536 2529 577 2561 τίς
601 2529 678 2556 ἐλπὶς
700 2530 853 2564 σωτηρίας

83 2575 170 2607 μᾶλλον
183 2577 210 2603 δὲ
226 2577 266 2608 τίς
283 2577 333 2603 οὐκ
350 2577 382 2603 ἂν
397 2577 476 2607 ἐλπὶς
493 2576 632 2607 ἀπωλείας
644 2584 650 2607 ;
663 2577 731 2602 ὅπου
746 2576 800 2610 γὰρ
815 2574 855 2606 εἷς

84 2622 192 2649 ὀστιιοῦν
207 2625 290 2655 κακὸς
310 2624 441 2655 πολλάκις
466 2625 616 2657 ἀναφανεὶς
633 2623 720 2654 αἴτιος
742 2623 791 2658 ὅλῃ
807 2623 855 2649 πό-

83 2665 115 2692 λει
128 2668 218 2701 γέγονε
243 2670 394 2704 συμφορᾶς,
410 2669 458 2695 καὶ
480 2669 529 2703 τῆς
545 2668 604 2699 ἑνός
627 2676 699 2699 τινος
718 2667 854 2702 ἀκρασίας

85 2712 145 2739 ἆπιν
162 2718 234 2751 κοινῇ
251 2717 279 2742 τδ
305 2716 407 2750 πλῆθος
427 2715 476 2751 τὴν
492 2716 569 2749 δίκην
591 2716 694 2747 ἔτισαν,
717 2715 744 2739 τί
762 2714 854 2740 πείσε-

85 2758 136 2784 σθαι
151 2762 200 2795 χρὴ
213 2762 331 2796 νομίζειν
343 2763 428 2796 ἡμᾶς,
446 2762 500 2787 τῶν
513 2761 562 2795 μὲν
577 2760 853 2795 πεπλημμεληκότων

85 2802 155 2830 ὄντων
170 2807 236 2842 ὑπὲρ
252 2809 299 2838 τὰς
319 2809 411 2842 μυίας,
430 2809 478 2842 τῆς
501 2807 529 2834 δὲ
549 2807 667 2838 ἀδικίας,
683 2806 740 2833 ἀλλ’
755 2807 805 2833 οὐκ
820 2806 854 2832 ἂν

85 2848 203 2887 δυναίμην
217 2855 301 2880 εἰπεῖν
315 2856 364 2890 ὅση
377 2864 428 2887 τις.

88 2900 132 2923 lam
147 2901 270 2935 capitales
294 2902 403 2930 lraudes
417 2910 555 2938 noxasque
571 2901 596 2928 in
632 2909 681 2929 nos
715 2900 888 2935 admisimus,

873 2241 892 2268 ι)

907 273 1018 306 pienter
1032 280 1064 299 ac
1080 273 1202 300 modeste
1220 274 1418 308 rempublicam
1435 282 1540 309 gerere
1559 274 1696 309 dignoque

906 317 1058 352 majoribus
1079 325 1155 345 more
1174 327 1181 347 :
1203 327 1292 354 eaque
1316 328 1408 353 agere,
1429 328 1490 354 quae
1515 313 1632 346 maxime
1657 319 1696 345 fas

906 364 1037 399 piumque
1059 365 1095 391 sit
1117 372 1210 399 agere,
1233 365 1325 392 odisse
1348 373 1425 399 vero,
1448 373 1508 400 quae
1528 373 1636 399 :eqnnm
1663 365 1697 391 sit

906 409 1008 438 odisse.
1026 410 1129 444 quibus
1144 418 1177 437 ex
1194 411 1275 438 rebus
1291 411 1393 445 optima
1410 411 1502 438 omnia
1518 411 1695 445 proveniunt,

907 455 965 481 haec
983 463 1017 482 ne
1038 455 1064 482 in
1088 456 1180 482 animo
1201 456 1311 491 quidem
1335 456 1480 488 habemus,
1497 457 1542 482 sed
1565 456 1607 482 vel
1625 456 1697 490 ipsas

907 502 941 528 de
959 501 1034 529 hisce
1051 502 1242 537 cogitationes,
1260 507 1389 537 tanquam
1412 503 1485 529 aliud
1504 502 1610 536 aliquid
1631 502 1698 536 legi—

907 546 960 575 bus
978 547 1169 580 interdictum,
1184 556 1199 575 a
1218 548 1298 575 nobis
1316 548 1424 582 penitus
1440 549 1581 582 exegimus
1599 555 1697 574 excus-

907 594 1060 629 simusquc.
1078 594 1155 622 llanc
1169 601 1219 621 nos
1236 594 1343 621 scilicet
1359 594 1466 621 honesti
1482 594 1604 628 justique
1620 593 1698 620 duci-

906 648 970 667 mus
995 640 1140 673 rationem,
1163 645 1192 667 ut
1215 640 1328 675 publico
1351 648 1420 675 pene
1441 640 1546 676 judicio
1563 640 1635 666 diem
1658 639 1698 666 illi

908 686 1048 718 dicamus,
1066 687 1193 721 quisquis
1227 694 1281 713 non
1303 686 1436 721 Eurybati
1455 686 1533 720 plane
1554 686 1637 713 vitam
1657 686 1698 712 vi-

907 734 993 766 xerit;
1011 734 1134 768 adeoque
1157 734 1232 761 velut
1243 742 1353 761 sursum
1378 734 1586 760 recurrentibus
1602 732 1695 759 amni-

907 779 959 806 bus
978 779 1079 806 nostra:
1100 787 1173 807 nunc
1192 787 1236 806 res
1261 784 1353 812 erunt,
1372 780 1456 814 idque
1477 784 1553 806 tanto
1575 779 1698 813 profecto

908 824 1005 859 magis.
1024 831 1053 851 ut
1070 833 1120 852 nec
1138 825 1284 860 pristinum
1300 826 1417 860 amplius
1437 829 1598 860 exspectare
1619 824 1700 850 liceat

908 875 1020 902 statum,
1040 876 1172 906 quantum
1197 871 1306 906 quidem
1328 872 1486 906 conjectura
1506 878 1538 897 ex
1559 869 1700 904 prmsenti-

911 917 962 944 bus
983 918 1111 952 augurari
1139 925 1294 952 possumus.
1313 917 1417 950 Nempe
1438 917 1472 943 iis
1492 916 1573 944 unice
1595 916 1700 951 gaude-

910 970 982 995 mus,
998 963 1101 996 quibus
1119 963 1308 998 turpissimum
1332 963 1451 997 gaudere
1467 967 1519 992 est,
1538 966 1566 989 et
1583 970 1700 996 quorum

911 1009 951 1035 vel
975 1009 1134 1036 meminisse
1156 1009 1302 1041 duntaxat,
1318 1009 1431 1036 seeleris
1450 1008 1607 1036 habendum
1626 1008 1699 1036 loco.

909 1052 1015 1086 Quippe
1030 1057 1123 1080 mutua
1138 1052 1256 1080 invicem
1269 1053 1432 1081 crudelitate
1444 1053 1556 1087 smvire;
1569 1058 1597 1080 et
1610 1054 1700 1087 proxi-

910 1105 954 1124 me
970 1099 1002 1125 ad
1020 1098 1217 1126 humanitatem
1234 1098 1355 1126 ferarum
1377 1099 1523 1132 accedere;
1543 1104 1571 1126 et
1586 1100 1700 1127 seditio-

910 1153 958 1172 nes
981 1145 1106 1180 quotidie
1130 1150 1186 1172 tum
1212 1145 1349 1178 meditari,
1367 1150 1423 1174 tum
1445 1146 1518 1173 ciere
1535 1151 1617 1180 atque
1632 1153 1700 1173 con-

909 1191 992 1222 ﬂare;
1010 1198 1037 1218 et
1058 1191 1175 1218 divitum
1190 1191 1311 1227 diripere
1329 1195 1413 1226 atque
1435 1192 1559 1226 expilare
1578 1193 1674 1219 domos
1691 1200 1698 1218 :

909 1245 942 1265 eo
958 1237 1038 1272 plane
1055 1237 1147 1270 modo,
1165 1245 1221 1272 quo
1235 1238 1350 1266 Athenis
1375 1243 1499 1273 tempore
1522 1239 1635 1274 triginta
1661 1242 1701 1274 ty-

908 1291 1076 1316 rannorum;
1093 1287 1120 1310 et
1137 1284 1218 1311 modo
1234 1284 1262 1310 in
1279 1284 1425 1312 manifesto
1441 1284 1614 1320 deprehendi
1637 1292 1700 1319 pcr-

906 1329 992 1362 jurio,
1011 1329 1093 1356 modo
1111 1329 1184 1357 idem
1208 1337 1306 1357 rursus
1329 1331 1471 1364 conceptis
1493 1330 1619 1365 deierare
1641 1338 1701 1357 ver-

908 1376 966 1409 bis;
983 1379 1011 1402 et
1023 1383 1098 1404 nunc
1113 1376 1167 1404 illis
1179 1377 1225 1411 qui
1241 1377 1267 1403 in
1282 1376 1343 1403 foro
1355 1377 1468 1410 degunt,
1481 1383 1512 1404 os
1526 1384 1617 1411 pugno
1631 1383 1700 1403 con-

908 1420 1065 1452 verberare,
1079 1424 1106 1447 et
1123 1421 1282 1453 concidere,
1297 1425 1324 1448 et
1342 1421 1435 1454 ferire,
1456 1426 1483 1448 et
1498 1421 1583 1456 virgis
1602 1421 1700 1448 verbe-

910 1466 1041 1500 ribusque
1052 1466 1245 1501 frequentibus
1256 1471 1330 1502 terga
1339 1467 1477 1500 lacerare;
1489 1474 1562 1494 nunc
1571 1471 1698 1501 arreptos

909 1511 992 1539 barba
1006 1511 1089 1538 etiam
1103 1519 1161 1539 aevo
1175 1520 1373 1547 nonnunquam
1386 1513 1504 1548 grandes
1523 1513 1597 1539 viros
1609 1517 1699 1546 rapta-

908 1565 955 1590 re,
979 1557 1062 1593 idque
1084 1558 1160 1586 nullo
1185 1558 1290 1593 pudore
1318 1563 1362 1586 aul
1390 1559 1575 1591 verecundia;
1603 1566 1700 1586 rursus

908 1605 976 1632 alios
991 1605 1157 1632 contumelia
1173 1610 1200 1632 et
1217 1605 1325 1640 injuriis
1342 1605 1528 1641 perfundere;
1545 1605 1607 1632 aliis
1623 1611 1699 1632 atro-

907 1651 1016 1678 cissima
1045 1653 1148 1687 qumvis
1179 1651 1318 1684 minitari;
1345 1656 1372 1679 et
1398 1652 1479 1679 fuada:
1507 1652 1700 1679 dimicatinncs

908 1703 1069 1730 nocturnte;
1085 1703 1112 1725 et
1128 1698 1200 1732 globi
1217 1698 1381 1726 sicariorum
1396 1699 1530 1726 adversus
1544 1698 1700 1733 municipes

908 1746 936 1768 et
956 1742 1090 1775 tribules,
1117 1747 1146 1769 et
1159 1743 1240 1777 iustae
1260 1742 1511 1778 perditissimorum
1523 1744 1698 1771 .nebnlonnm

908 1781 1012 1822 Copim;
1035 1793 1061 1815 el
1084 1788 1269 1822 perfossiones
1288 1789 1443 1824 parietum;
1460 1795 1487 1817 et
1505 1791 1589 1821 furta.
1607 1795 1635 1817 et
1650 1790 1699 1816 do-

908 1842 1001 1861 muum
1019 1835 1193 1868 eversiones;
1214 1840 1369 1870 cmteraque
1385 1835 1411 1862 id
1427 1843 1513 1870 genus
1527 1836 1629 1862 omnia.
1645 1836 1700 1862 Ad-

908 1880 966 1907 haec
979 1889 1062 1915 porro
1077 1881 1172 1908 nefarii
1193 1888 1224 1908 ac
1240 1881 1341 1908 funesti
1359 1882 1446 1916 ignes,
1463 1886 1490 1908 ιιι
1504 1881 1697 1916 lapidationes,

907 1931 935 1954 et
960 1929 1064 1961 ingesta
1087 1928 1219 1960 vulnera,
1237 1935 1270 1954 ac
1293 1927 1381 1959 iclns,
1403 1932 1431 1954 et
1455 1927 1592 1954 eontinme
1615 1932 1698 1961 atquc

907 1973 1074 2007 quelillianae
1097 1973 1186 2000 caedes
1210 1978 1382 2008 stragesque,
1399 1978 1426 2000 et
1449 1973 1523 2000 omni
1547 1973 1621 2000 aetati
1641 1973 1697 1999 fre-

908 2027 997 2054 quens
1019 2019 1083 2046 l'erri
1107 2027 1182 2051 usus,
1201 2023 1284 2053 alque
1309 2020 1336 2045 in
1358 2019 1465 2046 deliciis
1486 2019 1622 2051 acinaces,
1638 2019 1698 2054 qui-

908 2066 1023 2093 buscum
1038 2071 1066 2093 et
1081 2066 1160 2100 quies
1175 2066 1233 2100 ipsa
1245 2074 1415 2100 somnusque
1441 2066 1553 2094 suavior
1569 2066 1696 2098 habetur,

906 2117 935 2139 et
950 2113 1009 2140 sine
1024 2113 1124 2147 quibus
1139 2121 1190 2140 nec
1203 2113 1303 2148 degere
1318 2113 1402 2140 vitam
1416 2118 1543 2148 possunt.
1557 2112 1611 2139 llos
1625 2114 1696 2140 enim

908 2158 934 2184 in
951 2158 1100 2192 perniciem
1116 2163 1196 2192 atque
1210 2159 1322 2185 exitium
1338 2158 1496 2193 reipublica:
1511 2164 1622 2189 nostra}.
1639 2163 1696 2185 tum

907 2210 985 2233 natos
996 2206 1132 2240 altosque,
1142 2210 1199 2233 tum
1211 2205 1317 2240 magnis
1328 2206 1426 2240 opibus
1437 2210 1542 2236 auctos,
1554 2213 1604 2232 nec
1617 2205 1697 2232 aliam

909 2252 1015 2287 patriae,
1032 2260 1114 2287 quam
1131 2251 1237 2284 arietis,
1257 2256 1286 2278 ut
1310 2252 1336 2278 in
1362 2251 1508 2286 proverbio
1525 2256 1576 2284 est,
1595 2253 1698 2278 educa-

903 2300 992 2336 tionis
1015 2299 1204 2334 persolventes
1230 2299 1388 2326 mercedem
1405 2306 1412 2324 :
1429 2297 1480 2324 hos
1501 2298 1623 2332 inquam,
1640 2297 1697 2324 sive

908 2353 999 2373 meros
1010 2353 1145 2380 verosque
1159 2344 1319 2371 Salmoneus
1333 2349 1360 2370 et
1376 2344 1528 2379 Lycurgos,
1539 2343 1596 2370 sive
1612 2350 1698 2369 novos

907 2392 1052 2428 quospiam
1067 2391 1200 2427 gigantes,
1212 2391 1270 2417 sive
1282 2397 1428 2425 germanos
1444 2389 1602 2423 Polyphemi
1615 2389 1700 2415 disci-

907 2440 1007 2474 pulos,
1031 2439 1090 2466 sive
1114 2445 1170 2473 quo
1199 2438 1252 2464 alio
1279 2437 1414 2472 appellem
1441 2436 1552 2462 nomine
1577 2436 1699 2462 incertus

908 2485 1019 2517 hmreo;
1044 2492 1094 2511 nec
1119 2484 1262 2510 nominare
1284 2488 1384 2510 tntum.
1410 2482 1456 2509 lla:
1479 2482 1582 2517 itaque.
1601 2486 1628 2509 et
1656 2482 1698 2509 his

908 2531 991 2558 etiam
1007 2530 1174 2558 funcstiores
1189 2537 1306 2564 qumque
1321 2534 1421 2563 pestes,
1433 2537 1493 2563 qua:
1512 2537 1586 2556 nunc
1604 2537 1696 2555 rerum

908 2576 993 2604 facies
1009 2581 1060 2609 est,
1078 2577 1201 2604 omnium
1222 2576 1301 2604 nobis
1321 2575 1529 2611 jtlcundissimm
1551 2580 1614 2603 sunt
1631 2585 1638 2603 :
1655 2581 1697 2603 at-

909 2631 961 2657 que
981 2623 1050 2650 adeo
1068 2623 1102 2651 iis
1123 2623 1150 2650 in
1167 2624 1249 2650 rebus
1271 2623 1365 2650 felices
1382 2623 1462 2650 nobis
1478 2623 1614 2656 videmur,
1631 2631 1698 2658 qua-

909 2677 969 2696 rum
982 2670 1138 2704 inexpertos
1151 2670 1232 2704 plane
1243 2677 1353 2701 csse,ea
1365 2669 1475 2697 demum
1488 2677 1551 2696 vera
1560 2675 1602 2696 est
1612 2668 1699 2697 felici-

910 2718 960 2741 tas.
971 2714 1048 2749 Digni
1060 2715 1176 2749 proinde
1185 2715 1320 2747 omnium,
1329 2715 1374 2750 qui
1384 2715 1505 2749 sapiunt,
1514 2715 1577 2742 odio
1589 2723 1696 2747 sumus;

908 2760 982 2796 digni
1004 2768 1070 2788 saxo
1083 2761 1200 2795 Tarpeio
1214 2766 1297 2795 atque
1324 2761 1474 2793 barathris;
1487 2761 1561 2796 digni
1578 2761 1698 2788 motiluns

909 2812 988 2835 terra:
1002 2807 1193 2841 hiatibnsque;
1211 2807 1284 2842 digni
1298 2807 1396 2841 iaculis
1411 2807 1627 2842 lulminihusque
1642 2815 1699 2834 cm-

908 2854 1025 2880 lrstihns
1045 2856 1184 2881 onmihus.
1209 2853 1293 2888 quue
1319 2861 1372 2880 non
1396 2853 1458 2880 ideo
1484 2858 1601 2886 tantum,
1621 2853 1694 2888 quod

910 2909 1004 2935 “rrum
1026 2903 1106 2930 etiam
1131 2901 1202 2936 quod
1231 2900 1359 2928 similium
1385 2907 1514 2927 ausormn
1539 2901 1694 2934 exemplum
