1878 3060
157 137 205 167 41ι
767 136 967 166 t‘ntaouULt
995 133 1167 164 MONAClll
1730 127 1788 158 512

158 194 265 221 ueteris
278 194 413 222 dedimus.
433 195 491 228 Quo
509 195 588 226 lit,ut
603 195 635 221 ad
670 194 832 228 un'lt'opuh's
863 193 979 227 quisque
1000 199 1063 217 suas
1096 189 1290 224 respicientes,
1318 186 1480 219 semctipsos
1512 185 1695 212 conformeut.
1725 183 1786 211 Dici

158 242 232 269 enim
258 242 379 276 profecto
406 243 517 276 nequit,
542 248 670 276 quautam
694 241 797 268 l‘hera-i
821 245 849 266 et
879 239 1042 269 Potidzeata',
1079 242 1106 264 et
1146 236 1270 263 civitati-5
1293 240 1411 263 metens.
1448 232 1613 259 insanierint
1638 231 1788 257 insaniat”

160 291 207 326 qui
235 297 320 324 usque
345 290 412 317 adeo
438 289 540 316 dociles
569 297 600 315 ac
625 279 749 320 egrelios
772 288 941 319 imitatores,
960 285 1083 318 adeoque
1116 290 1183 310 sane
1220 282 1337 308 audaces
1358 285 1386 308 et
1404 279 1534 307 vecordi-5
1551 285 1612 306 sese
1631 278 1786 312 praebuere,

161 345 189 366 ut
215 344 341 367 naturam
370 339 454 374 ipsam
482 339 539 365 suis
567 337 725 364 transierint
755 336 941 366 facinoribus,
962 335 1112 367 ludumque
1128 331 1209 358 modo
1224 330 1355 366 etjocum
1373 329 1431 355 ha‘c
1462 334 1556 354 nostra
1591 326 1675 353 fuisse
1692 329 1789 374 esten:

160 385 253 412 derint
271 395 278 412 :
295 385 398 412 scilicet
422 389 452 411 ut
474 389 596 419 tempore
618 383 783 418 posteriores
803 387 883 414 sunt,
904 382 939 409 ita
961 381 1014 408 alio
1050 380 1169 414 quodam
1209 378 1291 405 modo
1315 377 1431 412 palmatn
1446 374 1496 402 sibi
1522 373 1669 400 vindicant.
1706 369 1788 403 Quod

160 434 184 460 si
202 439 291 460 tamen
318 436 403 459 enato:
421 433 514 467 segeti:
535 432 556 458 is
577 431 711 458 habendus
728 435 820 457 auctor
835 434 883 461 est,
901 430 945 464 qui
965 437 1052 456 semen
1074 428 1196 464 pra'buit,
1229 434 1262 453 ex
1299 423 1442 451 familiaris
1456 423 1495 450 tui
1519 419 1709 448 Demosthenis
1723 426 1791 445 sen-

162 479 247 506 tentia
266 478 369 512 (Ὑπὲρ
391 465 596 512 τοῦνστεφάνου
619 477 683 512 νβ’),
708 477 802 511 utique
827 477 871 504 vel
895 476 945 503 hoc

1091 473 1261 509 ejuseemodi
1281 479 1332 499 nos
1351 471 1493 498 victoriam
1530 467 1665 495 vincimus
1683 475 1690 492 :
1707 465 1791 500 cujus

161 525 266 557 obiecta
283 525 353 552 forte
368 525 488 559 cuipiam
502 526 528 552 in
541 525 646 552 somnis
660 525 760 558 specie,
791 523 862 550 haud
880 523 976 555 ‘ultra,
999 527 1030 549 ut
1052 521 1183 552 arbitror,
1200 520 1222 546 si
1246 519 1302 545 fieri
1327 518 1423 552 possit.
1441 515 1526 550 quieti
1549 522 1608 542 sese
1625 515 1691 540 dare
1709 511 1790 543 velit,

161 570 345 596 consimilium
367 570 537 597 somniorum
564 575 648 598 metu.
672 570 729 597 Hoc
745 570 829 604 igitur
852 577 944 597 rerum
968 573 1124 595 nostrarum
1145 566 1250 596 habitu.
1285 572 1345 599 qua:
1365 563 1476 590 residua
1495 562 1574 588 nobis
1611 559 1706 587 salutis
1726 565 1794 592 spes

161 616 217 643 est?
238 617 296 643 sive
319 617 407 651 potius
430 622 524 644 contra
546 624 608 651 qua:
629 624 683 644 non
704 616 778 644 exitii
802 624 863 651 spes
887 615 947 643 est?
966 614 1075 649 quando
1108 613 1181 641 enim
1216 612 1298 639 etiam
1318 618 1389 637 unus
1405 609 1503 644 aliquis
1520 607 1663 642 multiplici
1685 606 1793 633 scelere

162 667 320 695 coopertus.
360 662 409 690 toti
434 662 590 696 reipululica:
611 663 771 690 calamitatis
794 669 876 689 eausa
898 661 967 694 fuit,
988 661 1125 695 uniusque
1162 659 1304 694 cujusdam
1325 655 1543 692 intemperantia:
1563 654 1707 681 libidinqu
1728 660 1775 686 pa.-

163 715 212 734 nas
239 707 368 735 universa
396 707 544 734 multitudo
570 708 753 735 communiter
776 707 852 735 luit:
873 707 946 742 quod
967 706 1076 733 tandem
1110 712 1161 732 nos
1193 703 1399 731 autumabimus
1412 709 1523 729 manere
1537 700 1719 735 supplicium,
1742 697 1792 726 ubi

163 751 381 781 facinorosorum
393 754 454 788 plus
465 755 558 786 etiam,
569 762 648 788 quam
661 754 733 790 (cum
745 753 859 788 caletur)
873 761 1030 781 muscarum
1061 751 1119 780 est?
1135 758 1198 778 nam
1230 749 1391 786 injuriarum
1404 756 1436 776 ac
1461 748 1615 775 facinorum
1633 754 1693 781 quae
1708 745 1751 773 vis
1766 750 1797 772 et

164 801 322 828 immanitas
337 802 382 834 sit,
398 802 424 828 id
441 809 507 828 vero
523 801 596 828 nulla
611 809 722 836 possum
737 802 863 829 oratione
880 800 1037 836 complecti.

481 860 514 888 ll.
534 860 642 888 Eidem.

200 916 462 944 Praestantissimum
482 918 573 944 virum
591 917 828 952 Amphilochium,
847 922 904 944 tum
922 922 953 944 ut

166 971 250 990 Illlllm
268 963 418 989 amicorum
442 970 506 998 erga
528 971 571 990 me
594 964 740 998 optimum,
761 964 859 991 merito
880 970 953 996 amo,

168 1013 224 1034 tum
240 1007 330 1042 magni
350 1007 432 1038 facio.
449 1013 476 1034 ut
489 1009 577 1035 virum
594 1016 659 1035 sane
671 1009 806 1042 probum;
824 1012 865 1036 est
880 1008 953 1035 enim

169 1055 253 1081 homo
271 1062 326 1081 non
342 1060 425 1081 acuto
442 1054 530 1088 solum
546 1059 629 1088 atque
647 1055 735 1089 sagaci
760 1055 893 1090 prmditus
911 1056 953 1081 in-

169 1101 261 1136 genio,
280 1106 308 1128 et
327 1101 428 1128 eximia
445 1101 601 1135 prudentia,
617 1101 772 1135 artiumque
788 1103 955 1135 optimarum

169 1147 299 1175 assiduus
313 1147 413 1178 cultor,
431 1147 477 1174 sed
493 1147 562 1174 idem
579 1147 659 1174 etiam
676 1147 703 1173 in
717 1147 813 1181 primis
827 1147 952 1182 profecto

171 1194 329 1220 moderatus
343 1200 375 1220 ac
397 1194 493 1225 bonus,
508 1193 638 1227 omnique
655 1193 756 1219 virtute
773 1193 956 1220 cumulatissi-

171 1247 244 1271 mus,
263 1243 344 1273 atque
366 1246 473 1265 merum
497 1238 642 1270 suavitate,
669 1238 747 1273 quasi
774 1238 956 1265 medicamine

171 1285 300 1320 quodam.
316 1284 465 1311 familiares
486 1291 551 1311 suos
560 1284 662 1311 viscare
673 1284 782 1312 solitus.
793 1284 872 1317 Quod
884 1284 956 1311 idem

172 1336 243 1356 vero
259 1330 406 1364 plerosque
424 1330 462 1357 tul
479 1329 682 1357 amantissimos
698 1337 792 1356 amore
814 1330 908 1362 vincit,
930 1334 958 1356 et

171 1377 204 1402 ad
224 1379 331 1403 tuarum
352 1375 464 1403 laudum
485 1375 624 1410 praeconia
643 1375 811 1410 plaususque
829 1383 899 1410 pene
917 1376 958 1402 in-

172 1420 252 1451 sanit,
265 1427 353 1454 eoque
364 1420 518 1454 posteriora
526 1420 618 1448 omnia
630 1420 716 1455 ducit.
731 1425 761 1447 ut
773 1421 875 1454 optima
888 1428 960 1447 sem-

170 1473 220 1499 per
233 1465 266 1493 de
278 1471 315 1498 te,
328 1471 384 1493 tum
400 1466 503 1498 audiat,
515 1470 571 1492 tum
586 1466 732 1501 pradicet,
750 1467 802 1493 hoc
814 1467 904 1502 ipsum
921 1467 959 1494 fa-

171 1512 219 1543 cil,
235 1516 264 1538 ut
275 1512 304 1538 lu
314 1519 409 1539 eorum
423 1512 561 1539 hominem
573 1519 689 1539 numero
702 1512 827 1545 habeam,
839 1520 956 1547 quorum

171 1558 313 1593 przeclaris
329 1563 444 1586 ornatus
462 1558 566 1585 fueram
582 1559 733 1586 beneliciis.
748 1558 855 1594 Quippe
874 1559 896 1586 si
916 1559 960 1594 ju-

173 1605 374 1631 cundissimum
391 1605 456 1631 mihi
468 1609 608 1632 certamen
624 1610 675 1636 est,
695 1610 740 1632 tua
753 1605 844 1631 omnia
861 1613 961 1639 usque.

173 1659 283 1686 quaque
299 1652 395 1686 plausu
410 1651 551 1685 prosequi,
562 1651 707 1686 verbisque
720 1651 859 1683 attollere,
871 1658 960 1685 neque

174 1699 240 1725 ullis
265 1697 378 1724 laudum
399 1697 525 1725 terminis
547 1698 661 1725 delinire
684 1706 776 1733 posse,
796 1698 844 1725 sed
870 1703 898 1725 et
916 1704 961 1725 tua

176 1754 270 1779 causa,
291 1746 367 1774 omni
386 1751 519 1781 tempore,
537 1747 629 1774 omnia
643 1755 704 1774 cum
722 1746 823 1779 facere,
843 1751 900 1773 tum
921 1747 962 1773 di-

176 1802 240 1821 cere
256 1803 262 1820 :
276 1799 305 1820 et
320 1801 354 1820 eo
370 1798 472 1825 tamen,
489 1793 562 1828 quod
577 1793 630 1821 luis
647 1793 778 1820 exsatiari
792 1801 900 1828 nequeo
913 1800 962 1819 en-

176 1839 285 1873 comiis,
298 1839 404 1866 nullum
418 1839 474 1866 fere
488 1847 579 1874 operae
591 1840 710 1874 pretium
725 1847 785 1866 nico
799 1838 964 1873 ipsiusjudi-

177 1887 222 1914 cio
238 1886 339 1919 facere,
356 1886 378 1913 si
405 1886 449 1913 ille
465 1887 529 1913 item
548 1887 575 1913 in
599 1887 642 1914 his
666 1886 850 1921 quinquertiis
872 1886 965 1912 socius

177 1934 341 1969 adjutorque
356 1933 424 1961 mihi
441 1938 492 1965 est,
505 1936 534 1960 et
545 1933 578 1959 ad
595 1933 667 1959 hanc
679 1937 751 1959 tuam
769 1931 871 1963 Pisam,
883 1931 965 1958 Ambo

179 1989 226 2009 nos
248 1981 330 2016 parili
353 1989 445 2016 gressu
465 1980 644 2007 contendimus
669 1979 719 2014 (Ιλ.
741 1979 777 2005 Κ.
797 1979 861 2014 224)
882 1987 888 2005 :
910 1986 966 2013 quo

180 2027 290 2054 tandem
307 2031 387 2062 pacto
400 2034 455 2053 non
466 2026 527 2062 jure
543 2025 696 2060 meritoque
710 2024 824 2061 gratiam
838 2024 902 2051 huic
916 2024 965 2051 ho-

179 2074 248 2102 mini
264 2074 364 2106 debeo,
383 2081 460 2101 meos
477 2073 608 2100 nimirum
631 2072 700 2099 mihi
724 2079 834 2099 amores
851 2079 882 2099 ac
899 2071 967 2098 deli-

179 2121 248 2152 cias,
265 2120 345 2148 dictis
362 2119 510 2154 factisque,
524 2119 596 2146 ultro
610 2118 839 2154 repraesentant”
853 2117 923 2150 Quin
942 2121 968 2144 te

179 2166 263 2193 etiam
287 2166 358 2194 bene
389 2165 507 2193 invicem
524 2165 558 2192 de
579 2165 639 2199 ipso
655 2165 755 2192 mereri
789 2171 898 2198 aequum
914 2167 967 2195 est,

1296 855 1333 882 ἰδ’.
1351 854 1393 887 Τῷ
1407 853 1498 886 αὐτῷ.

1046 914 1222 949 Ἀμφιλόχιον
1238 913 1283 939 τὸν
1297 912 1379 939 καλὸν
1397 911 1468 946 φιλῶ
1482 909 1531 945 μὲν
1548 909 1585 940 ὡς
1598 909 1709 943 ἄριστον
1721 907 1799 934 ἑταί-

1006 971 1059 997 ρων
1074 961 1134 996 ἐμοί
1147 969 1154 976 ·
1172 959 1306 993 θαυμάζω
1317 959 1345 985 δὲ
1361 958 1398 989 ὼς
1416 958 1501 992 ἄνδρα
1528 955 1656 991 χρηστόν.
1675 955 1713 981 Ού
1739 955 1799 988 γὰρ

1005 1009 1067 1035 ὅσον
1079 1008 1142 1041 ὀξὺς
1156 1007 1204 1033 καὶ
1218 1006 1346 1040 ἀγχίνους
1361 1005 1408 1031 καὶ
1422 1004 1526 1038 φρένας
1541 1002 1654 1036 ἁγαθδς,
1671 1002 1718 1028 καὶ
1734 1010 1800 1027 παι-

1005 1055 1078 1085 δείας
1098 1054 1222 1087 ἑταῖρος,
1241 1052 1298 1078 ἀλλ’
1321 1051 1371 1086 ἥδη
1392 1050 1438 1076 καὶΙ
1465 1050 1574 1084 μέτριος
1601 1048 1650 1074 καὶ
1670 1047 1800 1081 ἐπιεικὴς

1006 1100 1044 1131 ὠς
1061 1099 1110 1126 οὐκ
1127 1097 1176 1125 οἷδ’
1191 1098 1217 1124 εἴ
1230 1106 1283 1131 τις,
1302 1098 1348 1123 καὶ
1363 1096 1455 1130 γέμων
1470 1096 1582 1130 ἀρετῆς,
1592 1093 1714 1123 καὶτοὺς
1733 1101 1802 1118 συν-

1006 1146 1085 1175 όντας
1101 1144 1287 1179 φαρμακεύων
1309 1144 1364 1173 τοῖς
1390 1143 1517 1176 τρόποις·
1540 1141 1582 1167 ὅτι
1605 1140 1634 1166 δὲ
1649 1140 1696 1165 καὶ
1719 1138 1800 1172 παρὰ

1007 1192 1122 1222 πολλούς
1138 1193 1195 1218 ἐστι
1209 1191 1264 1217 τῶν
1279 1190 1334 1216 σῶν
1352 1189 1477 1225 ἐραστῶν
1496 1188 1542 1214 καὶ
1557 1187 1625 1222 πρὸς
1644 1187 1707 1216 τοὺς
1722 1184 1801 1210 κατὰ

1009 1240 1055 1266 σοῠ
1068 1237 1199 1273 Bap-560v;
1211 1236 1258 1263 καὶ
1269 1235 1382 1270 κρότους
1393 1235 1528 1269 μαίνεται,
1543 1233 1590 1259 καὶ
1602 1231 1682 1259 πάντ’
1692 1230 1801 1258 ἐλάττω

1007 1284 1113 1320 νομίζει
1131 1283 1178 1309 τοῦ
1194 1282 1260 1316 περὶ
1281 1282 1327 1307 σοῦ
1355 1281 1389 1308 τὰ
1409 1279 1525 1315 βέλτιστ’
1546 1279 1601 1305 atat
1623 1277 1670 1304 καὶ
1685 1276 1802 1303 ἀκούειν

1009 1331 1056 1357 καὶ
1072 1330 1161 1363 λέγειν
1177 1336 1183 1344 ·
1200 1327 1280 1354 τοῦτο
1295 1328 1322 1353 δὲ
1339 1326 1386 1353 καὶ
1396 1326 1436 1357 είς
1455 1325 1538 1360 ἐμοὺς
1553 1323 1702 1358 εὐεργέτας
1716 1322 1803 1348 αὑτὸν

1009 1377 1127 1411 τίθησιν.
1143 1375 1174 1401 Et
1185 1374 1239 1409 γὰρ
1258 1374 1319 1407 ἐμοὶ
1333 1373 1383 1408 μὲν
1400 1372 1508 1407 ἥδιστος
1521 1369 1598 1400 οὗτος
1619 1367 1699 1399 ἆθλος
1717 1367 1752 1393 τὸ
1767 1368 1802 1393 τὰ

1011 1423 1045 1449 σὰ
1060 1421 1187 1453 καθάπαξ
1204 1421 1252 1446 καὶ
1265 1420 1370 1455 κροτεῖν
1379 1418 1427 1444 καὶ
1443 1415 1605 1452 θαυμάζειν,
1620 1415 1678 1453 καὶ,
1695 1413 1735 1448 μὴ
1746 1415 1803 1443 τοῖς

1011 1469 1132 1499 ἐπαίνοις
1143 1467 1243 1502 ὁρίζειν
1255 1465 1384 1492 δύνασθαι
1397 1485 1403 1497 ,
1418 1464 1486 1490 ἀλλὰ
1498 1463 1587 1489 πάντα
1604 1461 1654 1496 μὲν
1663 1461 1734 1495 ὑπὲρ
1755 1458 1803 1485 σοῦ

1012 1515 1126 1541 πάντοτε
1141 1514 1188 1540 καὶ
1206 1513 1293 1538 ποιεῖν
1307 1511 1355 1537 καὶ
1366 1510 1456 1543 λέγειν
1466 1529 1474 1542 ,
1489 1508 1528 1542 τῷ
1537 1507 1566 1533 δὲ
1579 1506 1633 1532 τῶν
1642 1505 1696 1532 σῶν
1710 1505 1804 1538 ἐγκω-

1013 1562 1084 1596 μίων
1098 1559 1245 1594 ἀπλήστως
1267 1559 1352 1592 ἔχειν,
1370 1556 1453 1591 μηδὲν
1468 1555 1549 1581 πλέον
1564 1554 1650 1579 ποιεῖν
1672 1551 1783 1577 οἴεσθαι
1795 1557 1802 1564 °

1012 1610 1025 1635 ὁ
1038 1607 1065 1634 δὲ
1080 1607 1205 1633 κοινωνεῖ
1221 1614 1266 1640 μοι
1282 1603 1396 1630 τουτωνὶ
1409 1602 1464 1629 τῶν
1483 1600 1650 1631 πεντάθλων,
1667 1597 1715 1624 καὶ
1733 1596 1804 1631 πρὸς

1013 1653 1062 1688 τὴν
1079 1653 1127 1687 σὴν
1143 1651 1228 1677 Πίσαν
1242 1650 1291 1676 σύν
1305 1657 1334 1675 τε
1350 1649 1390 1674 δύ’
1402 1647 1554 1682 ἐρχομένω,
1571 1644 1629 1675 πῶς
1644 1644 1674 1669 οὐ
1685 1642 1805 1677 χάριτας

1012 1685 1131 1734 dapsilem
1145 1698 1183 1732 τῷ
1205 1696 1319 1730 τοιούτῳ
1335 1695 1450 1726 δίκαιος,
1467 1692 1514 1718 καὶ
1535 1688 1575 1722 οἷς
1597 1690 1681 1724 λέγει,
1698 1690 1748 1715 καὶ
1765 1685 1806 1717 οἷς

1014 1746 1142 1780 πράττει,
1156 1743 1332 1778 χαριζομένῳ
1343 1741 1378 1768 τὰ
1392 1739 1505 1766 παιδικά.
1518 1748 1524 1772 ;
1547 1739 1659 1768 Δίκαιος
1668 1736 1689 1762 δ’
1706 1735 1741 1762 ἂν
1759 1735 1807 1760 καὶ

1015 1791 1096 1821 αὐτὸς
1123 1791 1180 1824 εἴης
1204 1789 1299 1815 τοῦτον
1325 1786 1506 1817 ἀντευποιεῖν,
1532 1784 1559 1810 al
1582 1791 1628 1809 σου
1654 1781 1805 1816 δεήσεται·

1016 1839 1142 1872 δεήσεται
1162 1837 1190 1862 δὲ
1217 1835 1338 1865 πάντως,
1368 1833 1486 1868 μάλιστα
1519 1831 1570 1865 μὲν
1592 1829 1670 1859 εἰδώς
1692 1836 1723 1854 σε
1751 1829 1807 1857 τοῖς

1016 1884 1148 1914 τοιούτοις
1165 1883 1305 1918 χαίροντα,
1328 1881 1425 1907 ἔπειτα
1439 1879 1467 1905 δὲ
1482 1877 1530 1904 καὶ
1545 1877 1600 1903 τῶν
1621 1874 1807 1905 ἀτοπωτάτων

1018 1929 1149 1964 νομίζων,
1166 1929 1191 1954 ει
1215 1927 1278 1958 τοὺς
1294 1927 1346 1952 ὑπὸ
1368 1924 1415 1951 σοῦ
1442 1923 1667 1957 κεκοσμημένους
1688 1918 1806 1950 διεξιὼν.

1018 1977 1099 2007 αὐτὸς
1115 1975 1168 2007 ἔξω
1196 1974 1243 2000 τοῦ
1267 1971 1419 2005 καταλόγου
1442 1970 1498 1996 τῶν
1519 1969 1650 1996 τοιούτων
1671 1966 1808 2000 φαίνοιτο.

1019 2023 1110 2057 Χωρὶς
1127 2022 1155 2048 δὲ
1182 2020 1286 2047 τούτων
1301 2019 1348 2046 καὶ
1364 2017 1456 2052 κοινὴν
1476 2015 1554 2050 οἶμαι
1579 2015 1630 2049 τὴν
1645 2014 1727 2049 χάριν
1749 2013 1810 2038 ἔσεξ

1021 2070 1101 2095 σθαι·
1120 2065 1161 2099 οἷς
1183 2067 1236 2102 γὰρ
1253 2067 1294 2098 είς
1320 2065 1401 2092 αὑτὸν
1417 2064 1533 2099 ἐργάσῃ,
1560 2061 1640 2088 αὐτόν
1656 2068 1685 2085 τε
1705 2060 1809 2093 εὐφρα-

1019 2117 1086 2146 νεῖς,
1101 2115 1149 2141 καὶ
1174 2113 1281 2147 σεαυτῷ
1298 2112 1407 2147 μείζους
1422 2111 1486 2142 τοὺς
1509 2109 1627 2139 παιᾶνας
1650 2107 1760 2141 ἐργάσῃ
1773 2114 1781 2119 ·
1798 2105 1811 2129 ὁ

1020 2163 1075 2196 γὰρ
1085 2162 1132 2187 καὶ
1145 2160 1211 2195 πρὶν
1224 2157 1252 2186 εὖ
1266 2158 1364 2184 παθεῖν
1375 2156 1512 2183 τοιουτοσὶ
1527 2155 1591 2189 περὶ
1609 2153 1650 2184 σὲ,
1665 2152 1707 2182 τίς
1722 2152 1756 2178 ἂν
1770 2151 1811 2183 εἴη

181 2212 204 2240 si
220 2220 274 2247 qua
290 2212 318 2239 in
338 2219 367 2239 re
382 2212 421 2239 illi
445 2219 528 2245 opera
549 2215 595 2238 tua
609 2218 678 2245 opus
694 2209 787 2240 fuerit,
812 2214 842 2235 ut
857 2209 945 2235 omnir

1063 2205 1116 2233 Θὼν
1129 2203 1158 2232 εὖ
1171 2213 1178 2239 ;
1194 2206 1241 2232 καὶ
1253 2206 1267 2232 ὁ
1286 2204 1348 2239 μηδ’
1362 2202 1520 2239 ἡστινοσοῦν
1544 2200 1668 2234 ἀνάγκης
1683 2198 1806 2230 ὑπούσης

180 2259 234 2287 erit
251 2268 259 2286 :
275 2259 412 2294 praecipue
432 2257 556 2292 quidem,
569 2257 642 2292 quod
661 2256 828 2291 singularem
843 2254 970 2289 volupta-

181 2310 234 2332 tem
261 2305 320 2333 haec
347 2305 396 2332 tibi
417 2304 517 2331 all‘erre
541 2303 669 2338 intelligit
689 2302 797 2333 officia,
827 2305 884 2327 tum
904 2307 971 2327 vero

1024 2252 1154 2288 χρηστὸς,
1179 2251 1261 2278 παντί
1288 2258 1341 2276 που
1365 2250 1444 2284 δῆλον
1467 2248 1505 2279 ὼς
1529 2245 1727 2281 ὑπερϐαλείται
1751 2242 1812 2271 τοὺς

1025 2301 1103 2335 ὅρους
1115 2299 1240 2332 ἀνάγκης
1252 2296 1420 2331 προσούσης.

180 2352 263 2379 etiam
278 2353 350 2386 quod
370 2352 438 2378 nihil
455 2351 493 2378 illi
511 2350 658 2377 absurdius
671 2356 734 2376 esse
749 2347 868 2378 videtur,
881 2354 962 2380 quant
980 2353 1009 2373 se
1042 2347 1143 2380 ipsum,
1159 2344 1207 2378 qui
1223 2344 1272 2370 abs
1289 2348 1316 2369 te
1334 2348 1448 2368 ornatos
1472 2339 1694 2386 productusquel
1709 2333 1813 2368 sigilla-

183 2401 233 2426 tim
257 2406 401 2426 recensere
423 2397 523 2428 suevit,
539 2402 618 2424 extra
634 2394 796 2422 eorumdem
817 2394 969 2428 catalogum
991 2392 1090 2420 videri.
1124 2390 1213 2425 Super
1232 2390 1290 2416 bmc
1312 2393 1415 2419 autem,
1453 2391 1577 2413 mutuam
1599 2385 1668 2410 hanc
1685 2382 1743 2408 fore
1755 2387 1815 2406 crc-

182 2447 300 2474 diderim
312 2444 511 2481 gratiam;hoc
524 2443 608 2475 enim,
622 2442 694 2477 quod
733 2441 761 2468 iu
796 2441 935 2468 hominem
965 2439 1091 2466 conteres
1112 2436 1267 2469 benclicio,
1294 2439 1322 2462 et
1354 2434 1391 2460 illi
1428 2440 1485 2459 rem
1519 2432 1599 2466 phltc
1630 2429 1813 2481 gratissimam

182 2474 326 2525 facturus:
341 2498 369 2520 ct
384 2474 516 2526 ampliora
532 2489 582 2516 tibi
615 2474 729 2516 laudum
767 2488 855 2522 elogia
889 2490 1097 2520 comparaturus
1121 2492 1161 2511 es.
1195 2482 1264 2509 Nam
1285 2481 1332 2516 qui
1358 2480 1419 2507 talis
1439 2479 1466 2506 in
1492 2483 1518 2505 te
1542 2482 1601 2506 cst,
1624 2475 1699 2526 nullo
1724 2474 1812 2526 adhuc

185 2542 319 2570 beneficio
337 2545 383 2567 tuo
402 2542 574 2573 provocatus,
593 2537 640 2572 qui
661 2540 735 2564 esset
753 2543 819 2562 sane
853 2533 988 2570 ejusmodi
1009 2535 1218 2559 auctoramento
1254 2527 1408 2556 incitatus?
1431 2530 1460 2552 et.
1480 2525 1525 2559 qui
1544 2531 1606 2550 cum
1627 2522 1701 2548 nulla
1722 2520 1816 2547 subest

185 2587 347 2619 necessitas,
368 2586 436 2613 adeo
451 2584 604 2611 ofﬁciosum
621 2591 651 2611 se
671 2584 794 2618 pnebet;
810 2582 876 2616 quin
897 2581 968 2607 idem
989 2579 1035 2606 ubi
1069 2579 1126 2605 hzec
1141 2580 1297 2607 accesserit,
1315 2574 1394 2601 facile
1407 2579 1504 2599 omnes
1535 2570 1690 2597 officiorum
1708 2572 1817 2602 prmlcr'

188 2636 280 2663 iturus
291 2635 329 2660 sit
345 2637 441 2663 metas,
461 2630 522 2665 quis
539 2634 580 2657 est
593 2629 640 2665 qui
657 2629 784 2656 dubitare
798 2627 906 2662 possit?

296 2706 341 2733 ΙΙΙ.
361 2704 495 2737 Tricanw,
510 2705 601 2731 aerarii
619 2703 726 2730 minoris
739 2701 873 2736 qua‘stori.

1200 2691 1238 2718 1".
1262 2689 1304 2722 Τῷ
1323 2687 1491 2715 σακελλίου
1514 2683 1651 2720 Τρικανᾷ.

1075 2751 1175 2786 Ἐχρῆν
1192 2750 1241 2785 μὲν
1266 2748 1352 2782 ἡμᾶς,
1366 2743 1388 2772 ὦ
1411 2744 1470 2771 οεία
1486 2743 1533 2770 καὶ
1557 2743 1617 2776 ἱερὰ
1641 2738 1760 2786 κεφαλὴῖ
1773 2736 1816 2763 x11

1034 2798 1082 2831 τῆς
1192 2781 1292 2829 grex?)ch
1305 2791 1426 2825 ἄγαλμα,
1448 2789 1502 2815 αἰεὶ
1521 2786 1579 2823 μετ’
1592 2781 1815 2831 ἁλξήλωνμεῖνιιῖ

1036 2828 1083 2870 κέὶ
1110 2828 1174 2876 μηέὲ
1200 2828 1259 2865 ἧστ’
1277 2837 1441 2871 ἁξίτταοθαι
1458 2830 1674 2868 μηεοπωστιοῦν.
1690 2828 1750 2858 τοὺς
1774 2828 1818 2851 χλι

227 2764 308 2798 Atqui
332 2771 440 2798 aequum
462 2769 527 2789 sane
544 2765 612 2791 erat,
633 2768 649 2787 ο
671 2758 795 2786 divinum
811 2762 836 2784 et
851 2759 977 2783 sanctutn

192 2814 287 2844 caput,
305 2810 457 2844 animatque
473 2816 540 2835 mea:
553 2806 683 2834 eximium
701 2804 795 2834 decus,
808 2807 838 2829 ut
854 2810 906 2828 una
923 2808 982 2834 prr-

195 2859 278 2890 pctuo
293 2862 426 2889 tssimus,
442 2863 493 2881 nec
508 2854 562 2880 ullo
575 2858 697 2887 tempore
710 2850 749 2875 wl
764 2847 898 2875 tantillum
915 2846 982 2872 uilcr
