1878 3060
52 150 96 183 513

765 159 968 190 EPIQTOL/E-

1631 157 1682 188 411

52 210 135 242 άλλως
145 218 180 244 γε
196 210 256 246 μετ’
265 211 391 246 ἀλλήλων
399 213 488 244 ὅνταςο
500 214 562 241 επεὶ
570 215 593 241 δ’
606 216 620 243 ὁ
630 215 708 243 πάντ’
717 215 772 250 ἐγὼ
783 217 793 242 ε

948 218 1034 244 altero
1056 217 1263 248 divelleremur.
1288 216 1334 251 qui
1358 215 1460 250 alioqui
1484 215 1538 242 alio
1564 215 1681 248 quodam

51 256 132 291 τυχὴς
162 256 214 283 καὶ
240 255 322 283 τοῦτο
339 257 496 293 ἀφῄρημαι,
521 261 568 287 καὶ
590 262 654 293 τοὺς
678 262 763 296 ἐμοὺς
787 261 847 296 ίμέ-

53 311 111 338 ρους
131 302 261 338 ἴσχουσιν
276 304 301 330 οἰ
317 303 471 338 Βυζάντιοι,
485 306 552 341 φέρε
567 307 634 341 γοῦν
656 307 674 334 ἃ
690 307 737 334 τοῦ
753 307 848 342 φθινο-

51 349 143 385 πώρου
160 350 267 385 συνέϐη
285 351 402 386 δηλώσω
423 361 476 380 σοι.
498 353 738 390 Ἐπτακαιδεκάτῃ
763 354 846 390 μηνὸς

51 396 221 431 Γορπιαίου,
251 397 322 431 μετὰ
350 399 399 430 τὰς
429 399 506 434 ἱερὰς
534 400 660 432 συνόδους
687 401 774 427 οἴκαδ’
802 400 847 426 ἐλ-

51 442 130 474 θόντι,
148 443 194 470 ἔτ’
215 443 300 480 οὖσης
323 444 436 480 βαθείας
465 445 547 480 ἑῴας,
573 446 654 478 εὐθὺς
676 447 791 482 ὴπίαλός
804 455 847 477 τις

51 489 236 523 προσϐάλλει,
254 490 370 526 μεγέθει
384 500 413 518 τε
436 492 575 527 μέγιστος,
591 494 638 520 καὶ
662 494 759 528 κράτει
779 493 847 528 κρά-

51 543 139 566 τιστος
153 543 162 550 ·
176 536 209 562 οὐ
225 537 281 571 γὰρ
293 537 413 572 συνήθης
426 538 515 564 ἐδόκει
525 539 582 570 τοῖς
598 540 711 574 ἰατροῖς,
727 539 765 574 τῷ
779 539 847 574 μετὰ

50 580 193 615 τοσαύτης
203 582 362 617 ἀπαντῆσαι
373 584 561 619 παρασκευῆς,
574 585 611 616 ὡς
624 586 713 612 πάντα
725 585 848 620 διαφθεῖ-

51 635 96 661 ραι
115 627 235 662 ῥᾳδίως,
255 629 299 655 διὰ
314 630 405 664 πάσης
423 630 532 666 ἡμέρας
544 640 574 657 τε
597 632 644 658 καί
659 632 757 663 νυκτὸς
774 632 848 659 ἆπαν

49 675 78 701 τὸ
92 675 180 711 σῶμα
197 677 342 712 συνεχέσιν
365 678 530 710 ἑλεπολίζων
545 680 602 711 τοῖς
624 679 846 715 ἀκροϐολισμοῖς,

50 722 94 748 καὶ
118 722 225 758 μέχρις
242 723 332 749 ὀστῶν
347 733 377 750 τε
400 725 448 751 καὶ
465 725 583 760 μυελῶν,
602 726 681 752 τοῦτο
705 726 738 762 δὴ
753 726 784 753 τὸ
799 726 847 753 τοῦ

51 768 141 802 λόγου,
157 769 213 803 τὴν
229 769 407 804 καταδρομὴν
432 771 601 806 ἐπεισάγων.
622 772 656 798 Τί
674 773 704 799 τὸ
723 773 770 799 ἐπὶ
784 772 847 799 τού-

51 821 105 845 τοις
118 822 126 845 ;
150 815 263 841 Ἀσιτία
279 816 415 851 παντελὴς
427 817 468 848 εἰς
484 818 616 852 ἑσπέραν,
634 821 681 845 καὶ
695 819 847 854 τηνικαῦτα

51 860 105 888 τοῖς
119 860 232 895 ἰατροῖς
245 861 333 888 ἐδόκει
347 862 510 898 χαρίζεσθαι
523 862 563 896 οἷς
577 864 664 898 ἔξεστι
677 874 684 881 ’
700 866 748 893 καὶ
762 868 846 901 ἔχρη-

52 903 163 937 σάμεθά
180 912 223 938 γε.
241 905 296 940 Τῆς
312 906 342 933 δὲ
359 907 492 943 ἐπιούσης
505 909 587 936 πάλιν
602 911 616 936 ὁ
632 910 713 942 αὐτὸς
730 911 846 946 χειμὼν,

51 949 96 974 καὶ
108 949 138 975 αἰ
150 950 237 977 αὑταὶ
250 952 421 986 καταιγίδες,
435 954 482 980 καὶ
495 956 551 987 τοῖς
563 956 656 988 αὐτοῖς
665 957 844 992 ἑκλυζόμεθα.

53 993 280 1028 Προσεπεγένετο
305 996 335 1022 δὲ
357 998 403 1023 καὶ
432 997 544 1032 κύματα
568 1000 637 1026 ἄττα
662 1001 777 1035 ἐμέτων,
799 1002 846 1028 καὶ

52 1039 131 1075 χολῆς
144 1040 277 1076 σύρροια,
291 1042 362 1076 μετὰ
373 1044 487 1078 τοσῆσδε
499 1045 661 1081 δυσχερείας
674 1047 721 1073 καὶ
736 1048 846 1075 τοσοῦδε

52 1086 96 1112 τοῦ
113 1087 200 1114 σάλου
220 1089 418 1124 ἀμφοτέρωθεν
440 1091 585 1124 προϊοῦσα,
607 1092 645 1124 ὡς
662 1093 699 1128 μὴ
715 1093 845 1122 δύνασθαι

53 1133 116 1168 περὶ
142 1133 251 1161 τούτων
273 1134 375 1168 λέγειν,
406 1136 447 1162 σοὶ
463 1137 485 1163 δ’
510 1137 632 1170 εἰκάζειν
656 1140 767 1171 ἐξεῖναι.
792 1141 846 1166 Καὶ

52 1179 128 1206 ταῦτο
161 1180 366 1216 προύχώρησεν
392 1183 421 1214 ἐς
450 1183 556 1218 ἡμέρας
575 1184 653 1216 δέκα,
678 1185 724 1211 τόν
751 1194 780 1212 τε
797 1186 846 1212 κά-

54 1234 153 1258 μνοντα
171 1227 320 1262 κατάκρας
336 1227 459 1260 ὲλαῦνον,
472 1230 535 1261 τούς
548 1238 578 1256 τε
598 1231 704 1265 ἰατροὺς
720 1233 749 1263 ἐς
763 1233 846 1267 φόϐον

52 1272 81 1298 οὔ
92 1273 193 1307 μικρὸν
205 1274 342 1302 καθιστάν
352 1282 359 1290 ⁸
369 1275 455 1302 ἔπειθ’
464 1275 559 1312 ὥσπερ
573 1277 709 1314 Ἀθηναῖοι
720 1279 788 1314 μετὰ
795 1279 845 1314 τὴν

52 1320 78 1344 ἐν
91 1320 175 1353 Δίγὺς
194 1322 331 1355 ποταμοῖς
346 1322 502 1357 δυστυχίαν,
514 1323 562 1350 καὶ
573 1324 622 1358 τὴν
644 1324 690 1351 τοῦ
706 1325 845 1360 Πειραιῶς

52 1366 230 1400 κατάσχεσιν,
246 1367 295 1393 καὶ
309 1367 357 1394 τὸν
374 1367 515 1403 ξυμϐάντα
530 1369 574 1396 διὰ
587 1370 674 1397 ταῦτα
692 1370 783 1406 λιμὸν,
795 1371 844 1398 καὶ

51 1412 98 1446 τήν
111 1413 193 1438 πόλιν
207 1413 368 1446 ἀπώλεσαν,
384 1415 454 1441 κατὰ
465 1416 548 1442 ταυτὰ
562 1417 608 1442 καὶ
622 1417 704 1451 ἡμεῖς
716 1417 845 1444 δεδυστυη

51 1458 168 1492 χηκότες
191 1458 327 1494 ὤφθημεν
339 1468 348 1475 ·
366 1462 435 1494 μετὰ
451 1462 504 1497 γὰρ
520 1463 582 1494 τοὺς
597 1463 702 1495 δεινοὺς
722 1465 844 1498 ἐκείνους

53 1504 186 1538 ἰλίγγους,
198 1505 246 1532 καὶ
254 1506 304 1537 τὰς
318 1507 368 1533 οὐκ
383 1507 447 1534 ἄνευ
463 1508 578 1543 αἵματος
593 1509 647 1536 τῶν
663 1510 747 1546 χολῶν
760 1511 843 1546 ὲκρύ-

52 1558 116 1581 σιις,
134 1551 184 1576 καὶ
199 1551 233 1577 τὰ
245 1551 323 1578 πόλλ’
338 1552 419 1587 ⁶ἐιιερα
429 1553 483 1580 τῶν
495 1554 556 1581 τότε
567 1555 674 1588 δεινῶν,
691 1556 791 1584 τοιόνδε
815 1566 842 1584 τι
856 1566 878 1595 α

50 1595 112 1630 περὶ
128 1595 161 1621 τὸ
177 1595 258 1631 σῶμα
272 1596 396 1629 ἐγεγόνει
406 1605 413 1612 ·
428 1597 443 1624 ὅ
462 1597 577 1626 θάνατον
593 1600 650 1631 τοῖς
664 1608 696 1633 γε
719 1601 841 1629 πλείοσιν

52 1641 198 1677 ἐπιφέρειν
213 1641 310 1673 παῖδές
335 1651 416 1677 φασιν
434 1643 534 1678 ἰατρῶν
544 1652 552 1661 ⁸
568 1645 632 1680 περὶ
647 1647 702 1682 γὰρ
718 1647 764 1674 τὸν
779 1649 842 1674 στό-

53 1695 140 1722 μαχον
153 1687 345 1728 περιπεσοῦσα
352 1688 418 1724 χολὴ
431 1689 516 1726 πολλή
529 1692 614 1718 τεκαὶ
627 1692 762 1730 δυσχερὴς
775 1703 839 1722 συν-

51 1733 146 1768 έπνιγε
181 1734 232 1769 τὴν
257 1734 384 1770 καρδίαν,
409 1735 457 1763 καὶ
481 1737 612 1764 ἀναπνεῖν
636 1739 686 1765 οὐκ
706 1741 770 1767 ετα-
794 1743 841 1768 καὶ

51 1781 139 1806 πάντα
154 1779 190 1806 τὰ
201 1780 332 1807 δεινότατ’
347 1781 444 1814 ἐποίει,
462 1783 535 1818 μήτε
551 1784 601 1818 τῆς
617 1785 733 1820 καρδίας
747 1787 840 1821 διαφο-

52 1825 190 1860 ρουμένης
222 1825 295 1852 κατὰ
322 1826 352 1852 τὸ
378 1827 448 1860 ἔθος,
463 1828 510 1855 τοῦ
527 1838 556 1856 τε
585 1831 724 1867 στομάχου
749 1833 840 1860 πᾶσαν

51 1870 176 1903 ἡντινοῦν
197 1870 322 1906 ἴσχοντος
340 1872 448 1907 ἀηδίαν,
464 1875 510 1900 καὶ
535 1875 618 1910 μηδὲν
638 1877 707 1908 ὅλως
727 1887 840 1914 προσιε-

52 1915 135 1949 μένου
148 1923 156 1932 ·
175 1916 245 1944 ἀλλὰ
256 1918 309 1944 κᾶν
325 1918 349 1944 εἰ
367 1919 478 1953 θερμοῖς
493 1920 545 1947 κᾶν
564 1921 678 1957 ψυχροῖς
690 1924 741 1950 κᾶν
755 1925 840 1951 οἰστι-

51 1963 143 1990 σινοῦν
159 1964 217 1996 τοῖς
243 1965 299 1992 ἀπὸ
315 1966 363 1999 τῆς
385 1966 483 2002 τέχνης
510 1968 666 2003 ἐχρώμεθα.
690 1970 787 1998 ἅπαντ’
804 1969 838 2007 ἦν

50 2009 172 2044 φλυαρία
187 2017 193 2024 ·
211 2010 260 2036 καὶ
273 2010 349 2037 οὐδὲν
362 2009 396 2048 ἦν
409 2011 423 2038 ὃ
441 2013 479 2047 μὴ
495 2014 595 2041 αὐτίκα
609 2023 639 2049 γε
654 2013 688 2051 ἦν
699 2017 761 2048 ἔξω.
784 2018 839 2045 Καὶ

50 2052 128 2080 τοῦτο
141 2054 199 2085 τοῖς
226 2054 331 2089 ἰατροῖς
353 2055 394 2087 εἰς
408 2056 512 2092 ἄπορον
539 2058 727 2095 καθειστήκει,
751 2061 839 2089 πάντα

51 2099 99 2134 μὲν
110 2100 145 2126 τὰ
159 2101 212 2135 τῆς
235 2101 336 2135 τέχνης
361 2101 494 2135 ποιοῦσιν,
522 2104 629 2136 οὐδενὸς
643 2106 672 2132 δὲ
695 2103 732 2133 ὦν
747 2106 837 2141 ἔξεστι

51 2147 224 2181 γιγνομένου.
241 2147 308 2174 Τότε
319 2148 342 2174 δ’
355 2148 401 2175 οὖν
415 2149 431 2182 ἡ
446 2151 537 2184 φύσις,
556 2151 654 2184 ἄλογος
672 2152 749 2187 οὖσα,
766 2154 838 2181 κατὰ

49 2193 126 2226 λόγον
141 2191 260 2228 ἐξεφάνη
285 2193 375 2220 πάντα
399 2195 513 2222 ποιοῦσα
528 2203 536 2212 ·
551 2196 659 2224 οτκοθεν
678 2199 732 2234 γὰρ
753 2200 836 2235 ἐχρη-

900 263 982 290 mmlo
996 272 1048 290 una
1065 272 1170 291 sumus.
1192 263 1308 296 Quando
1326 263 1392 289 mihi
1413 270 1490 294 vero,
1512 261 1614 288 homini
1633 269 1684 286 un-

898 309 981 344 dique
1001 309 1200 341 infelicissimo,
1219 310 1271 336 hoc
1286 317 1361 336 nunc
1377 309 1460 336 etiam
1477 312 1606 342 ereptum
1628 312 1682 338 est,

898 363 1029 390 meosque
1042 356 1163 391 Byzantii
1178 363 1287 383 amores
1300 359 1404 386 tenent,
1420 355 1535 388 agedum
1549 353 1614 388 quid
1631 353 1684 379 hoc

897 402 1004 430 interea
1026 407 1158 429 autumno
1177 402 1244 429 mihi
1256 401 1398 434 acciderit,
1411 401 1460 428 tibi
1475 400 1602 428 narrabo.
1614 400 1684 427 Ante

896 449 969 476 diem
991 449 1116 483 quintum
1133 449 1270 475 decimum
1286 448 1421 475 Kalendas
1447 446 1582 474 Octobres
1605 446 1684 478 (Gor-

897 495 959 529 piazi
975 494 1070 528 XVIl),
1089 502 1151 521 cum
1167 494 1280 522 domum
1300 502 1316 521 e
1332 493 1418 521 sacris
1433 493 1543 528 synodis
1562 492 1685 519 revenisv

896 548 965 572 sem,
977 540 1062 567 multo
1074 540 1162 567 adhuc
1173 547 1262 573 mane,
1276 540 1374 569 horror
1390 540 1513 574 protinus
1526 538 1630 565 febrilis
1639 545 1685 564 oc-

897 589 990 620 cupat,
1009 586 1054 612 ille
1067 590 1123 612 tum
1136 585 1325 619 magnitudine
1338 585 1480 615 maximus,
1495 589 1550 610 tum
1563 583 1588 610 vi
1603 584 1684 610 vehe-

897 629 1087 657 mentissimus
1101 638 1108 662 ;
1121 637 1176 656 non
1185 630 1258 656 enim
1271 629 1413 657 familiaris
1423 629 1558 664 quispiam
1571 627 1685 655 medicis

897 683 958 703 esse
971 675 1126 708 videbatur,
1142 676 1187 711 qui
1205 680 1278 703 tanta
1294 675 1471 711 apparatione
1485 676 1637 710 ingruebat,
1655 679 1686 700 ut.

900 722 994 749 omnia
1019 730 1081 749 mox
1106 722 1300 757 pessumdaret
1316 731 1322 749 :
1338 722 1444 750 scilicet
1465 721 1530 748 dum
1545 721 1617 748 diem
1635 729 1685 748 non

897 772 1025 802 ctemque
1039 772 1136 801 totam,
1150 775 1250 803 corpus
1264 775 1346 795 omne
1361 768 1502 803 perpetuis
1520 767 1686 795 velitationi-

898 813 959 846 bus,
977 814 1055 849 quasi
1074 814 1172 841 murali
1191 817 1328 842 tortnento
1344 814 1444 849 quatit,
1458 818 1487 840 et
1508 813 1536 840 in
1552 820 1614 840 ossa
1628 813 1685 847 ipsa

898 868 931 887 ac
945 860 1090 892 medullas,
1107 861 1180 895 quod
1201 860 1348 895 proverbio
1367 859 1482 891 dicitur,
1498 866 1596 886 saavam
1613 858 1684 885 illam

862 889 884 917 Β
898 889 1210 940 impressionem-suam-
1224 905 1414 940 impetumque
1430 889 1525 939 adigit.
1540 903 1611 937 Quid
1628 907 1684 930 tum

897 951 1015 985 postea?
1027 951 1145 986 inquies.
1159 951 1264 986 Nempe
1277 950 1481 986 religiosissima
1492 950 1525 977 ad
1543 957 1685 984 vesperam

897 1005 984 1032 usque
1001 999 1207 1025 esculentorum
1231 997 1354 1024 omnium
1373 995 1538 1024 abstinentia
1549 1016 1557 1028 ,
1574 995 1686 1030 quando

897 1043 1022 1075 medicis,
1039 1051 1136 1070 eorum
1150 1051 1211 1078 qua:
1226 1051 1279 1070 non
1295 1043 1440 1074 obessent,
1458 1049 1508 1069 usu
1526 1041 1606 1068 nobis
1623 1048 1686 1076 gra-

897 1089 997 1117 tiﬁcari
1022 1090 1144 1124 placuit;
1166 1090 1268 1124 quibus
1285 1089 1325 1117 usi
1349 1089 1431 1116 etiam
1446 1095 1551 1116 sumus.
1570 1088 1685 1115 Postero

898 1143 996 1163 rursus
1011 1136 1055 1164 die
1065 1136 1162 1163 eadem
1176 1136 1291 1171 urgebat
1304 1136 1437 1171 procella,
1451 1135 1533 1162 iidem
1548 1132 1683 1165 turbines.

896 1181 1050 1216 iisdemque
1070 1181 1259 1209 obruebamur
1282 1181 1424 1215 ﬂuctibus,
1447 1181 1501 1208 nisi
1523 1180 1596 1216 quod
1621 1179 1684 1206 novi

895 1227 1007 1261 quidam
1032 1227 1213 1254 vomitionum
1238 1232 1413 1254 accesserant
1438 1226 1550 1258 ﬂuctus,
1572 1230 1602 1253 et
1621 1224 1686 1253 bills

895 1272 1053 1306 conﬂuxus,
1073 1277 1150 1301 tanto
1173 1281 1235 1301 meo
1253 1281 1314 1301 cum
1335 1273 1439 1304 dolore.
1458 1277 1589 1308 tantoque
1616 1277 1684 1299 aestu

896 1319 1027 1353 utrinque
1042 1326 1203 1353 erumpens,
1228 1324 1258 1346 ut
1273 1318 1403 1354 quoniam
1425 1318 1524 1346 idonea
1544 1325 1595 1346 nos
1616 1316 1686 1345 deﬂ-

894 1364 973 1391 ciunt
994 1363 1090 1397 verba,
1106 1372 1164 1391 rem
1189 1371 1299 1391 omnem
1323 1364 1372 1392 tibi
1397 1363 1605 1399 conjectandam
1620 1371 1683 1398 per-

894 1411 1048 1439 mittamus.
1066 1412 1165 1440 Decem
1186 1412 1260 1447 ipsos
1277 1411 1337 1438 dies
1351 1411 1425 1438 hunc
1448 1411 1561 1438 morbus
1581 1414 1683 1436 statum

894 1457 994 1490 tenuit,
1010 1462 1041 1485 ut
1055 1462 1084 1484 et
1098 1465 1199 1492 mgrum
1217 1456 1458 1485 vehementissime
1476 1455 1634 1486 afflictaret,
1656 1459 1684 1481 et

894 1509 1020 1537 magnam
1045 1503 1221 1530 medentibus
1247 1502 1423 1530 formidinem
1447 1501 1585 1536 injiceret.
1602 1500 1682 1528 Post-

894 1548 1019 1581 modum,
1037 1549 1152 1584 perinde
1170 1553 1201 1576 ut
1211 1549 1404 1580 Athenienses,
1420 1548 1537 1574 maxima
1550 1546 1582 1574 ad
1597 1545 1682 1580 (Egos

895 1594 997 1622 flumen
1011 1600 1122 1630 accepta
1136 1596 1301 1628 calamitate,
1317 1595 1478 1630 Pirweoque
1494 1598 1638 1628 occupato,
1655 1597 1683 1620 et

895 1648 1001 1668 summa
1024 1641 1087 1669 inde
1112 1649 1228 1669 annona:
1252 1642 1343 1676 inopia
1366 1648 1399 1668 ac
1424 1641 1496 1668 fame
1521 1644 1681 1670 consecuta.

894 1688 992 1715 urbem
1005 1693 1142 1723 postremo
1160 1689 1246 1722 ipsam
1259 1689 1421 1720 amiserunt,
1440 1687 1476 1714 ita
1492 1694 1548 1723 non
1560 1686 1680 1714 absimili

893 1737 921 1760 et
937 1741 987 1761 nos
1002 1734 1183 1761 circumventi
1199 1734 1361 1761 videbamur
1381 1734 1553 1761 discrimine.
1575 1732 1681 1767 Quippe

895 1785 956 1816 post
981 1780 1159 1815 gravissimas
1187 1780 1330 1808 oculorum
1357 1780 1522 1815 vertigines,
1546 1785 1574 1807 et
1600 1780 1680 1806 mista

892 1827 1025 1861 sanguine
1036 1826 1100 1854 bilis
1109 1827 1252 1861 profluvia,
1267 1831 1295 1854 et
1306 1827 1448 1861 complura
1462 1827 1526 1858 alia,
1546 1834 1607 1861 qua:
1621 1830 1678 1853 tum

892 1873 1065 1907 premebant,
1083 1873 1167 1906 mala,
1196 1873 1305 1900 tandem
1318 1873 1448 1907 quiddam
1468 1872 1615 1899 illiusmodi
1638 1879 1681 1898 se-

892 1919 1012 1946 cundum
1039 1926 1140 1954 corpus
1162 1924 1286 1946 nostrum
1314 1919 1424 1950 accidit,
1447 1919 1519 1953 quod
1540 1919 1680 1953 plerisque

891 1964 1049 1992 lethiferum
1070 1971 1132 1992 esse
1170 1965 1339 1992 medicorum
1360 1970 1474 1991 censent
1495 1964 1553 1991 filii.
1575 1963 1679 1999 Nempe

892 2017 989 2044 magna
1002 2009 1044 2037 vis
1057 2009 1133 2042 bilis,
1146 2014 1174 2037 et
1191 2010 1249 2037 haec
1261 2017 1327 2037 sane
1339 2017 1420 2044 quam
1434 2009 1560 2042 molesta,
1573 2010 1678 2037 circum

892 2055 1064 2082 stomachum
1086 2055 1199 2090 allapsa,
1226 2062 1274 2082 cor
1297 2055 1386 2090 ipsum
1406 2054 1567 2087 suﬂ'ocabat,
1591 2055 1678 2089 respi—

892 2101 1029 2136 randique
1043 2101 1184 2128 adimebat
1205 2100 1376 2129 facultatem.
1399 2100 1459 2129 1am
1475 2101 1567 2137 itaque
1583 2101 1679 2129 ultima

891 2146 1071 2175 imminebant
1094 2147 1198 2180 omnia,
1214 2148 1437 2184 quandoquidem
1454 2155 1544 2183 neque
1559 2155 1607 2175 cor
1622 2148 1680 2174 usi—

891 2197 948 2220 tato
961 2200 1049 2224 more,
1067 2198 1180 2229 recepto
1196 2195 1330 2230 sanguine
1350 2200 1543 2226 evacuarctur.
1558 2200 1587 2222 et
1601 2195 1677 2222 nullo

50 2239 140 2274 σάμην
156 2239 229 2275 μετὰ
255 2238 345 2275 ψιχῶν
365 2240 431 2275 οτνῳ
455 2240 549 2277 θερμῷ
561 2249 568 2257 ·
584 2242 632 2270 καί
645 2243 704 2276 πώς
726 2252 757 2278 γε
771 2246 791 2279 ῥη

934 2239 1032 2280 itzedii
1045 2243 1128 2274 atque
1147 2239 1247 2268 fastidii
1265 2248 1365 2276 genere
1381 2241 1520 2268 laboraret
1533 2241 1675 2268 ventricu-

49 2284 134 2319 ἔσχον.
160 2285 218 2311 Καὶ
234 2286 291 2316 τοῖς
311 2285 413 2319 ἰατροῖς
429 2286 545 2314 ἕπεσθαί
556 2296 586 2314 τε
602 2289 774 2323 τούντεῦθεν,
789 2292 836 2318 καὶ

49 2330 200 2364 θαυμάζειν
223 2330 319 2366 παρῆν
330 2339 337 2346 ·
351 2331 423 2358 οὕτω
435 2332 464 2359 δὲ
479 2333 606 2367 χαλεπῶς
624 2335 672 2362 καὶ
690 2336 836 2372 ἀφορήτως

49 2375 125 2402 πάντ’
140 2376 216 2411 ἔχειν
239 2372 358 2411 ταυτήσῒ
381 2377 432 2412 τῆς
453 2378 534 2413 χολῆς
559 2380 834 2417 παρασκευαζούσης,

50 2423 93 2448 καὶ
109 2423 213 2457 πολλῆς
230 2423 269 2454 ὼς
295 2425 368 2454 εἰκὸς
392 2424 543 2460 δυσθυμίας
567 2425 661 2460 οῠσης,
678 2427 777 2459 ἔξωθεν
801 2426 834 2464 ἧν

49 2468 110 2499 ἡμῖν
125 2467 199 2503 ὑγρὰ
214 2468 282 2502 περὶ
298 2468 328 2494 τὸ
345 2469 491 2503 πρόσωπον
507 2471 557 2497 οὐκ
575 2471 670 2505 ὀλίγα·
688 2473 736 2499 καὶ
754 2473 834 2507 άέρες

50 2511 79 2536 ἐκ
99 2512 239 2546 μηχανῆς,
259 2512 305 2538 καὶ
331 2512 425 2546 μύρων
450 2513 587 2548 ἐκχύσεις,
610 2517 663 2541 κάκ
680 2516 770 2542 τόπων
794 2518 833 2548 εἰς

48 2559 143 2591 τόπους
159 2559 313 2594 μεταϐολαί
329 2560 369 2585 ὀὐ
389 2559 440 2594 γὰρ
456 2561 531 2595 ἐνῆν,
547 2562 597 2588 οὐκ
613 2562 677 2596 ἐνῆν
692 2563 741 2598 μιᾷ
755 2562 832 2599 κλίνη

50 2605 210 2641 κεχρῆσθαι,
227 2604 369 2634 ἀλλ’,ὄπου
388 2606 446 2631 ποτ’
461 2606 494 2632 ἂν
513 2607 586 2642 ἐξείη
604 2609 652 2642 τῆς
666 2608 764 2640 οἰκίας.
779 2609 833 2635 Καὶ

49 2652 132 2678 πάντα
143 2651 179 2678 δι’
192 2648 231 2678 ὢν
250 2650 313 2684 ἐξῆν
326 2651 467 2686 ῥᾳστώνην
481 2652 606 2686 ἡντινοῦν
621 2654 761 2688 εὑρέσθαι,
778 2655 829 2681 οὐκ

50 2698 78 2724 ἂν
90 2699 226 2733 δυναίμην
244 2698 332 2723 είπείν
349 2698 399 2731 τὴν
418 2698 478 2724 τότε
493 2699 547 2725 τῶν
562 2699 701 2734 λογισμῶν
715 2701 832 2736 ἀπορίαν

50 2745 91 2770 καὶ
115 2744 291 2780 δυσχέρειαν,
322 2744 368 2770 καὶ
397 2744 429 2771 τὸ
453 2745 491 2780 μὴ
521 2746 614 2781 φέρειν
640 2746 752 2778 ἐξεῖναι.
781 2749 831 2774 κᾶν

49 2789 149 2818 ἅπαντα
177 2800 223 2822 τις
241 2790 338 2819 ἐποίει.
361 2791 409 2817 Ἐκ
429 2791 463 2826 δὴ
486 2792 541 2818 τῶν
557 2793 691 2820 τοσούτων
716 2795 781 2829 περὶ
801 2795 831 2821 τὸ

49 2838 189 2871 πρόσωπον
204 2836 300 2872 ὑγρῶν
313 2837 438 2871 γίγνεταί
453 2847 480 2864 τι
495 2839 596 2866 τοιοίδε
607 2848 614 2855 ·
629 2840 713 2874 ἄμφω
725 2840 762 2865 τὼ
777 2849 830 2867 πα-

50 2885 99 2917 ρειὶ
115 2884 250 2919 {Ex-3'3”);
264 2883 438 2916 ἐξώγκωντο·
457 2885 503 2912 καὶ
519 2887 647 2921 πιίλῆπτν
668 2886 765 2921 ἰατροὶ,
784 2887 829 2912 καὶ

889 2277 1119 2321 ΙυεᾸιιιΙίυιηῳιο
1132 2287 1215 2322 plane
1230 2287 1315 2315 ferret
1327 2288 1500 2315 alimentum.
1519 2287 1584 2315 Sive
1600 2288 1675 2314 enim

889 2332 997 2365 calidis,
1011 2333 1070 2360 sive
1084 2333 1192 2368 frigidis
1212 2338 1364 2366 uteremur,
1379 2334 1438 2361 sive
1450 2341 1621 2369 quaecunque
1639 2334 1674 2360 ab

889 2383 948 2405 arte
969 2379 1074 2406 medica
1094 2379 1314 2413 imperabantur,
1329 2387 1407 2414 nugae
1429 2385 1457 2407 et
1476 2380 1574 2407 faliulte
1594 2387 1673 2407 erant

887 2426 999 2458 omnia;
1015 2425 1083 2452 nihil
1099 2425 1172 2452 enim
1186 2430 1256 2457 erat,
1270 2426 1343 2460 quod
1360 2434 1412 2452 non
1426 2433 1488 2452 mox
1501 2430 1672 2460 assumptum

888 2473 1060 2507 rejiceretur.
1077 2472 1105 2500 ld
1120 2472 1194 2508 quod
1214 2473 1334 2500 medicos
1354 2481 1408 2500 non
1424 2480 1519 2507 parum
1538 2473 1672 2501 sollicitos

887 2518 994 2545 habuit.
1009 2519 1116 2554 Quippe
1131 2519 1239 2546 tametsi
1253 2519 1344 2546 omnia
1360 2520 1426 2546 artis
1440 2519 1561 2546 remedia
1575 2519 1672 2547 sedulo

887 2564 1061 2595 adhiberent.
1080 2565 1150 2592 nihil
1165 2573 1261 2592 eorum
1279 2571 1380 2597 tamen,
1397 2573 1457 2600 qua:
1470 2565 1527 2592 fieri
1540 2566 1672 2600 oportuit,

886 2611 1120 2644 consequebatur.
1144 2612 1179 2638 At
1197 2611 1241 2639 bic
1258 2615 1385 2638 naturam
1409 2613 1505 2646 ipsam,
1521 2612 1674 2646 quamlibet

887 2656 1001 2683 rationis
1015 2661 1167 2690 expertem,
1189 2658 1285 2685 omnia
1301 2657 1454 2685 sectmdum
1471 2658 1608 2686 rationem
1629 2658 1672 2685 fa-

885 2709 958 2734 cere,
983 2702 1126 2730 manifesto
1152 2703 1355 2739 deprehensum
1382 2704 1444 2732 fuit.
1480 2704 1561 2732 Forte
1584 2705 1670 2738 enim,

886 2755 946 2776 mea
967 2753 1075 2782 sponte,
1098 2750 1194 2775 vinum
1209 2750 1369 2780 calfactum.
1382 2758 1443 2778 cum
1469 2750 1547 2777 micis
1567 2751 1673 2785 aliquot

884 2795 958 2823 friati
972 2796 1057 2831 panis,
1074 2800 1224 2830 gustaram.
1237 2800 1265 2822 et
1275 2795 1401 2822 nonnihil
1419 2796 1544 2830 protinus
1568 2796 1669 2823 malum

886 2844 1026 2870 remittere
1047 2843 1147 2871 visunt.
1168 2842 1247 2870 Unde
1270 2847 1363 2876 postca
1387 2843 1458 2870 idem
1478 2843 1567 2876 sequi.
1588 2848 1669 2877 atque

885 2896 1050 2924 ιιιιιειιυικριο
1077 2888 1267 2924 comprobare,
1295 2887 1410 2915 medicis
1434 2887 1579 2915 consiliqu
1604 2887 1665 2914 fuit.

1487 2992 1502 2999 ς
