1878 3060
195 141 246 170 415

802 139 999 169 ΤΗΕἯΠΙΙᾸ
1021 140 1191 170 MONACIII

1765 135 1816 167 4ιῦ

195 198 302 224 Interea
321 201 423 226 antem,
436 203 497 222 cum
513 195 603 221 omnia
618 194 686 221 adeo
702 194 793 227 gravia
805 199 832 220 et
847 195 980 221 intolera-

1069 195 1100 224 κὸς
1116 195 1195 226 ἄλλος
1218 194 1298 221 ἄλλον
1316 193 1395 226 ἐϐόα,
1417 193 1522 228 Τάχους
1545 192 1587 218 ὅτι
1616 191 1733 225 μάλιστα
1757 192 1816 218 δεῖ·

196 243 260 270 bilia
279 243 322 269 illa
339 242 403 268 bilis
427 241 607 268 redundantia
626 241 726 267 faceret
741 247 823 275 atque
841 241 936 273 multa,
950 245 980 268 ut

196 292 256 314 erat
280 287 430 317 versimile.
461 286 522 313 inde
551 286 632 318 animi
663 286 797 320 a'gritudo
823 286 979 318 exsisteret,

196 333 368 360 extrinsecus
388 331 537 359 secundum
552 331 647 357 facium
662 339 716 357 non
738 331 835 365 exigua
859 332 981 358 humoris

197 379 274 413 copia
296 386 406 405 manare
432 383 563 410 coeperat.
586 377 681 403 adhaec
702 377 803 403 remuli
823 385 838 404 e
855 378 980 412 machina

198 426 314 458 quadam
330 423 440 455 ﬁebant,
453 427 479 448 et
493 427 693 456 unguentorum
709 422 869 455 effusiones,
883 427 908 450 et
923 430 982 449 cre-

197 470 252 496 brae
272 471 437 496 mutationes
452 469 597 500 locorum;
616 476 670 494 non
686 468 759 495 enim
781 468 891 498 licebat.
914 476 980 499 non.

197 516 321 550 inquam,
347 515 458 546 licebat.
485 522 539 540 uno
557 514 596 540 uti
618 514 728 544 lectulo,
752 514 799 540 sed
826 515 981 548 ubicunque

197 561 357 587 coimnadus
382 567 495 593 usquam
522 559 549 585 in
578 559 682 585 aedibus
714 559 862 593 apparebat
894 560 980 590 locus,

197 607 305 640 aliaque
322 606 425 635 omnia,
443 605 515 631 unde
535 604 810 638 quantulumcumque
829 605 980 639 exspectari

201 657 312 686 poterat
340 652 483 682 levamen;
514 650 638 684 adeoque
663 657 696 676 ne
720 650 850 684 consequi
872 650 981 683 quidem

197 697 292 723 verbis
310 700 417 730 potero,
434 703 495 729 qua:
510 700 565 722 tum
585 695 691 722 consilii
708 695 800 729 inopia
817 700 899 730 atque
914 695 983 722 diffi—

199 743 298 772 cultas,
317 746 345 768 et
360 749 440 776 quam
459 749 514 768 nou
529 741 641 768 ferenda
664 741 754 768 morbi
770 742 872 769 saevitia
888 742 982 773 fuerit,

199 788 307 814 tametsi
341 788 408 814 nihil
432 795 485 814 non
512 787 655 814 moliretur
676 787 824 821 quispiam.
846 786 932 813 Porro
949 795 982 814 ex

199 834 244 860 his
260 839 313 860 tam
332 834 451 867 copiosis
472 833 549 860 faciei
575 833 749 864 humaribus,
775 833 829 860 tale
851 834 980 867 quiddam

1032 243 1080 268 καὶ
1095 241 1256 272 σπουδάζειν
1273 240 1360 273 ἔξεστι
1375 240 1423 267 καὶ
1452 239 1576 273 μαλάχης
1590 237 1691 272 λευκῆς
1716 237 1798 272 χρεία
1810 244 1817 252 ο

1032 289 1079 313 καὶ
1097 287 1189 322 παρῆν
1205 287 1245 313 ὅτι
1260 288 1341 321 τάχος
1364 286 1411 312 καὶ
1433 284 1556 311 πτελεῶν
1583 283 1684 318 φλοιὸς,
1701 283 1747 309 καί
1769 283 1818 308 τιν’

1031 333 1124 368 ἕτερα,
1140 333 1182 359 ἵνα
1196 332 1370 367 διαχυὺὲντες
1380 332 1404 357 οἱ
1427 331 1504 364 ὗγκοι
1517 331 1553 364 μὴ
1567 330 1729 364 χωρήσωσιν
1742 329 1817 358 εἵσω,

1032 379 1181 406 κάντεῦθεν
1198 379 1254 410 τοῖς
1270 387 1298 405 τε
1316 378 1418 412 ἰατροῖς
1438 376 1569 410 ἀγωνίας,
1588 375 1625 409 τῷ
1641 384 1670 401 τε
1688 375 1819 408 κάμνοντι

1033 424 1148 451 θανάτου
1164 423 1223 458 τάχ’
1243 424 1307 454 ἴσως
1323 424 1406 449 αίτιοι
1423 422 1566 456 γένωνται.
1583 421 1616 447 Τί
1632 420 1662 446 τδ
1676 419 1819 449 ἐντεῦθεν;

1034 470 1175 496 Πέπαυται
1187 470 1273 496 ταῦτα
1284 478 1290 484 ³
1300 466 1358 496 εἶτα
1370 468 1511 499 δοκοῦντες
1521 468 1591 503 ἔχειν
1600 466 1730 502 γαλήνην,
1740 466 1820 492 πάλιν

1032 517 1087 546 cui;
1097 516 1193 550 πρώην
1204 516 1388 550 ἐμπίπτομεν,
1397 515 1420 540 εί
1431 515 1475 540 xa‘
1489 513 1526 548 μὴ
1535 513 1750 548 παραπλησίοις,
1762 513 1822 548 τρό-

1034 569 1084 586 πον
1106 560 1129 586 6'
1146 561 1240 594 ἕτερον
1266 559 1468 594 παραπλησίοις
1482 567 1487 572 ·
1502 560 1518 593 ή
1536 559 1590 592 γὰρ
1613 558 1681 591 αὐτή
1697 566 1738 588 τις
1753 557 1822 582 ἁπο-

1036 605 1082 639 ρὶσ.
1101 607 1155 637 τοῖς
1175 607 1279 640 ἰατροῖς
1295 614 1302 621 ·
1321 606 1438 639 πυρετὸς
1454 604 1508 639 γὰρ
1523 606 1554 630 ὲκ
1572 602 1690 639 πυρετοῦ
1706 602 1824 636 συλλαμ-

1033 650 1123 678 ϐαίων
1141 651 1219 686 διῆγε
1234 660 1239 665 ·
1269 652 1316 678 καὶ
1332 652 1365 677 τὰ
1379 651 1469 685 πολλῴ
1485 651 1524 685 τῷ
1539 651 1626 685 χρόνῳ
1641 649 1709 683 μέλη
1726 657 1825 682 κατερ-

1034 698 1171 731 γασθέντα
1198 697 1255 728 πῶς
1284 697 1334 723 οἴει
1360 697 1546 732 κατέτρυχεν·
1569 696 1606 726 ὼς
1634 695 1696 730 μηδ’
1722 694 1825 725 ότιοῖιν,

1036 743 1100 778 μήθ’
1117 744 1195 778 ἡμῖν,
1220 744 1287 778 μήτε
1304 745 1360 775 τοῖς
1378 744 1480 778 ἰατροῖς
1503 742 1602 774 ἐξεῖναι
1619 739 1824 776 προσεξευρεῖν.

1034 789 1171 821 Τοιούτοις
1186 791 1260 824 ἡμᾶς
1273 790 1302 816 τὺ
1320 790 1492 824 φθινόπωρον
1505 789 1644 820 ἐστιᾶσαν,
1660 787 1719 813 δέον
1732 785 1825 829 ᾠήθης

1036 844 1086 870 μεν
1102 836 1230 863 κοινωνὸν
1254 837 1301 863 κα).
1328 837 1358 862 σὲ
1372 836 1486 870 ποιῆσαι
1511 835 1559 868 τῆς
1585 834 1697 868 οοίνηςο
1716 833 1768 866 οὐχ
1794 832 1817 857 ῖν

199 885 301 906 evenit.
318 880 411 907 Ambae
426 879 516 906 subito
529 885 691 906 estumuere
705 887 790 914 genie.
820 878 870 906 llic
885 888 982 906 rursus

1072 882 1147 916 γοίης
1162 890 1169 898 ι
1198 883 1292 917 πόρρω
1308 882 1362 916 γὰρ
1388 883 1469 916 ἡμεῖς
1487 881 1541 906 τῶν
1563 881 1691 906 τοιούτων
1709 879 1768 909 τοῖς
1786 877 1827 911 φί-

200 925 327 951 advolare
341 925 450 954 medici.
464 925 589 959 aliusque
600 924 634 950 ad
644 925 728 951 alium
744 924 896 956 clamitare,
912 932 986 951 nunc

201 971 244 997 vel
266 971 383 998 maxime
407 971 609 1005 properandum
630 976 657 998 et
678 979 727 1006 pro
746 972 850 998 viribus
874 972 986 998 adlabo-

1038 926 1108 957 λοις·
1138 926 1197 952 ἀλλ’
1224 927 1258 952 ἵν’
1282 926 1380 961 εἰδείης
1404 927 1432 957 ἐξ
1456 927 1520 952 υίων
1546 926 1600 960 ἄρα
1620 923 1762 951 σκοπέλων
1789 923 1826 952 εἰς

1039 971 1111 1003 οἴους
1127 973 1296 1006 κατέσχομεν
1318 973 1366 998 σὺν
1382 972 1441 1006 Θεῷ
1460 972 1523 1003 τοὺς
1540 972 1664 1004 λιμένας.

200 1019 316 1046 randum
332 1027 404 1052 esse,
421 1019 448 1046 in
465 1020 563 1054 primis
579 1020 666 1046 malva
678 1020 739 1046 alba
755 1028 824 1054 opus
839 1027 910 1051 esse,
925 1027 986 1054 quas
1006 1020 1081 1047 illico
1093 1020 1202 1052 adfuit;
1232 1026 1259 1048 et
1273 1021 1401 1048 similiter
1420 1021 1484 1047 ulmi
1504 1025 1609 1050 cortex,
1628 1023 1655 1046 et
1685 1018 1738 1044 alia
1755 1024 1827 1051 qum-

201 1065 273 1098 dain,
286 1070 316 1092 ut
335 1066 460 1100 dissipati
477 1066 530 1093 hoc
546 1065 626 1093 modo
644 1070 765 1093 tumores
795 1074 851 1093 non
865 1065 899 1093 ad
932 1066 1064 1093 interiora
1081 1070 1269 1101 penetrarem,
1287 1071 1370 1100 atque
1388 1072 1484 1100 postea
1510 1070 1566 1092 tum
1600 1073 1677 1092 novae
1713 1063 1828 1090 medicis

201 1112 411 1146 trepidationis,
428 1117 485 1139 tum
499 1120 571 1147 aegro
584 1112 712 1139 interitus
734 1112 852 1139 fortasse
876 1120 958 1139 causa
988 1112 1096 1140 fierent.
1131 1112 1205 1139 Cedo
1240 1113 1303 1146 quid
1342 1112 1452 1146 postea?
1473 1115 1577 1138 tantum
1597 1111 1669 1145 quod
1691 1111 1743 1137 ista
1765 1118 1829 1136 con—

201 1159 327 1193 quieranl
343 1167 350 1191 ;
375 1166 437 1185 cum
457 1158 634 1186 serenitatem
660 1165 710 1184 nos
729 1159 784 1192 jam
803 1163 896 1184 tenere
922 1158 983 1189 rati,
1002 1157 1092 1184 denuo
1121 1157 1148 1183 in
1161 1157 1204 1184 illa
1234 1157 1375 1191 superiora
1390 1156 1540 1183 recidimus
1555 1175 1562 1188 ,
1576 1159 1638 1182 utut
1651 1163 1705 1182 non
1718 1156 1827 1189 gemina

201 1206 284 1240 plane
301 1214 332 1233 ac
347 1206 496 1238 simillima,
510 1206 564 1232 alio
580 1210 669 1232 tamen
682 1213 737 1240 quo
756 1210 836 1240 pacto
863 1205 1032 1236 consimilia;
1055 1204 1158 1239 quippe
1186 1203 1282 1230 cadent
1299 1203 1399 1230 iterum
1432 1202 1546 1230 medicis
1561 1201 1619 1229 fere
1633 1202 1729 1228 aderat
1749 1203 1829 1228 Ιιωει-

201 1253 278 1285 tatio,
297 1254 368 1286 quod
390 1254 475 1281 febris
499 1254 595 1281 febrim
616 1254 767 1288 excipiens,
785 1260 932 1287 suspensos
960 1252 1134 1285 incertosque
1176 1255 1283 1278 teneret
1302 1259 1309 1278 :
1328 1255 1459 1284 artusque
1496 1249 1621 1284 corporis
1642 1249 1700 1283 ipsa
1739 1249 1829 1276 morhi

201 1300 384 1327 diuturnitate
411 1300 516 1335 pridem
546 1300 701 1331 confectos,
733 1299 922 1326 incredibilem
950 1299 976 1325 in
1003 1297 1114 1324 modum
1149 1301 1357 1331 conquassaret,
1377 1301 1407 1323 ut
1425 1296 1536 1322 nullum
1554 1297 1597 1323 hic
1629 1296 1761 1330 amplius,
1782 1304 1830 1322 tte-

202 1354 256 1380 que
270 1354 330 1379 nos,
345 1354 433 1380 neque
450 1347 559 1379 medici,
586 1346 742 1381 excogitare
773 1353 916 1380 possemus
946 1345 1104 1371 consilium.
1143 1344 1258 1376 Quando
1283 1344 1471 1379 hujuscemodi
1490 1344 1572 1379 igitur
1589 1351 1639 1370 nos
1660 1348 1828 1370 auctumnus

202 1394 293 1428 epulis
309 1395 424 1428 accepit.
444 1398 469 1420 te
492 1393 614 1427 ejusdem
638 1393 718 1420 etiam
738 1393 898 1428 participem
919 1391 1037 1419 convivii
1058 1391 1212 1418 faciendum
1239 1390 1318 1417 nobis
1347 1398 1407 1417 esse
1436 1390 1639 1417 arbitrabamur
1657 1399 1664 1416 :
1680 1397 1735 1416 nou
1753 1391 1830 1424 equi-

202 1443 264 1468 dem
292 1446 321 1468 ut
348 1441 433 1468 animi
450 1447 476 1467 te
494 1440 666 1467 excruciares
690 1441 786 1475 (apage
819 1441 898 1466 istam
913 1447 928 1466 a
945 1439 1024 1465 nobis
1044 1439 1071 1465 in
1096 1438 1199 1465 amicos
1230 1438 1487 1472 inhuinanitatcm),
1512 1438 1560 1464 sed
1587 1442 1616 1464 ut
1645 1445 1830 1472 cognosceres

201 1492 302 1527 quibus
317 1498 351 1518 ex
365 1490 486 1525 scopulis
503 1490 530 1516 in
558 1497 628 1524 quos
642 1493 746 1524 portus,
764 1489 811 1516 Dei
830 1483 991 1516 immortalis
1010 1495 1073 1522 ope,
1092 1487 1202 1514 tandem
1220 1487 1369 1521 aliquando
1387 1487 1599 1520 appulissemus.

517 1549 560 1576 IV.
579 1548 683 1576 Eidem.

238 1608 328 1642 Atque
349 1606 398 1633 tibi
415 1606 554 1639 equidem,
572 1607 614 1633 vir
629 1607 742 1640 optime,
760 1605 863 1640 optima
881 1612 989 1640 semper

205 1653 336 1679 eveniant
360 1652 462 1685 omnia,
484 1656 508 1679 el
535 1652 649 1678 meliore
672 1651 822 1678 identidem
850 1651 989 1678 felicitatis

206 1699 389 1729 incremento,
413 1697 639 1725 secundissimaln
662 1697 815 1732 experiaris
839 1697 988 1728 fortunam,

207 1751 269 1769 com
288 1742 367 1769 nobis
383 1743 440 1769 haec
461 1743 509 1769 tibi
526 1743 777 1777 comprecautibus,
796 1746 852 1769 tum
874 1746 913 1768 tot
928 1742 990 1769 aliis

207 1789 261 1816 tuis
276 1789 372 1816 amicis
391 1798 398 1815 :
418 1797 574 1823 quanquam
597 1789 663 1815 Inibi
681 1789 752 1815 haud
769 1788 892 1822 proclive
908 1788 990 1815 fuerit

208 1843 304 1862 eorum
329 1835 399 1862 inire
420 1842 579 1866 numerum,
602 1842 672 1870 quos
695 1839 742 1861 tuo
765 1835 991 1862 cnnsaueiaveris

205 1889 310 1912 amore,
328 1886 383 1907 tum
402 1881 454 1907 isto
472 1881 536 1907 item
558 1881 651 1908 animo
672 1886 719 1907 tuo
742 1880 813 1907 haud
835 1881 909 1907 aliud
936 1881 990 1908 voti

207 1928 355 1962 recipiente
372 1934 581 1963 argumentum;
598 1928 644 1962 qui
666 1928 739 1954 enim
755 1935 808 1953 non
825 1927 911 1953 solum
925 1928 992 1954 ami-

206 1975 257 2006 cis,
275 1974 322 2001 sed
339 1974 466 2002 universe
483 1975 622 2006 omnibus,
640 1979 668 2001 et
685 1974 756 2000 laetis
777 1973 805 1999 in
827 1974 910 2001 rebus
925 1981 992 2001 con-

206 2020 364 2055 gratularis,
375 2025 402 2047 et
417 2020 444 2046 in
460 2020 569 2047 afflictis
583 2021 756 2048 verissimum
772 2021 846 2054 capis
857 2019 991 2052 dolorem,

207 2075 296 2093 :HIIIUII
312 2067 390 2093 talem
404 2071 430 2093 te
445 2067 555 2101 inqttatn
572 2068 670 2098 virum,
685 2071 815 2101 perpetua
828 2067 911 2093 animi
925 2067 994 2093 lzeti-

208 2113 244 2138 tia
255 2133 261 2143 ,
274 2120 433 2146 summaque
442 2113 557 2140 fortunae
566 2114 761 2148 prosperitate,
772 2113 874 2147 perfrui
884 2120 992 2146 aequum

207 2157 308 2184 fuerit?
333 2158 391 2184 Nos
417 2166 484 2185 vero
510 2166 571 2185 cum
600 2159 724 2185 nonnihil
746 2158 780 2185 de
803 2157 992 2192 superioribus

210 2204 287 2230 malis
305 2205 528 2237 rcspirassemns,
554 2205 622 2230 etin
641 2205 782 2231 meliorem
800 2204 993 2238 recuperandae

1331 1546 1367 1572 A'.
1391 1545 1433 1578 Τῷ
1450 1545 1541 1578 αὐτῷ.

1079 1602 1114 1628 Σὺ
1133 1602 1181 1637 μὲν
1195 1601 1252 1636 εἴης
1267 1602 1311 1628 διὰ
1325 1602 1432 1634 τέλους,
1448 1602 1558 1634 ἄριστε,
1575 1601 1704 1637 πράττων
1717 1602 1750 1628 εὖ
1760 1623 1769 1636 ,
1787 1604 1832 1629 καὶ

1045 1648 1105 1681 μετ’
1118 1647 1259 1682 ἀμείνονος
1277 1648 1331 1674 αἰεὶ
1345 1648 1392 1681 τῆς
1409 1647 1578 1683 προσθήκης,
1592 1648 1712 1681 τάγαθοῦ
1730 1650 1832 1684 πειρώ-

1046 1703 1124 1728 μενος
1143 1694 1280 1729 δαίμονος,
1300 1694 1378 1729 ήμῶν
1395 1695 1425 1720 τέ
1449 1703 1487 1720 τοι
1504 1694 1591 1720 ταῦτα
1609 1696 1831 1729 συνευχομένων,

1044 1741 1091 1767 καὶ
1105 1741 1206 1770 τῶν...,
1220 1740 1277 1766 ἀλλ’
1290 1741 1340 1766 οὐκ
1357 1741 1389 1766 ἂν
1403 1740 1537 1775 δυναίμην
1551 1742 1638 1767 εἰπεῖν
1652 1741 1734 1773 ὅσους
1750 1742 1832 1775 ἐτρω-

1046 1796 1106 1819 aug,
1120 1789 1168 1822 τῆς
1181 1795 1210 1813 τε
1227 1787 1276 1821 σῆς
1289 1787 1402 1821 γνώμης
1419 1786 1515 1821 ἑτέραν
1528 1787 1557 1813 οὐ
1572 1787 1719 1822 δεχομένης
1737 1788 1833 1814 ὑπόθε-

1047 1843 1088 1860 σιν
1101 1842 1108 1850 '
1125 1836 1139 1860 ὁ
1156 1835 1209 1870 γὰρ
1225 1835 1254 1860 οὐ
1274 1835 1361 1868 φίλοις
1381 1834 1471 1868 μόνον,
1488 1835 1557 1860 ἀλλὰ
1574 1835 1621 1861 καὶ
1638 1837 1722 1862 πᾶσιν
1741 1837 1832 1867 dum};

1045 1879 1075 1906 εὖ
1092 1880 1140 1914 μὲν
1154 1881 1304 1914 πράττουσι
1320 1881 1512 1914 συνηδόμενος,
1526 1882 1573 1907 ent
1586 1882 1614 1908 δὲ
1627 1883 1683 1914 τοῖς
1698 1884 1834 1914 ἐναντίοις

1045 1929 1093 1952 καὶ
1109 1926 1342 1961 μάλ’ὰχοόμενος,
1358 1927 1407 1953 τὸν
1422 1927 1454 1962 δὴ
1468 1927 1588 1954 τοιοῦτον
1603 1928 1661 1959 πῶς
1675 1928 1705 1954 οὐ
1720 1929 1834 1963 Busta-J1

1045 1972 1090 2003 τος
1115 1973 1292 2006 εὐθυμεῖσθαι
1317 1973 1457 2008 προσῆκε,
1482 1974 1529 1999 καὶ
1554 1974 1592 2005 ὡς
1618 1974 1719 2009 ἄριστα
1745 1976 1834 2010 ἔχειν;

1052 2018 1146 2053 Ἡμεῖς
1162 2019 1190 2044 δὲ
1209 2019 1304 2054 μικρὸν
1314 2019 1398 2045 ἁναπε
1406 2020 1551 2052 πνευκεὴες
1567 2021 1680 2047 ἐκείνων
1691 2022 1749 2048 τῶν
1765 2023 1832 2048 δυσ-

1046 2065 1151 2099 χερῶν,
1190 2066 1237 2091 καὶ
1262 2066 1330 2100 πρὸς
1351 2066 1478 2100 ἀμείνους
1499 2066 1686 2098 καταστάντες
1707 2068 1833 2100 ἐλπίδας,

1046 2111 1083 2142 ὡς
1101 2111 1166 2146 ῥᾷον
1182 2111 1220 2136 ἔθ’
1233 2111 1347 2145 ἕξομεν,
1366 2112 1461 2146 ἐπειδὴ
1478 2113 1531 2138 τῶν
1549 2113 1650 2148 ἰατρῶν
1667 2114 1834 2140 κελευόντων

1048 2157 1223 2192 ἐχρησάμεθα
1238 2157 1371 2191 λουτροῖς,
1386 2156 1464 2188 αὖθις
1479 2155 1512 2184 αὖ
1526 2156 1597 2193 ἦμεν
1612 2159 1640 2184 ὲν
1654 2161 1709 2190 τοῖς
1725 2160 1833 2190 αὐτοῖς·

1048 2204 1095 2229 καὶ
1122 2205 1135 2229 ὁ
1159 2204 1276 2238 πρόσοεν
1317 2204 1421 2239 χειμὼν
1454 2205 1532 2239 ἐπῄει
1561 2205 1741 2240 σφοδρότερος
1759 2213 1766 2219 ·
1790 2206 1835 2232 καὶ

210 2249 309 2275 iterum
325 2249 422 2274 salutis
439 2256 514 2282 Spem
532 2250 722 2280 venissemus;
742 2249 786 2275 hie
802 2256 866 2274 vero
882 2249 915 2275 de
929 2256 989 2275 con-

1072 2251 1134 2285 ήπω
1150 2237 1279 2286 καθαρῶς
1293 2237 1548 2286 ἀπηλλαχότας
1564 2237 1722 2286 τυραννίδος
1733 2274 1740 2286 ,
1758 2254 1773 2278 δ
1788 2252 1834 2279 τοῦ

208 2293 272 2318 sitio
288 2292 457 2319 Illt‘llil'Ol‘Ulll
486 2293 584 2319 balneo
600 2293 670 2319 forte
691 2293 826 2324 adhibito,
848 2293 874 2319 in
893 2293 995 2320 eisdem

208 2339 300 2366 denuo
319 2340 397 2365 malis
412 2347 523 2366 eramus
539 2348 545 2366 :
566 2341 696 2374 priorque
714 2339 769 2370 illa,
787 2340 833 2366 sed
850 2340 998 2366 vehemen-

210 2385 272 2414 tior.
286 2385 430 2419 ingruebat
442 2390 599 2420 tempestas,
612 2393 715 2419 uosque
728 2386 846 2410 nondum
859 2393 892 2411 ex
903 2391 996 2419 tyran-

209 2433 273 2459 nide
286 2433 396 2467 penitus
408 2438 528 2467 ereptos,
545 2433 590 2458 ille
605 2432 759 2458 Phalaridis
771 2432 820 2459 bos
836 2434 957 2459 tenebat.
968 2433 996 2459 In

208 2486 292 2505 causa
317 2483 387 2509 erat.
415 2479 488 2514 quod
513 2486 567 2505 non
592 2483 746 2512 opportune
773 2478 839 2505 satis
861 2479 995 2506 lavatione

211 2525 253 2551 usi
283 2525 440 2557 furssemus,
462 2525 546 2551 inulla
571 2525 660 2550 adhuc
681 2524 743 2550 bilis
770 2524 794 2550 vi
813 2525 995 2551 ventriculum

210 2573 365 2600 obsidente.
386 2573 470 2600 Retro
490 2573 580 2607 itaque
603 2581 664 2599 mox
681 2573 820 2607 sublapsa,
836 2577 864 2600 ct
880 2574 907 2600 in
927 2581 995 2600 eon-

211 2618 327 2644 trarium
355 2618 409 2644 lata
435 2618 538 2650 omnia,
567 2618 696 2653 nullaque
723 2626 776 2644 non
815 2619 879 2644 mali
902 2618 997 2645 aderat

209 2664 326 2699 species,
345 2664 402 2691 sive
418 2665 519 2696 verius,
536 2665 604 2692 nihil
622 2674 675 2692 non
698 2673 827 2699 supremo
846 2666 872 2692 in
897 2666 995 2700 gradu.

209 2712 311 2746 Nempe
324 2717 351 2739 ct
367 2712 485 2746 pessime
498 2712 593 2740 affecta
609 2719 688 2740 erant
702 2713 841 2746 intestina,
857 2714 892 2740 ita
906 2719 934 2740 ut
952 2714 995 2740 vix

209 2759 334 2786 attollere
350 2768 392 2786 tne
407 2767 439 2787 ac
454 2760 544 2787 levare
562 2767 680 2795 possem.
695 2760 728 2786 Et
744 2760 880 2794 reliquum
898 2768 998 2794 corpus

211 2805 332 2833 assiduis
342 2807 565 2842 gravissimisque
578 2806 758 2841 torquebatur
769 2807 921 2838 doloribus,
933 2815 1000 2841 quo-

219 2853 292 2880 niam
322 2862 485 2889 unoquoque
511 2855 538 2881 in
568 2854 702 2886 membro,
715 2861 773 2884 sna,
789 2858 818 2880 ut
843 2853 879 2880 ita
899 2853 998 2887 dicam,

1046 2297 1196 2330 Φαλάριδος
1214 2297 1277 2332 ἔσχε
1297 2296 1369 2331 βοῦς.
1387 2297 1481 2322 Αἴτιον
1497 2297 1525 2323 δὲ
1542 2297 1572 2323 τὺ
1591 2297 1628 2332 μὴ
1647 2298 1720 2324 κατὰ
1737 2298 1835 2333 καιρὸν

1048 2344 1156 2374 πάντως
1173 2343 1332 2374 λελοῦσοαι,
1349 2344 1431 2378 χολῆς
1447 2343 1485 2369 ἔτ’
1499 2343 1615 2378 ἐχούσης
1632 2344 1696 2379 περὶ
1711 2345 1756 2371 τὸν
1774 2345 1833 2371 στό-

1049 2399 1146 2425 μαχον.
1163 2391 1289 2416 "Aﬁr/ta.
1312 2390 1344 2424 δὴ
1367 2388 1415 2415 οὖν
1434 2389 1517 2420 εὐθὺς
1540 2391 1766 2425 ἀνατέτραπται·
1790 2391 1834 2418 καὶ

1048 2437 1116 2472 πρὸς
1132 2437 1285 2463 τούναντίον
1301 2436 1445 2470 ὡρμήκει”
1461 2436 1508 2461 καὶ
1522 2436 1598 2462 οὐδὲν
1615 2437 1628 2462 ὃ
1642 2446 1668 2462 τι
1686 2437 1724 2472 μὴ
1742 2439 1834 2472 παρῆν

1048 2483 1102 2509 τῶν
1114 2483 1209 2509 δεινῶν
1218 2491 1225 2497 ·
1241 2482 1341 2516 μᾶλλον
1354 2481 1380 2506 δὲ
1394 2481 1470 2507 οὐδὲν
1482 2483 1495 2508 ὅ
1507 2491 1533 2508 τι
1547 2483 1576 2509 οὐ
1591 2482 1650 2515 μεθ’
1660 2483 1816 2517 ὑπερϐολῆς
1827 2493 1833 2498 ·

1049 2531 1083 2557 τά
1099 2539 1128 2556 τε
1148 2530 1202 2564 γὰρ
1222 2530 1294 2556 ἔνδον
1314 2530 1440 2563 πονήρως
1459 2529 1555 2563 ἔσχεν,
1576 2529 1612 2559 ὡς
1633 2530 1694 2564 μηδ’
1708 2531 1835 2564 ἀνασχεῖν

1048 2574 1103 2603 οἷον
1119 2577 1143 2602 τ’
1157 2574 1243 2607 εἶναι,
1262 2577 1292 2601 τό
1309 2585 1337 2601 τε
1359 2576 1439 2610 σῶμα
1464 2576 1578 2606 πυκναῖς
1596 2576 1636 2601 ὅτι
1655 2576 1773 2609 μάλιστα
1792 2577 1836 2602 καὶ

1051 2623 1174 2657 βαρείαις
1195 2623 1297 2656 ἔκαμνε
1316 2623 1375 2652 ταῖς
1388 2622 1497 2653 ὀδύναις
1517 2622 1588 2647 κατὰ
1609 2622 1708 2650 παντὸς
1727 2622 1835 2647 ὁτουοῦν

1051 2669 1147 2704 μέλους
1159 2689 1166 2701 ,
1185 2668 1472 2702 ἐστρατοπεδευκότων
1491 2668 1528 2698 ὡς
1550 2668 1637 2693 εἰπεῖν
1656 2669 1711 2693 τών
1729 2668 1835 2694 δεινῶ

1049 2716 1105 2742 Καὶ
1121 2715 1214 2741 σιωπῶ
1230 2715 1366 2749 στομάχου
1382 2713 1544 2748 κατάψυξιν,
1559 2714 1606 2740 καὶ
1618 2713 1666 2748 τὴν
1681 2715 1745 2748 περὶ
1760 2713 1836 2739 πάντ’

1051 2762 1158 2795 ἀηδίαν,
1181 2763 1228 2788 καὶ
1249 2762 1311 2792 τοὺς
1331 2762 1374 2788 ὅτε
1395 2770 1421 2786 τι
1440 2761 1495 2786 τῶν
1516 2761 1543 2786 ὲν
1565 2761 1620 2791 τοῖς
1640 2761 1772 2791 τοιούτοις
1795 2759 1836 2785 ὑί

1052 2808 1176 2842 ἀνάγκης
1205 2808 1359 2843 προσιέμην
1371 2829 1378 2840 ,
1396 2808 1484 2834 αὐτίκ’
1502 2807 1680 2837 ἀπαντῶντα;
1712 2807 1835 2839 ἐμέτους.

1059 2854 1129 2880 Ἀλλ’
1144 2854 1254 2889 ὴττέαἳοί
1271 2863 1342 2886 τινες
1360 2855 1478 2889 ἑκάστης
1495 2854 1601 2888 ἡμέρας
1619 2854 1645 2884 ἐς
1666 2854 1735 2888 μῆνα
1758 2853 1836 2878 κατέ-
