1878 3060
195 138 248 172 ᾇῖίὶ

805 132 1004 162 TllEODULI
1025 129 1198 160 MONACHI

1766 126 1826 157 420

194 194 276 224 dictis
302 192 360 220 suis
385 191 530 226 factisque,
562 189 628 218 illud
644 196 831 216 terumnarnm
856 188 980 215 omnium

1076 186 1187 219 ιστῆσαι
1200 184 1343 218 θεοφιλεῖς,
1358 183 1473 220 καρπῶν
1486 184 1630 211 ἀθανάτων
1641 183 1757 216 αἰτίους,
1770 183 1826 210 καὶ

195 239 354 265 memoriam
372 237 479 264 diluens
501 235 680 270 pharmacum
704 235 750 268 (ex
774 233 835 259 ’06.
860 235 898 263 A',
913 233 978 262 ρει,

195 284 292 318 Synes.
306 284 388 317 epist.
403 283 465 315 HG)
496 281 562 308 mihi
581 281 661 315 plane
679 284 750 306 erat.
770 279 876 313 Quippe
891 278 938 313 qui
952 279 981 304 in

196 327 373 355 creberrimis
387 326 557 354 cruciatuum
572 324 732 353 decumanis
744 323 882 354 ﬂuctibus,
896 323 981 349 maxi-

197 374 303 407 misque
322 373 374 399 illis
394 372 484 402 undis,
508 371 597 398 nihilo
615 371 674 404 ipse
692 370 783 397 minus
804 373 831 396 et
849 373 981 403 perpetuo

1035 233 1102 258 Θεοῦ
1120 233 1246 265 γενέσθαι
1260 233 1384 266 τέμενος.
1400 231 1535 266 Συνεύχου
1551 231 1579 258 δὲ
1594 231 1642 257 καὶ
1656 230 1754 262 αὐτὸς,
1771 228 1828 262 οὐχ

1033 279 1070 308 ὡς
1086 279 1125 308 εἰς
1141 278 1236 309 τοκέας
1253 278 1334 312 μόνον
1347 277 1442 310 τελῶν,
1457 277 1524 304 ἀλλᾶ
1540 279 1588 304 καὶ
1603 279 1640 307 ὼς
1653 276 1731 310 ἀνδρὶ
1745 274 1829 309 καλῴ

1034 323 1160 358 κάγαθῷ,
1186 324 1232 350 καὶ
1256 324 1367 358 τρόποις
1392 324 1524 359 χρηστοῖς
1546 324 1650 354 πάντας
1674 321 1830 350 ἐπαινέτας

1034 368 1134 403 ﬁxam.

195 421 310 451 doleret,
325 420 498 454 animamque
515 427 593 446 suam
611 419 739 446 mceroris
761 417 891 444 ﬂuctibus
921 416 1080 450 inundaret,
1116 417 1161 444 ubi
1191 425 1244 446 nos
1276 425 1341 446 vero
1358 419 1458 446 iterum
1478 416 1723 449 convaluissemus,
1737 414 1830 443 etiam

197 470 256 503 ipse
274 468 376 502 pariter
390 475 419 495 se
434 468 587 502 colligeret,
604 470 632 493 et
665 467 698 493 ad
718 466 848 494 lietantes
888 465 1028 492 transiret.
1046 465 1208 500 Quanquam
1233 467 1299 502 quid
1322 467 1406 494 dico?
1427 474 1499 501 saepe
1523 466 1568 492 ille
1590 465 1676 497 enim,
1694 468 1723 492 et
1752 462 1832 497 apud

196 515 363 549 complures,
381 513 461 540 nobis
491 513 680 543 audientibus.
703 513 786 540 etiam
807 511 987 547 jurejurando
1015 512 1108 539 verbis
1138 513 1196 540 suis
1229 513 1365 548 apposito,
1383 513 1454 540 ultro
1472 512 1610 548 professus
1624 515 1667 539 est
1677 518 1718 542 se,
1733 509 1756 538 si
1771 515 1832 543 qua

197 561 257 588 ﬁeri
274 566 378 595 posset,
395 559 581 587 libentissimo
596 560 688 586 animo
705 559 842 586 fortunam
869 562 1034 592 praesentem
1063 565 1170 585 mecum
1198 560 1508 592 commutaturum,imo
1535 557 1728 585 veroanimam
1739 554 1831 581 etiam

197 614 284 642 ipsam
303 614 363 634 mea
379 606 450 636 vice,
467 606 527 633 sine
541 606 596 633 ulla
613 606 787 633 cunctatione
799 605 987 639 profusnrum,
1007 611 1093 637 usque
1108 605 1176 631 adeo
1210 613 1336 640 magnam
1352 606 1434 633 homo
1447 605 1500 632 mei
1514 609 1544 632 ut
1555 608 1695 638 superstes
1722 607 1833 632 essem,

196 655 315 682 ducebat
341 655 488 682 rationem.
527 653 605 680 llaud
618 653 756 680 immerito
783 652 859 679 illum
884 652 978 686 igitur,
997 651 1110 685 perinde
1130 655 1158 678 ut
1171 658 1252 686 caput
1266 660 1356 680 meum
1369 653 1467 680 adamo
1482 651 1549 687 ('11.
1561 659 1591 685 γ,
1606 649 1651 685 82)
1664 652 1694 676 et
1706 646 1833 675 mediam

198 703 298 728 animae
319 701 413 728 sedem
437 700 477 728 illi
501 701 632 733 attribuo,
660 705 716 727 tum
733 704 799 734 opto
814 699 877 726 item
897 698 987 733 ipsum
1007 698 1151 733 consequi,
1182 699 1317 734 quidquid
1343 699 1484 734 consequi.
1498 698 1613 726 studet;
1631 700 1660 724 et
1692 695 1833 722 virtutum

199 747 407 782 irrigationibus
420 746 511 773 anima
526 747 682 778 ﬂorentem,
703 746 808 773 fructus
839 746 897 772 Deo
933 749 1072 779 acceptos,
1108 745 1246 773 fructuum
1262 751 1428 774 aeternorum
1460 752 1569 775 causas,
1587 744 1751 778 producere,
1767 739 1835 766 Dei-

199 803 254 829 que
283 794 361 828 plane
385 795 516 828 templum
541 794 610 826 ﬁeri,
632 793 705 828 quod
728 798 755 820 te
776 793 858 819 etiam
885 791 988 826 pariter
1004 796 1097 825 optare
1128 793 1200 823 volo,
1222 801 1277 820 non
1311 795 1347 821 ob
1363 793 1390 820 id
1413 801 1498 820 unum
1523 790 1616 823 modo,
1631 789 1703 825 quod
1726 787 1835 817 libero.

202 849 262 867 rum
278 848 378 874 parens
393 841 447 874 jam
465 848 504 873 es,
524 840 572 867 sed
591 845 723 875 przeterea
746 844 776 867 ut
799 838 859 866 viro
879 838 984 872 optimo
1004 838 1244 875 sanctissimoque,
1279 846 1307 867 et
1341 847 1448 868 morum
1465 839 1605 874 probitate
1620 835 1751 864 homines
1769 840 1836 862 om-

203 894 252 913 nes
265 885 421 913 laudatores
437 891 528 914 nacto.

445 943 476 970 ν.
491 943 587 978 Magno
606 943 754 978 [agat/tem.

237 1000 278 1028 'l‘n
295 1008 372 1029 vero.
390 999 436 1034 qui
452 999 555 1034 optima
572 1000 663 1026 omnia
689 1005 718 1026 et
740 1000 793 1031 vis,
811 1005 838 1026 et
858 1005 945 1034 potes,
962 1007 990 1028 et

203 1046 310 1082 egregia
330 1046 412 1072 animi
436 1045 576 1072 alacritate
601 1045 669 1080 agis.
684 1045 753 1073 nihil
764 1044 892 1081 equidem
913 1048 988 1079 novi,

214 1097 231 1117 ιι
249 1089 378 1119 arbitror.
393 1089 516 1116 facturus
530 1096 558 1115 es
577 1097 584 1116 :
599 1089 621 1116 si
641 1089 743 1124 quibus
758 1094 811 1116 tam
837 1091 923 1118 multa
938 1091 990 1118 du'

205 1136 269 1163 dum
298 1134 430 1162 beneﬁcia
457 1134 567 1166 dedisti,
587 1136 699 1161 eosdem
729 1143 800 1162 nunc
830 1137 912 1163 etiam
937 1137 991 1164 tuis

205 1189 287 1209 ornes
301 1180 459 1208 beneﬂciis:
475 1181 628 1214 quibusque
645 1187 697 1206 non
720 1188 780 1206 raro
796 1182 912 1208 antehac
927 1189 991 1214 gra-

207 1227 325 1254 liﬁcntns
341 1233 380 1257 es,
400 1225 433 1252 iis
446 1232 519 1252 nunc
536 1226 599 1252 item
614 1225 786 1260 gratihccris.
807 1226 906 1252 Verum
923 1225 990 1252 illud

207 1274 285 1307 plane
312 1273 412 1306 ipsum,
440 1271 512 1306 quod
533 1272 655 1306 quotidie
685 1276 713 1298 et
731 1271 863 1298 adver5us
896 1279 992 1299 omnes

207 1319 296 1346 facere
313 1319 462 1347 consuesti.
480 1323 605 1352 petentes
616 1317 730 1352 pariter,
743 1322 834 1344 etnon
848 1322 989 1352 petentes:

208 1366 258 1392 hos
276 1364 419 1396 nimirum,
431 1369 460 1391 ut
477 1372 509 1391 ne
526 1369 630 1398 petant,
645 1364 789 1398 illus,qnia
802 1369 908 1398 petunt.
923 1364 991 1391 Tum

207 1418 273 1437 vero
288 1415 432 1445 prreterea,
448 1417 522 1436 nunc
539 1409 622 1436 etiam
638 1410 785 1444 superiora
800 1410 901 1440 onmia,
915 1409 991 1444 quasi

207 1456 316 1483 decreto
327 1456 445 1490 quodam
464 1456 573 1482 sancire
590 1460 673 1490 atque
690 1456 853 1484 conﬁrmare
877 1457 992 1484 videbe-

209 1502 256 1533 ris,
271 1507 299 1528 et
317 1502 397 1529 simul
411 1502 570 1533 ostendere.
588 1510 652 1528 vera
665 1507 690 1529 te
707 1502 791 1529 animi
805 1503 993 1538 magnitudine

208 1553 235 1574 et
248 1548 356 1576 dedisse
369 1549 459 1580 nobis,
475 1548 607 1582 quidquid
626 1546 761 1579 dedisses,
779 1554 807 1576 et
832 1549 881 1576 hac
895 1548 992 1576 cadent

209 1594 244 1620 de
257 1602 350 1627 eausa,
367 1594 462 1621 eadem
479 1596 506 1621 in
531 1602 652 1628 prmscns
674 1595 832 1629 gratiﬁcari.
845 1596 903 1628 Qua
917 1596 944 1622 in
964 1604 993 1624 re

210 1639 441 1675 quemadmodum
479 1643 589 1666 tuorum
614 1648 663 1667 nos
690 1648 745 1667 non
769 1648 914 1675 possumus
939 1649 994 1668 non

211 1686 369 1712 meminisse
381 1685 588 1716 beneﬁciorum,
606 1689 634 1712 et
645 1685 760 1720 gratiam
774 1686 886 1718 habere,
900 1691 927 1713 et
944 1686 993 1714 tibi

211 1738 272 1757 cum
294 1729 420 1757 laudibus
436 1730 587 1757 acclamare
603 1736 610 1757 :
632 1729 705 1757 haud
720 1730 807 1763 magis
821 1739 897 1762 sane,
913 1739 994 1766 quam

213 1777 297 1803 nostri
310 1777 431 1811 ipsorum
447 1775 585 1810 deponere
599 1776 772 1804 memoriam.
790 1777 859 1803 Nam
871 1777 996 1811 quidquid

212 1823 274 1848 aliut
291 1829 434 1857 gesseram,
462 1821 588 1857 quidquid
615 1830 718 1857 gerant,
749 1822 776 1848 id
797 1830 873 1848 omne
901 1822 996 1849 dextra

211 1870 294 1903 [retur
325 1869 466 1904 aggredior
493 1873 551 1901 tua,
575 1873 605 1896 nt
635 1876 698 1895 cum
727 1867 864 1902 Sophocle
889 1868 996 1903 loquar.

214 1915 335 1948 «Αιαντι,
347 1915 403 1948 54.)
417 1915 456 1942 Ad
466 1914 592 1942 eumdem
603 1918 630 1941 ct
647 1919 674 1941 tu
691 1913 813 1946 modum,
824 1915 998 1948 temetipsum

214 1960 426 1994 haudquaquam
453 1959 591 1992 inliciari;
613 1966 741 1994 quanque
758 1958 920 1993 jampndem
940 1959 999 1994 pul-

213 2007 378 2034 cherrimam
392 2006 491 2041 agendi
509 2007 656 2037 rationem,
672 2013 726 2032 non
747 2010 842 2032 nostro
856 2005 998 2038 duntaxat,

214 2053 262 2080 sed
275 2053 397 2080 omnium
408 2051 488 2086 plane
501 2052 656 2079 mortalium
669 2052 752 2084 bono,
765 2052 849 2078 semel
859 2052 1000 2086 ingressus

213 2107 253 2130 es.
270 2098 380 2125 missam
408 2104 482 2124 nunc
507 2096 597 2124 facere
629 2097 741 2131 poteris.
770 2095 847 2123 Unus
867 2101 896 2124 tu
923 2097 997 2123 enim

216 2149 314 2179 prater
329 2149 453 2174 caeteros.
475 2143 534 2177 qui,
551 2146 581 2169 ut
602 2143 640 2170 ait
653 2143 863 2174 Demosthenes,
885 2143 920 2168 ad
931 2150 1002 2168 cont-

216 2197 320 2216 munem
342 2189 457 2222 fructum
481 2195 608 2221 usumque
633 2186 821 2221 rempublicam
839 2191 999 2218 tractarunt,

216 2233 344 2261 omnibus
369 2233 395 2259 in
422 2231 505 2258 rebus
528 2230 656 2263 excellis;
679 2237 750 2257 unus
777 2237 905 2262 magnum
927 2229 1001 2256 hunc

217 2281 386 2307 tribunatum
404 2283 493 2310 tuum,
508 2278 566 2304 sive
583 2276 752 2312 prytanicam
775 2275 882 2310 imperii
898 2283 998 2310 procu-
1013 2271 1038 2300 D

220 2327 368 2358 rationem,
386 2325 444 2352 sive
460 2331 516 2358 quo
540 2323 594 2350 alio
617 2322 756 2357 quispiam
780 2321 898 2356 appellet
919 2328 1002 2348 voca-

216 2373 293 2403 bulo,
306 2371 442 2406 quoddam
457 2370 534 2405 quasi
551 2370 690 2404 specimen
705 2368 826 2400 virtutis,
845 2368 1004 2395 honestissi-

217 2426 322 2452 nueqne
335 2418 419 2444 animi
437 2415 596 2442 ambitionis
614 2419 707 2446 ratus;
724 2421 777 2440 non
793 2412 863 2440 bene
878 2414 958 2440 modo
971 2414 1004 2441 de

218 2461 364 2490 universis.
381 2466 462 2494 atque
481 2459 556 2486 nullo
571 2465 625 2485 non
643 2462 765 2492 tempore
784 2460 909 2488 mereris,
929 2459 1005 2485 velut

217 2513 356 2534 certamen
372 2514 434 2533 eniti
458 2505 670 2532 necessitatibus
700 2503 918 2538 uniuscujusque
940 2512 1002 2532 sus-

218 2554 333 2587 cipiens.
353 2559 503 2586 onmesque
525 2552 552 2578 in
574 2559 607 2577 eo
625 2558 725 2577 nervos
743 2555 804 2577 tuos
821 2550 1002 2579 contendens.

219 2609 252 2627 ne
277 2601 339 2633 quis
368 2599 509 2626 hominum
537 2598 672 2629 omnium,
697 2605 863 2632 quocunque
893 2598 1003 2625 tandem

219 2645 309 2677 modo,
340 2654 367 2672 re
398 2645 526 2679 quapiam
555 2644 609 2670 ulla
636 2644 771 2678 privetur,
799 2651 894 2670 verum
920 2645 1003 2671 etiam

219 2693 320 2728 gmdio
337 2692 467 2724 exsultas,
482 2691 546 2718 dum
576 2690 741 2718 beneﬁcium
761 2690 860 2718 tribuis
879 2698 885 2716 τ
901 2696 929 2718 et
953 2692 1005 2719 hoc

221 2739 307 2766 multo
323 2739 435 2773 majore,
453 2745 534 2772 quant
556 2737 595 2764 illi
623 2736 674 2771 ipsi
698 2736 746 2770 qui
771 2737 927 2770 accipiunt;
949 2737 1004 2763 itno

220 2792 285 2812 vero
297 2790 352 2811 tum
365 2783 527 2811 beneﬁcium
542 2783 715 2816 temetipsum
726 2781 852 2816 accipere
864 2787 1002 2822 autumas,

220 2839 280 2858 cum
299 2830 358 2857 aliis
374 2831 429 2858 das.
449 2830 522 2857 Ilane
539 2829 631 2863 igitur,
650 2828 730 2859 hanc,
750 2827 872 2862 inquam,
889 2828 924 2854 ob
941 2836 1003 2854 eau-

1240 941 1277 968 E'.
1297 940 1339 973 Τῷ
1350 940 1469 976 μεγάλῳ
1483 939 1640 974 λοτοθιέτῃ.

1076 996 1160 1022 Οὐδὲν
1180 995 1223 1031 ἄρ’
1241 995 1318 1031 οἶμαι
1332 996 1435 1027 καινὸν,
1450 992 1472 1022 ὦ
1487 995 1575 1022 πάντα
1594 995 1630 1020 τὰ
1647 993 1778 1029 βέλτιστα
1797 991 1834 1019 σὺ

1040 1043 1087 1069 καὶ
1103 1042 1267 1077 βουλόμενος
1291 1043 1339 1069 καὶ
1366 1042 1517 1077 δυνάμενος
1546 1042 1593 1068 καὶ
1611 1041 1741 1076 πράττων
1757 1041 1835 1066 ἐτοξ-

1041 1097 1110 1124 μως,
1125 1089 1149 1114 ει
1163 1087 1210 1120 οὓς
1223 1086 1252 1115 εὖ
1268 1088 1396 1119 πολλάκις
1409 1087 1574 1121 πεποίηκας,
1593 1087 1705 1117 τούτους
1721 1086 1771 1113 καὶ
1787 1085 1838 1112 νῦν

1040 1131 1070 1160 εὖ
1087 1134 1224 1169 ποιήσαις.
1242 1135 1289 1161 καὶ
1304 1135 1384 1169 χάριν
1403 1134 1556 1169 παράσχοις
1576 1129 1616 1164 οἷς
1638 1132 1689 1159 οὐκ
1707 1132 1837 1166 ὀλιγάκις

1041 1181 1146 1213 ἔδωκας
1158 1190 1165 1197 ·
1183 1180 1251 1208 ἀλλὰ
1272 1181 1391 1217 μάλιστα
1410 1182 1459 1216 μὲν
1480 1181 1498 1208 ἃ
1514 1180 1688 1215 καοεκάστην
1700 1180 1750 1206 καὶ
1764 1179 1837 1215 προς

1042 1229 1145 1258 πάντας
1168 1228 1257 1254 ποιεῖν
1273 1227 1383 1259 εἴωθας,
1404 1227 1468 1258 τούς
1483 1235 1512 1253 τε
1535 1227 1690 1262 δεομένους,
1711 1226 1780 1257 τούς
1806 1235 1835 1251 τε

1045 1273 1092 1307 μὴ,
1105 1273 1166 1304 τοὺς
1185 1272 1245 1307 μὲν,
1263 1271 1306 1298 ῐνα
1324 1273 1360 1307 μὴ
1375 1272 1507 1307 δεηθεῖεν,
1523 1273 1585 1303 τοὺς
1609 1271 1632 1298 δ’
1647 1272 1689 1298 ὅτι
1709 1271 1838 1298 δέονταιο

1042 1318 1138 1344 ἔπειτα
1165 1319 1187 1344 δ’
1209 1318 1259 1354 ἠδη
1287 1319 1334 1344 καὶ
1352 1318 1439 1350 δόξεις
1467 1317 1562 1351 ὥσπερ
1596 1317 1777 1352 ἐπιψηφίζειν
1803 1317 1838 1342 τὰ

1044 1365 1174 1398 πρόσθεν,
1208 1365 1255 1391 καὶ
1278 1364 1335 1398 ἅμα
1365 1364 1503 1391 δεικνύναι
1530 1364 1568 1396 ὡς
1597 1363 1791 1399 μεγαλοψυχίᾳ
1813 1362 1838 1389 θ’

1043 1410 1110 1445 ἡμῖν
1129 1410 1231 1440 ἔδωκας
1259 1410 1331 1445 ἅπερ
1347 1410 1461 1443 ἔδωκας,
1485 1411 1531 1437 καὶ
1557 1410 1640 1437 τανῦν
1665 1409 1753 1436 ταυτὰ
1784 1417 1837 1435 πα-

1046 1455 1156 1491 ράσχοις
1173 1455 1229 1482 ἀπὸ
1240 1456 1288 1490 τῆς
1306 1455 1392 1490 αὐτῆς
1407 1455 1507 1491 ταύτης
1520 1455 1622 1486 αἰτίας.
1637 1455 1692 1482 Καὶ
1704 1454 1742 1486 ὡς
1768 1455 1838 1490 ἡμῖν

1044 1503 1093 1537 οὐχ
1110 1499 1165 1529 οἶόν
1179 1511 1209 1528 τε
1226 1502 1264 1537 μὴ
1279 1502 1383 1528 τούτων
1402 1501 1571 1537 μεμνῆσθαι,
1589 1502 1637 1528 καὶ
1647 1501 1729 1536 χάριν
1746 1501 1838 1536 ἴσχειν

1045 1548 1094 1574 καὶ
1121 1547 1186 1583 βοᾷν
1210 1547 1257 1579 ξὺν
1275 1547 1409 1580 ἐπαίνοις,
1437 1547 1468 1573 οὐ
1487 1546 1587 1582 μᾶλλον
1606 1547 1622 1582 ἢ
1640 1547 1722 1581 ἡμῶν
1743 1548 1839 1574 αὐτῶν

1008 1609 1029 1638 c
1048 1595 1086 1629 μὴ
1106 1592 1281 1628 μεμνῆσθαι·
1299 1593 1388 1619 πάντα
1415 1593 1470 1628 γὰρ
1489 1594 1523 1620 τά
1545 1592 1569 1619 τ’
1585 1591 1631 1620 οὖν
1645 1593 1744 1628 πάρος,
1763 1593 1802 1620 τά.
1815 1593 1839 1620 τ’

1046 1640 1184 1666 εὶσέπειτα
1212 1639 1245 1674 σῇ
1277 1638 1454 1674 κυϐερνῶμαι
1481 1639 1566 1674 χειρὶ,
1584 1639 1655 1666 κατὰ
1677 1640 1840 1675 Σοφοκλέα·

1046 1686 1084 1717 ὡς
1103 1686 1131 1712 δὲ
1157 1685 1205 1711 καὶ
1223 1685 1304 1716 αὐτὸς
1321 1686 1372 1712 οὐκ
1397 1685 1431 1711 ἇν
1448 1685 1522 1720 ἔχοις
1547 1686 1647 1713 σαυτὸν
1670 1685 1840 1722 ἀρνηθῆναι.

1047 1731 1094 1757 καὶ
1109 1730 1158 1766 τὴν
1174 1730 1294 1765 ὲξαρχῆς
1321 1730 1370 1765 οὐχ
1389 1731 1459 1766 ὑπὲρ
1487 1731 1566 1766 ἡμῶν
1583 1732 1674 1766 μόνον,
1696 1730 1770 1758 ἀλλὰ
1793 1731 1841 1758 καὶ

1049 1777 1158 1804 πάντων
1170 1777 1218 1803 ἀνθ
1224 1777 1323 1811 ρώπων
1334 1776 1484 1812 καλλίστην
1496 1777 1600 1812 ταύτην
1614 1777 1742 1804 ἔνστασιν
1755 1778 1841 1811 ὲγκα-

1047 1822 1186 1849 ταλιπεῖν·
1205 1822 1284 1856 μόνος
1300 1831 1330 1849 τε
1354 1822 1410 1858 γὰρ
1425 1823 1481 1849 τῶν
1504 1824 1545 1855 εἰς
1568 1825 1659 1850 κοινὸν
1672 1823 1841 1850 πολιτευσα-

1051 1866 1149 1901 μένων,
1165 1868 1230 1902 φησὶ
1247 1867 1436 1902 Δημοσθένης,
1455 1869 1511 1900 τοῖς
1535 1868 1605 1900 ὅλοις
1621 1868 1703 1900 αὐτὸς
1726 1869 1841 1904 ἄριστος

1049 1912 1097 1938 καὶ.
1118 1912 1209 1945 μόνος,
1236 1911 1332 1948 ὥσπερ
1349 1913 1461 1947 ἔνδειξιν
1478 1914 1590 1950 ἀρετῆς,
1602 1916 1650 1941 καὶ
1670 1915 1718 1941 τοῦ
1739 1916 1843 1949 φιλοτι-

1052 1959 1168 1992 μοτάτου
1193 1958 1242 1992 τῆς
1261 1959 1384 1994 γνώμης,
1407 1959 1458 1995 τὴν
1475 1960 1598 1995 μεγάλην
1613 1961 1728 1995 ταυτηνὶ
1750 1961 1841 1996 δημα-

1050 2004 1155 2038 γωγίαν
1171 2003 1187 2039 ἦ
1203 2005 1382 2039 πρυτανείαν,
1397 2005 1414 2040 ἢ
1431 2006 1444 2031 ὅ
1457 2014 1484 2032 τι
1497 2014 1540 2036 τις
1554 2006 1627 2039 λέγει
1644 2007 1778 2040 νομῐξων,
1794 2007 1841 2041 οὐχ

1050 2049 1111 2075 ὅσον
1131 2049 1256 2080 ἅπαντας
1277 2049 1306 2076 εὖ
1326 2051 1426 2083 ποιεῖς,
1444 2051 1498 2077 οὐδ’
1516 2051 1562 2077 ἐπὶ
1587 2052 1670 2077 παντὶ
1695 2051 1786 2086 δήπου
1803 2053 1840 2086 τῷ

1051 2095 1253 2130 χρόνῳ,ὦσπερ
1266 2096 1335 2130 πρὸς
1351 2098 1400 2128 τὰς
1411 2097 1532 2123 ἑκάστων
1543 2097 1733 2132 ἁμιλλώμενος
1747 2100 1841 2133 χρείας

1052 2141 1098 2166 καὶ
1122 2141 1285 2175 φιλονεικῶν
1310 2144 1411 2177 μηδένα
1432 2143 1487 2169 τῶν
1510 2144 1653 2175 ἁπάντων,
1683 2145 1751 2179 μηδὲ
1781 2145 1841 2171 καθ’

1051 2187 1244 2222 ὁντιναδήποτε
1258 2189 1359 2222 τρόπον
1374 2181 1485 2215 ὁτουοῦν
1505 2190 1671 2224 ἐστερῆσθαι
1684 2198 1691 2205 ·
1711 2190 1782 2216 ἀλλὰ
1796 2192 1841 2218 καὶ

1052 2234 1156 2269 χαίρεις
1174 2233 1204 2260 εὖ
1218 2235 1303 2261 ποιῶν
1318 2235 1385 2261 πολὺ
1399 2235 1524 2270 μᾶλλονῆ
1542 2236 1565 2262 οἱ
1582 2236 1735 2270 πάσχοντες
1747 2237 1839 2263 αὖτιιί·

1053 2280 1151 2315 μᾶλλον
1165 2279 1194 2305 δὲ
1216 2280 1263 2305 καὶ
1288 2280 1368 2315 χάριν
1390 2280 1470 2312 αὐτὸς
1497 2281 1548 2306 olet
1565 2280 1725 2315 λαμῦἀνειν,
1755 2282 1837 2316 χάριν

1052 2327 1155 2361 ἑτέροις
1173 2325 1276 2358 διδούς·
1294 2326 1372 2353 ταῦτ’
1398 2326 1452 2361 ἄρα
1466 2327 1553 2353 ταῦτα
1575 2328 1622 2353 καὶ
1645 2327 1756 2362 νύκτωρ
1773 2328 1836 2354 ἐπα-

1053 2373 1196 2408 γρυπνεῑς,
1214 2373 1262 2399 καὶ
1291 2373 1351 2407 μεθ’
1369 2373 1477 2408 ἡμέραν
1507 2373 1670 2408 φροντίζεις,
1689 2373 1761 2408 ὑπὲρ
1794 2374 1838 2400 το]

1054 2419 1143 2446 κοινοῦ
1172 2420 1348 2454 γιγνομένου,
1380 2419 1489 2454 βουλαῖς
1514 2420 1581 2454 ἔργα
1605 2420 1779 2454 προστιθείς·
1798 2422 1841 2446 καὶ

1056 2466 1144 2492 πάντα
1162 2466 1242 2491 πόνον
1260 2466 1354 2500 φέρεις
1371 2466 1473 2500 ὴδέω;·
1496 2466 1538 2500 ἐφ’
1554 2463 1576 2500 ᾦ
1591 2468 1646 2497 τοῖς
1660 2467 1752 2498 ἄλλοις
1766 2467 1840 2492 ἔσται

1055 2512 1152 2547 βελτίω
1182 2512 1215 2538 τὰ
1242 2513 1408 2546 πράγματα,
1431 2514 1477 2538 καὶ
1506 2514 1558 2543 πᾶς
1578 2521 1620 2543 τις
1645 2512 1771 2544 τεύξεται
1791 2513 1841 2538 τάν

1054 2558 1176 2585 δικαίων.
1193 2558 1275 2584 Ὥστε
1289 2559 1334 2585 καὶ
1348 2559 1372 2585 εἰ
1389 2559 1473 2594 μηδὲν
1485 2559 1589 2585 πώποτ
1607 2561 1680 2594 ἡμᾶς
1694 2560 1723 2586 εὖ
1740 2561 1841 2594 ποήσας

1055 2602 1211 2637 ἐτύγχανες,
1232 2603 1292 2636 μήδ’
1311 2602 1470 2637 ἡστινοσοῦν
1505 2603 1623 2635 ἀξιώσας
1651 2606 1793 2638 προνοίας,
1816 2604 1841 2634 ἐξ

1056 2649 1110 2682 ἄρα
1123 2649 1205 2682 μόνον
1221 2649 1269 2674 τοῦ
1289 2650 1356 2675 πᾶσι
1376 2651 1478 2681 παντὸς
1488 2650 1571 2676 καλοῦ
1592 2653 1755 2685 πρυταιείον
1768 2654 1840 2685 παρὰ

1057 2694 1137 2720 πάντ’
1151 2691 1220 2719 εἶναι
1234 2703 1263 2719 σε
1279 2696 1324 2720 τὸν
1345 2695 1452 2730 χρόνον,
1471 2695 1544 2727 εἰκὸς
1558 2695 1590 2721 ἂν
1607 2693 1640 2730 ἦν
1661 2696 1758 2730 δήπου,
1775 2696 1840 2731 μᾶλ-

1057 2738 1101 2764 λον
1118 2738 1146 2765 δὲ
1166 2739 1240 2764 πᾶσα
1269 2739 1386 2774 ἀνάγκη,
1406 2740 1461 2766 τῶν
1484 2740 1536 2766 ὑπὸ
1551 2740 1599 2767 σοῦ
1626 2742 1840 2776 κεκοσμημένων

1057 2786 1104 2811 καὶ
1134 2784 1208 2820 ἡμᾶς
1233 2786 1417 2819 γεγενῆσθαι·
1435 2786 1473 2816 ὡς
1498 2786 1541 2818 ἂν,
1567 2787 1604 2822 μὴ
1631 2788 1684 2813 τῶν
1702 2788 1789 2815 αλλων
1813 2787 1839 2813 εὖ

1058 2831 1172 2864 πάπχειν
1188 2830 1333 2865 λεγόντων,
1351 2833 1429 2866 μόνοι
1446 2832 1500 2858 τῶν
1519 2832 1646 2860 ἁπάντων
1663 2833 1679 2868 ἢ
1711 2834 1838 2869 σιγῶμεν,
