1878 3060
82 121 119 152 ιιι

766 111 971 142 EPISTOLE.

1624 110 1677 142 422

82 176 245 213 ἣψευδώμεηα
255 184 262 191 ³
277 175 306 201 οὗ
324 174 377 209 γὰρ
392 174 476 200 ἔνεστ’
490 173 578 203 ἄλλως
590 171 823 208 παρρησιάζεσθαι

934 177 958 199 η,
972 173 999 196 et
1016 172 1110 195 noctes
1141 168 1279 194 insomnes
1300 166 1395 199 ducis,
1416 171 1442 194 ct
1468 166 1526 194 dies
1551 171 1623 194 totos
1642 168 1675 195 de

83 225 170 251 πάντων
183 223 286 248 εἰδότων
303 222 351 255 τὴν
373 221 421 255 σὴν
436 220 535 252 δεξιάν.
554 220 617 245 Ὅτε
633 218 655 244 δ’
677 219 705 245 ὲν
730 217 838 248 πολλοῖς

82 270 188 299 πολλάκις
201 269 247 302 τῆς
261 268 309 301 σῆς
332 266 422 301 χειρός
444 274 473 291 τε
496 267 544 292 καὶ
566 265 679 300 γνώμης
703 265 751 291 καὶ
776 263 838 298 μάλ’

81 315 270 344 ἀπολελαυκότες
295 314 387 347 ἡμεῖς,
416 312 464 338 καὶ
484 311 539 337 οὔτ’
566 312 645 343 αὐτὸς
668 310 837 344 ἐπιλέλησαι,

82 362 132 396 ἡμῖν
145 360 247 386 θὀὖτω
270 359 303 385 δι’
333 359 458 392 εὐφήμου
487 358 564 384 ταῦτ’
592 357 688 391 ἄγεται
717 358 838 391 μνήμης,

82 406 132 432 ὦσεν
145 407 182 432 ὅτι
212 406 248 440 μὴ
261 406 308 431 καὶ
327 405 381 431 τῶν
402 405 470 439 Ὀμή
478 413 524 439 ρου
540 403 682 437 στομάτων
705 402 839 437 εὐποροῦ-

83 461 129 487 μεν,
143 452 283 486 ἁλγοῦμεν,
301 451 412 484 εὔδηλον
423 451 459 482 ὡς
477 450 528 477 κὰν
546 450 586 486 τῷ
599 451 715 484 παρόντι
731 449 840 483 μιμήσῃ

83 498 162 524 σαυτὸν
176 518 182 529 ,
219 497 266 522 καὶ
299 498 356 528 τοῖς
379 497 470 527 αὐτοῖς
500 496 589 531 χρήσῃ
610 496 677 530 πρὸς
696 495 840 529 ἄνθρωπον

82 544 188 575 πολλάκις
214 543 262 578 μὲν
290 544 319 569 ὲν
344 543 400 573 τοῖς
427 543 484 573 σοῖς
511 541 670 574 Ὀλυμπίοις
700 539 840 575 κραταιῶς

80 589 204 620 ἀποδύντα,
217 590 261 614 καὶ
270 589 316 614 διὸ.
326 588 433 614 πάντων
442 586 664 620 ἐστεφανωμένον
675 585 730 611 τῶν
740 584 839 616 ἄθλων,

80 636 188 667 πιλλάκις
201 635 222 661 δ’
236 635 308 670 ὑπὲρ
325 634 372 660 σοῦ
391 634 438 660 καὶ
449 633 502 659 τῶν
520 633 575 658 σῶν
592 633 687 666 χεῖρας
701 631 742 662 είς
759 631 842 665 οὐρα-

79 683 127 713 νοὺς
139 683 238 717 ἄραντα
250 700 259 712 ,
277 681 379 715 μᾶλλον
394 679 417 707 δ’
435 680 538 714 αῐροντ⁹
559 678 624 712 αἰεὶ,
641 679 688 705 καὶ
715 677 842 712 συνευχό-

80 736 144 762 μενον
160 728 234 754 πάντ’
262 727 368 753 ἐκεῖθεν
382 726 417 753 τά
435 726 462 759 γ’
478 725 587 760 ἄριστα.
612 724 790 760 Συναίρονται
812 723 841 749 δέ

80 781 115 807 μοι
127 774 232 801 τουτωνὶ
248 773 305 799 τῶν
324 772 411 807 εὐχῶν
422 772 508 798 πᾶσαι
524 771 574 803 μὲν
591 770 693 801 πόλεις,
710 770 810 800 πάντες
819 768 842 795 δ’

79 821 208 855 ἂνθρωποι.
222 821 295 847 nam
313 820 367 854 γὰρ
382 820 414 854 δὴ
429 819 483 845 τῶν
496 818 551 845 σῶν
569 817 656 852 μέλει,
670 817 718 842 καὶ
731 816 841 842 πάντων

79 875 102 899 γε
114 866 165 893 σοί·
187 868 227 893 σοὶ
252 867 304 901 μὲν
320 866 393 897 ὅπως
414 865 444 892 εὖ
470 865 628 900 πράττοιεν,
645 863 700 894 τοῖς
721 862 744 889 δ’
767 861 841 892 ὅπως

78 914 100 944 ἐς
117 914 236 948 μήκιστον
251 913 316 939 ὅσον
338 912 502 948 ὲρῥωμένως
520 911 621 946 βιῴης⁹
645 909 717 935 οὕτω
733 908 786 942 γὰρ
808 907 841 934 ἂν

78 958 115 984 καὶ
130 958 160 985 τὰ
173 959 282 993 σφέτερ’
299 959 389 985 αὐτῶν
404 958 443 989 ὡς
459 957 589 984 κάλλιστα
604 957 685 991 ἔχειν,
700 954 738 986 ὡς
750 956 779 980 τὸ
791 953 841 988 μὲν

77 1002 112 1028 διὰ
124 1002 209 1033 τέλους
225 1002 369 1038 ἐρρῶσθαι
385 1003 427 1027 σοὶ
449 1001 521 1036 μάλα
542 1000 692 1035 προσῆκον,
707 999 798 1028 αὐτοῖς
813 997 842 1023 δὲ

76 1046 115 1080 τὴν
130 1046 228 1081 ἀγαθὴν
241 1047 343 1081 τύχην,
356 1047 407 1073 οὐκ
421 1046 553 1076 avsum;
569 1045 662 1072 οὖσαν.
679 1041 752 1070 Εἶεν.
761 1043 842 1069 Ἀλλὰ

76 1093 119 1126 γὰρ
135 1094 171 1119 ὅτι
186 1094 233 1128 μὲν
246 1093 317 1128 ἡμῖν
348 1094 423 1119 ἐσαεὶ
441 1092 580 1126 πρόθυμος
595 1091 655 1126 ἔσῃ,
677 1090 723 1116 καὶ
733 1090 767 1116 τὰ
783 1089 842 1123 βέλ-

77 1138 132 1164 τισθ’
143 1139 252 1174 αἱρήσῃ,
269 1139 321 1165 καὶ
342 1138 426 1172 τιμῆς
442 1138 580 1169 ἀξιώσεις,
601 1137 648 1163 καὶ
667 1138 755 1163 πάντα
769 1135 841 1170 πρά-

76 1184 119 1215 ξεις
134 1185 213 1219 ἡδέως
226 1185 244 1212 ἃ
261 1193 293 1211 τε
309 1184 399 1217 ἔξεστι
418 1185 466 1211 καὶ
482 1184 573 1210 δίδωσι
590 1183 622 1210 τὸ
640 1183 734 1219 χρείας
747 1182 842 1215 ἑστὼς,

76 1231 113 1256 xa‘t
123 1232 188 1265 μάλα
202 1231 342 1266 λαμπρῶς
354 1229 424 1263 οἶδα,
439 1231 493 1257 τῶν
516 1239 546 1256 τε
563 1230 651 1257 ἄλλων
671 1230 773 1261 εἵνεκα,
794 1229 842 1255 καὶ

74 1277 106 1302 ὃτι
126 1278 236 1312 πρόσθεν
266 1278 346 1304 κάτω
359 1277 412 1312 γῆς
427 1273 498 1303 εῐσιν
518 1276 617 1310 ἄστρα,
635 1275 671 1309 γῆ
697 1274 721 1300 τ’
739 1275 843 1302 ἄνείσιν

75 1322 106 1353 είς
117 1323 218 1358 αωὲρα,
237 1324 309 1358 φησι
321 1323 448 1358 ποιητὴς,
464 1323 530 1357 πρὶν
546 1322 584 1357 μὴ
598 1321 674 1355 παρὰ
690 1320 736 1347 σοῦ
749 1321 842 1355 τυχεῖν

74 1362 103 1392 ὧν
114 1367 141 1392 ἄν
151 1376 190 1399 τις
201 1368 309 1402 δέηται,
325 1367 353 1399 ὃς
367 1375 399 1401 γε
415 1368 462 1394 καὶ
477 1367 561 1402 μηδὲν
578 1366 696 1401 δεηθεῖσι
712 1366 843 1396 πολλάκις

75 1411 179 1446 ἔδωκας,
206 1415 255 1440 καὶ
290 1413 437 1448 δεηθέντας
468 1413 599 1448 μειζόνων
627 1413 765 1447 ἠξίωσαςμ
787 1412 843 1438 Καὶ

73 1458 131 1484 τοῦθ’
155 1459 191 1490 ὡς
214 1459 328 1494 ἀληθῶς
346 1467 386 1485 σοι
411 1459 562 1495 πρόσρημα
579 1459 647 1485 πολὺ
671 1459 779 1486 κάλλιον
795 1457 844 1485 καὶ

891 215 979 241 salute
993 214 1152 248 reipuliiicrc
1165 219 1254 240 tecum
1270 213 1477 244 conuuentaris,
1493 213 1575 240 simul
1600 214 1676 241 curis

891 261 1068 294 consiliisque
1082 260 1136 286 tuis
1145 267 1227 294 opera
1240 259 1402 294 adjungcns,
1415 266 1580 294 omnemque
1589 259 1678 286 liben-

891 311 932 334 ter
948 305 1199 341 perferslaborem,
1213 313 1268 340 quo
1283 305 1444 332 meliusoule
1465 313 1509 332 res
1530 306 1592 333 aliis
1613 314 1677 341 pro-

889 353 998 383 cedant,
1015 357 1042 379 et
1062 351 1232 386 quisquejus
1251 359 1328 378 suum
1345 357 1540 386 consequatur.
1557 354 1632 380 Adeo
1647 358 1678 380 ut

890 398 914 424 si
931 398 973 424 vel
989 397 1092 424 nullum
1105 405 1226 431 unquam
1242 398 1389 432 separatim
1405 397 1432 424 in
1449 405 1498 425 nos
1511 399 1677 426 contulisses

892 442 1068 474 beneﬁcium,
1085 450 1174 477 neque
1194 442 1248 469 ulla
1270 443 1350 478 plane
1365 451 1429 469 cura
1449 443 1676 479 pr0videntiaque

891 494 938 516 tua
952 489 1080 524 dignatus
1095 489 1205 520 fuisses,
1223 488 1265 515 vel
1285 488 1337 516 hoc
1356 489 1415 516 solo
1437 494 1527 516 tamen
1553 490 1674 518 nomine.

891 535 963 569 quod
973 535 1048 562 omni
1061 539 1195 569 tempore,
1208 534 1272 561 boni
1282 535 1384 564 omnis.
1397 535 1538 570 publicum
1548 535 1676 564 omnibus

891 581 1019 607 aerarium
1039 588 1080 612 es,
1097 588 1204 615 aequum
1231 580 1369 613 videlicat,
1396 582 1454 608 sive
1477 582 1567 615 potius
1595 582 1676 616 plane

891 626 1078 653 necessarium
1098 625 1197 657 fuerat,
1215 630 1244 653 ut
1259 625 1292 653 de
1308 626 1341 653 iis
1353 627 1399 661 qui
1413 626 1462 653 abs
1479 631 1505 653 te
1522 626 1607 662 adjuti
1629 631 1678 653 or-‘

891 673 1004 707 natique
1020 672 1139 700 fuissent
1152 692 1159 704 ,
1181 680 1232 700 nos
1255 673 1339 700 etiam
1354 680 1499 700 essemus:
1523 679 1557 699 ne
1573 672 1678 700 scilicet

891 717 956 746 du'm
985 724 1031 746 tua
1057 727 1121 754 erga
1143 727 1204 746 sese
1226 719 1272 746 alii
1288 723 1506 746 commemorant
1533 718 1678 750 beneﬁcia,

892 766 944 793 soli
960 765 1033 793 inter
1052 772 1150 792 omnes
1164 772 1214 792 nos
1241 770 1289 792 aut
1304 765 1536 797 obmutescamus,
1555 769 1602 791 aut
1614 765 1679 792 falsa

892 816 919 840 et
933 812 1048 839 conﬁcta
1061 811 1216 839 aﬁ‘eramus.
1237 810 1332 845 Neque
1346 811 1420 838 enim
1442 812 1522 839 aliter
1545 811 1635 846 palam
1651 815 1679 838 et

892 864 986 894 aperte
1002 858 1055 886 hoc
1072 858 1152 885 nobis
1166 858 1290 893 proﬁteri
1312 859 1449 893 integrum
1461 879 1469 891 ,
1491 858 1601 893 quando
1616 866 1679 893 per-

892 903 1063 939 spectissima
1076 903 1204 931 omnibus
1227 904 1324 930 dextra
1348 903 1470 938 ﬁdesque
1491 908 1535 930 tua
1555 907 1608 931 est.
1628 903 1681 931 Ve-

892 958 953 978 rum
978 951 1051 978 enim
1079 958 1144 978 vero
1164 957 1226 978 cum
1258 957 1448 985 smpenumero
1473 949 1623 984 multisque
1650 951 1678 976 in

893 997 994 1028 rebus,
1010 1004 1107 1024 manus
1129 996 1286 1030 mentisque
1311 1001 1364 1023 tuae
1386 996 1535 1023 maximum
1562 996 1680 1023 antehac

893 1042 1012 1069 fructum
1031 1044 1164 1077 cepimus,
1197 1041 1269 1076 quod
1299 1048 1390 1075 neque
1417 1041 1465 1068 tibi
1494 1041 1545 1076 ipsi
1566 1041 1680 1071 excidit.

894 1087 973 1114 nobis
990 1095 1055 1114 vero
1072 1095 1159 1122 usque
1173 1089 1241 1114 adeo
1263 1087 1408 1122 magniﬁce
1428 1087 1486 1114 haec
1511 1095 1681 1114 commemo-

893 1137 991 1159 rantur
1006 1132 1247 1167 celebranturque,
1263 1137 1293 1159 ut
1303 1140 1335 1160 ex
1348 1133 1440 1160 animo
1451 1133 1602 1164 doleamus.
1610 1132 1681 1159 dena

894 1181 939 1207 illa
955 1187 1003 1207 ora
1020 1180 1164 1207 Homerica
1182 1180 1246 1214 (Ιλ.
1269 1179 1308 1211 B',
1329 1179 1390 1215 189)
1405 1179 1486 1207 nobis
1499 1188 1554 1207 non
1581 1187 1679 1214 suppe-

895 1231 964 1254 tere.
980 1226 1049 1253 Hinc
1071 1230 1147 1260 patet
1178 1233 1259 1259 sane,
1275 1226 1358 1253 etiam
1376 1225 1434 1253 'hoc
1456 1230 1579 1260 tempore
1600 1226 1639 1252 tui
1655 1230 1682 1252 te

894 1271 981 1306 ipsius
1000 1271 1166 1298 imitatorem
1184 1272 1259 1304 fore,
1277 1271 1429 1306 eademque
1451 1279 1516 1306 erga
1540 1271 1679 1299 hominem

894 1325 1008 1344 usurum
1027 1318 1230 1349 benevolentia,
1248 1318 1294 1352 qui
1311 1318 1367 1345 tuis
1387 1318 1485 1352 salpius
1497 1318 1524 1344 in
1537 1317 1681 1353 Olympiis,

894 1363 968 1390 omni
985 1363 1084 1390 virium
1100 1364 1226 1395 conuisu,
1254 1369 1329 1390 veste
1353 1363 1441 1398 posita
1462 1363 1628 1396 decertarit,
1647 1363 1681 1390 de

895 1408 1078 1442 omnibusque
1098 1408 1297 1435 certaminibus
1318 1415 1421 1435 corona
1443 1408 1562 1436 donatus
1576 1409 1676 1440 fuerit;

895 1455 941 1489 qui
955 1454 1115 1489 frequenter
1128 1455 1192 1482 item
1209 1458 1255 1481 tua
1273 1459 1438 1490 tuorumque
1449 1456 1546 1489 gratia,
1557 1455 1680 1490 geminas

74 1503 227 1536 σεμνότερον,
239 1504 281 1535 ὡς
297 1499 413 1537 ἐγῷμαι,
429 1503 529 1535 παντὸς
541 1504 574 1530 ἂν
588 1504 651 1530 ὅτου
667 1503 713 1530 καὶ
726 1503 815 1538 φήσαι(

947 1502 1047 1529 caelum
1061 1501 1163 1536 palmas
1178 1501 1318 1531 extulerit,
1337 1501 1394 1528 sive
1408 1501 1521 1534 rectius,
1546 1505 1677 1535 perpetire

72 1547 163 1575 δέδοικα
181 1550 290 1583 μέντοι,
306 1550 423 1580 δέδοικα.
445 1550 493 1576 καὶ
514 1550 578 1579 ἴσως
596 1550 700 1581 εἰκότος
715 1549 766 1575 οὐκ
781 1548 843 1581 ἔξω,

73 1595 103 1627 μὴ
120 1595 235 1628 μεγάλας
252 1595 387 1630 πεφυκὼς
412 1596 512 1623 διδόναι
535 1596 661 1631 χάριτας.
687 1595 782 1622 ἔπειτα
796 1596 845 1630 τὴν

73 1641 120 1666 νυνὶ
131 1642 229 1677 ταύτην
243 1642 369 1678 σμικράν
382 1651 413 1669 τε
427 1643 475 1669 καὶ
502 1642 646 1678 παραπολὺ
661 1642 711 1677 τῆς
724 1642 773 1677 σῆς
794 1650 845 1676 με·

73 1685 221 1722 γιλοψυχίας
236 1688 368 1722 νομίσας,
383 1688 399 1723 ἢ
415 1688 545 1721 καθάπαξ
558 1688 589 1714 οὺ
603 1688 666 1722 δῷς,
680 1687 697 1723 ἢ
713 1685 781 1722 ἐμοῦ
796 1695 845 1713 κα-

72 1731 174 1766 ταγνῷς,
191 1730 228 1762 ὡς
245 1733 279 1759 οὐ
297 1733 363 1767 περὶ
381 1733 429 1760 σοῦ
449 1734 482 1760 τὰ
500 1734 673 1767 προσήκοντα
687 1732 845 1766 διανοουμέ-

72 1783 118 1802 νου.
134 1777 162 1804 Εἰ
172 1778 200 1804 δὲ
218 1778 268 1805 καὶ
285 1778 362 1805 ταῦτ’
377 1776 455 1806 οἶσθα
466 1779 578 1812 διδόναι,
596 1780 644 1806 καὶ
656 1779 740 1805 πᾶσιν
752 1778 845 1810 ἁπλῶς

71 1820 201 1857 ἐγχειρεῖν,
216 1825 266 1850 καὶ
281 1825 295 1850 ὁ
312 1824 468 1856 καλλίνικος
483 1826 549 1859 ἡμῖν
565 1824 702 1860 Ἡρακλῆς
718 1825 846 1860 πάρεργα

70 1868 115 1893 τιῖιν
136 1869 276 1903 μεγίστων
305 1870 395 1897 ἄθλων
414 1871 488 1897 ἔστιν
504 1870 522 1897 ἃ
550 1870 763 1905 κατεργάζεται,
780 1870 847 1906 θαῤ-

70 1913 119 1946 ῤ.ῖν
136 1914 183 1942 δεῖ.
208 1915 324 1943 Μᾶλλον
347 1916 376 1942 δὲ
400 1915 424 1942 ει
446 1915 541 1947 δώσεις
565 1915 694 1950 ἑτοίμως,
718 1916 792 1951 ἡμᾶς
816 1924 846 1942 τε

69 1958 154 1992 δείξεις
169 1962 200 1988 οὐ
215 1962 311 1994 καλῶς
324 1962 475 1996 οἰομένους,
494 1962 592 1989 σαυτὸν
602 1963 630 1988 δὲ
645 1962 704 1994 πῶς
719 1963 770 1989 οῐει
783 1971 848 1989 κοσ-

71 2004 165 2037 μήσεις,
179 2005 210 2032 οὺ
227 2006 312 2040 μόνον
327 2005 365 2040 τῷ
381 2006 487 2040 μεγάλα
500 2006 547 2033 καὶ
560 2006 704 2040 θαυμαστὰ
715 2006 847 2040 πράττειν

70 2048 196 2083 δύνασθαι,
209 2053 260 2078 καὶ
274 2051 414 2087 στεφάνων
428 2052 473 2078 καὶ
491 2052 676 2088 κηρυγμάτων
688 2052 761 2085 ἄξια,
779 2052 848 2078 ἀλλὰ

69 2096 107 2120 ni.
120 2097 155 2130 τῷ
172 2098 307 2132 σμικροῖς
320 2097 420 2124 εἰδέναι
435 2097 540 2134 ¹διδόναι
557 2098 627 2124 κατὰ
643 2098 738 2132 καιρὸν
759 2098 847 2124 ἐπιει-

69 2143 134 2173 κείας
145 2144 286 2178 ὑπερϐολῇ
300 2151 306 2157 ·
325 2144 348 2169 εἰ
366 2142 403 2178 μὴ
420 2144 466 2170 καὶ
480 2145 557 2170 τοῦτο
568 2143 670 2179 τρόπον
687 2144 792 2179 ἕτερον,
809 2145 847 2176 ὡς

898 1547 1012 1575 extollat
1023 1568 1029 1578 ,
1045 1551 1128 1582 atque
1147 1547 1249 1582 optima
1264 1547 1329 1575 inde
1344 1547 1434 1575 omnia
1449 1547 1521 1574 votis
1535 1548 1593 1575 suis
1608 1547 1684 1575 eilia-

897 1595 973 1629 gitet.
996 1593 1101 1626 Quibus
1122 1593 1308 1627 suscipiendis
1328 1594 1595 1630 nuncupandisque,
1617 1603 1683 1624 suas

897 1646 1004 1666 meeum
1026 1646 1136 1674 operas,
1159 1647 1221 1666 cum
1240 1640 1322 1668 urbes
1340 1647 1436 1668 omnes
1448 1661 1455 1673 ,
1472 1646 1529 1668 tum
1551 1642 1682 1671 mortales

895 1685 978 1712 etiam
992 1692 1088 1712 omnes
1103 1685 1232 1721 jungunt.
1251 1686 1291 1713 Ita
1304 1687 1378 1714 enim
1397 1694 1471 1714 curm
1492 1688 1620 1715 omnibus
1635 1693 1682 1716 tua

896 1735 971 1762 sunt,
992 1736 1023 1758 ut
1040 1731 1089 1758 tibi
1104 1732 1227 1759 omnium
1243 1739 1309 1760 cura
1323 1737 1381 1766 est;
1400 1733 1448 1761 tibi
1463 1734 1605 1767 nimirum,
1628 1742 1683 1770 quo

896 1777 936 1805 illi
948 1785 1080 1812 prospera
1102 1783 1129 1805 ct
1151 1778 1266 1806 ﬂorente
1283 1779 1392 1806 fortuna
1415 1780 1480 1812 sint,
1495 1780 1551 1808 illis
1566 1788 1632 1808 vero
1652 1787 1683 1808 ut

897 1827 926 1851 tu
938 1831 1019 1858 quam
1035 1824 1225 1859 longissimum
1241 1826 1291 1852 aevi
1310 1825 1429 1860 spatium
1446 1825 1540 1854 salvus
1552 1831 1580 1854 et
1605 1826 1683 1854 inco-

895 1870 978 1898 lumis
993 1871 1139 1904 conficias;
1157 1871 1194 1898 ita
1212 1872 1286 1898 enim
1308 1879 1372 1898 suas
1393 1871 1477 1899 etiam
1493 1872 1555 1900 loco
1577 1873 1682 1906 optimo

898 1922 943 1942 res
958 1915 1077 1942 futuras.
1095 1916 1231 1949 Quoniam
1245 1921 1273 1943 et
1288 1921 1314 1943 te
1329 1917 1451 1943 secundo
1472 1917 1534 1944 vitre
1549 1917 1682 1944 valetudi-

897 1961 996 1995 nisque
1017 1969 1100 1988 cursu
1124 1967 1256 1996 perpetuo
1277 1961 1386 1994 ﬂorere,
1405 1962 1485 1996 plane
1510 1963 1625 1990 deceat:
1655 1968 1684 1991 et

899 2007 965 2042 ipsis
979 2007 1053 2034 haud
1068 2009 1148 2034 aliter
1166 2007 1315 2035 fortunatis
1336 2008 1516 2043 felicibusque
1534 2016 1595 2036 esse
1620 2016 1685 2037 eon-

900 2056 995 2091 tingat.
1011 2055 1064 2082 Sed
1084 2054 1140 2081 sint
1154 2054 1206 2081 ista
1219 2061 1296 2081 sane.
1311 2054 1349 2081 Te
1364 2062 1428 2082 vero
1444 2055 1533 2090 ipsum
1550 2055 1683 2090 singulari

899 2109 1008 2136 semper
1023 2108 1088 2135 erga
1113 2108 1157 2128 me
1173 2094 1313 2127 voluntate
1333 2101 1409 2132 fore,
1426 2101 1550 2135 meisque
1565 2101 1684 2130 fortunis

899 2155 932 2174 ac
946 2147 1109 2179 commodis,
1124 2154 1190 2173 mea:
1205 2146 1344 2181 dignitati,
1363 2152 1459 2182 sponte
1479 2151 1524 2174 tua
1542 2149 1685 2176 consultu-

67 2186 143 2221 ἔγωγε
167 2188 260 2223 οἶμαι,
290 2190 478 2225 μεγαλοψυχίᾳ
508 2199 550 2222 τις
576 2190 702 2224 λογιοίτο,
720 2192 750 2217 τὸ
776 2200 808 2226 μτ

945 2201 973 2224 ιι,
989 2200 1076 2227 eaque
1091 2193 1184 2219 omnia
1199 2192 1319 2220 libenter
1330 2198 1468 2225 acturum,
1493 2201 1554 2227 quae
1580 2195 1684 2228 poteris

68 2234 114 2258 τῶν
129 2236 199 2261 πάνυ
217 2235 375 2262 δοκούντων
398 2236 547 2271 ἐλαχίστων
573 2237 722 2273 ὑπερορᾷν.
742 2238 803 2264 ’Ότι
818 2237 846 2263 δὲ

65 2280 155 2307 τοιαῦτ’
168 2282 248 2308 ἔστιν
268 2282 285 2308 ἃ
312 2282 358 2308 νῦν
377 2283 593 2317 ὲπαγγέλλομεν,
621 2284 670 2310 καὶ
692 2285 722 2309 οὺ
742 2284 776 2310 σὰ
793 2282 848 2310 οὐδ’

66 2321 98 2351 ὧν
110 2327 240 2354 ἑκάστοτε
259 2328 391 2362 πράττεις
403 2349 410 2361 ,
435 2328 503 2356 ἀλλὰ
519 2329 564 2355 καὶ
590 2329 765 2356 παντάπασιν
781 2330 849 2356 ἁπε-

65 2373 194 2408 ληλάμενα
212 2374 266 2408 τῆς
280 2373 401 2408 μεγάλης
424 2375 538 2409 ταυτησὶ
553 2375 671 2410 στροῳῆς
687 2375 740 2401 τῶν
758 2383 848 2410 πραγ-

67 2419 161 2452 μάτων,
177 2420 264 2454 δῆλον
276 2419 308 2445 ἐκ
324 2428 354 2446 τε
374 2416 411 2447 ὧν
426 2421 489 2454 περὶ
503 2421 595 2452 αὐτοῖς
611 2420 716 2452 τούτοις
728 2421 847 2455 δέδιμεν,

66 2464 91 2489 ἐκ
106 2473 133 2491 τε
150 2463 188 2492 ὧν
201 2466 417 2500 παραιτούμεθα
428 2486 436 2498 ,
455 2466 485 2493 τὸ
499 2467 559 2501 μὲν,
575 2468 612 2502 μὴ
629 2467 683 2501 ἄρα
697 2468 727 2494 οὺ
740 2467 848 2499 δώσεις,

65 2511 159 2542 εἰωθὼς
172 2512 284 2547 μεγάλα
301 2512 482 2546 χαρίζεσθαι,
495 2515 523 2539 τὸ
542 2512 565 2539 δ’
576 2513 614 2543 ὼς
632 2513 721 2544 καλῶς
735 2513 791 2548 ἔχει
808 2513 849 2539 σοὶ

66 2558 108 2589 μὲν
120 2558 225 2589 δοῦναι,
243 2559 310 2592 ἡμῖν
326 2558 354 2584 δὲ
372 2558 475 2585 λαϐεῖν.
495 2558 566 2593 Ἐγώ
579 2567 607 2585 τε
620 2559 674 2593 γὰρ
686 2559 704 2586 ἃ.
718 2559 848 2593 βούλομαι

64 2602 188 2639 λήψομαι,
210 2604 245 2631 σύ
262 2604 285 2630 τ’
301 2605 505 2640 ἐπιεικέστερος
523 2605 609 2636 δόξεις
624 2606 671 2632 καὶ
687 2605 798 2638 σαυτοῦ,
810 2605 849 2640 τῷ

64 2651 104 2676 καὶ
128 2649 288 2686 τηλικοῖσδε
305 2650 467 2685 κεχρῆσθαι.
493 2650 538 2677 Ἐν
562 2652 617 2686 γὰρ
639 2652 672 2686 τῇ
696 2651 758 2678 καθ’
775 2652 849 2686 ἡμᾶς

65 2695 118 2732 ἱερᾷ
130 2698 195 2733 τῇδε
222 2697 273 2724 καὶ
296 2696 439 2732 Θαυμαστῇ
457 2697 589 2732 ξυνοικία,
608 2697 638 2724 οὗ
665 2698 711 2724 καὶ
740 2698 790 2729 τὰς
816 2698 849 2723 ἐκ

64 2742 190 2776 βασιλέως
221 2744 327 2778 τροφὰς
361 2743 469 2778 ἔχομεν,
495 2744 634 2778 οἰκήματά.
663 2745 738 2770 ἐστιν
769 2744 847 2775 ἄττα,

63 2790 188 2817 κάλλιστα
207 2789 261 2824 μὲν
279 2789 378 2820 θέσεως
393 2789 498 2824 ἔχοντα,
518 2791 564 2816 καὶ
582 2791 650 2826 πρὸς
667 2792 757 2818 πᾶσαν
773 2791 849 2823 ἔτους

63 2834 115 2870 ὥρα
128 2847 132 2854 ι
145 2836 175 2864 εὖ
194 2836 458 2870 παρεσκευασμένα,
472 2838 504 2872 τῇ
519 2846 548 2863 τε
568 2838 647 2872 φύσει
666 2838 713 2864 τοῦ
733 2838 846 2873 χωρίου.

898 2245 1020 2274 cunque,
1034 2246 1150 2273 quaeque
1169 2245 1287 2273 praesens
1303 2246 1369 2265 usus
1390 2246 1422 2265 ac
1446 2239 1595 2267 necessitas
1619 2247 1683 2274 pcr-

899 2285 1000 2316 mittet.
1017 2285 1042 2311 id
1052 2284 1270 2312 luculentissime
1292 2289 1464 2318 compertum
1488 2284 1593 2318 habeo;
1620 2294 1684 2313 cum

899 2332 934 2358 ob
950 2332 1013 2364 alia,
1027 2336 1083 2357 tum
1096 2331 1168 2365 quod
1183 2335 1258 2357 astra
1275 2330 1322 2356 sub
1337 2335 1437 2357 terram
1456 2331 1528 2365 prius
1561 2331 1644 2364 ibunt,
1659 2339 1684 2359 et

899 2379 984 2406 altum
997 2383 1069 2404 terra
1079 2385 1106 2404 se
1123 2379 1149 2403 in
1165 2376 1254 2411 polum
1273 2376 1347 2410 [ει-ιιι,
1364 2381 1394 2403 ut
1407 2376 1446 2403 ait
1460 2382 1539 2410 poeta
1557 2377 1682 2412 (Euripi-

899 2426 959 2456 des,
978 2424 1051 2451 υἱλεί
1068 2423 1126 2450 sive
1142 2422 1230 2455 Συλεί,
1248 2428 1277 2448 ιιι
1300 2423 1430 2454 arbitror,
1442 2423 1513 2456 apud
1530 2423 1684 2459 Philonem,

899 2481 928 2508 p.
940 2471 1002 2504 605,
1020 2475 1048 2498 et
1066 2478 1092 2504 p.
1110 2469 1155 2500 66,
1171 2468 1235 2501 565,
1253 2468 1399 2503 Turneb.),
1414 2477 1495 2504 quam
1511 2470 1559 2498 abs
1573 2475 1598 2498 te
1612 2473 1688 2507 quis-

899 2518 972 2552 piam
989 2524 1084 2544 eorum
1103 2523 1164 2550 qua:
1185 2515 1252 2549 petit
1276 2514 1412 2548 repulsam
1433 2515 1515 2549 feret;
1539 2517 1585 2552 qui
1602 2519 1685 2546 etiam

901 2563 970 2591 nihil
988 2563 1147 2598 rogantibus
1164 2563 1265 2597 saepius
1275 2561 1387 2593 dedisti,
1405 2554 1433 2589 ct
1448 2569 1577 2598 rogantes
1598 2567 1684 2602 majo-

900 2610 977 2637 ribus
988 2617 1069 2644 quam
1081 2614 1220 2644 optassent
1231 2610 1334 2636 ornasti
1347 2609 1514 2642 muneribus,
1524 2611 1597 2645 quod
1608 2617 1685 2639 tuum

899 2655 1029 2690 elogium,
1043 2655 1227 2689 meoiudicio,
1241 2655 1312 2682 haud
1323 2655 1402 2688 paulo
1414 2656 1558 2690 pulchrius
1570 2659 1685 2686 omnino

901 2707 984 2737 atque
999 2701 1156 2736 gloriosius,
1172 2701 1236 2733 alio,
1259 2701 1332 2735 quod
1352 2709 1477 2736 usurpas,
1503 2703 1603 2737 quovis
1629 2710 1682 2733 est.

900 2747 991 2775 Metuo
1008 2754 1083 2778 vero,
1105 2751 1207 2776 metuo,
1228 2753 1278 2772 nec
1298 2746 1418 2773 absurde
1438 2746 1554 2775 fortasse
1567 2769 1574 2780 ,
1595 2757 1630 2776 ne
1644 2754 1686 2784 tu,

901 2794 947 2828 qui
967 2793 1085 2828 ingentia
1112 2792 1205 2826 largiri
1234 2791 1366 2819 beneﬁcia
1392 2798 1497 2820 natura;
1521 2799 1574 2821 tua:
1598 2795 1684 2823 ductu

901 2841 983 2872 soles,
998 2848 1070 2867 nunc
1085 2839 1136 2867 hoc
1148 2839 1236 2873 ipsum
1252 2847 1382 2873 prtcscus,
1399 2839 1545 2873 minutum,
1564 2846 1589 2867 et
1604 2841 1684 2876 longe
