1878 3060
185 139 238 170 433

797 128 951 158 TIIEODU
960 126 994 155 [.1
1016 124 1189 155 MONACIH

1761 117 1817 149 424

188 195 259 222 infra
277 192 361 220 animi
376 191 416 219 tui
426 189 642 226 magnitudinem
660 187 860 222 positum,essc
875 184 950 212 ratus
963 203 970 216 ,
988 188 1005 214 Α

1075 192 1104 209 τε
1122 180 1343 217 μεμηχανῆσθαι,
1370 179 1407 214 τῷ
1423 179 1444 205 δ’
1461 178 1513 214 ἰδίᾳ
1526 180 1571 204 καὶ
1588 177 1671 212 χωρὶς
1688 176 1736 203 καὶ
1751 176 1818 203 καθ’

188 246 236 268 aut
249 248 304 267 non
326 239 374 266 des
387 238 509 268 omnino,
522 240 569 263 aut
586 243 628 261 me
647 234 768 266 incuses,
783 233 858 259 velut
875 232 920 266 qui
937 231 972 258 de

189 292 216 314 te
229 295 283 313 non
301 286 369 313 satis
384 285 465 318 digne
477 283 726 314 convenienterque
745 279 911 306 existimem.
923 277 972 304 Sin

189 337 281 360 autem
299 336 354 358 tum
368 331 425 357 haec
434 329 497 355 dare
511 332 596 362 potes.
608 332 663 353 tum
677 326 780 359 qumvis
794 325 847 351 alia
860 324 974 350 omnino

190 378 311 413 aggredi,
328 376 458 402 nimirum
476 379 505 400 ut
527 373 645 408 inclytus
665 372 710 398 ille
736 371 975 406 plurimarumque

190 424 343 459 palmarum
361 420 504 450 Hercules.
524 418 668 453 praecipuis
689 418 820 452 operibus
848 417 904 443 suis
922 416 974 443 alia

191 470 314 506 quaedam
323 473 401 496 extra
411 467 537 494 ordinem
547 464 708 498 interponit,
723 464 795 489 bono
807 470 871 489 sane
885 462 977 488 animo

190 525 250 544 esse
264 515 403 543 convenit.
428 513 484 540 lmo
504 519 568 539 vero
586 511 608 538 si
636 513 762 544 prompte
778 508 903 538 dederis,
926 509 978 534 hoc

191 563 249 596 ipso
263 562 374 596 planum
392 559 488 589 facies,
500 565 589 592 neque
606 563 657 583 nos
675 555 757 582 animi
781 554 866 582 falsos
879 553 978 584 fuisse,

192 614 272 642 teque
287 608 376 641 ipsum
395 606 524 639 maiorem
554 603 581 629 in
597 602 708 629 modum
732 601 852 628 ornabis.
868 599 980 627 Scilicet

191 654 264 688 quod
282 661 337 680 non
354 659 450 685 magna
467 650 549 677 modo
570 654 598 675 et
611 647 772 675 admiranda
788 651 919 681 pratstare
935 653 981 672 va-

192 701 259 730 leas.
278 704 306 725 et
319 697 436 732 publicis
451 695 562 722 coronis
576 699 658 728 atque
671 692 815 728 prteconiis
829 691 922 726 digna,
933 690 979 718 scd

192 746 265 780 quod
282 744 412 772 tenuibus
436 743 532 773 etiam,
553 740 670 775 quodam
691 738 832 766 modestize
855 745 980 769 excessu,

194 796 396 827 peropportune
425 787 574 816 subvenire
613 786 697 813 n0ris.
720 784 777 812 Nisi
807 784 842 816 si,
872 787 901 809 ut
922 789 982 809 mea

194 838 306 872 quidem
332 836 385 862 fert
407 833 554 864 sententia,
575 836 628 859 tua:
648 830 740 865 potius
763 828 980 864 magnanimitati

195 885 248 912 hoc
270 883 407 918 quispiam
427 884 571 914 acceptum
600 878 706 905 referre
721 877 796 908 velit,
827 875 899 910 quod
929 882 982 901 nec

196 938 256 965 qua:
273 929 357 956 multo
375 927 557 954 minutissima
573 932 632 952 esse
656 923 797 954 videnlur,
826 921 883 955 ipse
905 919 983 947 dedi-

196 975 299 1010 gneris.
311 973 388 1007 Quod
402 978 493 999 autem
505 969 663 1004 huiusmodi
678 968 803 1003 quasdam
819 971 903 998 sunt,
923 972 984 1000 quae

198 1030 271 1048 nunc
299 1021 461 1055 rogitamus,
479 1025 530 1044 nec
547 1016 586 1043 tui
615 1016 721 1050 operis,
746 1021 796 1040 nec
813 1020 846 1040 ex
868 1013 901 1040 iis
924 1018 985 1046 qua:

198 1066 347 1094 identidem
363 1065 459 1099 agitas,
476 1064 532 1090 imo
548 1062 627 1096 plane
643 1061 726 1087 etiam
741 1062 847 1086 remota
859 1065 874 1084 a
889 1063 984 1092 magno

199 1114 251 1140 isto
269 1118 362 1139 rerum
378 1110 573 1142 actionumque
593 1111 702 1134 tuarqu
719 1105 786 1132 orbe
799 1125 806 1136 ,
821 1111 883 1130 cum
901 1111 935 1130 ex
952 1109 985 1129 eo

199 1162 274 1193 patet
288 1156 361 1191 quod
378 1155 489 1189 ipsimet
508 1154 542 1180 de
556 1153 590 1180 iis
606 1151 817 1179 subdubitamus
827 1159 834 1176 :
846 1153 902 1176 tum
913 1147 986 1184 quod

200 1210 277 1231 lauto
296 1210 352 1229 rem
369 1201 459 1228 studio
474 1207 618 1234 urgemus;
635 1197 714 1228 illud,
736 1204 770 1223 ne
783 1196 853 1222 forte
868 1203 922 1221 non
939 1195 988 1222 da-

201 1256 279 1277 turus
306 1250 364 1281 sis,
395 1247 496 1281 quippe
521 1252 618 1279 magna
639 1242 788 1279 gratiﬁcari
813 1246 916 1272 suatus.
937 1241 989 1268 hoc

201 1295 332 1329 quoniam
348 1297 376 1320 et
392 1293 441 1319 tibi
461 1293 526 1318 dare
544 1291 689 1325 pulchrum
705 1293 757 1321 est,
773 1293 801 1315 et
823 1288 903 1314 nobis
918 1287 991 1314 acci-

202 1349 277 1376 pere.
293 1340 360 1367 Nam
373 1334 401 1366 et
415 1347 464 1374 ego
481 1346 540 1372 quae
550 1337 632 1370 cupio
649 1335 792 1370 accipiam,
805 1339 833 1360 et
848 1339 874 1360 tu
893 1337 991 1360 temet-

203 1387 262 1421 ipso
292 1386 434 1420 benignior
461 1385 608 1417 mitiorque
633 1382 778 1414 videbere,
799 1381 845 1415 qui
874 1380 908 1407 ad
936 1381 991 1407 lure

202 1433 286 1459 etiam
311 1436 364 1458 tam
387 1430 485 1466 pusilla
512 1435 538 1456 te
564 1429 705 1456 demittas.
729 1427 801 1454 Sunt
816 1426 944 1453 videlicet
964 1426 991 1452 in

204 1479 289 1506 sacris
301 1477 376 1504 hisee
391 1481 419 1502 et
434 1475 586 1511 magnificis
606 1474 711 1501 aedibus
725 1492 733 1504 ,
758 1472 785 1500 in
802 1472 903 1507 quibus
918 1472 992 1507 regia

1024 229 1109 255 ἑαυτὰ
1124 229 1178 254 τῶν
1193 227 1280 255 ἄλλων
1296 226 1431 260 ἱδρῦσθαι,
1441 225 1571 258 πλείστην
1586 224 1651 257 ὅσην
1667 222 1820 256 ἐμποιοῦν-

1023 283 1057 300 τα
1073 274 1195 309 γαλήνην
1210 274 1238 299 ἐν
1260 272 1298 307 τῷ
1312 273 1360 306 τῆς
1376 273 1469 306 ψυχῆς
1488 270 1656 305 πρυτανείῳ,
1681 268 1718 299 ὡς
1743 267 1819 294 εἶναι

1024 322 1062 354 τῷ
1078 321 1135 347 ὄντι
1149 320 1243 355 ψυχῶν
1259 319 1350 353 σοφῶν
1367 319 1562 352 φροντιστήρια
1578 336 1585 348 ,
1609 316 1709 351 μᾶλλον
1723 316 1754 342 δὲ
1771 317 1821 341 καὶ

1026 366 1116 401 ψυχὰς
1139 365 1399 401 ὲῤῥᾳστωνευμένας
1418 362 1462 390 οἶα.
1487 363 1643 397 κατεπᾶραι
1666 361 1734 395 πρὸς
1754 362 1820 395 ἀρε⁴

1027 412 1087 447 τὴν,
1103 412 1150 438 καὶ
1166 412 1263 445 μένους
1287 411 1426 444 ἐμπλῆσαι
1442 410 1509 444 πρὸς
1527 408 1577 443 τὴν
1592 407 1683 433 ἔνθεον
1696 409 1748 434 καὶ
1767 406 1821 432 σὼ-

1029 467 1115 492 φρονα
1132 458 1179 484 καὶ
1205 456 1315 490 θεοφιλῆ
1338 455 1439 490 ταύτην
1457 455 1566 489 μανίαν.
1583 454 1634 480 Ἢν
1650 454 1673 480 ot
1694 453 1820 487 γνησίως

1031 506 1160 539 μανέντες
1188 503 1237 528 οὐκ
1256 502 1426 536 εὐδαίμονες,
1445 501 1502 528 ἀλλ’
1517 500 1572 535 ἄρα
1597 499 1731 534 δαιμόνιοι
1744 505 1821 528 τινες

1029 549 1162 584 ἀτεχνῶς.
1186 548 1255 582 Ἐγὼ
1272 548 1300 574 δέ
1318 549 1376 581 ειμι
1404 547 1452 580 μὲν
1468 547 1498 573 οὺ
1514 545 1645 578 τοιοῦτος,
1674 545 1736 571 οὐδὲ
1765 545 1821 570 τών

1030 597 1059 627 ἐς
1077 596 1156 622 τοῦτο
1172 595 1321 629 φερόντων,
1334 594 1394 620 οὐδὲ
1410 593 1510 628 μικροῦ
1524 593 1581 619 δεῖο
1598 591 1758 625 θαυμαστὸν
1770 590 1822 624 μὲν

1031 641 1076 667 οὖν
1092 642 1116 667 εἰ
1129 640 1166 676 μὴ
1179 641 1227 667 καὶ
1243 639 1309 666 πολὺ
1325 639 1492 665 τούναντίον.
1506 637 1560 664 Τοῦ
1573 637 1594 664 δ’
1611 637 1695 670 ἴσχειν
1709 634 1823 670 ἡσύχως

1032 689 1079 714 καὶ
1093 687 1152 714 κατ’
1165 686 1283 721 ὲμαυτὺν
1301 684 1370 712 εἶναι
1385 686 1432 711 καὶ
1447 683 1497 718 ζῇν
1510 683 1583 710 οὕτω
1603 691 1645 709 τοι
1659 683 1761 717 ἥττων,
1784 680 1822 711 ὡς

1033 734 1141 760 πάντων
1156 733 1188 760 ἂν
1209 732 1284 759 τουτὶ
1306 731 1449 766 πρίασθαι.
1467 729 1504 756 Τό
1519 738 1549 756 τε
1565 729 1619 764 γὰρ
1641 728 1697 755 τῶν
1717 727 1823 760 ὀφθαλ-

1036 780 1095 816 μῶν
1123 779 1210 810 οὕτως
1225 778 1420 812 ἐσαναγκάζει,
1437 775 1522 811 χωρίς
1538 783 1567 801 τε
1595 774 1691 800 τούτου
1715 773 1759 803 τίς
1773 774 1823 797 οζκ

1035 826 1068 852 ἂν
1083 825 1112 852 εὖ
1125 825 1231 859 φρονῶν
1247 824 1362 859 ἡσυχίας
1377 822 1469 858 ὲρῲης
1486 823 1534 850 ἅτε
1551 821 1682 857 δᾳδούχου
1704 820 1754 846 καὶ
1771 828 1823 853 μσς

1035 871 1176 906 σταγωγοῠ
1190 871 1245 897 τῶν
1260 871 1328 897 ὅτων
1347 870 1379 896 ἄν
1392 878 1434 900 τις
1450 869 1524 896 εἴποι
1536 867 1697 898 καλλίστων,
1711 866 1762 892 καὶ
1777 866 1823 890 τῖιν

1034 919 1082 953 τῆς
1094 918 1182 953 ψυχῆς
1195 917 1293 952 αἰθέρα
1317 914 1448 947 καθάπαξ
1462 914 1600 950 τηρούσης
1618 912 1753 947 εἰλικρινῆ
1777 912 1824 936 καί

1034 964 1166 999 καθαρὸν,
1191 964 1239 990 καὶ
1257 963 1320 998 μάλ’
1343 962 1431 997 ἀμιγῆ
1447 961 1547 992 παντὸς
1563 960 1679 989 ὑλώδους
1703 959 1822 987 καπνοὺ,

1034 1012 1073 1046 τῷ
1087 1012 1133 1037 τὸν
1149 1011 1212 1038 νοῦν
1229 1011 1357 1044 συνάγειν
1385 1010 1433 1036 καὶ
1449 1009 1572 1044 συνέχειν
1594 1007 1642 1033 καὶ
1659 1007 1697 1041 μὴ
1713 1013 1824 1039 συγχω-

1037 1059 1093 1093 ρεῖν
1103 1057 1254 1092 διαχεῖσθαι
1266 1057 1312 1083 καὶ
1325 1054 1517 1088 κατακλυσμὸν
1538 1053 1684 1087 ὑπομένειν
1703 1051 1760 1077 ὑπὸ
1773 1050 1826 1075 τῶν

1037 1105 1086 1130 τοῦ
1102 1104 1206 1138 κόσμου
1225 1103 1335 1138 ῥοθίων,
1350 1100 1419 1128 ἀλλὰ
1430 1100 1535 1127 καὶτοῦ
1548 1099 1701 1133 πεφυκότος
1719 1096 1826 1131 μεμνῆ·

1039 1151 1101 1177 σθαι
1115 1149 1348 1186 παρασκευάζειν,
1368 1149 1416 1174 καὶ
1436 1147 1492 1174 ἀνω
1507 1147 1612 1182 φέρειν,
1626 1145 1673 1171 καὶ
1689 1143 1773 1170 πάντ’
1787 1143 1826 1168 ἑν-

1039 1198 1100 1224 Osov
1113 1196 1194 1228 εἶναι,
1211 1196 1280 1230 μόνα
1293 1195 1328 1222 τὰ
1338 1194 1464 1229 δαιμόνια
1476 1192 1728 1227 περιεργαζόμενον
1741 1190 1828 1224 πράγ-

1042 1252 1124 1277 ματα.
1139 1243 1189 1269 Σδν
1205 1240 1251 1269 οὖν
1267 1242 1300 1268 ἂν
1315 1241 1358 1275 εἴη
1373 1240 1421 1266 καὶ
1445 1239 1493 1274 τῆς
1509 1239 1558 1273 σῆς
1575 1237 1641 1272 περὶ
1653 1237 1747 1263 πάντα
1763 1244 1828 1270 χρη-

1041 1290 1179 1324 στότητος,
1190 1286 1229 1315 ὧν
1244 1287 1333 1314 πάντα
1348 1285 1383 1312 τὰ
1399 1284 1526 1320 βέλτιστα
1556 1283 1588 1309 σὺ
1603 1283 1649 1309 καὶ
1664 1281 1828 1316 βουλόμενος

1041 1335 1089 1361 καὶ
1103 1334 1262 1369 δυνάμενος,
1278 1333 1324 1359 καὶ
1340 1333 1471 1366 πράττων
1485 1329 1612 1365 ἑτοίμως,
1628 1329 1671 1355 ἴνα
1685 1329 1737 1355 καὶ
1752 1327 1827 1357 αὖθις

1042 1379 1076 1408 αὗ
1094 1383 1150 1412 τοῖς
1170 1381 1261 1411 αὐτοῖς
1280 1381 1439 1414 χρήσωμαι,
1456 1379 1487 1404 τὸ
1502 1379 1550 1404 καὶ
1572 1375 1674 1403 τούτων
1689 1376 1768 1410 ἡμᾶς
1782 1383 1827 1400 τυ-

1043 1429 1101 1463 χεῖν
1117 1427 1180 1458 τοὺς
1196 1425 1413 1461 μανικωτάτους,
1428 1425 1478 1451 οὐκ
1499 1422 1558 1450 οἶδα
1573 1423 1687 1458 πότερον
1710 1421 1828 1457 ὲραστὰε

1044 1473 1122 1504 δίδως
1135 1472 1237 1506 λέγειν,
1250 1471 1266 1507 ἢ
1280 1472 1334 1498 τῶν
1348 1471 1418 1497 κατὰ
1430 1470 1477 1497 σοῦ
1490 1469 1613 1507 θορύϐων
1626 1468 1767 1504 τεχνίτας,
1780 1468 1830 1497 πᾶς

203 1525 320 1560 pecunia
332 1524 433 1550 alimur
444 1528 471 1549 et
481 1522 664 1553 sustinemur,
674 1519 848 1547 domuncula:
858 1519 994 1553 quaedam,

1067 1519 1069 1527 ’
1088 1519 1120 1544 ἄν
1133 1525 1176 1549 τις
1191 1517 1258 1552 φαίη
1271 1525 1302 1551 γε
1321 1517 1370 1544 καὶ
1386 1517 1486 1552 εὑχῶν.

204 1579 267 1598 cum
291 1571 345 1597 situ
364 1568 621 1604 opportunissima,
641 1566 824 1598 omnibusque
861 1565 927 1592 anni
959 1564 1131 1600 temporibus
1157 1564 1464 1596 accommodatissimas,
1481 1563 1538 1591 sive
1561 1568 1658 1591 natura
1671 1562 1744 1595 loci,
1777 1562 1831 1589 sive

206 1626 265 1646 arte
277 1626 306 1645 et
319 1618 466 1649 industria,
480 1622 536 1643 tum
558 1624 591 1643 eo
606 1615 679 1650 quod
704 1614 852 1649 separatim
879 1619 906 1641 et
931 1621 1067 1645 seorsum,
1079 1618 1107 1640 et
1121 1614 1252 1648 seiuncta:
1267 1613 1302 1640 ab
1311 1613 1372 1640 aliis
1383 1613 1444 1640 sita:
1471 1617 1545 1644 sunt,
1578 1619 1716 1639 summam
1747 1610 1831 1638 maxi-

208 1675 336 1701 mamque
372 1666 508 1692 sanctiori
531 1664 629 1691 anima:
664 1663 766 1697 templo
793 1662 971 1689 serenitatem
1004 1666 1153 1696 parantes,
1181 1665 1210 1687 ut
1235 1668 1327 1696 reapse
1351 1661 1502 1688 animarum
1532 1660 1692 1695 sapientium
1727 1659 1783 1686 ludi
1804 1666 1832 1685 ac

207 1715 341 1743 domicilia
367 1715 488 1750 quwdum
510 1714 561 1740 sint
592 1711 744 1746 (Aristoph.
770 1711 841 1745 Νεφ.
864 1710 923 1745 91),
957 1709 1015 1737 sive
1031 1711 1122 1744 potius
1145 1709 1299 1745 ejusmodi,
1325 1717 1388 1744 quae
1401 1708 1508 1736 animas
1534 1708 1592 1736 otio
1626 1712 1770 1743 torpentes
1801 1706 1830 1733 ad

213 1766 346 1792 virtutem
379 1763 510 1794 excitare.
538 1766 566 1789 et
593 1768 672 1788 sacro
698 1760 798 1788 ardore
825 1759 858 1786 ad
895 1759 1019 1786 divinum
1039 1759 1124 1791 hunc,
1150 1762 1178 1786 et
1209 1764 1326 1791 castum,
1353 1758 1463 1792 Deoque
1488 1757 1674 1792 gratissimum
1700 1757 1830 1785 furOrerI.

209 1813 322 1847 implere
335 1816 436 1846 queant
454 1820 460 1836 :
479 1817 559 1844 quem
579 1809 625 1843 qui
640 1815 801 1843 germanum
827 1807 854 1835 in
878 1807 990 1834 modum
1012 1806 1118 1839 furum,
1150 1807 1190 1834 illi
1224 1814 1279 1833 non
1296 1806 1390 1833 felices
1402 1804 1483 1832 modo
1506 1812 1538 1831 ac
1562 1804 1646 1837 beati,
1668 1804 1716 1831 sed
1751 1804 1831 1831 divini

210 1860 289 1894 plane
303 1864 376 1886 sunt.
395 1857 451 1892 Ego
468 1864 533 1883 vero
551 1863 709 1890 quanquam
737 1855 850 1882 minime
875 1863 909 1883 ex
939 1855 992 1882 isto
1014 1855 1159 1881 hominum
1173 1861 1273 1889 genere
1301 1861 1374 1886 sum,
1401 1860 1490 1887 neque
1500 1852 1534 1879 iis
1545 1859 1606 1886 qua:
1617 1852 1671 1878 huc
1683 1852 1831 1886 pertinent.

209 1906 359 1933 instructus
372 1903 532 1932 virtutibus.
558 1903 639 1937 longe
664 1910 730 1930 sane
759 1903 878 1935 absum;
910 1906 992 1936 atque
1011 1903 1079 1930 adeo
1106 1903 1205 1928 mirum
1239 1901 1332 1933 fuerit,
1356 1900 1378 1927 si
1415 1908 1471 1927 non
1490 1900 1629 1927 contrario
1643 1907 1758 1934 prorsus
1778 1899 1832 1926 mea

210 1956 365 1987 comparata
380 1950 463 1978 modo
478 1954 551 1977 sunt.
566 1950 611 1977 Sic
625 1954 714 1977 tamen
726 1951 752 1976 in
765 1949 857 1984 quiete
870 1949 997 1983 degeudi,
1019 1954 1046 1976 et
1062 1956 1186 1976 seorsum
1224 1948 1291 1974 mihi
1320 1947 1418 1982 agendi
1439 1947 1617 1981 vivendique,
1655 1950 1754 1980 captus
1777 1955 1830 1974 sum

210 2000 312 2031 studio,
328 2003 358 2026 ut
378 1998 430 2026 hoc
445 1999 506 2025 vita:
530 2005 616 2031 genus
636 1997 755 2025 fortunis
781 1997 850 2024 meis
884 1996 1013 2024 omnibus
1033 1997 1206 2030 redemptum
1240 1994 1333 2022 velim.
1350 1994 1408 2022 lluc
1422 1995 1496 2022 enim
1514 2001 1542 2021 et
1562 1993 1707 2021 oculorum
1733 2001 1775 2020 me
1791 2001 1831 2018 va-

210 2047 306 2074 letudo
325 2045 475 2080 compellit,
493 2051 550 2072 tum
577 2049 608 2072 ut
632 2045 736 2079 absque
753 2045 806 2072 hoc
827 2048 912 2078 esset,
934 2045 997 2080 quis
1016 2045 1126 2079 sapiens
1153 2051 1209 2071 non
1237 2048 1336 2078 sponte
1366 2043 1486 2078 quietem
1512 2042 1605 2069 amet?
1638 2043 1702 2068 Haec
1738 2042 1832 2076 quippe

211 2093 299 2119 facem
329 2092 470 2126 praelucet,
498 2097 525 2118 et
553 2091 682 2125 magistra
710 2091 960 2126 pulcherrimarum
982 2098 1075 2118 rerum
1111 2091 1236 2117 omnium
1261 2095 1322 2121 est,
1356 2097 1416 2124 qua:
1444 2089 1581 2116 nominari
1598 2096 1612 2114 a
1631 2088 1761 2122 quopiam
1776 2094 1820 2121 pos

212 2143 288 2166 sunt.
321 2137 384 2164 llmc
411 2145 548 2164 summum
569 2138 667 2164 anima:
690 2138 832 2169 aetherem,
866 2137 1015 2169 sincerum,
1036 2137 1181 2169 mundum,
1205 2137 1238 2164 ab
1264 2137 1395 2171 omnique
1422 2135 1557 2162 materiali
1593 2134 1669 2161 fumo
1692 2138 1830 2161 secretum.

215 2191 409 2219 usquequaque
425 2188 527 2215 servat,
541 2183 605 2209 dum
622 2188 740 2210 mentem
751 2183 880 2210 videlicet
894 2184 999 2218 colligit
1017 2191 1049 2210 ac
1085 2184 1228 2216 continet;
1243 2190 1294 2210 nec
1310 2182 1426 2209 dili‘undi
1437 2202 1444 2214 ,
1462 2180 1612 2215 mundique
1629 2180 1710 2214 huius
1741 2180 1830 2214 jactari

214 2231 352 2265 ohruique
367 2229 497 2256 fluctibus
513 2229 627 2264 patitur,
643 2229 726 2264 idque
750 2230 833 2256 el'licit
846 2250 853 2262 ,
869 2234 898 2256 ut
921 2235 999 2257 ortus
1018 2230 1173 2265 indolisque
1206 2238 1262 2257 suae
1291 2237 1398 2256 memor
1408 2228 1504 2255 eadem
1518 2229 1564 2259 sit,
1583 2232 1611 2254 et
1625 2226 1744 2253 sublime
1759 2225 1830 2251 attol-

214 2279 298 2310 latur,
330 2282 358 2304 et
375 2281 431 2304 tota
454 2276 566 2302 numine
592 2276 722 2303 instincta
748 2276 863 2307 feratur,
889 2280 917 2303 et
942 2277 999 2303 sola
1017 2277 1150 2304 duntaxat
1176 2276 1268 2303 divina
1285 2275 1488 2303 studiosissime
1504 2278 1612 2301 tractet.
1641 2273 1731 2300 Tuum
1748 2272 1832 2308 igitur.

216 2329 323 2359 tuaeque
339 2323 372 2350 ad
385 2322 477 2352 omnia
491 2330 552 2349 sese
570 2322 737 2357 porrigentis
773 2322 950 2357 benignitatis
967 2323 1019 2351 hoc
1039 2323 1133 2356 fuerit,
1162 2332 1177 2350 ο
1209 2328 1246 2356 tu,
1267 2323 1311 2358 qui
1336 2323 1435 2358 optima
1448 2323 1548 2353 omnia,
1579 2325 1603 2348 et
1625 2320 1663 2347 vis
1678 2327 1702 2346 et
1715 2324 1796 2354 pom,
1811 2322 1832 2343 et

215 2373 306 2399 animo
332 2371 524 2407 promptissimo
550 2371 626 2405 agis,
654 2370 757 2397 eis-.Iem
784 2371 856 2397 enim
886 2370 976 2398 denuo
997 2372 1108 2406 (quibus
1141 2372 1231 2406 initio)
1255 2376 1316 2398 utar
1342 2371 1445 2401 verbis,
1484 2375 1513 2396 ut
1538 2373 1566 2396 et
1595 2369 1653 2401 haec
1669 2376 1720 2396 nos
1745 2373 1832 2395 conse-

215 2428 332 2456 quamur
358 2418 501 2452 beneficia,
521 2426 581 2449 nos.
607 2418 730 2449 inquam,
753 2418 927 2446 furiosissimi
965 2419 1113 2453 profecto,
1141 2420 1235 2447 nescio
1264 2427 1328 2446 vero
1359 2424 1450 2445 utrum
1476 2422 1611 2444 amatores
1647 2416 1696 2447 iui,
1724 2424 1758 2443 an
1775 2421 1832 2440 vero

218 2469 360 2501 plausuum
372 2470 401 2492 et
414 2465 642 2493 acclamationum
665 2465 698 2491 de
720 2469 745 2491 te
762 2465 892 2497 artifices,
920 2465 1001 2493 nobis
1021 2467 1163 2501 permittas
1198 2466 1311 2498 dicere;
1345 2465 1445 2491 dixerit
1462 2471 1526 2491 vero
1548 2463 1661 2497 insuper
1695 2460 1834 2496 unusquis-

216 2521 283 2549 que,
298 2517 326 2539 et
342 2516 481 2538 votnrum.

535 2583 578 2610 Vl.
600 2583 703 2610 Eidem.

1338 2583 1383 2614 ς’.
1404 2580 1445 2612 Τῷ
1464 2580 1554 2612 αὐτῷ.

253 2648 321 2676 Cum
336 2655 370 2675 eo
380 2647 491 2674 nomine
505 2647 577 2681 quod
595 2653 651 2674 tute
671 2655 721 2674 nos
739 2647 794 2681 jam
811 2647 916 2682 pridem
939 2648 1005 2675 dih-

218 2696 269 2730 gis.
303 2699 359 2720 tum
389 2693 460 2726 quod
487 2701 571 2719 unum
597 2699 623 2720 te
646 2692 769 2720 omnium
794 2693 877 2720 rebus
902 2694 1006 2721 nostris

220 2741 439 2769 faventissinmm
469 2740 574 2774 experti
605 2747 655 2766 nos
681 2747 787 2770 sumus,
809 2739 857 2766 tibi
889 2740 1005 2766 invicem

221 2787 336 2814 maxime
372 2787 494 2814 omnium
525 2786 680 2817 studemus,
715 2791 795 2820 teque
827 2786 1006 2820 singulariter

220 2842 354 2862 amamus.
374 2835 557 2868 Prteterquam
580 2834 652 2867 quod
666 2837 807 2867 comperta
831 2832 888 2859 hzec
917 2832 1007 2858 omni-

1096 2646 1150 2672 Καὶ
1171 2643 1210 2676 οἷς
1233 2644 1314 2675 αὐτὸς
1332 2644 1406 2678 ἡμᾶς
1425 2642 1529 2669 ἄνωθεν
1551 2642 1686 2676 στέργεις,
1702 2640 1748 2666 καὶ
1762 2636 1797 2669 οἷς
1811 2638 1834 2670 ή-

1062 2694 1122 2728 μεῖς
1140 2693 1169 2718 σὲ
1184 2691 1300 2726 μάλιστα
1320 2689 1430 2716 πάντων
1445 2688 1480 2714 τὰ
1503 2687 1569 2722 πρὸς
1586 2687 1658 2721 ἡμᾶς
1677 2686 1773 2714 αὐτοὺς
1793 2685 1831 2714 ἐῖ-

1060 2739 1188 2770 νωκότες,
1202 2738 1244 2764 σοὶ
1261 2735 1378 2770 μάλιστα
1396 2734 1505 2760 πάντων
1527 2732 1670 2766 τιθέμεθα,
1688 2733 1732 2758 καὶ
1745 2731 1772 2757 σὲ
1783 2731 1831 2756 δια-

1060 2785 1198 2819 φερόντως
1226 2781 1367 2816 φιλοῦμεν.
1387 2781 1468 2806 ’Λνευ
1484 2779 1531 2805 τοῦ
1560 2779 1664 2809 πάντας
1693 2778 1787 2804 εἰδέναι
1809 2782 1831 2799 τε

1060 2832 1107 2857 καὶ
1126 2830 1199 2865 β’ᾷν,
1231 2829 1264 2855 δι’
1290 2826 1412 2862 ἀλλήλων
1438 2825 1514 2852 ἐὖτ’
1532 2825 1676 2860 ἀίιῳότερα
1697 2824 1830 2849 δείκνυται.
