  <div class='ocr_page' id='page_1' title='image "/cluster/home/n/w/nwhite01/storage/ocr_20150623/145/njp.32101077773149/290.png"; bbox 0 0 1878 3060; ppageno 0'>
   <div class='ocr_carea' id='block_1_1' title="bbox 79 143 1688 177">
    <p class='ocr_par' dir='ltr' id='par_1_1' title="bbox 79 143 1688 177">
     <span class='ocr_line' id='line_1_1' title="bbox 79 143 1688 177; baseline -0.003 0"><span class='ocrx_word' id='word_1_1' title='bbox 79 146 120 177; x_wconf 71' lang='grc' dir='ltr'><strong>4ξὸ</strong></span> <span class='ocrx_word' id='word_1_2' title='bbox 765 143 966 173; x_wconf 73' lang='lat' dir='ltr'><strong>EPISTULE.</strong></span> <span class='ocrx_word' id='word_1_3' title='bbox 1638 143 1688 173; x_wconf 63' lang='lat'><strong>4‘26</strong></span> 
     </span>
    </p>
   </div>
   <div class='ocr_carea' id='block_1_2' title="bbox 78 199 854 236">
    <p class='ocr_par' dir='ltr' id='par_1_2' title="bbox 78 199 854 236">
     <span class='ocr_line' id='line_1_2' title="bbox 78 199 854 236; baseline -0.003 -8"><span class='ocrx_word' id='word_1_4' title='bbox 78 203 135 228; x_wconf 66' lang='grc' dir='ltr'>Οὖτε</span> <span class='ocrx_word' id='word_1_5' title='bbox 153 201 206 236; x_wconf 69' lang='grc' dir='ltr'><strong>γὰρ</strong></span> <span class='ocrx_word' id='word_1_6' title='bbox 225 201 311 233; x_wconf 77' lang='grc' dir='ltr'>ἔστιν,</span> <span class='ocrx_word' id='word_1_7' title='bbox 329 200 380 226; x_wconf 62' lang='grc' dir='ltr'><strong>οῦκ</strong></span> <span class='ocrx_word' id='word_1_8' title='bbox 404 199 476 226; x_wconf 64' lang='lat' dir='ltr'><strong>Earini</strong></span> <span class='ocrx_word' id='word_1_9' title='bbox 492 200 567 226; x_wconf 64' lang='grc' dir='ltr'>οὐδὲν</span> <span class='ocrx_word' id='word_1_10' title='bbox 585 199 637 225; x_wconf 81' lang='grc' dir='ltr'>τῶν</span> <span class='ocrx_word' id='word_1_11' title='bbox 653 199 803 226; x_wconf 76' lang='grc' dir='ltr'>ἁπάντωνδ</span> <span class='ocrx_word' id='word_1_12' title='bbox 820 199 854 234; x_wconf 76' lang='grc' dir='ltr'>μὴ</span> 
     </span>
    </p>
   </div>
   <div class='ocr_carea' id='block_1_3' title="bbox 923 199 1691 236">
    <p class='ocr_par' dir='ltr' id='par_1_3' title="bbox 923 200 1691 235">
     <span class='ocr_line' id='line_1_3' title="bbox 923 200 1691 235; baseline 0 -9"><span class='ocrx_word' id='word_1_13' title='bbox 923 209 970 233; x_wconf 69' lang='lat' dir='ltr'><strong>Ius,</strong></span> <span class='ocrx_word' id='word_1_14' title='bbox 999 200 1176 235; x_wconf 83' lang='lat' dir='ltr'><strong>onmiumque</strong></span> <span class='ocrx_word' id='word_1_15' title='bbox 1210 200 1353 227; x_wconf 83' lang='lat' dir='ltr'><strong>decantata</strong></span> <span class='ocrx_word' id='word_1_16' title='bbox 1372 207 1420 227; x_wconf 89' lang='lat' dir='ltr'><strong>ore</strong></span> <span class='ocrx_word' id='word_1_17' title='bbox 1447 204 1521 232; x_wconf 88' lang='lat' dir='ltr'><strong>sunt,</strong></span> <span class='ocrx_word' id='word_1_18' title='bbox 1546 201 1613 227; x_wconf 85' lang='lat' dir='ltr'><strong>satis</strong></span> <span class='ocrx_word' id='word_1_19' title='bbox 1639 200 1691 226; x_wconf 80' lang='lat' dir='ltr'><strong>hut:</strong></span> 
     </span>
    </p>
   </div>
   <div class='ocr_carea' id='block_1_4' title="bbox 79 243 856 280">
    <p class='ocr_par' dir='ltr' id='par_1_4' title="bbox 79 243 856 280">
     <span class='ocr_line' id='line_1_4' title="bbox 79 243 856 280; baseline -0.005 -7"><span class='ocrx_word' id='word_1_20' title='bbox 79 248 103 273; x_wconf 72' lang='grc' dir='ltr'>σὺ</span> <span class='ocrx_word' id='word_1_21' title='bbox 121 251 190 280; x_wconf 75' lang='grc' dir='ltr'>μετα</span> <span class='ocrx_word' id='word_1_22' title='bbox 212 245 258 272; x_wconf 85' lang='grc' dir='ltr'><strong>τοῦ</strong></span> <span class='ocrx_word' id='word_1_23' title='bbox 276 245 440 280; x_wconf 75' lang='grc' dir='ltr'><strong>γιγνομένου</strong></span> <span class='ocrx_word' id='word_1_24' title='bbox 469 253 498 271; x_wconf 80' lang='grc' dir='ltr'><strong>τε</strong></span> <span class='ocrx_word' id='word_1_25' title='bbox 514 244 562 271; x_wconf 77' lang='grc' dir='ltr'>καὶ</span> <span class='ocrx_word' id='word_1_26' title='bbox 582 243 746 278; x_wconf 71' lang='grc' dir='ltr'>ψηφίζοντος</span> <span class='ocrx_word' id='word_1_27' title='bbox 770 244 856 278; x_wconf 73' lang='grc' dir='ltr'>πράτ-</span> 
     </span>
    </p>
   </div>
   <div class='ocr_carea' id='block_1_5' title="bbox 78 287 857 325">
    <p class='ocr_par' dir='ltr' id='par_1_5' title="bbox 78 287 857 325">
     <span class='ocr_line' id='line_1_5' title="bbox 78 287 857 325; baseline -0.003 -8"><span class='ocrx_word' id='word_1_28' title='bbox 78 300 134 323; x_wconf 77' lang='grc' dir='ltr'>τεις,</span> <span class='ocrx_word' id='word_1_29' title='bbox 149 292 180 318; x_wconf 72' lang='grc' dir='ltr'>οὺ</span> <span class='ocrx_word' id='word_1_30' title='bbox 199 291 300 325; x_wconf 81' lang='grc' dir='ltr'>μᾶλλόν</span> <span class='ocrx_word' id='word_1_31' title='bbox 315 299 349 324; x_wconf 84' lang='grc' dir='ltr'><strong>γε</strong></span> <span class='ocrx_word' id='word_1_32' title='bbox 362 290 378 324; x_wconf 81' lang='grc' dir='ltr'><strong>ἢ</strong></span> <span class='ocrx_word' id='word_1_33' title='bbox 392 290 440 321; x_wconf 73' lang='grc' dir='ltr'><strong>τὰς</strong></span> <span class='ocrx_word' id='word_1_34' title='bbox 456 291 530 324; x_wconf 79' lang='grc' dir='ltr'>τρεῖς</span> <span class='ocrx_word' id='word_1_35' title='bbox 543 288 590 315; x_wconf 83' lang='grc' dir='ltr'><strong>τοῦ</strong></span> <span class='ocrx_word' id='word_1_36' title='bbox 605 287 738 324; x_wconf 76' lang='grc' dir='ltr'><strong>τριγώνου</strong></span> <span class='ocrx_word' id='word_1_37' title='bbox 753 288 857 322; x_wconf 84' lang='grc' dir='ltr'>γωνίας</span> 
     </span>
    </p>
   </div>
   <div class='ocr_carea' id='block_1_6' title="bbox 80 334 857 373">
    <p class='ocr_par' dir='ltr' id='par_1_6' title="bbox 80 334 857 373">
     <span class='ocr_line' id='line_1_6' title="bbox 80 334 857 373; baseline -0.005 -9"><span class='ocrx_word' id='word_1_38' title='bbox 80 339 110 373; x_wconf 80' lang='grc' dir='ltr'>μὴ</span> <span class='ocrx_word' id='word_1_39' title='bbox 121 337 194 364; x_wconf 84' lang='grc' dir='ltr'>δυοῖν</span> <span class='ocrx_word' id='word_1_40' title='bbox 207 337 301 371; x_wconf 83' lang='grc' dir='ltr'>όρθαίν</span> <span class='ocrx_word' id='word_1_41' title='bbox 315 336 377 367; x_wconf 80' lang='grc' dir='ltr'>ἴσας</span> <span class='ocrx_word' id='word_1_42' title='bbox 392 334 473 362; x_wconf 75' lang='grc' dir='ltr'>εἶναι.</span> <span class='ocrx_word' id='word_1_43' title='bbox 489 334 570 361; x_wconf 81' lang='grc' dir='ltr'>Ταῦτ’</span> <span class='ocrx_word' id='word_1_44' title='bbox 585 334 640 369; x_wconf 81' lang='grc' dir='ltr'><strong>ἄρα</strong></span> <span class='ocrx_word' id='word_1_45' title='bbox 652 335 700 360; x_wconf 81' lang='grc' dir='ltr'><strong>καὶ</strong></span> <span class='ocrx_word' id='word_1_46' title='bbox 730 335 802 370; x_wconf 83' lang='grc' dir='ltr'><strong>μόνῳ</strong></span> <span class='ocrx_word' id='word_1_47' title='bbox 817 343 857 361; x_wconf 91' lang='grc' dir='ltr'><strong>σοι</strong></span> 
     </span>
    </p>
   </div>
   <div class='ocr_carea' id='block_1_7' title="bbox 78 379 858 417">
    <p class='ocr_par' dir='ltr' id='par_1_7' title="bbox 78 379 858 417">
     <span class='ocr_line' id='line_1_7' title="bbox 78 379 858 417; baseline -0.004 -8"><span class='ocrx_word' id='word_1_48' title='bbox 78 384 123 409; x_wconf 78' lang='grc' dir='ltr'>τῶν</span> <span class='ocrx_word' id='word_1_49' title='bbox 141 384 252 409; x_wconf 73' lang='grc' dir='ltr'>πάντων</span> <span class='ocrx_word' id='word_1_50' title='bbox 265 382 341 408; x_wconf 81' lang='grc' dir='ltr'>τοῦθ’</span> <span class='ocrx_word' id='word_1_51' title='bbox 357 381 454 417; x_wconf 81' lang='grc' dir='ltr'>ὥσπερ</span> <span class='ocrx_word' id='word_1_52' title='bbox 478 381 627 415; x_wconf 75' lang='grc' dir='ltr'>ἐπίσημον,</span> <span class='ocrx_word' id='word_1_53' title='bbox 641 379 700 406; x_wconf 76' lang='grc' dir='ltr'>οὔθ’</span> <span class='ocrx_word' id='word_1_54' title='bbox 720 382 798 415; x_wconf 81' lang='grc' dir='ltr'>ἡμῶν</span> <span class='ocrx_word' id='word_1_55' title='bbox 810 381 858 406; x_wconf 79' lang='grc' dir='ltr'><strong>αὐ-</strong></span> 
     </span>
    </p>
   </div>
   <div class='ocr_carea' id='block_1_8' title="bbox 78 427 858 466">
    <p class='ocr_par' dir='ltr' id='par_1_8' title="bbox 78 427 858 466">
     <span class='ocr_line' id='line_1_8' title="bbox 78 427 858 466; baseline -0.003 -10"><span class='ocrx_word' id='word_1_56' title='bbox 78 432 133 463; x_wconf 76' lang='grc' dir='ltr'>τῶν,</span> <span class='ocrx_word' id='word_1_57' title='bbox 148 431 196 457; x_wconf 73' lang='grc' dir='ltr'>ἐὰν</span> <span class='ocrx_word' id='word_1_58' title='bbox 212 431 250 466; x_wconf 86' lang='grc' dir='ltr'>μὴ</span> <span class='ocrx_word' id='word_1_59' title='bbox 263 429 370 460; x_wconf 76' lang='grc' dir='ltr'>δεινούς</span> <span class='ocrx_word' id='word_1_60' title='bbox 392 437 468 460; x_wconf 79' lang='grc' dir='ltr'>τινας</span> <span class='ocrx_word' id='word_1_61' title='bbox 482 428 564 460; x_wconf 68' lang='grc' dir='ltr'>ὂντας</span> <span class='ocrx_word' id='word_1_62' title='bbox 585 429 660 464; x_wconf 73' lang='grc' dir='ltr'>ᾔδεις</span> <span class='ocrx_word' id='word_1_63' title='bbox 687 428 722 454; x_wconf 70' lang='grc' dir='ltr'>τὰ</span> <span class='ocrx_word' id='word_1_64' title='bbox 750 428 794 460; x_wconf 82' lang='grc' dir='ltr'>σὰ,</span> <span class='ocrx_word' id='word_1_65' title='bbox 809 427 858 454; x_wconf 80' lang='grc' dir='ltr'>καὶ</span> 
     </span>
    </p>
   </div>
   <div class='ocr_carea' id='block_1_9' title="bbox 79 473 858 511">
    <p class='ocr_par' dir='ltr' id='par_1_9' title="bbox 79 473 858 511">
     <span class='ocr_line' id='line_1_9' title="bbox 79 473 858 511; baseline -0.003 -9"><span class='ocrx_word' id='word_1_66' title='bbox 79 478 119 511; x_wconf 76' lang='grc' dir='ltr'>τῆς</span> <span class='ocrx_word' id='word_1_67' title='bbox 135 477 185 510; x_wconf 81' lang='grc' dir='ltr'>σῆς</span> <span class='ocrx_word' id='word_1_68' title='bbox 201 476 310 507; x_wconf 63' lang='grc' dir='ltr'>εὐνοίας</span> <span class='ocrx_word' id='word_1_69' title='bbox 335 475 402 510; x_wconf 77' lang='grc' dir='ltr'>παρ’</span> <span class='ocrx_word' id='word_1_70' title='bbox 423 475 600 502; x_wconf 72' lang='grc' dir='ltr'><strong>οὑστινασοῦν</strong></span> <span class='ocrx_word' id='word_1_71' title='bbox 625 474 781 509; x_wconf 71' lang='grc' dir='ltr'>ἐχομένους,</span> <span class='ocrx_word' id='word_1_72' title='bbox 807 473 858 500; x_wconf 78' lang='grc' dir='ltr'>οὐκ</span> 
     </span>
    </p>
   </div>
   <div class='ocr_carea' id='block_1_10' title="bbox 78 518 857 556">
    <p class='ocr_par' dir='ltr' id='par_1_10' title="bbox 78 518 857 556">
     <span class='ocr_line' id='line_1_10' title="bbox 78 518 857 556; baseline -0.004 -9"><span class='ocrx_word' id='word_1_73' title='bbox 78 522 104 547; x_wconf 71' lang='grc' dir='ltr'>ἂν</span> <span class='ocrx_word' id='word_1_74' title='bbox 120 521 287 556; x_wconf 74' lang='grc' dir='ltr'>ἐφρόντιζες.</span> <span class='ocrx_word' id='word_1_75' title='bbox 309 520 368 547; x_wconf 87' lang='grc' dir='ltr'><strong>Νῦν</strong></span> <span class='ocrx_word' id='word_1_76' title='bbox 384 520 412 546; x_wconf 84' lang='grc' dir='ltr'><strong>δὲ</strong></span> <span class='ocrx_word' id='word_1_77' title='bbox 427 520 478 546; x_wconf 72' lang='grc' dir='ltr'><strong>οὐκ</strong></span> <span class='ocrx_word' id='word_1_78' title='bbox 494 519 568 546; x_wconf 74' lang='grc' dir='ltr'>ἔστιν</span> <span class='ocrx_word' id='word_1_79' title='bbox 583 519 622 546; x_wconf 75' lang='grc' dir='ltr'><strong>ὅθ’</strong></span> <span class='ocrx_word' id='word_1_80' title='bbox 641 519 720 554; x_wconf 84' lang='grc' dir='ltr'>ήμῶν</span> <span class='ocrx_word' id='word_1_81' title='bbox 731 519 761 545; x_wconf 86' lang='grc' dir='ltr'>οὐ</span> <span class='ocrx_word' id='word_1_82' title='bbox 779 518 857 552; x_wconf 85' lang='grc' dir='ltr'>λόγον</span> 
     </span>
    </p>
   </div>
   <div class='ocr_carea' id='block_1_11' title="bbox 78 565 857 602">
    <p class='ocr_par' dir='ltr' id='par_1_11' title="bbox 78 565 857 602">
     <span class='ocr_line' id='line_1_11' title="bbox 78 565 857 602; baseline -0.006 -8"><span class='ocrx_word' id='word_1_83' title='bbox 78 569 145 602; x_wconf 79' lang='grc' dir='ltr'>ποιῇ,</span> <span class='ocrx_word' id='word_1_84' title='bbox 163 567 246 593; x_wconf 71' lang='grc' dir='ltr'>πάλαι</span> <span class='ocrx_word' id='word_1_85' title='bbox 272 567 324 600; x_wconf 76' lang='grc' dir='ltr'>μὲν</span> <span class='ocrx_word' id='word_1_86' title='bbox 342 568 371 592; x_wconf 85' lang='grc' dir='ltr'>ὲν</span> <span class='ocrx_word' id='word_1_87' title='bbox 393 566 501 597; x_wconf 75' lang='grc' dir='ltr'>πολλοῖς</span> <span class='ocrx_word' id='word_1_88' title='bbox 524 565 656 597; x_wconf 76' lang='grc' dir='ltr'><strong>πολλάκις</strong></span> <span class='ocrx_word' id='word_1_89' title='bbox 680 565 714 591; x_wconf 84' lang='grc' dir='ltr'>τὰ</span> <span class='ocrx_word' id='word_1_90' title='bbox 742 565 857 599; x_wconf 74' lang='grc' dir='ltr'>μέγιστα</span> 
     </span>
    </p>
   </div>
   <div class='ocr_carea' id='block_1_12' title="bbox 78 608 857 648">
    <p class='ocr_par' dir='ltr' id='par_1_12' title="bbox 78 608 857 648">
     <span class='ocr_line' id='line_1_12' title="bbox 78 608 857 648; baseline -0.003 -9"><span class='ocrx_word' id='word_1_91' title='bbox 78 614 266 648; x_wconf 69' lang='grc' dir='ltr'>ξυναράμενος,</span> <span class='ocrx_word' id='word_1_92' title='bbox 281 612 332 639; x_wconf 73' lang='grc' dir='ltr'>καὶ</span> <span class='ocrx_word' id='word_1_93' title='bbox 358 611 480 645; x_wconf 76' lang='grc' dir='ltr'>γεγονὼς</span> <span class='ocrx_word' id='word_1_94' title='bbox 497 612 526 637; x_wconf 81' lang='grc' dir='ltr'>ὲν</span> <span class='ocrx_word' id='word_1_95' title='bbox 541 611 640 647; x_wconf 79' lang='grc' dir='ltr'>καιρῷ,</span> <span class='ocrx_word' id='word_1_96' title='bbox 658 611 705 637; x_wconf 84' lang='grc' dir='ltr'><strong>νῦν</strong></span> <span class='ocrx_word' id='word_1_97' title='bbox 726 611 749 637; x_wconf 85' lang='grc' dir='ltr'><strong>δ’</strong></span> <span class='ocrx_word' id='word_1_98' title='bbox 771 611 801 643; x_wconf 77' lang='grc' dir='ltr'>ἐξ</span> <span class='ocrx_word' id='word_1_99' title='bbox 819 608 857 638; x_wconf 85' lang='grc' dir='ltr'>ὧν</span> 
     </span>
    </p>
   </div>
   <div class='ocr_carea' id='block_1_13' title="bbox 76 656 856 692">
    <p class='ocr_par' dir='ltr' id='par_1_13' title="bbox 76 656 856 692">
     <span class='ocr_line' id='line_1_13' title="bbox 76 656 856 692; baseline 0 -9"><span class='ocrx_word' id='word_1_100' title='bbox 76 659 157 690; x_wconf 66' lang='grc' dir='ltr'>οὕτως</span> <span class='ocrx_word' id='word_1_101' title='bbox 170 657 199 685; x_wconf 76' lang='grc' dir='ltr'>εὖ</span> <span class='ocrx_word' id='word_1_102' title='bbox 217 657 293 692; x_wconf 70' lang='grc' dir='ltr'>μάλα</span> <span class='ocrx_word' id='word_1_103' title='bbox 309 657 358 683; x_wconf 82' lang='grc' dir='ltr'>καὶ</span> <span class='ocrx_word' id='word_1_104' title='bbox 372 657 441 692; x_wconf 81' lang='grc' dir='ltr'>μετὰ</span> <span class='ocrx_word' id='word_1_105' title='bbox 455 656 604 689; x_wconf 78' lang='grc' dir='ltr'><strong>διαθέσεως</strong></span> <span class='ocrx_word' id='word_1_106' title='bbox 617 656 797 688; x_wconf 81' lang='grc' dir='ltr'>ὲπιστέλλεις.</span> <span class='ocrx_word' id='word_1_107' title='bbox 814 657 856 688; x_wconf 88' lang='grc' dir='ltr'>Ὠς</span> 
     </span>
    </p>
   </div>
   <div class='ocr_carea' id='block_1_14' title="bbox 77 701 858 738">
    <p class='ocr_par' dir='ltr' id='par_1_14' title="bbox 77 701 858 738">
     <span class='ocr_line' id='line_1_14' title="bbox 77 701 858 738; baseline -0.003 -9"><span class='ocrx_word' id='word_1_108' title='bbox 77 703 119 730; x_wconf 71' lang='grc' dir='ltr'><strong>καί</strong></span> <span class='ocrx_word' id='word_1_109' title='bbox 135 711 206 734; x_wconf 80' lang='grc' dir='ltr'>τινος</span> <span class='ocrx_word' id='word_1_110' title='bbox 223 704 276 730; x_wconf 78' lang='grc' dir='ltr'>οὐκ</span> <span class='ocrx_word' id='word_1_111' title='bbox 294 703 425 738; x_wconf 79' lang='grc' dir='ltr'>ἀχάριτος</span> <span class='ocrx_word' id='word_1_112' title='bbox 443 702 588 735; x_wconf 85' lang='grc' dir='ltr'>ξυναυλίας</span> <span class='ocrx_word' id='word_1_113' title='bbox 603 701 730 728; x_wconf 81' lang='grc' dir='ltr'>ἐνταυθοῖ</span> <span class='ocrx_word' id='word_1_114' title='bbox 756 710 858 736; x_wconf 56' lang='grc' dir='ltr'>μνημομ</span> 
     </span>
    </p>
   </div>
   <div class='ocr_carea' id='block_1_15' title="bbox 77 747 855 784">
    <p class='ocr_par' dir='ltr' id='par_1_15' title="bbox 77 747 855 784">
     <span class='ocr_line' id='line_1_15' title="bbox 77 747 855 784; baseline -0.005 -8"><span class='ocrx_word' id='word_1_115' title='bbox 77 751 167 782; x_wconf 75' lang='grc' dir='ltr'>νεύειν,</span> <span class='ocrx_word' id='word_1_116' title='bbox 185 751 233 777; x_wconf 77' lang='grc' dir='ltr'>καὶ</span> <span class='ocrx_word' id='word_1_117' title='bbox 247 749 297 781; x_wconf 83' lang='grc' dir='ltr'><strong>τὰς</strong></span> <span class='ocrx_word' id='word_1_118' title='bbox 309 750 415 784; x_wconf 82' lang='grc' dir='ltr'>ἡμέρας</span> <span class='ocrx_word' id='word_1_119' title='bbox 430 748 538 780; x_wconf 77' lang='grc' dir='ltr'>ἐκείνας</span> <span class='ocrx_word' id='word_1_120' title='bbox 551 747 730 782; x_wconf 75' lang='grc' dir='ltr'><strong>ἑορτασίμους</strong></span> <span class='ocrx_word' id='word_1_121' title='bbox 751 747 855 780; x_wconf 81' lang='grc' dir='ltr'>καλεῖν,</span> 
     </span>
    </p>
   </div>
   <div class='ocr_carea' id='block_1_16' title="bbox 76 792 857 830">
    <p class='ocr_par' dir='ltr' id='par_1_16' title="bbox 76 792 857 830">
     <span class='ocr_line' id='line_1_16' title="bbox 76 792 857 830; baseline -0.005 -8"><span class='ocrx_word' id='word_1_122' title='bbox 76 797 154 827; x_wconf 56' lang='lat' dir='ltr'><strong>inﬁcit;</strong></span> <span class='ocrx_word' id='word_1_123' title='bbox 166 796 203 826; x_wconf 84' lang='grc' dir='ltr'><strong>ὡς</strong></span> <span class='ocrx_word' id='word_1_124' title='bbox 218 795 340 830; x_wconf 72' lang='grc' dir='ltr'>μάλιστα</span> <span class='ocrx_word' id='word_1_125' title='bbox 358 795 566 828; x_wconf 77' lang='grc' dir='ltr'>συλλογίζεσθαι</span> <span class='ocrx_word' id='word_1_126' title='bbox 584 793 621 824; x_wconf 85' lang='grc' dir='ltr'>ὡς</span> <span class='ocrx_word' id='word_1_127' title='bbox 637 794 678 819; x_wconf 82' lang='grc' dir='ltr'>ὅτι</span> <span class='ocrx_word' id='word_1_128' title='bbox 696 793 734 828; x_wconf 82' lang='grc' dir='ltr'>μὴ</span> <span class='ocrx_word' id='word_1_129' title='bbox 750 792 798 818; x_wconf 76' lang='grc' dir='ltr'>καὶ</span> <span class='ocrx_word' id='word_1_130' title='bbox 809 792 857 819; x_wconf 85' lang='grc' dir='ltr'><strong>νῦν</strong></span> 
     </span>
    </p>
   </div>
   <div class='ocr_carea' id='block_1_17' title="bbox 77 837 854 876">
    <p class='ocr_par' dir='ltr' id='par_1_17' title="bbox 77 837 854 876">
     <span class='ocr_line' id='line_1_17' title="bbox 77 837 854 876; baseline -0.006 -9"><span class='ocrx_word' id='word_1_131' title='bbox 77 842 137 876; x_wconf 73' lang='grc' dir='ltr'>ὑπὲρ</span> <span class='ocrx_word' id='word_1_132' title='bbox 160 841 242 875; x_wconf 86' lang='grc' dir='ltr'>ήμῶν</span> <span class='ocrx_word' id='word_1_133' title='bbox 271 840 350 866; x_wconf 86' lang='grc' dir='ltr'>ταῦτ’</span> <span class='ocrx_word' id='word_1_134' title='bbox 374 840 432 865; x_wconf 76' lang='grc' dir='ltr'>ἐστι</span> <span class='ocrx_word' id='word_1_135' title='bbox 462 848 503 865; x_wconf 83' lang='grc' dir='ltr'><strong>σοι</strong></span> <span class='ocrx_word' id='word_1_136' title='bbox 531 839 671 873; x_wconf 84' lang='grc' dir='ltr'>πράττειν,</span> <span class='ocrx_word' id='word_1_137' title='bbox 699 838 729 863; x_wconf 87' lang='grc' dir='ltr'>οὺ</span> <span class='ocrx_word' id='word_1_138' title='bbox 750 837 854 872; x_wconf 81' lang='grc' dir='ltr'>μικρῶς</span> 
     </span>
    </p>
   </div>
   <div class='ocr_carea' id='block_1_18' title="bbox 910 246 1690 281">
    <p class='ocr_par' dir='ltr' id='par_1_18' title="bbox 910 246 1690 281">
     <span class='ocr_line' id='line_1_18' title="bbox 910 246 1690 281; baseline -0.001 -8"><span class='ocrx_word' id='word_1_139' title='bbox 910 251 1056 281; x_wconf 84' lang='lat' dir='ltr'><strong>utrumque</strong></span> <span class='ocrx_word' id='word_1_140' title='bbox 1072 254 1104 273; x_wconf 87' lang='lat' dir='ltr'><strong>ex</strong></span> <span class='ocrx_word' id='word_1_141' title='bbox 1120 251 1236 281; x_wconf 90' lang='lat' dir='ltr'><strong>utroque</strong></span> <span class='ocrx_word' id='word_1_142' title='bbox 1254 247 1409 278; x_wconf 87' lang='lat' dir='ltr'><strong>astruitur;</strong></span> <span class='ocrx_word' id='word_1_143' title='bbox 1435 254 1522 280; x_wconf 70' lang='lat' dir='ltr'><strong>neque</strong></span> <span class='ocrx_word' id='word_1_144' title='bbox 1543 246 1615 273; x_wconf 91' lang='lat' dir='ltr'><strong>enim</strong></span> <span class='ocrx_word' id='word_1_145' title='bbox 1639 251 1690 277; x_wconf 78' lang='lat' dir='ltr'><strong>cst,</strong></span> 
     </span>
    </p>
   </div>
   <div class='ocr_carea' id='block_1_19' title="bbox 910 291 1691 326">
    <p class='ocr_par' dir='ltr' id='par_1_19' title="bbox 910 291 1691 326">
     <span class='ocr_line' id='line_1_19' title="bbox 910 291 1691 326; baseline -0.003 -7"><span class='ocrx_word' id='word_1_146' title='bbox 910 299 963 319; x_wconf 89' lang='lat' dir='ltr'><strong>non</strong></span> <span class='ocrx_word' id='word_1_147' title='bbox 979 298 1022 318; x_wconf 86' lang='lat' dir='ltr'><strong>est</strong></span> <span class='ocrx_word' id='word_1_148' title='bbox 1034 299 1108 324; x_wconf 75' lang='lat' dir='ltr'><strong>vero,</strong></span> <span class='ocrx_word' id='word_1_149' title='bbox 1124 291 1272 326; x_wconf 84' lang='lat' dir='ltr'><strong>quidquam</strong></span> <span class='ocrx_word' id='word_1_150' title='bbox 1289 298 1381 318; x_wconf 90' lang='lat' dir='ltr'><strong>rerum</strong></span> <span class='ocrx_word' id='word_1_151' title='bbox 1399 291 1533 323; x_wconf 88' lang='lat' dir='ltr'><strong>omnium,</strong></span> <span class='ocrx_word' id='word_1_152' title='bbox 1550 291 1622 326; x_wconf 90' lang='lat' dir='ltr'><strong>quod</strong></span> <span class='ocrx_word' id='word_1_153' title='bbox 1637 299 1691 317; x_wconf 89' lang='lat' dir='ltr'><strong>non</strong></span> 
     </span>
    </p>
   </div>
   <div class='ocr_carea' id='block_1_20' title="bbox 910 335 1692 372">
    <p class='ocr_par' dir='ltr' id='par_1_20' title="bbox 910 335 1692 372">
     <span class='ocr_line' id='line_1_20' title="bbox 910 335 1692 372; baseline -0.004 -8"><span class='ocrx_word' id='word_1_154' title='bbox 910 337 1031 372; x_wconf 82' lang='lat' dir='ltr'><strong>legitimo</strong></span> <span class='ocrx_word' id='word_1_155' title='bbox 1048 336 1128 363; x_wconf 88' lang='lat' dir='ltr'><strong>modo</strong></span> <span class='ocrx_word' id='word_1_156' title='bbox 1142 336 1309 370; x_wconf 87' lang='lat' dir='ltr'><strong>calculisque</strong></span> <span class='ocrx_word' id='word_1_157' title='bbox 1322 335 1461 362; x_wconf 87' lang='lat' dir='ltr'><strong>subductis</strong></span> <span class='ocrx_word' id='word_1_158' title='bbox 1474 339 1502 362; x_wconf 91' lang='lat' dir='ltr'><strong>tu</strong></span> <span class='ocrx_word' id='word_1_159' title='bbox 1515 343 1589 370; x_wconf 82' lang='lat' dir='ltr'><strong>agas,</strong></span> <span class='ocrx_word' id='word_1_160' title='bbox 1604 335 1692 361; x_wconf 86' lang='lat' dir='ltr'><strong>nihilo</strong></span> 
     </span>
    </p>
   </div>
   <div class='ocr_carea' id='block_1_21' title="bbox 910 380 1692 416">
    <p class='ocr_par' dir='ltr' id='par_1_21' title="bbox 910 380 1692 416">
     <span class='ocr_line' id='line_1_21' title="bbox 910 380 1692 416; baseline -0.001 -8"><span class='ocrx_word' id='word_1_161' title='bbox 910 389 975 408; x_wconf 84' lang='lat' dir='ltr'><strong>sane</strong></span> <span class='ocrx_word' id='word_1_162' title='bbox 990 381 1052 416; x_wconf 84' lang='lat' dir='ltr'><strong>plus</strong></span> <span class='ocrx_word' id='word_1_163' title='bbox 1068 389 1150 416; x_wconf 89' lang='lat' dir='ltr'><strong>quam</strong></span> <span class='ocrx_word' id='word_1_164' title='bbox 1171 385 1202 408; x_wconf 90' lang='lat' dir='ltr'><strong>ut</strong></span> <span class='ocrx_word' id='word_1_165' title='bbox 1216 385 1270 408; x_wconf 86' lang='lat' dir='ltr'><strong>tres</strong></span> <span class='ocrx_word' id='word_1_166' title='bbox 1294 380 1321 408; x_wconf 89' lang='lat' dir='ltr'><strong>in</strong></span> <span class='ocrx_word' id='word_1_167' title='bbox 1342 380 1481 415; x_wconf 74' lang='lat' dir='ltr'><strong>triangulo</strong></span> <span class='ocrx_word' id='word_1_168' title='bbox 1502 380 1612 414; x_wconf 78' lang='lat' dir='ltr'><strong>anguli,</strong></span> <span class='ocrx_word' id='word_1_169' title='bbox 1637 388 1692 407; x_wconf 88' lang='lat' dir='ltr'><strong>nou</strong></span> 
     </span>
    </p>
   </div>
   <div class='ocr_carea' id='block_1_22' title="bbox 910 426 1693 461">
    <p class='ocr_par' dir='ltr' id='par_1_22' title="bbox 910 426 1693 461">
     <span class='ocr_line' id='line_1_22' title="bbox 910 426 1693 461; baseline -0.003 -7"><span class='ocrx_word' id='word_1_170' title='bbox 910 427 1018 454; x_wconf 86' lang='lat' dir='ltr'><strong>duobus</strong></span> <span class='ocrx_word' id='word_1_171' title='bbox 1033 427 1116 454; x_wconf 88' lang='lat' dir='ltr'><strong>rectis</strong></span> <span class='ocrx_word' id='word_1_172' title='bbox 1131 426 1187 454; x_wconf 87' lang='lat' dir='ltr'><strong>sint</strong></span> <span class='ocrx_word' id='word_1_173' title='bbox 1201 426 1328 461; x_wconf 78' lang='lat' dir='ltr'><strong>aequales.</strong></span> <span class='ocrx_word' id='word_1_174' title='bbox 1345 426 1529 459; x_wconf 80' lang='lat' dir='ltr'><strong>Quamobrem</strong></span> <span class='ocrx_word' id='word_1_175' title='bbox 1543 431 1570 453; x_wconf 88' lang='lat' dir='ltr'><strong>et</strong></span> <span class='ocrx_word' id='word_1_176' title='bbox 1588 426 1638 453; x_wconf 91' lang='lat' dir='ltr'><strong>soli</strong></span> <span class='ocrx_word' id='word_1_177' title='bbox 1660 434 1693 453; x_wconf 76' lang='lat' dir='ltr'><strong>ex</strong></span> 
     </span>
    </p>
   </div>
   <div class='ocr_carea' id='block_1_23' title="bbox 909 471 1692 506">
    <p class='ocr_par' dir='ltr' id='par_1_23' title="bbox 909 471 1692 506">
     <span class='ocr_line' id='line_1_23' title="bbox 909 471 1692 506; baseline -0.001 -8"><span class='ocrx_word' id='word_1_178' title='bbox 909 471 1038 499; x_wconf 87' lang='lat' dir='ltr'><strong>omnibus</strong></span> <span class='ocrx_word' id='word_1_179' title='bbox 1052 471 1099 498; x_wconf 86' lang='lat' dir='ltr'><strong>libi</strong></span> <span class='ocrx_word' id='word_1_180' title='bbox 1113 471 1171 499; x_wconf 75' lang='lat' dir='ltr'><strong>haec</strong></span> <span class='ocrx_word' id='word_1_181' title='bbox 1186 472 1260 499; x_wconf 86' lang='lat' dir='ltr'><strong>velut</strong></span> <span class='ocrx_word' id='word_1_182' title='bbox 1280 472 1390 506; x_wconf 86' lang='lat' dir='ltr'><strong>propria</strong></span> <span class='ocrx_word' id='word_1_183' title='bbox 1407 476 1470 498; x_wconf 91' lang='lat' dir='ltr'><strong>nota</strong></span> <span class='ocrx_word' id='word_1_184' title='bbox 1486 476 1537 503; x_wconf 83' lang='lat' dir='ltr'><strong>est,</strong></span> <span class='ocrx_word' id='word_1_185' title='bbox 1555 476 1583 499; x_wconf 90' lang='lat' dir='ltr'><strong>et</strong></span> <span class='ocrx_word' id='word_1_186' title='bbox 1605 471 1692 498; x_wconf 86' lang='lat' dir='ltr'><strong>nostri</strong></span> 
     </span>
    </p>
   </div>
   <div class='ocr_carea' id='block_1_24' title="bbox 908 517 1693 552">
    <p class='ocr_par' dir='ltr' id='par_1_24' title="bbox 908 517 1693 552">
     <span class='ocr_line' id='line_1_24' title="bbox 908 517 1693 552; baseline 0 -8"><span class='ocrx_word' id='word_1_187' title='bbox 908 517 1042 552; x_wconf 87' lang='lat' dir='ltr'><strong>ipsorum,</strong></span> <span class='ocrx_word' id='word_1_188' title='bbox 1062 517 1115 545; x_wconf 90' lang='lat' dir='ltr'><strong>nisi</strong></span> <span class='ocrx_word' id='word_1_189' title='bbox 1141 519 1289 546; x_wconf 85' lang='lat' dir='ltr'><strong>acerrimos</strong></span> <span class='ocrx_word' id='word_1_190' title='bbox 1311 518 1430 545; x_wconf 76' lang='lat' dir='ltr'><strong>cultores</strong></span> <span class='ocrx_word' id='word_1_191' title='bbox 1454 523 1527 550; x_wconf 88' lang='lat' dir='ltr'><strong>tuos,</strong></span> <span class='ocrx_word' id='word_1_192' title='bbox 1542 523 1570 544; x_wconf 90' lang='lat' dir='ltr'><strong>et</strong></span> <span class='ocrx_word' id='word_1_193' title='bbox 1593 523 1693 552; x_wconf 74' lang='lat' dir='ltr'><strong>praeter</strong></span> 
     </span>
    </p>
   </div>
   <div class='ocr_carea' id='block_1_25' title="bbox 908 563 1693 598">
    <p class='ocr_par' dir='ltr' id='par_1_25' title="bbox 908 563 1693 598">
     <span class='ocr_line' id='line_1_25' title="bbox 908 563 1693 598; baseline 0 -9"><span class='ocrx_word' id='word_1_194' title='bbox 908 567 1022 590; x_wconf 61' lang='lat' dir='ltr'><strong>caeteros</strong></span> <span class='ocrx_word' id='word_1_195' title='bbox 1047 570 1143 590; x_wconf 90' lang='lat' dir='ltr'><strong>omnes</strong></span> <span class='ocrx_word' id='word_1_196' title='bbox 1167 564 1260 598; x_wconf 64' lang='lat' dir='ltr'><strong>gratiae</strong></span> <span class='ocrx_word' id='word_1_197' title='bbox 1286 569 1338 590; x_wconf 75' lang='lat' dir='ltr'><strong>tua:</strong></span> <span class='ocrx_word' id='word_1_198' title='bbox 1361 563 1474 598; x_wconf 73' lang='lat' dir='ltr'><strong>cupidos</strong></span> <span class='ocrx_word' id='word_1_199' title='bbox 1501 563 1693 597; x_wconf 84' lang='lat' dir='ltr'><strong>studiososque</strong></span> 
     </span>
    </p>
   </div>
   <div class='ocr_carea' id='block_1_26' title="bbox 908 607 1693 642">
    <p class='ocr_par' dir='ltr' id='par_1_26' title="bbox 908 607 1693 642">
     <span class='ocr_line' id='line_1_26' title="bbox 908 607 1693 642; baseline -0.001 -7"><span class='ocrx_word' id='word_1_200' title='bbox 908 615 969 635; x_wconf 88' lang='lat' dir='ltr'><strong>esse</strong></span> <span class='ocrx_word' id='word_1_201' title='bbox 983 607 1080 641; x_wconf 82' lang='lat' dir='ltr'><strong>scires,</strong></span> <span class='ocrx_word' id='word_1_202' title='bbox 1101 608 1174 636; x_wconf 87' lang='lat' dir='ltr'><strong>haud</strong></span> <span class='ocrx_word' id='word_1_203' title='bbox 1193 608 1274 635; x_wconf 85' lang='lat' dir='ltr'><strong>ullam</strong></span> <span class='ocrx_word' id='word_1_204' title='bbox 1301 608 1417 636; x_wconf 81' lang='lat' dir='ltr'><strong>haberes</strong></span> <span class='ocrx_word' id='word_1_205' title='bbox 1440 608 1583 635; x_wconf 81' lang='lat' dir='ltr'><strong>rationem.</strong></span> <span class='ocrx_word' id='word_1_206' title='bbox 1610 608 1693 642; x_wconf 82' lang='lat' dir='ltr'><strong>Atqui</strong></span> 
     </span>
    </p>
   </div>
   <div class='ocr_carea' id='block_1_27' title="bbox 909 648 1694 688">
    <p class='ocr_par' dir='ltr' id='par_1_27' title="bbox 909 648 1694 688">
     <span class='ocr_line' id='line_1_27' title="bbox 909 648 1694 688; baseline 0 -8"><span class='ocrx_word' id='word_1_207' title='bbox 909 653 983 680; x_wconf 91' lang='lat' dir='ltr'><strong>nullo</strong></span> <span class='ocrx_word' id='word_1_208' title='bbox 993 648 1052 680; x_wconf 55' lang='lat' dir='ltr'><strong>non&quot;</strong></span> <span class='ocrx_word' id='word_1_209' title='bbox 1065 658 1188 688; x_wconf 86' lang='lat' dir='ltr'><strong>tempore</strong></span> <span class='ocrx_word' id='word_1_210' title='bbox 1208 654 1293 680; x_wconf 90' lang='lat' dir='ltr'><strong>nostri</strong></span> <span class='ocrx_word' id='word_1_211' title='bbox 1313 653 1446 680; x_wconf 82' lang='lat' dir='ltr'><strong>rationem</strong></span> <span class='ocrx_word' id='word_1_212' title='bbox 1469 653 1573 687; x_wconf 85' lang='lat' dir='ltr'><strong>habes;</strong></span> <span class='ocrx_word' id='word_1_213' title='bbox 1591 654 1694 688; x_wconf 90' lang='lat' dir='ltr'><strong>quippe</strong></span> 
     </span>
    </p>
   </div>
   <div class='ocr_carea' id='block_1_28' title="bbox 907 699 1692 735">
    <p class='ocr_par' dir='ltr' id='par_1_28' title="bbox 907 699 1692 735">
     <span class='ocr_line' id='line_1_28' title="bbox 907 699 1692 735; baseline 0.001 -9"><span class='ocrx_word' id='word_1_214' title='bbox 907 699 954 734; x_wconf 88' lang='lat' dir='ltr'><strong>qui</strong></span> <span class='ocrx_word' id='word_1_215' title='bbox 977 704 1004 726; x_wconf 87' lang='lat' dir='ltr'><strong>et</strong></span> <span class='ocrx_word' id='word_1_216' title='bbox 1023 699 1089 727; x_wconf 89' lang='lat' dir='ltr'><strong>olim</strong></span> <span class='ocrx_word' id='word_1_217' title='bbox 1111 700 1322 735; x_wconf 87' lang='lat' dir='ltr'><strong>quamplurimis</strong></span> <span class='ocrx_word' id='word_1_218' title='bbox 1340 707 1530 735; x_wconf 76' lang='lat' dir='ltr'><strong>saepenumero</strong></span> <span class='ocrx_word' id='word_1_219' title='bbox 1557 701 1583 726; x_wconf 90' lang='lat' dir='ltr'><strong>in</strong></span> <span class='ocrx_word' id='word_1_220' title='bbox 1609 701 1692 728; x_wconf 93' lang='lat' dir='ltr'><strong>rebus</strong></span> 
     </span>
    </p>
   </div>
   <div class='ocr_carea' id='block_1_29' title="bbox 908 745 1733 781">
    <p class='ocr_par' dir='ltr' id='par_1_29' title="bbox 908 745 1733 781">
     <span class='ocr_line' id='line_1_29' title="bbox 908 745 1733 781; baseline 0.004 -9"><span class='ocrx_word' id='word_1_221' title='bbox 908 745 1055 772; x_wconf 80' lang='lat' dir='ltr'><strong>maximum</strong></span> <span class='ocrx_word' id='word_1_222' title='bbox 1073 746 1269 774; x_wconf 86' lang='lat' dir='ltr'><strong>adminiculum</strong></span> <span class='ocrx_word' id='word_1_223' title='bbox 1284 747 1410 779; x_wconf 86' lang='lat' dir='ltr'><strong>attulisti,</strong></span> <span class='ocrx_word' id='word_1_224' title='bbox 1435 751 1463 774; x_wconf 90' lang='lat' dir='ltr'><strong>et</strong></span> <span class='ocrx_word' id='word_1_225' title='bbox 1490 752 1693 781; x_wconf 74' lang='lat' dir='ltr'><strong>peropportune</strong></span> <span class='ocrx_word' id='word_1_226' title='bbox 1731 772 1733 775; x_wconf 90' lang='lat'><strong>.</strong></span> 
     </span>
    </p>
   </div>
   <div class='ocr_carea' id='block_1_30' title="bbox 907 791 1690 823">
    <p class='ocr_par' dir='ltr' id='par_1_30' title="bbox 907 791 1690 823">
     <span class='ocr_line' id='line_1_30' title="bbox 907 791 1690 823; baseline 0 -5"><span class='ocrx_word' id='word_1_227' title='bbox 907 791 1030 819; x_wconf 79' lang='lat' dir='ltr'><strong>adfuisti.</strong></span> <span class='ocrx_word' id='word_1_228' title='bbox 1050 792 1084 819; x_wconf 88' lang='lat' dir='ltr'><strong>Et</strong></span> <span class='ocrx_word' id='word_1_229' title='bbox 1101 792 1259 823; x_wconf 90' lang='lat' dir='ltr'><strong>nunc,dum</strong></span> <span class='ocrx_word' id='word_1_230' title='bbox 1276 792 1311 819; x_wconf 88' lang='lat' dir='ltr'><strong>ita</strong></span> <span class='ocrx_word' id='word_1_231' title='bbox 1323 792 1466 823; x_wconf 80' lang='lat' dir='ltr'><strong>benevole,</strong></span> <span class='ocrx_word' id='word_1_232' title='bbox 1484 797 1511 819; x_wconf 86' lang='lat' dir='ltr'><strong>et</strong></span> <span class='ocrx_word' id='word_1_233' title='bbox 1525 800 1586 819; x_wconf 87' lang='lat' dir='ltr'><strong>cum</strong></span> <span class='ocrx_word' id='word_1_234' title='bbox 1598 792 1690 819; x_wconf 82' lang='lat' dir='ltr'><strong>nativa</strong></span> 
     </span>
    </p>
   </div>
   <div class='ocr_carea' id='block_1_31' title="bbox 907 833 1689 869">
    <p class='ocr_par' dir='ltr' id='par_1_31' title="bbox 907 833 1689 869">
     <span class='ocr_line' id='line_1_31' title="bbox 907 833 1689 869; baseline 0.001 -6"><span class='ocrx_word' id='word_1_235' title='bbox 907 837 990 864; x_wconf 85' lang='lat' dir='ltr'><strong>animi</strong></span> <span class='ocrx_word' id='word_1_236' title='bbox 1019 833 1168 864; x_wconf 68' lang='lat' dir='ltr'><strong>affectione</strong></span> <span class='ocrx_word' id='word_1_237' title='bbox 1188 837 1268 864; x_wconf 91' lang='lat' dir='ltr'><strong>nobis</strong></span> <span class='ocrx_word' id='word_1_238' title='bbox 1286 837 1405 869; x_wconf 88' lang='lat' dir='ltr'><strong>scribis;</strong></span> <span class='ocrx_word' id='word_1_239' title='bbox 1433 843 1463 864; x_wconf 90' lang='lat' dir='ltr'><strong>ut</strong></span> <span class='ocrx_word' id='word_1_240' title='bbox 1487 837 1572 864; x_wconf 85' lang='lat' dir='ltr'><strong>etiam</strong></span> <span class='ocrx_word' id='word_1_241' title='bbox 1601 839 1689 864; x_wconf 92' lang='lat' dir='ltr'><strong>mutui</strong></span> 
     </span>
    </p>
   </div>
   <div class='ocr_carea' id='block_1_32' title="bbox 76 874 854 921">
    <p class='ocr_par' dir='ltr' id='par_1_32' title="bbox 76 880 853 921">
     <span class='ocr_line' id='line_1_32' title="bbox 76 880 853 921; baseline -0.006 -8"><span class='ocrx_word' id='word_1_242' title='bbox 76 886 265 921; x_wconf 70' lang='grc' dir='ltr'>δυσχεραίνεις.</span> <span class='ocrx_word' id='word_1_243' title='bbox 284 886 317 912; x_wconf 87' lang='lat'><strong>&#39;0</strong></span> <span class='ocrx_word' id='word_1_244' title='bbox 335 885 382 911; x_wconf 78' lang='grc' dir='ltr'>καὶ</span> <span class='ocrx_word' id='word_1_245' title='bbox 408 885 454 911; x_wconf 85' lang='grc' dir='ltr'><strong>τοῦ</strong></span> <span class='ocrx_word' id='word_1_246' title='bbox 470 884 615 919; x_wconf 71' lang='grc' dir='ltr'>τυγχάνειν</span> <span class='ocrx_word' id='word_1_247' title='bbox 633 883 710 910; x_wconf 76' lang='grc' dir='ltr'>οὐδὲν</span> <span class='ocrx_word' id='word_1_248' title='bbox 725 880 807 919; x_wconf 82' lang='grc' dir='ltr'>ἧττον</span> <span class='ocrx_word' id='word_1_249' title='bbox 822 882 853 918; x_wconf 80' lang='grc' dir='ltr'>ή-</span> 
     </span>
    </p>
   </div>
   <div class='ocr_carea' id='block_1_33' title="bbox 923 874 1690 921">
    <p class='ocr_par' dir='ltr' id='par_1_33' title="bbox 923 882 1690 918">
     <span class='ocr_line' id='line_1_33' title="bbox 923 882 1690 918; baseline 0.001 -9"><span class='ocrx_word' id='word_1_250' title='bbox 923 882 1046 918; x_wconf 85' lang='lat' dir='ltr'><strong>ujusdam</strong></span> <span class='ocrx_word' id='word_1_251' title='bbox 1069 890 1124 910; x_wconf 91' lang='lat' dir='ltr'><strong>non</strong></span> <span class='ocrx_word' id='word_1_252' title='bbox 1157 883 1298 918; x_wconf 86' lang='lat' dir='ltr'><strong>injucundi</strong></span> <span class='ocrx_word' id='word_1_253' title='bbox 1329 887 1480 910; x_wconf 87' lang='lat' dir='ltr'><strong>concentus</strong></span> <span class='ocrx_word' id='word_1_254' title='bbox 1520 883 1690 910; x_wconf 88' lang='lat' dir='ltr'><strong>mentionem</strong></span> 
     </span>
    </p>
   </div>
   <div class='ocr_carea' id='block_1_34' title="bbox 77 926 1694 966">
    <p class='ocr_par' dir='ltr' id='par_1_34' title="bbox 77 926 1694 966">
     <span class='ocr_line' id='line_1_34' title="bbox 77 926 1694 966; baseline -0.002 -8"><span class='ocrx_word' id='word_1_255' title='bbox 77 934 124 966; x_wconf 63' lang='lat' dir='ltr'><strong>pia.</strong></span> <span class='ocrx_word' id='word_1_256' title='bbox 907 926 1002 959; x_wconf 82' lang='lat' dir='ltr'><strong>facias,</strong></span> <span class='ocrx_word' id='word_1_257' title='bbox 1019 931 1047 953; x_wconf 85' lang='lat' dir='ltr'><strong>et</strong></span> <span class='ocrx_word' id='word_1_258' title='bbox 1066 927 1128 954; x_wconf 89' lang='lat' dir='ltr'><strong>illos</strong></span> <span class='ocrx_word' id='word_1_259' title='bbox 1144 927 1210 954; x_wconf 88' lang='lat' dir='ltr'><strong>olim</strong></span> <span class='ocrx_word' id='word_1_260' title='bbox 1227 927 1286 954; x_wconf 88' lang='lat' dir='ltr'><strong>dies</strong></span> <span class='ocrx_word' id='word_1_261' title='bbox 1303 927 1388 955; x_wconf 87' lang='lat' dir='ltr'><strong>festos</strong></span> <span class='ocrx_word' id='word_1_262' title='bbox 1405 928 1537 962; x_wconf 86' lang='lat' dir='ltr'><strong>appelles.</strong></span> <span class='ocrx_word' id='word_1_263' title='bbox 1551 927 1610 961; x_wconf 88' lang='lat' dir='ltr'><strong>Quo</strong></span> <span class='ocrx_word' id='word_1_264' title='bbox 1626 928 1694 955; x_wconf 89' lang='lat' dir='ltr'><strong>illud</strong></span> 
     </span>
    </p>
   </div>
   <div class='ocr_carea' id='block_1_35' title="bbox 76 973 1692 1012">
    <p class='ocr_par' dir='ltr' id='par_1_35' title="bbox 76 973 1692 1012">
     <span class='ocr_line' id='line_1_35' title="bbox 76 973 1692 1012; baseline -0.002 -9"><span class='ocrx_word' id='word_1_265' title='bbox 76 977 240 1012; x_wconf 74' lang='lat' dir='ltr'><strong>potiSsimum</strong></span> <span class='ocrx_word' id='word_1_266' title='bbox 266 975 453 1012; x_wconf 74' lang='lat' dir='ltr'><strong>colligendum</strong></span> <span class='ocrx_word' id='word_1_267' title='bbox 479 975 538 1008; x_wconf 83' lang='lat' dir='ltr'><strong>das,</strong></span> <span class='ocrx_word' id='word_1_268' title='bbox 569 980 595 1003; x_wconf 86' lang='lat' dir='ltr'><strong>te</strong></span> <span class='ocrx_word' id='word_1_269' title='bbox 621 974 695 1010; x_wconf 92' lang='lat' dir='ltr'><strong>quod</strong></span> <span class='ocrx_word' id='word_1_270' title='bbox 723 981 778 1001; x_wconf 90' lang='lat' dir='ltr'><strong>non</strong></span> <span class='ocrx_word' id='word_1_271' title='bbox 803 974 855 1001; x_wconf 88' lang='lat' dir='ltr'><strong>hoc</strong></span> <span class='ocrx_word' id='word_1_272' title='bbox 873 973 955 1000; x_wconf 85' lang='lat' dir='ltr'><strong>etiam</strong></span> <span class='ocrx_word' id='word_1_273' title='bbox 985 977 1110 1008; x_wconf 87' lang='lat' dir='ltr'><strong>tempore</strong></span> <span class='ocrx_word' id='word_1_274' title='bbox 1138 979 1233 1001; x_wconf 88' lang='lat' dir='ltr'><strong>nostra</strong></span> <span class='ocrx_word' id='word_1_275' title='bbox 1244 981 1326 1001; x_wconf 84' lang='lat' dir='ltr'><strong>causa</strong></span> <span class='ocrx_word' id='word_1_276' title='bbox 1341 973 1398 1001; x_wconf 60' lang='lat' dir='ltr'><strong>haec</strong></span> <span class='ocrx_word' id='word_1_277' title='bbox 1408 973 1465 1008; x_wconf 88' lang='lat' dir='ltr'><strong>ipsa</strong></span> <span class='ocrx_word' id='word_1_278' title='bbox 1479 974 1587 1001; x_wconf 85' lang='lat' dir='ltr'><strong>etlicere</strong></span> <span class='ocrx_word' id='word_1_279' title='bbox 1604 978 1692 1007; x_wconf 81' lang='lat' dir='ltr'><strong>potes,</strong></span> 
     </span>
    </p>
   </div>
   <div class='ocr_carea' id='block_1_36' title="bbox 77 1015 1719 1056">
    <p class='ocr_par' dir='ltr' id='par_1_36' title="bbox 77 1015 1719 1056">
     <span class='ocr_line' id='line_1_36' title="bbox 77 1015 1719 1056; baseline -0.002 -6"><span class='ocrx_word' id='word_1_280' title='bbox 77 1024 137 1051; x_wconf 84' lang='lat' dir='ltr'><strong>haud</strong></span> <span class='ocrx_word' id='word_1_281' title='bbox 151 1023 332 1050; x_wconf 88' lang='lat' dir='ltr'><strong>mediocriter</strong></span> <span class='ocrx_word' id='word_1_282' title='bbox 351 1023 442 1049; x_wconf 89' lang='lat' dir='ltr'><strong>animo</strong></span> <span class='ocrx_word' id='word_1_283' title='bbox 470 1022 650 1054; x_wconf 86' lang='lat' dir='ltr'><strong>commoveri,</strong></span> <span class='ocrx_word' id='word_1_284' title='bbox 675 1021 701 1048; x_wconf 91' lang='lat' dir='ltr'><strong>id</strong></span> <span class='ocrx_word' id='word_1_285' title='bbox 725 1020 799 1056; x_wconf 89' lang='lat' dir='ltr'><strong>quod</strong></span> <span class='ocrx_word' id='word_1_286' title='bbox 823 1019 911 1047; x_wconf 88' lang='lat' dir='ltr'><strong>nihilo</strong></span> <span class='ocrx_word' id='word_1_287' title='bbox 944 1020 1023 1047; x_wconf 86' lang='lat' dir='ltr'><strong>nobis</strong></span> <span class='ocrx_word' id='word_1_288' title='bbox 1042 1020 1158 1048; x_wconf 89' lang='lat' dir='ltr'><strong>minoris</strong></span> <span class='ocrx_word' id='word_1_289' title='bbox 1176 1024 1228 1053; x_wconf 86' lang='lat' dir='ltr'><strong>est,</strong></span> <span class='ocrx_word' id='word_1_290' title='bbox 1255 1028 1337 1055; x_wconf 89' lang='lat' dir='ltr'><strong>quam</strong></span> <span class='ocrx_word' id='word_1_291' title='bbox 1363 1020 1386 1048; x_wconf 87' lang='lat' dir='ltr'><strong>si</strong></span> <span class='ocrx_word' id='word_1_292' title='bbox 1425 1021 1478 1047; x_wconf 89' lang='lat' dir='ltr'><strong>voti</strong></span> <span class='ocrx_word' id='word_1_293' title='bbox 1512 1020 1597 1047; x_wconf 80' lang='lat' dir='ltr'><strong>nostri</strong></span> <span class='ocrx_word' id='word_1_294' title='bbox 1619 1015 1719 1047; x_wconf 77' lang='lat' dir='ltr'><strong>com-&#39;</strong></span> 
     </span>
    </p>
   </div>
   <div class='ocr_carea' id='block_1_37' title="bbox 72 1075 353 1107">
    <p class='ocr_par' dir='ltr' id='par_1_37' title="bbox 72 1075 353 1107">
     <span class='ocr_line' id='line_1_37' title="bbox 72 1075 353 1107; baseline -0.018 -4"><span class='ocrx_word' id='word_1_295' title='bbox 72 1078 142 1107; x_wconf 70' lang='lat' dir='ltr'><strong>putes</strong></span> <span class='ocrx_word' id='word_1_296' title='bbox 155 1075 353 1102; x_wconf 84' lang='lat' dir='ltr'><strong>evaderemus.</strong></span> 
     </span>
    </p>
   </div>
   <div class='ocr_carea' id='block_1_38' title="bbox 75 1138 853 1176">
    <p class='ocr_par' dir='ltr' id='par_1_38' title="bbox 75 1138 853 1176">
     <span class='ocr_line' id='line_1_38' title="bbox 75 1138 853 1176; baseline -0.004 -7"><span class='ocrx_word' id='word_1_297' title='bbox 75 1144 104 1170; x_wconf 83' lang='lat' dir='ltr'><strong>Z&#39;.</strong></span> <span class='ocrx_word' id='word_1_298' title='bbox 122 1142 290 1176; x_wconf 78' lang='grc' dir='ltr'>Ἐπιστολή</span> <span class='ocrx_word' id='word_1_299' title='bbox 322 1141 376 1168; x_wconf 82' lang='grc' dir='ltr'><strong>τοῦ</strong></span> <span class='ocrx_word' id='word_1_300' title='bbox 401 1141 578 1175; x_wconf 71' lang='grc' dir='ltr'>σοφωτάτου</span> <span class='ocrx_word' id='word_1_301' title='bbox 601 1139 773 1174; x_wconf 75' lang='grc' dir='ltr'>Νικηφόρου</span> <span class='ocrx_word' id='word_1_302' title='bbox 801 1138 853 1166; x_wconf 84' lang='grc' dir='ltr'><strong>τοῦ</strong></span> 
     </span>
    </p>
   </div>
   <div class='ocr_carea' id='block_1_39' title="bbox 267 1175 651 1212">
    <p class='ocr_par' dir='ltr' id='par_1_39' title="bbox 267 1175 651 1212">
     <span class='ocr_line' id='line_1_39' title="bbox 267 1175 651 1212; baseline -0.008 -7"><span class='ocrx_word' id='word_1_303' title='bbox 267 1175 408 1212; x_wconf 79' lang='grc' dir='ltr'>Γρηγορᾶ</span> <span class='ocrx_word' id='word_1_304' title='bbox 422 1175 462 1209; x_wconf 86' lang='grc' dir='ltr'>τῷ</span> <span class='ocrx_word' id='word_1_305' title='bbox 477 1175 651 1210; x_wconf 78' lang='grc' dir='ltr'>Μαγίστρῳ.</span> 
     </span>
    </p>
   </div>
   <div class='ocr_carea' id='block_1_40' title="bbox 103 1229 853 1268">
    <p class='ocr_par' dir='ltr' id='par_1_40' title="bbox 103 1229 853 1268">
     <span class='ocr_line' id='line_1_40' title="bbox 103 1229 853 1268; baseline -0.008 -8"><span class='ocrx_word' id='word_1_306' title='bbox 103 1233 195 1260; x_wconf 82' lang='grc' dir='ltr'>Πολλοί</span> <span class='ocrx_word' id='word_1_307' title='bbox 207 1241 255 1268; x_wconf 83' lang='grc' dir='ltr'><strong>μοι</strong></span> <span class='ocrx_word' id='word_1_308' title='bbox 272 1232 320 1259; x_wconf 79' lang='grc' dir='ltr'>τὸν</span> <span class='ocrx_word' id='word_1_309' title='bbox 335 1231 381 1258; x_wconf 66' lang='grc' dir='ltr'><strong>σὺν</strong></span> <span class='ocrx_word' id='word_1_310' title='bbox 411 1231 551 1266; x_wconf 78' lang='grc' dir='ltr'>ἐμήνυσαν</span> <span class='ocrx_word' id='word_1_311' title='bbox 567 1230 677 1266; x_wconf 79' lang='grc' dir='ltr'>τρόπον,</span> <span class='ocrx_word' id='word_1_312' title='bbox 691 1229 729 1260; x_wconf 86' lang='grc' dir='ltr'>ὡς</span> <span class='ocrx_word' id='word_1_313' title='bbox 743 1229 853 1264; x_wconf 81' lang='grc' dir='ltr'>πλήρης</span> 
     </span>
    </p>
   </div>
   <div class='ocr_carea' id='block_1_41' title="bbox 74 1274 853 1313">
    <p class='ocr_par' dir='ltr' id='par_1_41' title="bbox 74 1274 853 1313">
     <span class='ocr_line' id='line_1_41' title="bbox 74 1274 853 1313; baseline -0.004 -9"><span class='ocrx_word' id='word_1_314' title='bbox 74 1279 157 1313; x_wconf 72' lang='grc' dir='ltr'>ἐγένου</span> <span class='ocrx_word' id='word_1_315' title='bbox 176 1278 313 1309; x_wconf 77' lang='grc' dir='ltr'>πολλάκις</span> <span class='ocrx_word' id='word_1_316' title='bbox 336 1277 427 1312; x_wconf 79' lang='grc' dir='ltr'>ὁρμῆς</span> <span class='ocrx_word' id='word_1_317' title='bbox 444 1278 473 1308; x_wconf 81' lang='grc' dir='ltr'>ἐς</span> <span class='ocrx_word' id='word_1_318' title='bbox 493 1277 523 1303; x_wconf 79' lang='grc' dir='ltr'>τὸ</span> <span class='ocrx_word' id='word_1_319' title='bbox 538 1277 656 1311; x_wconf 83' lang='grc' dir='ltr'>γράφειν</span> <span class='ocrx_word' id='word_1_320' title='bbox 671 1275 749 1310; x_wconf 72' lang='grc' dir='ltr'>ἡμῖν.</span> <span class='ocrx_word' id='word_1_321' title='bbox 771 1274 853 1301; x_wconf 82' lang='grc' dir='ltr'>Ἀλλά</span> 
     </span>
    </p>
   </div>
   <div class='ocr_carea' id='block_1_42' title="bbox 75 1320 859 1358">
    <p class='ocr_par' dir='ltr' id='par_1_42' title="bbox 75 1320 859 1358">
     <span class='ocr_line' id='line_1_42' title="bbox 75 1320 859 1358; baseline -0.004 -8"><span class='ocrx_word' id='word_1_322' title='bbox 75 1334 110 1356; x_wconf 81' lang='grc' dir='ltr'><strong>τις</strong></span> <span class='ocrx_word' id='word_1_323' title='bbox 124 1324 152 1357; x_wconf 77' lang='grc' dir='ltr'>ἐξ</span> <span class='ocrx_word' id='word_1_324' title='bbox 167 1324 322 1351; x_wconf 80' lang='grc' dir='ltr'>ἀντιπάλου</span> <span class='ocrx_word' id='word_1_325' title='bbox 347 1323 499 1358; x_wconf 83' lang='grc' dir='ltr'>φερόμενος</span> <span class='ocrx_word' id='word_1_326' title='bbox 525 1322 667 1356; x_wconf 74' lang='grc' dir='ltr'>λογισμὸς,</span> <span class='ocrx_word' id='word_1_327' title='bbox 692 1320 859 1356; x_wconf 77' lang='grc' dir='ltr'>ἀντέκρουσέ</span> 
     </span>
    </p>
   </div>
   <div class='ocr_carea' id='block_1_43' title="bbox 74 1366 858 1406">
    <p class='ocr_par' dir='ltr' id='par_1_43' title="bbox 74 1366 858 1406">
     <span class='ocr_line' id='line_1_43' title="bbox 74 1366 858 1406; baseline -0.006 -9"><span class='ocrx_word' id='word_1_328' title='bbox 74 1380 98 1396; x_wconf 79' lang='grc' dir='ltr'><strong>τε</strong></span> <span class='ocrx_word' id='word_1_329' title='bbox 108 1371 153 1397; x_wconf 77' lang='grc' dir='ltr'>καὶ</span> <span class='ocrx_word' id='word_1_330' title='bbox 169 1370 246 1406; x_wconf 79' lang='grc' dir='ltr'>μάλα</span> <span class='ocrx_word' id='word_1_331' title='bbox 263 1369 389 1405; x_wconf 77' lang='grc' dir='ltr'>σφοδρῶς</span> <span class='ocrx_word' id='word_1_332' title='bbox 403 1369 454 1404; x_wconf 84' lang='grc' dir='ltr'>τὴν</span> <span class='ocrx_word' id='word_1_333' title='bbox 470 1368 600 1402; x_wconf 76' lang='grc' dir='ltr'>τοιαύτην</span> <span class='ocrx_word' id='word_1_334' title='bbox 613 1366 702 1402; x_wconf 79' lang='grc' dir='ltr'>ὁρμὴν</span> <span class='ocrx_word' id='word_1_335' title='bbox 718 1366 858 1401; x_wconf 84' lang='grc' dir='ltr'>ἀνεχαίτι-</span> 
     </span>
    </p>
   </div>
   <div class='ocr_carea' id='block_1_44' title="bbox 76 1412 858 1452">
    <p class='ocr_par' dir='ltr' id='par_1_44' title="bbox 76 1412 858 1452">
     <span class='ocr_line' id='line_1_44' title="bbox 76 1412 858 1452; baseline -0.005 -10"><span class='ocrx_word' id='word_1_336' title='bbox 76 1425 124 1450; x_wconf 81' lang='grc' dir='ltr'>σεν,</span> <span class='ocrx_word' id='word_1_337' title='bbox 146 1418 222 1445; x_wconf 74' lang='grc' dir='ltr'>αἴτια</span> <span class='ocrx_word' id='word_1_338' title='bbox 246 1416 466 1452; x_wconf 77' lang='grc' dir='ltr'>προϐαλλόμενος</span> <span class='ocrx_word' id='word_1_339' title='bbox 496 1415 565 1449; x_wconf 85' lang='grc' dir='ltr'>πρός</span> <span class='ocrx_word' id='word_1_340' title='bbox 588 1421 620 1447; x_wconf 88' lang='grc' dir='ltr'><strong>γε</strong></span> <span class='ocrx_word' id='word_1_341' title='bbox 641 1415 698 1445; x_wconf 80' lang='grc' dir='ltr'>τοῖς</span> <span class='ocrx_word' id='word_1_342' title='bbox 720 1413 811 1444; x_wconf 85' lang='grc' dir='ltr'>ἄλλοις</span> <span class='ocrx_word' id='word_1_343' title='bbox 828 1412 858 1438; x_wconf 78' lang='grc' dir='ltr'>τὸ</span> 
     </span>
    </p>
   </div>
   <div class='ocr_carea' id='block_1_45' title="bbox 75 1458 858 1498">
    <p class='ocr_par' dir='ltr' id='par_1_45' title="bbox 75 1458 858 1498">
     <span class='ocr_line' id='line_1_45' title="bbox 75 1458 858 1498; baseline -0.008 -8"><span class='ocrx_word' id='word_1_344' title='bbox 75 1464 151 1498; x_wconf 73' lang='grc' dir='ltr'>μήπω</span> <span class='ocrx_word' id='word_1_345' title='bbox 165 1472 195 1489; x_wconf 83' lang='grc' dir='ltr'><strong>τε</strong></span> <span class='ocrx_word' id='word_1_346' title='bbox 209 1463 278 1498; x_wconf 83' lang='grc' dir='ltr'>ἡμῖν</span> <span class='ocrx_word' id='word_1_347' title='bbox 295 1460 502 1496; x_wconf 77' lang='grc' dir='ltr'>συγγεγονέναι,</span> <span class='ocrx_word' id='word_1_348' title='bbox 519 1460 583 1495; x_wconf 86' lang='grc' dir='ltr'>μήτ’</span> <span class='ocrx_word' id='word_1_349' title='bbox 599 1459 688 1490; x_wconf 76' lang='grc' dir='ltr'>ἄλλως</span> <span class='ocrx_word' id='word_1_350' title='bbox 702 1459 798 1492; x_wconf 81' lang='grc' dir='ltr'>μαθεῖν</span> <span class='ocrx_word' id='word_1_351' title='bbox 811 1458 858 1485; x_wconf 81' lang='grc' dir='ltr'>τὸν</span> 
     </span>
    </p>
   </div>
   <div class='ocr_carea' id='block_1_46' title="bbox 74 1504 859 1545">
    <p class='ocr_par' dir='ltr' id='par_1_46' title="bbox 74 1504 859 1545">
     <span class='ocr_line' id='line_1_46' title="bbox 74 1504 859 1545; baseline -0.008 -9"><span class='ocrx_word' id='word_1_352' title='bbox 74 1510 200 1545; x_wconf 71' lang='grc' dir='ltr'>ἡμέτερον</span> <span class='ocrx_word' id='word_1_353' title='bbox 211 1509 326 1544; x_wconf 82' lang='grc' dir='ltr'>τρόπον,</span> <span class='ocrx_word' id='word_1_354' title='bbox 340 1508 430 1539; x_wconf 86' lang='grc' dir='ltr'>όποῖος</span> <span class='ocrx_word' id='word_1_355' title='bbox 441 1515 448 1522; x_wconf 84' lang='grc'><strong>·</strong></span> <span class='ocrx_word' id='word_1_356' title='bbox 467 1504 539 1532; x_wconf 76' lang='grc' dir='ltr'>εἶναι</span> <span class='ocrx_word' id='word_1_357' title='bbox 561 1506 616 1541; x_wconf 68' lang='grc' dir='ltr'><strong>γὰρ</strong></span> <span class='ocrx_word' id='word_1_358' title='bbox 633 1505 782 1539; x_wconf 81' lang='grc' dir='ltr'>πολυσχιδῆ</span> <span class='ocrx_word' id='word_1_359' title='bbox 809 1504 859 1531; x_wconf 82' lang='grc' dir='ltr'>καὶ</span> 
     </span>
    </p>
   </div>
   <div class='ocr_carea' id='block_1_47' title="bbox 907 1136 1695 1173">
    <p class='ocr_par' dir='ltr' id='par_1_47' title="bbox 907 1136 1695 1173">
     <span class='ocr_line' id='line_1_47' title="bbox 907 1136 1695 1173; baseline -0.004 -7"><span class='ocrx_word' id='word_1_360' title='bbox 907 1137 962 1166; x_wconf 87' lang='lat' dir='ltr'><strong>VII.</strong></span> <span class='ocrx_word' id='word_1_361' title='bbox 973 1137 1168 1173; x_wconf 66' lang='lat' dir='ltr'><strong>Sapientisn‘mi</strong></span> <span class='ocrx_word' id='word_1_362' title='bbox 1179 1136 1393 1173; x_wconf 21' lang='lat' dir='ltr'><strong>viriiNicepliori</strong></span> <span class='ocrx_word' id='word_1_363' title='bbox 1406 1137 1528 1172; x_wconf 75' lang='lat' dir='ltr'><strong>Gregorw</strong></span> <span class='ocrx_word' id='word_1_364' title='bbox 1539 1136 1646 1172; x_wconf 75' lang='lat' dir='ltr'><strong>epistola</strong></span> <span class='ocrx_word' id='word_1_365' title='bbox 1660 1137 1695 1163; x_wconf 80' lang='lat' dir='ltr'><strong>ad</strong></span> 
     </span>
    </p>
   </div>
   <div class='ocr_carea' id='block_1_48' title="bbox 1219 1171 1390 1208">
    <p class='ocr_par' dir='ltr' id='par_1_48' title="bbox 1219 1171 1390 1208">
     <span class='ocr_line' id='line_1_48' title="bbox 1219 1171 1390 1208; baseline 0 -9"><span class='ocrx_word' id='word_1_366' title='bbox 1219 1171 1390 1208; x_wconf 71' lang='lat' dir='ltr'><strong>Magistrum.</strong></span> 
     </span>
    </p>
   </div>
   <div class='ocr_carea' id='block_1_49' title="bbox 941 1229 1694 1266">
    <p class='ocr_par' dir='ltr' id='par_1_49' title="bbox 941 1229 1694 1266">
     <span class='ocr_line' id='line_1_49' title="bbox 941 1229 1694 1266; baseline -0.001 -8"><span class='ocrx_word' id='word_1_367' title='bbox 941 1231 1001 1259; x_wconf 79' lang='lat' dir='ltr'><strong>Jam</strong></span> <span class='ocrx_word' id='word_1_368' title='bbox 1019 1237 1034 1258; x_wconf 86' lang='lat' dir='ltr'><strong>a</strong></span> <span class='ocrx_word' id='word_1_369' title='bbox 1049 1229 1175 1266; x_wconf 85' lang='lat' dir='ltr'><strong>pluribus</strong></span> <span class='ocrx_word' id='word_1_370' title='bbox 1192 1230 1227 1258; x_wconf 90' lang='lat' dir='ltr'><strong>de</strong></span> <span class='ocrx_word' id='word_1_371' title='bbox 1246 1234 1272 1257; x_wconf 85' lang='lat' dir='ltr'><strong>te</strong></span> <span class='ocrx_word' id='word_1_372' title='bbox 1297 1230 1408 1265; x_wconf 86' lang='lat' dir='ltr'><strong>tuisque</strong></span> <span class='ocrx_word' id='word_1_373' title='bbox 1436 1230 1560 1258; x_wconf 85' lang='lat' dir='ltr'><strong>moribus</strong></span> <span class='ocrx_word' id='word_1_374' title='bbox 1591 1238 1694 1257; x_wconf 85' lang='lat' dir='ltr'><strong>renun-</strong></span> 
     </span>
    </p>
   </div>
   <div class='ocr_carea' id='block_1_50' title="bbox 908 1276 1694 1312">
    <p class='ocr_par' dir='ltr' id='par_1_50' title="bbox 908 1276 1694 1312">
     <span class='ocr_line' id='line_1_50' title="bbox 908 1276 1694 1312; baseline -0.003 -7"><span class='ocrx_word' id='word_1_375' title='bbox 908 1278 1006 1305; x_wconf 84' lang='lat' dir='ltr'><strong>tiatum</strong></span> <span class='ocrx_word' id='word_1_376' title='bbox 1023 1278 1091 1305; x_wconf 90' lang='lat' dir='ltr'><strong>mihi</strong></span> <span class='ocrx_word' id='word_1_377' title='bbox 1103 1277 1165 1311; x_wconf 87' lang='lat' dir='ltr'><strong>fuit,</strong></span> <span class='ocrx_word' id='word_1_378' title='bbox 1182 1277 1256 1312; x_wconf 90' lang='lat' dir='ltr'><strong>quod</strong></span> <span class='ocrx_word' id='word_1_379' title='bbox 1271 1285 1334 1305; x_wconf 90' lang='lat' dir='ltr'><strong>cum</strong></span> <span class='ocrx_word' id='word_1_380' title='bbox 1348 1277 1431 1312; x_wconf 88' lang='lat' dir='ltr'><strong>pleno</strong></span> <span class='ocrx_word' id='word_1_381' title='bbox 1455 1277 1555 1312; x_wconf 70' lang='lat' dir='ltr'><strong>saepius</strong></span> <span class='ocrx_word' id='word_1_382' title='bbox 1575 1276 1608 1303; x_wconf 85' lang='lat' dir='ltr'><strong>ad</strong></span> <span class='ocrx_word' id='word_1_383' title='bbox 1627 1277 1694 1304; x_wconf 85' lang='lat' dir='ltr'><strong>scri-</strong></span> 
     </span>
    </p>
   </div>
   <div class='ocr_carea' id='block_1_51' title="bbox 907 1323 1694 1358">
    <p class='ocr_par' dir='ltr' id='par_1_51' title="bbox 907 1323 1694 1358">
     <span class='ocr_line' id='line_1_51' title="bbox 907 1323 1694 1358; baseline -0.003 -7"><span class='ocrx_word' id='word_1_384' title='bbox 907 1323 1026 1353; x_wconf 89' lang='lat' dir='ltr'><strong>bendum</strong></span> <span class='ocrx_word' id='word_1_385' title='bbox 1047 1323 1128 1351; x_wconf 89' lang='lat' dir='ltr'><strong>nobis</strong></span> <span class='ocrx_word' id='word_1_386' title='bbox 1153 1324 1256 1358; x_wconf 87' lang='lat' dir='ltr'><strong>impetu</strong></span> <span class='ocrx_word' id='word_1_387' title='bbox 1281 1323 1400 1356; x_wconf 80' lang='lat' dir='ltr'><strong>fuisses,</strong></span> <span class='ocrx_word' id='word_1_388' title='bbox 1422 1323 1546 1357; x_wconf 70' lang='lat' dir='ltr'><strong>quazdatn</strong></span> <span class='ocrx_word' id='word_1_389' title='bbox 1574 1330 1637 1350; x_wconf 78' lang='lat' dir='ltr'><strong>mox</strong></span> <span class='ocrx_word' id='word_1_390' title='bbox 1660 1330 1694 1349; x_wconf 81' lang='lat' dir='ltr'><strong>ex</strong></span> 
     </span>
    </p>
   </div>
   <div class='ocr_carea' id='block_1_52' title="bbox 906 1367 1695 1403">
    <p class='ocr_par' dir='ltr' id='par_1_52' title="bbox 906 1367 1695 1403">
     <span class='ocr_line' id='line_1_52' title="bbox 906 1367 1695 1403; baseline -0.001 -7"><span class='ocrx_word' id='word_1_391' title='bbox 906 1369 1022 1396; x_wconf 89' lang='lat' dir='ltr'><strong>adverso</strong></span> <span class='ocrx_word' id='word_1_392' title='bbox 1036 1368 1167 1403; x_wconf 83' lang='lat' dir='ltr'><strong>ingruens</strong></span> <span class='ocrx_word' id='word_1_393' title='bbox 1180 1368 1320 1403; x_wconf 78' lang='lat' dir='ltr'><strong>cogitatio,</strong></span> <span class='ocrx_word' id='word_1_394' title='bbox 1339 1368 1413 1395; x_wconf 88' lang='lat' dir='ltr'><strong>hunc</strong></span> <span class='ocrx_word' id='word_1_395' title='bbox 1429 1368 1518 1402; x_wconf 87' lang='lat' dir='ltr'><strong>ipsum</strong></span> <span class='ocrx_word' id='word_1_396' title='bbox 1535 1367 1695 1395; x_wconf 88' lang='lat' dir='ltr'><strong>vehementi</strong></span> 
     </span>
    </p>
   </div>
   <div class='ocr_carea' id='block_1_53' title="bbox 906 1414 1696 1449">
    <p class='ocr_par' dir='ltr' id='par_1_53' title="bbox 906 1414 1696 1449">
     <span class='ocr_line' id='line_1_53' title="bbox 906 1414 1696 1449; baseline 0.001 -8"><span class='ocrx_word' id='word_1_397' title='bbox 906 1414 968 1441; x_wconf 89' lang='lat' dir='ltr'><strong>nisu</strong></span> <span class='ocrx_word' id='word_1_398' title='bbox 982 1414 1115 1442; x_wconf 84' lang='lat' dir='ltr'><strong>retuderit</strong></span> <span class='ocrx_word' id='word_1_399' title='bbox 1129 1418 1211 1449; x_wconf 88' lang='lat' dir='ltr'><strong>atque</strong></span> <span class='ocrx_word' id='word_1_400' title='bbox 1224 1414 1415 1442; x_wconf 81' lang='lat' dir='ltr'><strong>sumaminarit</strong></span> <span class='ocrx_word' id='word_1_401' title='bbox 1433 1415 1577 1449; x_wconf 90' lang='lat' dir='ltr'><strong>impetum,</strong></span> <span class='ocrx_word' id='word_1_402' title='bbox 1596 1419 1696 1448; x_wconf 62' lang='lat' dir='ltr'><strong>praeter</strong></span> 
     </span>
    </p>
   </div>
   <div class='ocr_carea' id='block_1_54' title="bbox 907 1460 1696 1495">
    <p class='ocr_par' dir='ltr' id='par_1_54' title="bbox 907 1460 1696 1495">
     <span class='ocr_line' id='line_1_54' title="bbox 907 1460 1696 1495; baseline 0 -8"><span class='ocrx_word' id='word_1_403' title='bbox 907 1460 960 1487; x_wconf 86' lang='lat' dir='ltr'><strong>alia</strong></span> <span class='ocrx_word' id='word_1_404' title='bbox 972 1460 1059 1487; x_wconf 84' lang='lat' dir='ltr'><strong>ethoc</strong></span> <span class='ocrx_word' id='word_1_405' title='bbox 1074 1461 1164 1495; x_wconf 87' lang='lat' dir='ltr'><strong>ipsum</strong></span> <span class='ocrx_word' id='word_1_406' title='bbox 1181 1468 1270 1488; x_wconf 75' lang='lat' dir='ltr'><strong>causae</strong></span> <span class='ocrx_word' id='word_1_407' title='bbox 1284 1461 1346 1487; x_wconf 91' lang='lat' dir='ltr'><strong>loco</strong></span> <span class='ocrx_word' id='word_1_408' title='bbox 1360 1464 1524 1495; x_wconf 67' lang='lat' dir='ltr'><strong>prmtexens,</strong></span> <span class='ocrx_word' id='word_1_409' title='bbox 1541 1460 1614 1495; x_wconf 82' lang='lat' dir='ltr'><strong>quod</strong></span> <span class='ocrx_word' id='word_1_410' title='bbox 1630 1468 1696 1488; x_wconf 91' lang='lat' dir='ltr'><strong>nec-</strong></span> 
     </span>
    </p>
   </div>
   <div class='ocr_carea' id='block_1_55' title="bbox 906 1506 1696 1539">
    <p class='ocr_par' dir='ltr' id='par_1_55' title="bbox 906 1506 1696 1539">
     <span class='ocr_line' id='line_1_55' title="bbox 906 1506 1696 1539; baseline 0 -6"><span class='ocrx_word' id='word_1_411' title='bbox 906 1506 971 1533; x_wconf 88' lang='lat' dir='ltr'><strong>dum</strong></span> <span class='ocrx_word' id='word_1_412' title='bbox 987 1514 1036 1534; x_wconf 88' lang='lat' dir='ltr'><strong>nos</strong></span> <span class='ocrx_word' id='word_1_413' title='bbox 1051 1507 1239 1539; x_wconf 78' lang='lat' dir='ltr'><strong>convertisses,</strong></span> <span class='ocrx_word' id='word_1_414' title='bbox 1259 1513 1311 1534; x_wconf 88' lang='lat' dir='ltr'><strong>nec</strong></span> <span class='ocrx_word' id='word_1_415' title='bbox 1335 1506 1445 1534; x_wconf 86' lang='lat' dir='ltr'><strong>aliunde</strong></span> <span class='ocrx_word' id='word_1_416' title='bbox 1466 1511 1593 1534; x_wconf 86' lang='lat' dir='ltr'><strong>naturam</strong></span> <span class='ocrx_word' id='word_1_417' title='bbox 1617 1506 1696 1534; x_wconf 87' lang='lat' dir='ltr'><strong>indo-</strong></span> 
     </span>
    </p>
   </div>
   <div class='ocr_carea' id='block_1_56' title="bbox 74 1547 854 1589">
    <p class='ocr_par' dir='ltr' id='par_1_56' title="bbox 74 1551 854 1589">
     <span class='ocr_line' id='line_1_56' title="bbox 74 1551 854 1589; baseline -0.001 -9"><span class='ocrx_word' id='word_1_418' title='bbox 74 1556 139 1582; x_wconf 68' lang='grc' dir='ltr'>πάνυ</span> <span class='ocrx_word' id='word_1_419' title='bbox 154 1563 197 1581; x_wconf 70' lang='grc' dir='ltr'><strong>¹ιςοι</strong></span> <span class='ocrx_word' id='word_1_420' title='bbox 220 1555 326 1589; x_wconf 79' lang='grc' dir='ltr'>σφόδρα</span> <span class='ocrx_word' id='word_1_421' title='bbox 341 1554 458 1589; x_wconf 75' lang='grc' dir='ltr'>διάφορα</span> <span class='ocrx_word' id='word_1_422' title='bbox 487 1553 536 1579; x_wconf 76' lang='grc' dir='ltr'>καὶ</span> <span class='ocrx_word' id='word_1_423' title='bbox 553 1552 723 1579; x_wconf 82' lang='grc' dir='ltr'>δυσείκαστα</span> <span class='ocrx_word' id='word_1_424' title='bbox 736 1551 790 1578; x_wconf 78' lang='grc' dir='ltr'>τῶν</span> <span class='ocrx_word' id='word_1_425' title='bbox 808 1552 854 1579; x_wconf 91' lang='grc' dir='ltr'><strong>ἀν-</strong></span> 
     </span>
    </p>
   </div>
   <div class='ocr_carea' id='block_1_57' title="bbox 923 1547 1694 1589">
    <p class='ocr_par' dir='ltr' id='par_1_57' title="bbox 923 1554 1694 1589">
     <span class='ocr_line' id='line_1_57' title="bbox 923 1554 1694 1589; baseline 0.003 -10"><span class='ocrx_word' id='word_1_426' title='bbox 923 1559 1016 1587; x_wconf 70' lang='grc' dir='ltr'>ξιηίιυο</span> <span class='ocrx_word' id='word_1_427' title='bbox 1044 1557 1178 1584; x_wconf 89' lang='lat' dir='ltr'><strong>nostram,</strong></span> <span class='ocrx_word' id='word_1_428' title='bbox 1202 1554 1354 1589; x_wconf 84' lang='lat' dir='ltr'><strong>cujusmodi</strong></span> <span class='ocrx_word' id='word_1_429' title='bbox 1378 1559 1471 1586; x_wconf 85' lang='lat' dir='ltr'><strong>esset,</strong></span> <span class='ocrx_word' id='word_1_430' title='bbox 1497 1554 1694 1589; x_wconf 85' lang='lat' dir='ltr'><strong>percepisses:</strong></span> 
     </span>
    </p>
   </div>
   <div class='ocr_carea' id='block_1_58' title="bbox 74 1597 854 1636">
    <p class='ocr_par' dir='ltr' id='par_1_58' title="bbox 74 1597 854 1636">
     <span class='ocr_line' id='line_1_58' title="bbox 74 1597 854 1636; baseline -0.004 -10"><span class='ocrx_word' id='word_1_431' title='bbox 74 1601 181 1635; x_wconf 82' lang='grc' dir='ltr'>θρώπων</span> <span class='ocrx_word' id='word_1_432' title='bbox 196 1600 230 1627; x_wconf 73' lang='grc' dir='ltr'>τὰ</span> <span class='ocrx_word' id='word_1_433' title='bbox 244 1601 298 1636; x_wconf 68' lang='grc' dir='ltr'>ἢθη</span> <span class='ocrx_word' id='word_1_434' title='bbox 318 1601 365 1626; x_wconf 77' lang='grc' dir='ltr'>καὶ</span> <span class='ocrx_word' id='word_1_435' title='bbox 384 1599 490 1626; x_wconf 76' lang='grc' dir='ltr'>δεῖσθαι</span> <span class='ocrx_word' id='word_1_436' title='bbox 509 1598 620 1633; x_wconf 86' lang='grc' dir='ltr'>μακρᾶς</span> <span class='ocrx_word' id='word_1_437' title='bbox 642 1597 786 1629; x_wconf 81' lang='grc' dir='ltr'>συνουσίας</span> <span class='ocrx_word' id='word_1_438' title='bbox 807 1598 854 1624; x_wconf 74' lang='grc' dir='ltr'>καὶ</span> 
     </span>
    </p>
   </div>
   <div class='ocr_carea' id='block_1_59' title="bbox 74 1643 855 1682">
    <p class='ocr_par' dir='ltr' id='par_1_59' title="bbox 74 1643 855 1682">
     <span class='ocr_line' id='line_1_59' title="bbox 74 1643 855 1682; baseline -0.005 -9"><span class='ocrx_word' id='word_1_439' title='bbox 74 1648 163 1682; x_wconf 79' lang='grc' dir='ltr'>πείρας</span> <span class='ocrx_word' id='word_1_440' title='bbox 177 1647 251 1678; x_wconf 69' lang='grc' dir='ltr'>τινος</span> <span class='ocrx_word' id='word_1_441' title='bbox 268 1645 401 1681; x_wconf 72' lang='grc' dir='ltr'>ἀκριϐοῦς</span> <span class='ocrx_word' id='word_1_442' title='bbox 425 1647 466 1676; x_wconf 85' lang='grc' dir='ltr'><strong>είς</strong></span> <span class='ocrx_word' id='word_1_443' title='bbox 482 1645 647 1680; x_wconf 73' lang='grc' dir='ltr'>κατάληψιν.</span> <span class='ocrx_word' id='word_1_444' title='bbox 663 1644 718 1670; x_wconf 72' lang='grc' dir='ltr'><strong>Καὶ</strong></span> <span class='ocrx_word' id='word_1_445' title='bbox 735 1643 855 1679; x_wconf 76' lang='grc' dir='ltr'>ἐπῄνεσα</span> 
     </span>
    </p>
   </div>
   <div class='ocr_carea' id='block_1_60' title="bbox 74 1691 856 1728">
    <p class='ocr_par' dir='ltr' id='par_1_60' title="bbox 74 1691 856 1728">
     <span class='ocr_line' id='line_1_60' title="bbox 74 1691 856 1728; baseline -0.003 -10"><span class='ocrx_word' id='word_1_446' title='bbox 74 1694 102 1728; x_wconf 72' lang='grc' dir='ltr'>νὴ</span> <span class='ocrx_word' id='word_1_447' title='bbox 115 1695 173 1725; x_wconf 76' lang='grc' dir='ltr'>τοὺς</span> <span class='ocrx_word' id='word_1_448' title='bbox 191 1694 289 1727; x_wconf 80' lang='grc' dir='ltr'>λόγους</span> <span class='ocrx_word' id='word_1_449' title='bbox 310 1693 366 1728; x_wconf 83' lang='grc' dir='ltr'><strong>ἐγὼ</strong></span> <span class='ocrx_word' id='word_1_450' title='bbox 383 1693 497 1727; x_wconf 77' lang='grc' dir='ltr'>ταυτηνὶ</span> <span class='ocrx_word' id='word_1_451' title='bbox 517 1692 566 1728; x_wconf 83' lang='grc' dir='ltr'>τὴν</span> <span class='ocrx_word' id='word_1_452' title='bbox 591 1691 703 1724; x_wconf 79' lang='grc' dir='ltr'>δειλίαν,</span> <span class='ocrx_word' id='word_1_453' title='bbox 728 1692 775 1717; x_wconf 77' lang='grc' dir='ltr'>καὶ</span> <span class='ocrx_word' id='word_1_454' title='bbox 795 1692 856 1717; x_wconf 86' lang='grc' dir='ltr'>ἀνε-</span> 
     </span>
    </p>
   </div>
   <div class='ocr_carea' id='block_1_61' title="bbox 75 1737 853 1775">
    <p class='ocr_par' dir='ltr' id='par_1_61' title="bbox 75 1737 853 1775">
     <span class='ocr_line' id='line_1_61' title="bbox 75 1737 853 1775; baseline -0.004 -10"><span class='ocrx_word' id='word_1_455' title='bbox 75 1740 188 1775; x_wconf 71' lang='grc' dir='ltr'>μνήσθην</span> <span class='ocrx_word' id='word_1_456' title='bbox 214 1739 324 1766; x_wconf 71' lang='grc' dir='ltr'>ἐκείνου</span> <span class='ocrx_word' id='word_1_457' title='bbox 341 1738 387 1766; x_wconf 85' lang='grc' dir='ltr'><strong>τοῦ</strong></span> <span class='ocrx_word' id='word_1_458' title='bbox 416 1739 502 1774; x_wconf 81' lang='grc' dir='ltr'>μύθου</span> <span class='ocrx_word' id='word_1_459' title='bbox 516 1737 563 1764; x_wconf 86' lang='grc' dir='ltr'><strong>τοῦ</strong></span> <span class='ocrx_word' id='word_1_460' title='bbox 580 1737 715 1764; x_wconf 77' lang='grc' dir='ltr'><strong>Ἀττικοῦ.</strong></span> <span class='ocrx_word' id='word_1_461' title='bbox 736 1738 783 1769; x_wconf 82' lang='grc' dir='ltr'>Ὃς</span> <span class='ocrx_word' id='word_1_462' title='bbox 807 1737 853 1763; x_wconf 84' lang='grc' dir='ltr'><strong>Ἦ-</strong></span> 
     </span>
    </p>
   </div>
   <div class='ocr_carea' id='block_1_62' title="bbox 74 1783 856 1821">
    <p class='ocr_par' dir='ltr' id='par_1_62' title="bbox 74 1783 856 1821">
     <span class='ocr_line' id='line_1_62' title="bbox 74 1783 856 1821; baseline -0.004 -9"><span class='ocrx_word' id='word_1_463' title='bbox 74 1787 170 1821; x_wconf 71' lang='grc' dir='ltr'>φαίστῳ</span> <span class='ocrx_word' id='word_1_464' title='bbox 182 1786 228 1812; x_wconf 72' lang='grc' dir='ltr'><strong>τὸν</strong></span> <span class='ocrx_word' id='word_1_465' title='bbox 249 1786 354 1821; x_wconf 78' lang='grc' dir='ltr'>Μῶμον</span> <span class='ocrx_word' id='word_1_466' title='bbox 377 1786 484 1819; x_wconf 76' lang='grc' dir='ltr'>εἰσάγει</span> <span class='ocrx_word' id='word_1_467' title='bbox 505 1784 683 1819; x_wconf 76' lang='grc' dir='ltr'>μεμφόμενον</span> <span class='ocrx_word' id='word_1_468' title='bbox 698 1785 738 1810; x_wconf 80' lang='grc' dir='ltr'>ὅτι</span> <span class='ocrx_word' id='word_1_469' title='bbox 752 1783 790 1818; x_wconf 84' lang='grc' dir='ltr'>μὴ</span> <span class='ocrx_word' id='word_1_470' title='bbox 809 1783 856 1809; x_wconf 82' lang='grc' dir='ltr'><strong>θύ-</strong></span> 
     </span>
    </p>
   </div>
   <div class='ocr_carea' id='block_1_63' title="bbox 74 1828 854 1866">
    <p class='ocr_par' dir='ltr' id='par_1_63' title="bbox 74 1828 854 1866">
     <span class='ocr_line' id='line_1_63' title="bbox 74 1828 854 1866; baseline -0.005 -8"><span class='ocrx_word' id='word_1_471' title='bbox 74 1839 116 1865; x_wconf 78' lang='grc' dir='ltr'><strong>ρας</strong></span> <span class='ocrx_word' id='word_1_472' title='bbox 138 1832 184 1858; x_wconf 64' lang='grc' dir='ltr'><strong>ἐπὶ</strong></span> <span class='ocrx_word' id='word_1_473' title='bbox 201 1832 256 1858; x_wconf 86' lang='grc' dir='ltr'>τῶν</span> <span class='ocrx_word' id='word_1_474' title='bbox 272 1831 452 1866; x_wconf 78' lang='grc' dir='ltr'>ἀνθρωπίνων</span> <span class='ocrx_word' id='word_1_475' title='bbox 468 1831 606 1865; x_wconf 71' lang='grc' dir='ltr'>πεποίηκε</span> <span class='ocrx_word' id='word_1_476' title='bbox 622 1830 741 1864; x_wconf 84' lang='grc' dir='ltr'>στέρνων</span> <span class='ocrx_word' id='word_1_477' title='bbox 761 1828 854 1860; x_wconf 78' lang='grc' dir='ltr'>ὁπότε,</span> 
     </span>
    </p>
   </div>
   <div class='ocr_carea' id='block_1_64' title="bbox 74 1873 856 1912">
    <p class='ocr_par' dir='ltr' id='par_1_64' title="bbox 74 1873 856 1912">
     <span class='ocr_line' id='line_1_64' title="bbox 74 1873 856 1912; baseline -0.006 -8"><span class='ocrx_word' id='word_1_478' title='bbox 74 1878 157 1911; x_wconf 68' lang='grc' dir='ltr'>φησιν,</span> <span class='ocrx_word' id='word_1_479' title='bbox 170 1877 350 1912; x_wconf 74' lang='grc' dir='ltr'>ἐδημιούργει</span> <span class='ocrx_word' id='word_1_480' title='bbox 367 1877 412 1903; x_wconf 74' lang='grc' dir='ltr'>τὸν</span> <span class='ocrx_word' id='word_1_481' title='bbox 435 1876 580 1910; x_wconf 84' lang='grc' dir='ltr'>ἄνθρωπον</span> <span class='ocrx_word' id='word_1_482' title='bbox 594 1883 601 1891; x_wconf 93' lang='grc'><strong>·</strong></span> <span class='ocrx_word' id='word_1_483' title='bbox 616 1873 634 1910; x_wconf 84' lang='grc' dir='ltr'>ἦ</span> <span class='ocrx_word' id='word_1_484' title='bbox 648 1875 703 1910; x_wconf 77' lang='grc' dir='ltr'>γὰρ</span> <span class='ocrx_word' id='word_1_485' title='bbox 717 1874 750 1901; x_wconf 81' lang='grc' dir='ltr'>ἂν</span> <span class='ocrx_word' id='word_1_486' title='bbox 765 1874 856 1900; x_wconf 83' lang='grc' dir='ltr'>αὐτῶν</span> 
     </span>
    </p>
   </div>
   <div class='ocr_carea' id='block_1_65' title="bbox 73 1919 857 1958">
    <p class='ocr_par' dir='ltr' id='par_1_65' title="bbox 73 1919 857 1958">
     <span class='ocr_line' id='line_1_65' title="bbox 73 1919 857 1958; baseline -0.006 -9"><span class='ocrx_word' id='word_1_487' title='bbox 73 1923 251 1958; x_wconf 71' lang='grc' dir='ltr'>ἀνοιγομένων</span> <span class='ocrx_word' id='word_1_488' title='bbox 262 1924 345 1949; x_wconf 79' lang='grc' dir='ltr'>ὁπότε</span> <span class='ocrx_word' id='word_1_489' title='bbox 360 1923 455 1957; x_wconf 78' lang='grc' dir='ltr'>ἐχρῆν,</span> <span class='ocrx_word' id='word_1_490' title='bbox 465 1922 544 1957; x_wconf 81' lang='grc' dir='ltr'>δῆλα,</span> <span class='ocrx_word' id='word_1_491' title='bbox 562 1921 640 1956; x_wconf 79' lang='grc' dir='ltr'>φησὶ,</span> <span class='ocrx_word' id='word_1_492' title='bbox 657 1921 704 1947; x_wconf 77' lang='grc' dir='ltr'>καὶ</span> <span class='ocrx_word' id='word_1_493' title='bbox 720 1921 775 1950; x_wconf 80' lang='grc' dir='ltr'>τοῖς</span> <span class='ocrx_word' id='word_1_494' title='bbox 791 1919 857 1951; x_wconf 59' lang='lat' dir='ltr'><strong>Eia)-</strong></span> 
     </span>
    </p>
   </div>
   <div class='ocr_carea' id='block_1_66' title="bbox 72 1964 855 2006">
    <p class='ocr_par' dir='ltr' id='par_1_66' title="bbox 72 1964 855 2006">
     <span class='ocr_line' id='line_1_66' title="bbox 72 1964 855 2006; baseline -0.006 -11"><span class='ocrx_word' id='word_1_495' title='bbox 72 1969 111 1997; x_wconf 73' lang='grc' dir='ltr'><strong>θεν</strong></span> <span class='ocrx_word' id='word_1_496' title='bbox 124 1970 250 2006; x_wconf 77' lang='grc' dir='ltr'>ὁμιλοῦσι</span> <span class='ocrx_word' id='word_1_497' title='bbox 266 1969 300 1996; x_wconf 81' lang='grc' dir='ltr'><strong>τὰ</strong></span> <span class='ocrx_word' id='word_1_498' title='bbox 324 1969 399 1995; x_wconf 76' lang='grc' dir='ltr'>ἔνδον</span> <span class='ocrx_word' id='word_1_499' title='bbox 417 1968 524 2002; x_wconf 78' lang='grc' dir='ltr'>ὑπῆρχε</span> <span class='ocrx_word' id='word_1_500' title='bbox 541 1966 724 2002; x_wconf 83' lang='grc' dir='ltr'>βουλεύματα.</span> <span class='ocrx_word' id='word_1_501' title='bbox 744 1964 815 1998; x_wconf 86' lang='grc' dir='ltr'><strong>Ἐγὼ</strong></span> <span class='ocrx_word' id='word_1_502' title='bbox 828 1965 855 1990; x_wconf 78' lang='grc' dir='ltr'><strong>δὲ</strong></span> 
     </span>
    </p>
   </div>
   <div class='ocr_carea' id='block_1_67' title="bbox 73 2011 856 2052">
    <p class='ocr_par' dir='ltr' id='par_1_67' title="bbox 73 2011 856 2052">
     <span class='ocr_line' id='line_1_67' title="bbox 73 2011 856 2052; baseline -0.008 -9"><span class='ocrx_word' id='word_1_503' title='bbox 73 2017 134 2051; x_wconf 80' lang='grc' dir='ltr'>μήτε</span> <span class='ocrx_word' id='word_1_504' title='bbox 155 2016 303 2052; x_wconf 69' lang='grc' dir='ltr'>μιμεῖσθαί</span> <span class='ocrx_word' id='word_1_505' title='bbox 317 2024 347 2041; x_wconf 85' lang='grc' dir='ltr'><strong>σε</strong></span> <span class='ocrx_word' id='word_1_506' title='bbox 359 2014 455 2049; x_wconf 86' lang='grc' dir='ltr'>κρίνας</span> <span class='ocrx_word' id='word_1_507' title='bbox 469 2015 498 2041; x_wconf 79' lang='grc' dir='ltr'>ἐν</span> <span class='ocrx_word' id='word_1_508' title='bbox 512 2013 620 2044; x_wconf 71' lang='grc' dir='ltr'>τούτοις</span> <span class='ocrx_word' id='word_1_509' title='bbox 638 2013 723 2044; x_wconf 78' lang='grc' dir='ltr'>είκδς,</span> <span class='ocrx_word' id='word_1_510' title='bbox 739 2012 786 2038; x_wconf 73' lang='grc' dir='ltr'>καὶ</span> <span class='ocrx_word' id='word_1_511' title='bbox 798 2011 856 2045; x_wconf 71' lang='grc' dir='ltr'>ἅμα</span> 
     </span>
    </p>
   </div>
   <div class='ocr_carea' id='block_1_68' title="bbox 73 2057 856 2096">
    <p class='ocr_par' dir='ltr' id='par_1_68' title="bbox 73 2057 856 2096">
     <span class='ocr_line' id='line_1_68' title="bbox 73 2057 856 2096; baseline -0.005 -9"><span class='ocrx_word' id='word_1_512' title='bbox 73 2063 153 2094; x_wconf 72' lang='grc' dir='ltr'>πασας</span> <span class='ocrx_word' id='word_1_513' title='bbox 165 2064 215 2094; x_wconf 77' lang='grc' dir='ltr'>τὰς</span> <span class='ocrx_word' id='word_1_514' title='bbox 227 2061 360 2092; x_wconf 78' lang='grc' dir='ltr'>τοιαύτας</span> <span class='ocrx_word' id='word_1_515' title='bbox 372 2061 524 2096; x_wconf 74' lang='grc' dir='ltr'>προφάσεις</span> <span class='ocrx_word' id='word_1_516' title='bbox 537 2059 667 2090; x_wconf 78' lang='grc' dir='ltr'>καθάπαξ</span> <span class='ocrx_word' id='word_1_517' title='bbox 679 2057 856 2092; x_wconf 77' lang='grc' dir='ltr'>παραλλάξας</span> 
     </span>
    </p>
   </div>
   <div class='ocr_carea' id='block_1_69' title="bbox 73 2103 855 2144">
    <p class='ocr_par' dir='ltr' id='par_1_69' title="bbox 73 2103 855 2144">
     <span class='ocr_line' id='line_1_69' title="bbox 73 2103 855 2144; baseline -0.009 -9"><span class='ocrx_word' id='word_1_518' title='bbox 73 2109 113 2135; x_wconf 78' lang='grc' dir='ltr'>καὶ</span> <span class='ocrx_word' id='word_1_519' title='bbox 126 2109 251 2144; x_wconf 67' lang='grc' dir='ltr'>ὑπερϐὰς</span> <span class='ocrx_word' id='word_1_520' title='bbox 276 2107 402 2143; x_wconf 78' lang='grc' dir='ltr'>ὁμιλήσω</span> <span class='ocrx_word' id='word_1_521' title='bbox 424 2115 466 2133; x_wconf 84' lang='grc' dir='ltr'><strong>σοι</strong></span> <span class='ocrx_word' id='word_1_522' title='bbox 479 2105 528 2132; x_wconf 74' lang='grc' dir='ltr'>καὶ</span> <span class='ocrx_word' id='word_1_523' title='bbox 543 2105 687 2141; x_wconf 73' lang='grc' dir='ltr'>πόρρωθεν</span> <span class='ocrx_word' id='word_1_524' title='bbox 705 2104 756 2139; x_wconf 78' lang='grc' dir='ltr'><strong>ἥδη</strong></span> <span class='ocrx_word' id='word_1_525' title='bbox 770 2103 855 2129; x_wconf 85' lang='grc' dir='ltr'>καθά-</span> 
     </span>
    </p>
   </div>
   <div class='ocr_carea' id='block_1_70' title="bbox 73 2149 858 2189">
    <p class='ocr_par' dir='ltr' id='par_1_70' title="bbox 73 2149 858 2189">
     <span class='ocr_line' id='line_1_70' title="bbox 73 2149 858 2189; baseline -0.008 -10"><span class='ocrx_word' id='word_1_526' title='bbox 73 2162 118 2189; x_wconf 76' lang='grc' dir='ltr'><strong>περ</strong></span> <span class='ocrx_word' id='word_1_527' title='bbox 131 2155 246 2189; x_wconf 79' lang='grc' dir='ltr'>συνήθει</span> <span class='ocrx_word' id='word_1_528' title='bbox 263 2155 311 2180; x_wconf 71' lang='grc' dir='ltr'><strong>καὶ</strong></span> <span class='ocrx_word' id='word_1_529' title='bbox 326 2153 405 2187; x_wconf 85' lang='grc' dir='ltr'>φίλῳ,</span> <span class='ocrx_word' id='word_1_530' title='bbox 423 2152 491 2187; x_wconf 83' lang='grc' dir='ltr'>πρὸς</span> <span class='ocrx_word' id='word_1_531' title='bbox 505 2152 590 2187; x_wconf 84' lang='grc' dir='ltr'>μόνην</span> <span class='ocrx_word' id='word_1_532' title='bbox 603 2150 686 2185; x_wconf 79' lang='grc' dir='ltr'>αὐτὴν</span> <span class='ocrx_word' id='word_1_533' title='bbox 698 2149 858 2183; x_wconf 78' lang='grc' dir='ltr'>ἁποὸλέψας</span> 
     </span>
    </p>
   </div>
   <div class='ocr_carea' id='block_1_71' title="bbox 906 1599 1698 1635">
    <p class='ocr_par' dir='ltr' id='par_1_71' title="bbox 906 1599 1698 1635">
     <span class='ocr_line' id='line_1_71' title="bbox 906 1599 1698 1635; baseline 0.003 -9"><span class='ocrx_word' id='word_1_534' title='bbox 906 1599 991 1626; x_wconf 85' lang='lat' dir='ltr'><strong>scissa</strong></span> <span class='ocrx_word' id='word_1_535' title='bbox 1006 1599 1080 1626; x_wconf 90' lang='lat' dir='ltr'><strong>enim</strong></span> <span class='ocrx_word' id='word_1_536' title='bbox 1104 1599 1281 1626; x_wconf 82' lang='lat' dir='ltr'><strong>multifariam</strong></span> <span class='ocrx_word' id='word_1_537' title='bbox 1293 1620 1301 1633; x_wconf 89' lang='lat'><strong>,</strong></span> <span class='ocrx_word' id='word_1_538' title='bbox 1319 1604 1346 1628; x_wconf 90' lang='lat' dir='ltr'><strong>et</strong></span> <span class='ocrx_word' id='word_1_539' title='bbox 1368 1600 1485 1627; x_wconf 91' lang='lat' dir='ltr'><strong>nimium</strong></span> <span class='ocrx_word' id='word_1_540' title='bbox 1501 1605 1634 1635; x_wconf 86' lang='lat' dir='ltr'><strong>quantum</strong></span> <span class='ocrx_word' id='word_1_541' title='bbox 1655 1601 1698 1628; x_wconf 88' lang='lat' dir='ltr'><strong>di-</strong></span> 
     </span>
    </p>
   </div>
   <div class='ocr_carea' id='block_1_72' title="bbox 906 1641 1697 1681">
    <p class='ocr_par' dir='ltr' id='par_1_72' title="bbox 906 1641 1697 1681">
     <span class='ocr_line' id='line_1_72' title="bbox 906 1641 1697 1681; baseline 0.004 -10"><span class='ocrx_word' id='word_1_542' title='bbox 906 1652 996 1678; x_wconf 85' lang='lat' dir='ltr'><strong>versa,</strong></span> <span class='ocrx_word' id='word_1_543' title='bbox 1011 1649 1039 1672; x_wconf 84' lang='lat' dir='ltr'><strong>et</strong></span> <span class='ocrx_word' id='word_1_544' title='bbox 1050 1645 1084 1672; x_wconf 83' lang='lat' dir='ltr'><strong>ad</strong></span> <span class='ocrx_word' id='word_1_545' title='bbox 1097 1646 1306 1680; x_wconf 84' lang='lat' dir='ltr'><strong>conjectanduiu</strong></span> <span class='ocrx_word' id='word_1_546' title='bbox 1324 1653 1455 1681; x_wconf 87' lang='lat' dir='ltr'><strong>perquam</strong></span> <span class='ocrx_word' id='word_1_547' title='bbox 1472 1641 1589 1674; x_wconf 75' lang='lat' dir='ltr'><strong>Obscura</strong></span> <span class='ocrx_word' id='word_1_548' title='bbox 1605 1647 1697 1674; x_wconf 80' lang='lat' dir='ltr'><strong>horni-</strong></span> 
     </span>
    </p>
   </div>
   <div class='ocr_carea' id='block_1_73' title="bbox 907 1692 1697 1728">
    <p class='ocr_par' dir='ltr' id='par_1_73' title="bbox 907 1692 1697 1728">
     <span class='ocr_line' id='line_1_73' title="bbox 907 1692 1697 1728; baseline 0.005 -11"><span class='ocrx_word' id='word_1_549' title='bbox 907 1699 973 1718; x_wconf 92' lang='lat' dir='ltr'><strong>num</strong></span> <span class='ocrx_word' id='word_1_550' title='bbox 992 1699 1054 1718; x_wconf 84' lang='lat' dir='ltr'><strong>esse</strong></span> <span class='ocrx_word' id='word_1_551' title='bbox 1069 1692 1179 1726; x_wconf 84' lang='lat' dir='ltr'><strong>ingenia</strong></span> <span class='ocrx_word' id='word_1_552' title='bbox 1190 1712 1196 1723; x_wconf 86' lang='lat'><strong>,</strong></span> <span class='ocrx_word' id='word_1_553' title='bbox 1211 1692 1349 1727; x_wconf 82' lang='lat' dir='ltr'><strong>longoque</strong></span> <span class='ocrx_word' id='word_1_554' title='bbox 1367 1700 1419 1719; x_wconf 91' lang='lat' dir='ltr'><strong>usu</strong></span> <span class='ocrx_word' id='word_1_555' title='bbox 1437 1697 1464 1720; x_wconf 89' lang='lat' dir='ltr'><strong>et</strong></span> <span class='ocrx_word' id='word_1_556' title='bbox 1481 1698 1612 1721; x_wconf 86' lang='lat' dir='ltr'><strong>accurata</strong></span> <span class='ocrx_word' id='word_1_557' title='bbox 1627 1702 1697 1728; x_wconf 88' lang='lat' dir='ltr'><strong>qna-</strong></span> 
     </span>
    </p>
   </div>
   <div class='ocr_carea' id='block_1_74' title="bbox 907 1736 1696 1775">
    <p class='ocr_par' dir='ltr' id='par_1_74' title="bbox 907 1736 1696 1775">
     <span class='ocr_line' id='line_1_74' title="bbox 907 1736 1696 1775; baseline 0.006 -13"><span class='ocrx_word' id='word_1_558' title='bbox 907 1737 969 1762; x_wconf 86' lang='lat' dir='ltr'><strong>dam</strong></span> <span class='ocrx_word' id='word_1_559' title='bbox 995 1736 1195 1770; x_wconf 86' lang='lat' dir='ltr'><strong>periclitatione</strong></span> <span class='ocrx_word' id='word_1_560' title='bbox 1234 1745 1303 1773; x_wconf 88' lang='lat' dir='ltr'><strong>opus</strong></span> <span class='ocrx_word' id='word_1_561' title='bbox 1337 1746 1424 1772; x_wconf 89' lang='lat' dir='ltr'><strong>esse,</strong></span> <span class='ocrx_word' id='word_1_562' title='bbox 1453 1740 1486 1767; x_wconf 91' lang='lat' dir='ltr'><strong>ad</strong></span> <span class='ocrx_word' id='word_1_563' title='bbox 1520 1747 1551 1766; x_wconf 87' lang='lat' dir='ltr'><strong>ea</strong></span> <span class='ocrx_word' id='word_1_564' title='bbox 1584 1743 1696 1775; x_wconf 84' lang='lat' dir='ltr'><strong>penitus</strong></span> 
     </span>
    </p>
   </div>
   <div class='ocr_carea' id='block_1_75' title="bbox 908 1783 1695 1819">
    <p class='ocr_par' dir='ltr' id='par_1_75' title="bbox 908 1783 1695 1819">
     <span class='ocr_line' id='line_1_75' title="bbox 908 1783 1695 1819; baseline 0.005 -10"><span class='ocrx_word' id='word_1_565' title='bbox 908 1783 1133 1817; x_wconf 86' lang='lat' dir='ltr'><strong>introspicienda.</strong></span> <span class='ocrx_word' id='word_1_566' title='bbox 1158 1784 1245 1816; x_wconf 85' lang='lat' dir='ltr'><strong>Quam</strong></span> <span class='ocrx_word' id='word_1_567' title='bbox 1269 1791 1319 1819; x_wconf 80' lang='lat' dir='ltr'><strong>ego</strong></span> <span class='ocrx_word' id='word_1_568' title='bbox 1344 1785 1519 1813; x_wconf 80' lang='lat' dir='ltr'><strong>formidinem</strong></span> <span class='ocrx_word' id='word_1_569' title='bbox 1546 1791 1637 1819; x_wconf 82' lang='lat' dir='ltr'><strong>luant,</strong></span> <span class='ocrx_word' id='word_1_570' title='bbox 1659 1787 1695 1814; x_wconf 86' lang='lat' dir='ltr'><strong>ita</strong></span> 
     </span>
    </p>
   </div>
   <div class='ocr_carea' id='block_1_76' title="bbox 907 1829 1692 1864">
    <p class='ocr_par' dir='ltr' id='par_1_76' title="bbox 907 1829 1692 1864">
     <span class='ocr_line' id='line_1_76' title="bbox 907 1829 1692 1864; baseline 0.005 -8"><span class='ocrx_word' id='word_1_571' title='bbox 907 1837 950 1856; x_wconf 89' lang='lat' dir='ltr'><strong>me</strong></span> <span class='ocrx_word' id='word_1_572' title='bbox 964 1829 1047 1857; x_wconf 62' lang='lat' dir='ltr'><strong>Musae</strong></span> <span class='ocrx_word' id='word_1_573' title='bbox 1060 1835 1164 1863; x_wconf 75' lang='lat' dir='ltr'><strong>ament,</strong></span> <span class='ocrx_word' id='word_1_574' title='bbox 1175 1831 1256 1858; x_wconf 85' lang='lat' dir='ltr'><strong>etiam</strong></span> <span class='ocrx_word' id='word_1_575' title='bbox 1273 1831 1436 1864; x_wconf 84' lang='lat' dir='ltr'><strong>laudabam;</strong></span> <span class='ocrx_word' id='word_1_576' title='bbox 1449 1837 1475 1858; x_wconf 92' lang='lat' dir='ltr'><strong>et</strong></span> <span class='ocrx_word' id='word_1_577' title='bbox 1488 1833 1692 1860; x_wconf 85' lang='lat' dir='ltr'><strong>simulAtticain</strong></span> 
     </span>
    </p>
   </div>
   <div class='ocr_carea' id='block_1_77' title="bbox 907 1876 1694 1912">
    <p class='ocr_par' dir='ltr' id='par_1_77' title="bbox 907 1876 1694 1912">
     <span class='ocr_line' id='line_1_77' title="bbox 907 1876 1694 1912; baseline 0.005 -10"><span class='ocrx_word' id='word_1_578' title='bbox 907 1876 980 1902; x_wconf 86' lang='lat' dir='ltr'><strong>illam</strong></span> <span class='ocrx_word' id='word_1_579' title='bbox 1001 1877 1167 1904; x_wconf 87' lang='lat' dir='ltr'><strong>recordabar</strong></span> <span class='ocrx_word' id='word_1_580' title='bbox 1191 1877 1335 1911; x_wconf 83' lang='lat' dir='ltr'><strong>fabellam;</strong></span> <span class='ocrx_word' id='word_1_581' title='bbox 1356 1885 1416 1912; x_wconf 66' lang='lat' dir='ltr'><strong>qua:</strong></span> <span class='ocrx_word' id='word_1_582' title='bbox 1443 1877 1563 1905; x_wconf 84' lang='lat' dir='ltr'><strong>Momuni</strong></span> <span class='ocrx_word' id='word_1_583' title='bbox 1589 1878 1640 1906; x_wconf 90' lang='lat' dir='ltr'><strong>hoc</strong></span> <span class='ocrx_word' id='word_1_584' title='bbox 1665 1879 1694 1906; x_wconf 90' lang='lat' dir='ltr'><strong>in</strong></span> 
     </span>
    </p>
   </div>
   <div class='ocr_carea' id='block_1_78' title="bbox 909 1917 1692 1959">
    <p class='ocr_par' dir='ltr' id='par_1_78' title="bbox 909 1917 1692 1959">
     <span class='ocr_line' id='line_1_78' title="bbox 909 1917 1692 1959; baseline 0.004 -10"><span class='ocrx_word' id='word_1_585' title='bbox 909 1921 1030 1952; x_wconf 88' lang='lat' dir='ltr'><strong>V.ulcano</strong></span> <span class='ocrx_word' id='word_1_586' title='bbox 1060 1923 1309 1957; x_wconf 88' lang='lat' dir='ltr'><strong>reprehendentem</strong></span> <span class='ocrx_word' id='word_1_587' title='bbox 1339 1923 1464 1956; x_wconf 82' lang='lat' dir='ltr'><strong>inducit,</strong></span> <span class='ocrx_word' id='word_1_588' title='bbox 1483 1924 1555 1959; x_wconf 89' lang='lat' dir='ltr'><strong>quod</strong></span> <span class='ocrx_word' id='word_1_589' title='bbox 1582 1917 1692 1959; x_wconf 76' lang='lat' dir='ltr'><strong>pectori</strong></span> 
     </span>
    </p>
   </div>
   <div class='ocr_carea' id='block_1_79' title="bbox 908 1969 1694 2005">
    <p class='ocr_par' dir='ltr' id='par_1_79' title="bbox 908 1969 1694 2005">
     <span class='ocr_line' id='line_1_79' title="bbox 908 1969 1694 2005; baseline 0.005 -10"><span class='ocrx_word' id='word_1_590' title='bbox 908 1969 1039 2001; x_wconf 85' lang='lat' dir='ltr'><strong>humano,</strong></span> <span class='ocrx_word' id='word_1_591' title='bbox 1060 1976 1121 1996; x_wconf 91' lang='lat' dir='ltr'><strong>cum</strong></span> <span class='ocrx_word' id='word_1_592' title='bbox 1133 1970 1287 2002; x_wconf 86' lang='lat' dir='ltr'><strong>hominem,</strong></span> <span class='ocrx_word' id='word_1_593' title='bbox 1306 1974 1335 1996; x_wconf 91' lang='lat' dir='ltr'><strong>ut</strong></span> <span class='ocrx_word' id='word_1_594' title='bbox 1348 1970 1385 1996; x_wconf 88' lang='lat' dir='ltr'><strong>ait</strong></span> <span class='ocrx_word' id='word_1_595' title='bbox 1399 1990 1406 2003; x_wconf 94' lang='lat'><strong>,</strong></span> <span class='ocrx_word' id='word_1_596' title='bbox 1419 1970 1609 2005; x_wconf 78' lang='lat' dir='ltr'><strong>fabricaretur,</strong></span> <span class='ocrx_word' id='word_1_597' title='bbox 1623 1973 1694 2000; x_wconf 86' lang='lat' dir='ltr'><strong>ostia</strong></span> 
     </span>
    </p>
   </div>
   <div class='ocr_carea' id='block_1_80' title="bbox 907 2016 1694 2050">
    <p class='ocr_par' dir='ltr' id='par_1_80' title="bbox 907 2016 1694 2050">
     <span class='ocr_line' id='line_1_80' title="bbox 907 2016 1694 2050; baseline 0.003 -8"><span class='ocrx_word' id='word_1_598' title='bbox 907 2023 962 2042; x_wconf 94' lang='lat' dir='ltr'><strong>non</strong></span> <span class='ocrx_word' id='word_1_599' title='bbox 977 2017 1162 2050; x_wconf 84' lang='lat' dir='ltr'><strong>apposuisset.</strong></span> <span class='ocrx_word' id='word_1_600' title='bbox 1178 2016 1214 2043; x_wconf 90' lang='lat' dir='ltr'><strong>lis</strong></span> <span class='ocrx_word' id='word_1_601' title='bbox 1224 2016 1308 2048; x_wconf 89' lang='lat' dir='ltr'><strong>enim,</strong></span> <span class='ocrx_word' id='word_1_602' title='bbox 1326 2016 1371 2043; x_wconf 88' lang='lat' dir='ltr'><strong>ubi</strong></span> <span class='ocrx_word' id='word_1_603' title='bbox 1393 2024 1458 2043; x_wconf 83' lang='lat' dir='ltr'><strong>usus</strong></span> <span class='ocrx_word' id='word_1_604' title='bbox 1473 2021 1556 2050; x_wconf 75' lang='lat' dir='ltr'><strong>esset,</strong></span> <span class='ocrx_word' id='word_1_605' title='bbox 1566 2019 1694 2049; x_wconf 72' lang='lat' dir='ltr'><strong>reclusis,</strong></span> 
     </span>
    </p>
   </div>
   <div class='ocr_carea' id='block_1_81' title="bbox 907 2062 1694 2100">
    <p class='ocr_par' dir='ltr' id='par_1_81' title="bbox 907 2062 1694 2100">
     <span class='ocr_line' id='line_1_81' title="bbox 907 2062 1694 2100; baseline 0.003 -10"><span class='ocrx_word' id='word_1_606' title='bbox 907 2062 1078 2090; x_wconf 82' lang='lat' dir='ltr'><strong>extrinsecus</strong></span> <span class='ocrx_word' id='word_1_607' title='bbox 1101 2069 1163 2089; x_wconf 92' lang='lat' dir='ltr'><strong>cum</strong></span> <span class='ocrx_word' id='word_1_608' title='bbox 1193 2062 1252 2097; x_wconf 91' lang='lat' dir='ltr'><strong>ipso</strong></span> <span class='ocrx_word' id='word_1_609' title='bbox 1273 2063 1438 2098; x_wconf 76' lang='lat' dir='ltr'><strong>agentibus,</strong></span> <span class='ocrx_word' id='word_1_610' title='bbox 1460 2064 1593 2100; x_wconf 83' lang='lat' dir='ltr'><strong>quidquid</strong></span> <span class='ocrx_word' id='word_1_611' title='bbox 1622 2065 1694 2092; x_wconf 85' lang='lat' dir='ltr'><strong>intus</strong></span> 
     </span>
    </p>
   </div>
   <div class='ocr_carea' id='block_1_82' title="bbox 909 2108 1695 2147">
    <p class='ocr_par' dir='ltr' id='par_1_82' title="bbox 909 2108 1695 2147">
     <span class='ocr_line' id='line_1_82' title="bbox 909 2108 1695 2147; baseline 0.003 -11"><span class='ocrx_word' id='word_1_612' title='bbox 909 2108 1141 2136; x_wconf 86' lang='lat' dir='ltr'><strong>machinationum</strong></span> <span class='ocrx_word' id='word_1_613' title='bbox 1155 2108 1269 2147; x_wconf 68' lang='lat' dir='ltr'><strong>lateret,</strong></span> <span class='ocrx_word' id='word_1_614' title='bbox 1288 2110 1462 2137; x_wconf 81' lang='lat' dir='ltr'><strong>manifestum</strong></span> <span class='ocrx_word' id='word_1_615' title='bbox 1487 2111 1621 2138; x_wconf 86' lang='lat' dir='ltr'><strong>futurum.</strong></span> <span class='ocrx_word' id='word_1_616' title='bbox 1636 2112 1695 2145; x_wconf 75' lang='lat' dir='ltr'><strong>Ego</strong></span> 
     </span>
    </p>
   </div>
   <div class='ocr_carea' id='block_1_83' title="bbox 908 2155 1695 2190">
    <p class='ocr_par' dir='ltr' id='par_1_83' title="bbox 908 2155 1695 2190">
     <span class='ocr_line' id='line_1_83' title="bbox 908 2155 1695 2190; baseline 0.003 -9"><span class='ocrx_word' id='word_1_617' title='bbox 908 2163 973 2182; x_wconf 71' lang='lat' dir='ltr'><strong>vero</strong></span> <span class='ocrx_word' id='word_1_618' title='bbox 992 2164 1043 2183; x_wconf 91' lang='lat' dir='ltr'><strong>nec</strong></span> <span class='ocrx_word' id='word_1_619' title='bbox 1058 2156 1086 2182; x_wconf 90' lang='lat' dir='ltr'><strong>iu</strong></span> <span class='ocrx_word' id='word_1_620' title='bbox 1102 2155 1144 2182; x_wconf 85' lang='lat' dir='ltr'><strong>his</strong></span> <span class='ocrx_word' id='word_1_621' title='bbox 1161 2160 1186 2183; x_wconf 87' lang='lat' dir='ltr'><strong>te</strong></span> <span class='ocrx_word' id='word_1_622' title='bbox 1200 2156 1302 2182; x_wconf 86' lang='lat' dir='ltr'><strong>imitari</strong></span> <span class='ocrx_word' id='word_1_623' title='bbox 1324 2163 1432 2190; x_wconf 66' lang='lat' dir='ltr'><strong>acquum</strong></span> <span class='ocrx_word' id='word_1_624' title='bbox 1451 2161 1538 2190; x_wconf 89' lang='lat' dir='ltr'><strong>ratus,</strong></span> <span class='ocrx_word' id='word_1_625' title='bbox 1555 2162 1582 2184; x_wconf 86' lang='lat' dir='ltr'><strong>et</strong></span> <span class='ocrx_word' id='word_1_626' title='bbox 1599 2165 1695 2184; x_wconf 89' lang='lat' dir='ltr'><strong>omnes</strong></span> 
     </span>
    </p>
   </div>
   <div class='ocr_carea' id='block_1_84' title="bbox 70 2197 854 2244">
    <p class='ocr_par' dir='ltr' id='par_1_84' title="bbox 70 2197 854 2244">
     <span class='ocr_line' id='line_1_84' title="bbox 70 2197 854 2244; baseline -0.009 -16"><span class='ocrx_word' id='word_1_627' title='bbox 70 2202 113 2236; x_wconf 65' lang='grc' dir='ltr'>τὴν</span> <span class='ocrx_word' id='word_1_628' title='bbox 133 2201 281 2228; x_wconf 82' lang='grc' dir='ltr'>κοινωνίαν</span> <span class='ocrx_word' id='word_1_629' title='bbox 297 2200 345 2226; x_wconf 79' lang='grc' dir='ltr'><strong>τοῦ</strong></span> <span class='ocrx_word' id='word_1_630' title='bbox 373 2199 465 2233; x_wconf 84' lang='grc' dir='ltr'>λόγου.</span> <span class='ocrx_word' id='word_1_631' title='bbox 489 2199 524 2225; x_wconf 83' lang='grc' dir='ltr'>Ὶὶ</span> <span class='ocrx_word' id='word_1_632' title='bbox 556 2198 607 2233; x_wconf 77' lang='grc' dir='ltr'>μὲν</span> <span class='ocrx_word' id='word_1_633' title='bbox 627 2197 681 2232; x_wconf 82' lang='grc' dir='ltr'>γὰρ</span> <span class='ocrx_word' id='word_1_634' title='bbox 708 2197 854 2244; x_wconf 74' lang='grc' dir='ltr'>παροιμία,</span> 
     </span>
    </p>
   </div>
   <div class='ocr_carea' id='block_1_85' title="bbox 923 2197 1694 2244">
    <p class='ocr_par' dir='ltr' id='par_1_85' title="bbox 923 2202 1694 2238">
     <span class='ocr_line' id='line_1_85' title="bbox 923 2202 1694 2238; baseline 0.004 -10"><span class='ocrx_word' id='word_1_635' title='bbox 923 2202 1013 2229; x_wconf 74' lang='lat' dir='ltr'><strong>Iariter</strong></span> <span class='ocrx_word' id='word_1_636' title='bbox 1036 2202 1063 2229; x_wconf 92' lang='lat' dir='ltr'><strong>id</strong></span> <span class='ocrx_word' id='word_1_637' title='bbox 1089 2210 1176 2237; x_wconf 69' lang='lat' dir='ltr'><strong>genus</strong></span> <span class='ocrx_word' id='word_1_638' title='bbox 1205 2208 1353 2237; x_wconf 77' lang='lat' dir='ltr'><strong>praetexitis</strong></span> <span class='ocrx_word' id='word_1_639' title='bbox 1384 2203 1464 2238; x_wconf 82' lang='lat' dir='ltr'><strong>plane</strong></span> <span class='ocrx_word' id='word_1_640' title='bbox 1499 2209 1694 2237; x_wconf 66' lang='lat' dir='ltr'><strong>pi&#39;wtervectus</strong></span> 
     </span>
    </p>
   </div>
   <div class='ocr_carea' id='block_1_86' title="bbox 71 2240 854 2281">
    <p class='ocr_par' dir='ltr' id='par_1_86' title="bbox 71 2240 854 2281">
     <span class='ocr_line' id='line_1_86' title="bbox 71 2240 854 2281; baseline -0.01 -7"><span class='ocrx_word' id='word_1_641' title='bbox 71 2249 141 2274; x_wconf 81' lang='grc' dir='ltr'>κοινὰ</span> <span class='ocrx_word' id='word_1_642' title='bbox 154 2249 190 2274; x_wconf 83' lang='grc' dir='ltr'>τὰ</span> <span class='ocrx_word' id='word_1_643' title='bbox 201 2247 257 2273; x_wconf 81' lang='grc' dir='ltr'>τῶν</span> <span class='ocrx_word' id='word_1_644' title='bbox 276 2246 361 2281; x_wconf 80' lang='grc' dir='ltr'>φίλων</span> <span class='ocrx_word' id='word_1_645' title='bbox 377 2245 446 2272; x_wconf 82' lang='grc' dir='ltr'>εἶναι</span> <span class='ocrx_word' id='word_1_646' title='bbox 463 2245 608 2280; x_wconf 79' lang='grc' dir='ltr'>φάσκουσα</span> <span class='ocrx_word' id='word_1_647' title='bbox 619 2244 684 2276; x_wconf 86' lang='grc' dir='ltr'>δεῖν,</span> <span class='ocrx_word' id='word_1_648' title='bbox 698 2242 747 2277; x_wconf 72' lang='grc' dir='ltr'>τὴν</span> <span class='ocrx_word' id='word_1_649' title='bbox 763 2240 854 2276; x_wconf 82' lang='grc' dir='ltr'>φιλίαν</span> 
     </span>
    </p>
   </div>
   <div class='ocr_carea' id='block_1_87' title="bbox 70 2288 853 2327">
    <p class='ocr_par' dir='ltr' id='par_1_87' title="bbox 70 2288 853 2327">
     <span class='ocr_line' id='line_1_87' title="bbox 70 2288 853 2327; baseline -0.01 -7"><span class='ocrx_word' id='word_1_650' title='bbox 70 2294 148 2320; x_wconf 68' lang='grc' dir='ltr'>αἴτιον</span> <span class='ocrx_word' id='word_1_651' title='bbox 175 2293 227 2327; x_wconf 74' lang='grc' dir='ltr'>τῆς</span> <span class='ocrx_word' id='word_1_652' title='bbox 251 2291 395 2323; x_wconf 81' lang='grc' dir='ltr'>κοινωνίας</span> <span class='ocrx_word' id='word_1_653' title='bbox 423 2291 569 2326; x_wconf 78' lang='grc' dir='ltr'>προτίθησι</span> <span class='ocrx_word' id='word_1_654' title='bbox 596 2289 651 2315; x_wconf 79' lang='grc' dir='ltr'>τῶν</span> <span class='ocrx_word' id='word_1_655' title='bbox 670 2288 853 2324; x_wconf 74' lang='grc' dir='ltr'>πραγμάτων.</span> 
     </span>
    </p>
   </div>
   <div class='ocr_carea' id='block_1_88' title="bbox 75 2334 853 2372">
    <p class='ocr_par' dir='ltr' id='par_1_88' title="bbox 75 2334 853 2372">
     <span class='ocr_line' id='line_1_88' title="bbox 75 2334 853 2372; baseline -0.008 -8"><span class='ocrx_word' id='word_1_656' title='bbox 75 2338 139 2372; x_wconf 83' lang='grc' dir='ltr'><strong>Ἐγὼ</strong></span> <span class='ocrx_word' id='word_1_657' title='bbox 153 2340 182 2366; x_wconf 80' lang='grc' dir='ltr'><strong>δὲ</strong></span> <span class='ocrx_word' id='word_1_658' title='bbox 205 2338 362 2365; x_wconf 76' lang='grc' dir='ltr'>τούναντίον</span> <span class='ocrx_word' id='word_1_659' title='bbox 386 2337 436 2372; x_wconf 82' lang='grc' dir='ltr'>τὴν</span> <span class='ocrx_word' id='word_1_660' title='bbox 452 2336 596 2363; x_wconf 82' lang='grc' dir='ltr'>κοινωνίαν</span> <span class='ocrx_word' id='word_1_661' title='bbox 614 2336 662 2361; x_wconf 85' lang='grc' dir='ltr'><strong>τοῦ</strong></span> <span class='ocrx_word' id='word_1_662' title='bbox 681 2334 853 2369; x_wconf 69' lang='grc' dir='ltr'>πράγματος</span> 
     </span>
    </p>
   </div>
   <div class='ocr_carea' id='block_1_89' title="bbox 70 2379 856 2418">
    <p class='ocr_par' dir='ltr' id='par_1_89' title="bbox 70 2379 856 2418">
     <span class='ocr_line' id='line_1_89' title="bbox 70 2379 856 2418; baseline -0.005 -10"><span class='ocrx_word' id='word_1_663' title='bbox 70 2385 152 2410; x_wconf 78' lang='grc' dir='ltr'>αἰτίαν</span> <span class='ocrx_word' id='word_1_664' title='bbox 169 2384 298 2418; x_wconf 80' lang='grc' dir='ltr'>γίνεσθαι</span> <span class='ocrx_word' id='word_1_665' title='bbox 312 2383 380 2415; x_wconf 76' lang='grc' dir='ltr'><strong>ἀξιῶ</strong></span> <span class='ocrx_word' id='word_1_666' title='bbox 392 2384 442 2418; x_wconf 81' lang='grc' dir='ltr'>τῆς</span> <span class='ocrx_word' id='word_1_667' title='bbox 461 2382 565 2416; x_wconf 84' lang='grc' dir='ltr'>φιλίας.</span> <span class='ocrx_word' id='word_1_668' title='bbox 584 2381 689 2415; x_wconf 79' lang='grc' dir='ltr'>Ὠσπερ</span> <span class='ocrx_word' id='word_1_669' title='bbox 710 2381 765 2413; x_wconf 72' lang='grc' dir='ltr'>γὰρ</span> <span class='ocrx_word' id='word_1_670' title='bbox 779 2379 856 2405; x_wconf 82' lang='grc' dir='ltr'>κοινὰ.</span> 
     </span>
    </p>
   </div>
   <div class='ocr_carea' id='block_1_90' title="bbox 69 2427 852 2467">
    <p class='ocr_par' dir='ltr' id='par_1_90' title="bbox 69 2427 852 2467">
     <span class='ocr_line' id='line_1_90' title="bbox 69 2427 852 2467; baseline -0.005 -11"><span class='ocrx_word' id='word_1_671' title='bbox 69 2434 97 2457; x_wconf 65' lang='grc' dir='ltr'>τὰ</span> <span class='ocrx_word' id='word_1_672' title='bbox 118 2434 166 2467; x_wconf 78' lang='grc' dir='ltr'>τῆς</span> <span class='ocrx_word' id='word_1_673' title='bbox 194 2432 306 2466; x_wconf 68' lang='grc' dir='ltr'>φύσεως</span> <span class='ocrx_word' id='word_1_674' title='bbox 338 2431 439 2457; x_wconf 73' lang='grc' dir='ltr'>δίδοται</span> <span class='ocrx_word' id='word_1_675' title='bbox 454 2431 501 2457; x_wconf 77' lang='grc' dir='ltr'>καὶ</span> <span class='ocrx_word' id='word_1_676' title='bbox 522 2429 663 2459; x_wconf 58' lang='grc' dir='ltr'>πλουρίοις</span> <span class='ocrx_word' id='word_1_677' title='bbox 681 2428 725 2454; x_wconf 65' lang='grc' dir='ltr'><strong>καῖ</strong></span> <span class='ocrx_word' id='word_1_678' title='bbox 744 2427 852 2460; x_wconf 68' lang='grc' dir='ltr'>πένησι,</span> 
     </span>
    </p>
   </div>
   <div class='ocr_carea' id='block_1_91' title="bbox 69 2475 854 2514">
    <p class='ocr_par' dir='ltr' id='par_1_91' title="bbox 69 2475 854 2514">
     <span class='ocr_line' id='line_1_91' title="bbox 69 2475 854 2514; baseline -0.004 -11"><span class='ocrx_word' id='word_1_679' title='bbox 69 2481 110 2505; x_wconf 74' lang='grc' dir='ltr'>καὶ</span> <span class='ocrx_word' id='word_1_680' title='bbox 124 2480 187 2506; x_wconf 73' lang='grc' dir='ltr'>οὗτε</span> <span class='ocrx_word' id='word_1_681' title='bbox 205 2479 244 2514; x_wconf 82' lang='grc' dir='ltr'>τῷ</span> <span class='ocrx_word' id='word_1_682' title='bbox 261 2479 368 2513; x_wconf 76' lang='grc' dir='ltr'>βασιλεῖ</span> <span class='ocrx_word' id='word_1_683' title='bbox 394 2478 462 2513; x_wconf 77' lang='grc' dir='ltr'>μετὰ</span> <span class='ocrx_word' id='word_1_684' title='bbox 478 2478 528 2512; x_wconf 81' lang='grc' dir='ltr'>τῆς</span> <span class='ocrx_word' id='word_1_685' title='bbox 547 2477 692 2512; x_wconf 77' lang='grc' dir='ltr'>πορφύρας</span> <span class='ocrx_word' id='word_1_686' title='bbox 707 2475 854 2510; x_wconf 77' lang='grc' dir='ltr'>γεννᾶσθαι</span> 
     </span>
    </p>
   </div>
   <div class='ocr_carea' id='block_1_92' title="bbox 69 2521 852 2560">
    <p class='ocr_par' dir='ltr' id='par_1_92' title="bbox 69 2521 852 2560">
     <span class='ocr_line' id='line_1_92' title="bbox 69 2521 852 2560; baseline -0.006 -9"><span class='ocrx_word' id='word_1_687' title='bbox 69 2527 214 2560; x_wconf 72' lang='grc' dir='ltr'>χαρίζεται,</span> <span class='ocrx_word' id='word_1_688' title='bbox 236 2525 294 2551; x_wconf 77' lang='grc' dir='ltr'>οὔτ’</span> <span class='ocrx_word' id='word_1_689' title='bbox 316 2524 348 2551; x_wconf 75' lang='grc' dir='ltr'>αὖ</span> <span class='ocrx_word' id='word_1_690' title='bbox 365 2525 403 2559; x_wconf 84' lang='grc' dir='ltr'>τῷ</span> <span class='ocrx_word' id='word_1_691' title='bbox 421 2524 547 2559; x_wconf 78' lang='grc' dir='ltr'>βαναύσῳ</span> <span class='ocrx_word' id='word_1_692' title='bbox 565 2524 634 2558; x_wconf 70' lang='grc' dir='ltr'>μετὰ</span> <span class='ocrx_word' id='word_1_693' title='bbox 649 2522 696 2548; x_wconf 77' lang='grc' dir='ltr'><strong>τοῦ</strong></span> <span class='ocrx_word' id='word_1_694' title='bbox 711 2521 852 2557; x_wconf 74' lang='grc' dir='ltr'>τρίϐωνος,</span> 
     </span>
    </p>
   </div>
   <div class='ocr_carea' id='block_1_93' title="bbox 70 2566 854 2606">
    <p class='ocr_par' dir='ltr' id='par_1_93' title="bbox 70 2566 854 2606">
     <span class='ocr_line' id='line_1_93' title="bbox 70 2566 854 2606; baseline -0.004 -11"><span class='ocrx_word' id='word_1_695' title='bbox 70 2572 130 2597; x_wconf 66' lang='grc' dir='ltr'>ἀλλὰ</span> <span class='ocrx_word' id='word_1_696' title='bbox 143 2573 267 2606; x_wconf 68' lang='grc' dir='ltr'>γυμνοὺς</span> <span class='ocrx_word' id='word_1_697' title='bbox 282 2571 457 2606; x_wconf 72' lang='grc' dir='ltr'>ἀμφοτέρους</span> <span class='ocrx_word' id='word_1_698' title='bbox 476 2571 516 2600; x_wconf 81' lang='grc' dir='ltr'><strong>είς</strong></span> <span class='ocrx_word' id='word_1_699' title='bbox 525 2569 572 2595; x_wconf 79' lang='grc' dir='ltr'>τὸν</span> <span class='ocrx_word' id='word_1_700' title='bbox 586 2569 642 2604; x_wconf 81' lang='grc' dir='ltr'>βίον</span> <span class='ocrx_word' id='word_1_701' title='bbox 654 2568 747 2602; x_wconf 74' lang='grc' dir='ltr'>ἐξάγει</span> <span class='ocrx_word' id='word_1_702' title='bbox 760 2576 767 2583; x_wconf 89' lang='grc'>·</span> <span class='ocrx_word' id='word_1_703' title='bbox 782 2566 854 2592; x_wconf 77' lang='grc' dir='ltr'>οὕτω</span> 
     </span>
    </p>
   </div>
   <div class='ocr_carea' id='block_1_94' title="bbox 71 2614 852 2653">
    <p class='ocr_par' dir='ltr' id='par_1_94' title="bbox 71 2614 852 2653">
     <span class='ocr_line' id='line_1_94' title="bbox 71 2614 852 2653; baseline -0.005 -10"><span class='ocrx_word' id='word_1_704' title='bbox 71 2619 138 2653; x_wconf 76' lang='grc' dir='ltr'>καὶὴ</span> <span class='ocrx_word' id='word_1_705' title='bbox 155 2620 237 2653; x_wconf 79' lang='grc' dir='ltr'>σοφία.</span> <span class='ocrx_word' id='word_1_706' title='bbox 248 2618 313 2648; x_wconf 74' lang='grc' dir='ltr'>τοὺς</span> <span class='ocrx_word' id='word_1_707' title='bbox 328 2617 427 2650; x_wconf 77' lang='grc' dir='ltr'>ἑαυτῆς</span> <span class='ocrx_word' id='word_1_708' title='bbox 445 2616 597 2651; x_wconf 80' lang='grc' dir='ltr'>τροφίμους</span> <span class='ocrx_word' id='word_1_709' title='bbox 619 2616 718 2649; x_wconf 84' lang='grc' dir='ltr'>ἐπίσης</span> <span class='ocrx_word' id='word_1_710' title='bbox 740 2614 852 2650; x_wconf 67' lang='lat' dir='ltr'><strong>tutetis-</strong></span> 
     </span>
    </p>
   </div>
   <div class='ocr_carea' id='block_1_95' title="bbox 70 2661 853 2698">
    <p class='ocr_par' dir='ltr' id='par_1_95' title="bbox 70 2661 853 2698">
     <span class='ocr_line' id='line_1_95' title="bbox 70 2661 853 2698; baseline -0.004 -9"><span class='ocrx_word' id='word_1_711' title='bbox 70 2671 109 2690; x_wconf 77' lang='grc' dir='ltr'><strong>ται</strong></span> <span class='ocrx_word' id='word_1_712' title='bbox 121 2667 237 2697; x_wconf 74' lang='grc' dir='ltr'>πάντας,</span> <span class='ocrx_word' id='word_1_713' title='bbox 262 2665 313 2690; x_wconf 80' lang='grc' dir='ltr'>καὶ</span> <span class='ocrx_word' id='word_1_714' title='bbox 335 2664 415 2698; x_wconf 82' lang='grc' dir='ltr'>ὅμοια</span> <span class='ocrx_word' id='word_1_715' title='bbox 433 2664 466 2689; x_wconf 73' lang='grc' dir='ltr'><strong>τὰ</strong></span> <span class='ocrx_word' id='word_1_716' title='bbox 482 2663 532 2696; x_wconf 78' lang='grc' dir='ltr'>τῆς</span> <span class='ocrx_word' id='word_1_717' title='bbox 552 2662 676 2693; x_wconf 79' lang='grc' dir='ltr'>παιδείας</span> <span class='ocrx_word' id='word_1_718' title='bbox 693 2661 779 2689; x_wconf 71' lang='grc' dir='ltr'>ἅπασι</span> <span class='ocrx_word' id='word_1_719' title='bbox 795 2661 853 2686; x_wconf 83' lang='grc' dir='ltr'>δια-</span> 
     </span>
    </p>
   </div>
   <div class='ocr_carea' id='block_1_96' title="bbox 70 2708 852 2744">
    <p class='ocr_par' dir='ltr' id='par_1_96' title="bbox 70 2708 852 2744">
     <span class='ocr_line' id='line_1_96' title="bbox 70 2708 852 2744; baseline -0.004 -9"><span class='ocrx_word' id='word_1_720' title='bbox 70 2711 152 2743; x_wconf 71' lang='grc' dir='ltr'>νέμει,</span> <span class='ocrx_word' id='word_1_721' title='bbox 173 2712 221 2737; x_wconf 73' lang='grc' dir='ltr'>καὶ</span> <span class='ocrx_word' id='word_1_722' title='bbox 233 2709 338 2743; x_wconf 67' lang='grc' dir='ltr'>ἀδελφὰ</span> <span class='ocrx_word' id='word_1_723' title='bbox 357 2710 466 2744; x_wconf 80' lang='grc' dir='ltr'>φρονεῖν</span> <span class='ocrx_word' id='word_1_724' title='bbox 481 2708 606 2743; x_wconf 82' lang='grc' dir='ltr'>ἀλλήλοις</span> <span class='ocrx_word' id='word_1_725' title='bbox 620 2709 667 2734; x_wconf 73' lang='grc' dir='ltr'>καὶ</span> <span class='ocrx_word' id='word_1_726' title='bbox 684 2708 808 2741; x_wconf 76' lang='grc' dir='ltr'>αὐτοφυᾶ</span> <span class='ocrx_word' id='word_1_727' title='bbox 824 2715 852 2732; x_wconf 80' lang='grc' dir='ltr'><strong>τε</strong></span> 
     </span>
    </p>
   </div>
   <div class='ocr_carea' id='block_1_97' title="bbox 71 2755 854 2791">
    <p class='ocr_par' dir='ltr' id='par_1_97' title="bbox 71 2755 854 2791">
     <span class='ocr_line' id='line_1_97' title="bbox 71 2755 854 2791; baseline -0.001 -10"><span class='ocrx_word' id='word_1_728' title='bbox 71 2758 113 2781; x_wconf 69' lang='grc' dir='ltr'>καὶ</span> <span class='ocrx_word' id='word_1_729' title='bbox 123 2758 316 2784; x_wconf 75' lang='grc' dir='ltr'>αὐτοδίδακτον</span> <span class='ocrx_word' id='word_1_730' title='bbox 331 2756 402 2791; x_wconf 73' lang='grc' dir='ltr'>ἔχειν</span> <span class='ocrx_word' id='word_1_731' title='bbox 414 2755 484 2787; x_wconf 80' lang='grc' dir='ltr'><strong>ἁξιοῖ</strong></span> <span class='ocrx_word' id='word_1_732' title='bbox 498 2756 547 2789; x_wconf 76' lang='grc' dir='ltr'>τὴν</span> <span class='ocrx_word' id='word_1_733' title='bbox 562 2755 662 2789; x_wconf 80' lang='grc' dir='ltr'>φιλίαν.</span> <span class='ocrx_word' id='word_1_734' title='bbox 677 2755 707 2781; x_wconf 85' lang='grc' dir='ltr'><strong>Εἰ</strong></span> <span class='ocrx_word' id='word_1_735' title='bbox 722 2755 744 2781; x_wconf 75' lang='grc' dir='ltr'><strong>δ’</strong></span> <span class='ocrx_word' id='word_1_736' title='bbox 758 2755 854 2788; x_wconf 80' lang='grc' dir='ltr'>ὥσπερ</span> 
     </span>
    </p>
   </div>
   <div class='ocr_carea' id='block_1_98' title="bbox 71 2800 853 2838">
    <p class='ocr_par' dir='ltr' id='par_1_98' title="bbox 71 2800 853 2838">
     <span class='ocr_line' id='line_1_98' title="bbox 71 2800 853 2838; baseline -0.005 -10"><span class='ocrx_word' id='word_1_737' title='bbox 71 2801 84 2834; x_wconf 81' lang='grc' dir='ltr'>ἡ</span> <span class='ocrx_word' id='word_1_738' title='bbox 101 2802 180 2837; x_wconf 61' lang='lat' dir='ltr'><strong>(piat;</strong></span> <span class='ocrx_word' id='word_1_739' title='bbox 197 2803 334 2838; x_wconf 71' lang='grc' dir='ltr'>προϊοῦσα</span> <span class='ocrx_word' id='word_1_740' title='bbox 348 2801 518 2828; x_wconf 73' lang='grc' dir='ltr'>ποικίλλεται</span> <span class='ocrx_word' id='word_1_741' title='bbox 536 2801 672 2833; x_wconf 75' lang='grc' dir='ltr'>παίζουσα</span> <span class='ocrx_word' id='word_1_742' title='bbox 685 2801 734 2836; x_wconf 78' lang='grc' dir='ltr'>τὴν</span> <span class='ocrx_word' id='word_1_743' title='bbox 750 2800 853 2836; x_wconf 82' lang='grc' dir='ltr'>σκηνὴν</span> 
     </span>
    </p>
   </div>
   <div class='ocr_carea' id='block_1_99' title="bbox 69 2848 852 2883">
    <p class='ocr_par' dir='ltr' id='par_1_99' title="bbox 69 2848 852 2883">
     <span class='ocr_line' id='line_1_99' title="bbox 69 2848 852 2883; baseline -0.003 -9"><span class='ocrx_word' id='word_1_744' title='bbox 69 2848 120 2874; x_wconf 69' lang='grc' dir='ltr'>τῶν</span> <span class='ocrx_word' id='word_1_745' title='bbox 134 2849 254 2875; x_wconf 72' lang='grc' dir='ltr'>ἐνταῦθα</span> <span class='ocrx_word' id='word_1_746' title='bbox 281 2848 424 2879; x_wconf 65' lang='grc' dir='ltr'>ἐνυπνίων,</span> <span class='ocrx_word' id='word_1_747' title='bbox 440 2850 487 2874; x_wconf 73' lang='grc' dir='ltr'>καὶ</span> <span class='ocrx_word' id='word_1_748' title='bbox 518 2849 714 2883; x_wconf 72' lang='grc' dir='ltr'>συμφερομένη</span> <span class='ocrx_word' id='word_1_749' title='bbox 732 2848 786 2879; x_wconf 81' lang='grc' dir='ltr'>τοῖς</span> <span class='ocrx_word' id='word_1_750' title='bbox 804 2848 852 2882; x_wconf 80' lang='grc' dir='ltr'>τῆς</span> 
     </span>
    </p>
   </div>
   <div class='ocr_carea' id='block_1_100' title="bbox 230 2897 580 2927">
    <p class='ocr_par' dir='ltr' id='par_1_100' title="bbox 230 2897 580 2927">
     <span class='ocr_line' id='line_1_100' title="bbox 230 2897 580 2927; baseline -0.003 0"><span class='ocrx_word' id='word_1_751' title='bbox 230 2898 367 2927; x_wconf 75' lang='grc' dir='ltr'>ΓΔτιωι..</span> <span class='ocrx_word' id='word_1_752' title='bbox 389 2898 446 2926; x_wconf 76' lang='lat' dir='ltr'><strong>Gn.</strong></span> <span class='ocrx_word' id='word_1_753' title='bbox 470 2897 580 2926; x_wconf 65' lang='lat' dir='ltr'><strong>CXLV.</strong></span> 
     </span>
    </p>
   </div>
   <div class='ocr_carea' id='block_1_101' title="bbox 908 2249 1691 2284">
    <p class='ocr_par' dir='ltr' id='par_1_101' title="bbox 908 2249 1691 2284">
     <span class='ocr_line' id='line_1_101' title="bbox 908 2249 1691 2284; baseline 0 -9"><span class='ocrx_word' id='word_1_754' title='bbox 908 2253 1160 2283; x_wconf 61' lang='lat' dir='ltr'><strong>transgressusque,</strong></span> <span class='ocrx_word' id='word_1_755' title='bbox 1175 2255 1208 2275; x_wconf 73' lang='lat'><strong>00</strong></span> <span class='ocrx_word' id='word_1_756' title='bbox 1227 2254 1316 2275; x_wconf 88' lang='lat' dir='ltr'><strong>tecum</strong></span> <span class='ocrx_word' id='word_1_757' title='bbox 1334 2249 1415 2275; x_wconf 80' lang='lat' dir='ltr'><strong>lllOtlU</strong></span> <span class='ocrx_word' id='word_1_758' title='bbox 1435 2257 1524 2284; x_wconf 74' lang='lat' dir='ltr'><strong>agam,</strong></span> <span class='ocrx_word' id='word_1_759' title='bbox 1542 2250 1615 2276; x_wconf 72' lang='lat' dir='ltr'><strong>\&quot;Cful</strong></span> <span class='ocrx_word' id='word_1_760' title='bbox 1629 2257 1691 2276; x_wconf 82' lang='lat' dir='ltr'><strong>Clllll</strong></span> 
     </span>
    </p>
   </div>
   <div class='ocr_carea' id='block_1_102' title="bbox 907 2296 1694 2331">
    <p class='ocr_par' dir='ltr' id='par_1_102' title="bbox 907 2296 1694 2331">
     <span class='ocr_line' id='line_1_102' title="bbox 907 2296 1694 2331; baseline -0.001 -8"><span class='ocrx_word' id='word_1_761' title='bbox 907 2301 1050 2331; x_wconf 86' lang='lat' dir='ltr'><strong>pervetere</strong></span> <span class='ocrx_word' id='word_1_762' title='bbox 1084 2296 1239 2323; x_wconf 82' lang='lat' dir='ltr'><strong>necessario</strong></span> <span class='ocrx_word' id='word_1_763' title='bbox 1268 2304 1298 2323; x_wconf 91' lang='lat' dir='ltr'><strong>ac</strong></span> <span class='ocrx_word' id='word_1_764' title='bbox 1338 2297 1447 2328; x_wconf 86' lang='lat' dir='ltr'><strong>amico.</strong></span> <span class='ocrx_word' id='word_1_765' title='bbox 1482 2296 1509 2322; x_wconf 91' lang='lat' dir='ltr'><strong>in</strong></span> <span class='ocrx_word' id='word_1_766' title='bbox 1538 2305 1592 2331; x_wconf 91' lang='lat' dir='ltr'><strong>quo</strong></span> <span class='ocrx_word' id='word_1_767' title='bbox 1625 2297 1694 2322; x_wconf 86' lang='lat' dir='ltr'><strong>nih‘il</strong></span> 
     </span>
    </p>
   </div>
   <div class='ocr_carea' id='block_1_103' title="bbox 906 2340 1694 2375">
    <p class='ocr_par' dir='ltr' id='par_1_103' title="bbox 906 2340 1694 2375">
     <span class='ocr_line' id='line_1_103' title="bbox 906 2340 1694 2375; baseline 0.001 -8"><span class='ocrx_word' id='word_1_768' title='bbox 906 2340 979 2367; x_wconf 84' lang='lat' dir='ltr'><strong>aliud</strong></span> <span class='ocrx_word' id='word_1_769' title='bbox 1014 2348 1095 2374; x_wconf 88' lang='lat' dir='ltr'><strong>quam</strong></span> <span class='ocrx_word' id='word_1_770' title='bbox 1128 2341 1283 2368; x_wconf 87' lang='lat' dir='ltr'><strong>litterarum</strong></span> <span class='ocrx_word' id='word_1_771' title='bbox 1325 2341 1537 2375; x_wconf 84' lang='lat' dir='ltr'><strong>studiorumque</strong></span> <span class='ocrx_word' id='word_1_772' title='bbox 1575 2342 1694 2375; x_wconf 71' lang='lat' dir='ltr'><strong>respici)</strong></span> 
     </span>
    </p>
   </div>
   <div class='ocr_carea' id='block_1_104' title="bbox 906 2385 1690 2421">
    <p class='ocr_par' dir='ltr' id='par_1_104' title="bbox 906 2385 1690 2421">
     <span class='ocr_line' id='line_1_104' title="bbox 906 2385 1690 2421; baseline 0.003 -10"><span class='ocrx_word' id='word_1_773' title='bbox 906 2385 1138 2413; x_wconf 75' lang='lat' dir='ltr'><strong>communionem.</strong></span> <span class='ocrx_word' id='word_1_774' title='bbox 1167 2385 1235 2413; x_wconf 87' lang='lat' dir='ltr'><strong>Cum</strong></span> <span class='ocrx_word' id='word_1_775' title='bbox 1261 2386 1347 2418; x_wconf 88' lang='lat' dir='ltr'><strong>enim,</strong></span> <span class='ocrx_word' id='word_1_776' title='bbox 1370 2387 1442 2421; x_wconf 83' lang='lat' dir='ltr'><strong>quod</strong></span> <span class='ocrx_word' id='word_1_777' title='bbox 1469 2395 1512 2414; x_wconf 87' lang='lat' dir='ltr'><strong>res</strong></span> <span class='ocrx_word' id='word_1_778' title='bbox 1538 2388 1690 2414; x_wconf 82' lang='lat' dir='ltr'><strong>amicorum</strong></span> 
     </span>
    </p>
   </div>
   <div class='ocr_carea' id='block_1_105' title="bbox 906 2431 1687 2467">
    <p class='ocr_par' dir='ltr' id='par_1_105' title="bbox 906 2431 1687 2467">
     <span class='ocr_line' id='line_1_105' title="bbox 906 2431 1687 2467; baseline 0.003 -10"><span class='ocrx_word' id='word_1_779' title='bbox 906 2438 1065 2458; x_wconf 88' lang='lat' dir='ltr'><strong>communes</strong></span> <span class='ocrx_word' id='word_1_780' title='bbox 1076 2439 1138 2458; x_wconf 85' lang='lat' dir='ltr'><strong>esse</strong></span> <span class='ocrx_word' id='word_1_781' title='bbox 1157 2436 1283 2466; x_wconf 86' lang='lat' dir='ltr'><strong>oportere</strong></span> <span class='ocrx_word' id='word_1_782' title='bbox 1295 2431 1409 2458; x_wconf 86' lang='lat' dir='ltr'><strong>afIirmat</strong></span> <span class='ocrx_word' id='word_1_783' title='bbox 1424 2432 1562 2467; x_wconf 83' lang='lat' dir='ltr'><strong>adagium,</strong></span> <span class='ocrx_word' id='word_1_784' title='bbox 1578 2441 1687 2460; x_wconf 87' lang='lat' dir='ltr'><strong>causam</strong></span> 
     </span>
    </p>
   </div>
   <div class='ocr_carea' id='block_1_106' title="bbox 906 2477 1684 2513">
    <p class='ocr_par' dir='ltr' id='par_1_106' title="bbox 906 2477 1684 2513">
     <span class='ocr_line' id='line_1_106' title="bbox 906 2477 1684 2513; baseline 0.004 -10"><span class='ocrx_word' id='word_1_785' title='bbox 906 2477 1117 2510; x_wconf 84' lang='lat' dir='ltr'><strong>communionis,</strong></span> <span class='ocrx_word' id='word_1_786' title='bbox 1140 2478 1302 2510; x_wconf 83' lang='lat' dir='ltr'><strong>amicitiam,</strong></span> <span class='ocrx_word' id='word_1_787' title='bbox 1332 2478 1413 2504; x_wconf 83' lang='lat' dir='ltr'><strong>rebus</strong></span> <span class='ocrx_word' id='word_1_788' title='bbox 1441 2479 1507 2513; x_wconf 86' lang='lat' dir='ltr'><strong>ipsis</strong></span> <span class='ocrx_word' id='word_1_789' title='bbox 1536 2481 1684 2512; x_wconf 42' lang='lat' dir='ltr'><strong>praestruit,</strong></span> 
     </span>
    </p>
   </div>
   <div class='ocr_carea' id='block_1_107' title="bbox 906 2524 1692 2560">
    <p class='ocr_par' dir='ltr' id='par_1_107' title="bbox 906 2524 1692 2560">
     <span class='ocr_line' id='line_1_107' title="bbox 906 2524 1692 2560; baseline 0.005 -11"><span class='ocrx_word' id='word_1_790' title='bbox 906 2528 1000 2550; x_wconf 80' lang='lat' dir='ltr'><strong>contra</strong></span> <span class='ocrx_word' id='word_1_791' title='bbox 1021 2531 1053 2550; x_wconf 88' lang='lat' dir='ltr'><strong>ea</strong></span> <span class='ocrx_word' id='word_1_792' title='bbox 1077 2524 1115 2551; x_wconf 91' lang='lat' dir='ltr'><strong>rei</strong></span> <span class='ocrx_word' id='word_1_793' title='bbox 1137 2525 1222 2558; x_wconf 79' lang='lat' dir='ltr'><strong>ipsius</strong></span> <span class='ocrx_word' id='word_1_794' title='bbox 1245 2525 1480 2555; x_wconf 81' lang='lat' dir='ltr'><strong>coinmunimiem.</strong></span> <span class='ocrx_word' id='word_1_795' title='bbox 1500 2533 1609 2552; x_wconf 77' lang='lat' dir='ltr'><strong>causam</strong></span> <span class='ocrx_word' id='word_1_796' title='bbox 1641 2535 1692 2560; x_wconf 81' lang='lat' dir='ltr'><strong>ego</strong></span> 
     </span>
    </p>
   </div>
   <div class='ocr_carea' id='block_1_108' title="bbox 905 2568 1693 2604">
    <p class='ocr_par' dir='ltr' id='par_1_108' title="bbox 905 2568 1693 2604">
     <span class='ocr_line' id='line_1_108' title="bbox 905 2568 1693 2604; baseline 0.005 -10"><span class='ocrx_word' id='word_1_797' title='bbox 905 2575 965 2595; x_wconf 85' lang='lat' dir='ltr'><strong>esse</strong></span> <span class='ocrx_word' id='word_1_798' title='bbox 990 2568 1052 2594; x_wconf 81' lang='lat' dir='ltr'><strong>Volo</strong></span> <span class='ocrx_word' id='word_1_799' title='bbox 1077 2569 1214 2596; x_wconf 66' lang='lat' dir='ltr'><strong>amicitiie.</strong></span> <span class='ocrx_word' id='word_1_800' title='bbox 1237 2569 1343 2604; x_wconf 83' lang='lat' dir='ltr'><strong>Quippe</strong></span> <span class='ocrx_word' id='word_1_801' title='bbox 1368 2570 1599 2604; x_wconf 87' lang='lat' dir='ltr'><strong>quemadmodum</strong></span> <span class='ocrx_word' id='word_1_802' title='bbox 1620 2579 1693 2598; x_wconf 91' lang='lat' dir='ltr'><strong>eom-</strong></span> 
     </span>
    </p>
   </div>
   <div class='ocr_carea' id='block_1_109' title="bbox 906 2614 1693 2649">
    <p class='ocr_par' dir='ltr' id='par_1_109' title="bbox 906 2614 1693 2649">
     <span class='ocr_line' id='line_1_109' title="bbox 906 2614 1693 2649; baseline 0.006 -9"><span class='ocrx_word' id='word_1_803' title='bbox 906 2614 998 2641; x_wconf 88' lang='lat' dir='ltr'><strong>munia</strong></span> <span class='ocrx_word' id='word_1_804' title='bbox 1023 2614 1156 2642; x_wconf 87' lang='lat' dir='ltr'><strong>divitibus</strong></span> <span class='ocrx_word' id='word_1_805' title='bbox 1182 2620 1209 2642; x_wconf 90' lang='lat' dir='ltr'><strong>et</strong></span> <span class='ocrx_word' id='word_1_806' title='bbox 1225 2617 1321 2649; x_wconf 69' lang='lat' dir='ltr'><strong>egenis</strong></span> <span class='ocrx_word' id='word_1_807' title='bbox 1347 2622 1453 2643; x_wconf 63' lang='lat' dir='ltr'><strong>natura:</strong></span> <span class='ocrx_word' id='word_1_808' title='bbox 1484 2625 1599 2644; x_wconf 75' lang='lat' dir='ltr'><strong>munera</strong></span> <span class='ocrx_word' id='word_1_809' title='bbox 1627 2623 1693 2645; x_wconf 88' lang='lat' dir='ltr'><strong>sunt.</strong></span> 
     </span>
    </p>
   </div>
   <div class='ocr_carea' id='block_1_110' title="bbox 906 2660 1693 2698">
    <p class='ocr_par' dir='ltr' id='par_1_110' title="bbox 906 2660 1693 2698">
     <span class='ocr_line' id='line_1_110' title="bbox 906 2660 1693 2698; baseline 0.004 -11"><span class='ocrx_word' id='word_1_810' title='bbox 906 2660 1006 2693; x_wconf 91' lang='lat' dir='ltr'><strong>omnia,</strong></span> <span class='ocrx_word' id='word_1_811' title='bbox 1023 2660 1133 2695; x_wconf 86' lang='lat' dir='ltr'><strong>quando</strong></span> <span class='ocrx_word' id='word_1_812' title='bbox 1148 2669 1198 2688; x_wconf 86' lang='lat' dir='ltr'><strong>nec</strong></span> <span class='ocrx_word' id='word_1_813' title='bbox 1211 2663 1266 2696; x_wconf 82' lang='lat' dir='ltr'><strong>regi</strong></span> <span class='ocrx_word' id='word_1_814' title='bbox 1283 2670 1345 2689; x_wconf 87' lang='lat' dir='ltr'><strong>cum</strong></span> <span class='ocrx_word' id='word_1_815' title='bbox 1369 2671 1491 2698; x_wconf 86' lang='lat' dir='ltr'><strong>purpura</strong></span> <span class='ocrx_word' id='word_1_816' title='bbox 1508 2663 1582 2690; x_wconf 87' lang='lat' dir='ltr'><strong>nasci</strong></span> <span class='ocrx_word' id='word_1_817' title='bbox 1601 2664 1693 2691; x_wconf 90' lang='lat' dir='ltr'><strong>indul-</strong></span> 
     </span>
    </p>
   </div>
   <div class='ocr_carea' id='block_1_111' title="bbox 905 2706 1694 2744">
    <p class='ocr_par' dir='ltr' id='par_1_111' title="bbox 905 2706 1694 2744">
     <span class='ocr_line' id='line_1_111' title="bbox 905 2706 1694 2744; baseline 0.006 -11"><span class='ocrx_word' id='word_1_818' title='bbox 905 2713 960 2742; x_wconf 76' lang='lat' dir='ltr'><strong>get,</strong></span> <span class='ocrx_word' id='word_1_819' title='bbox 977 2716 1026 2734; x_wconf 86' lang='lat' dir='ltr'><strong>nec</strong></span> <span class='ocrx_word' id='word_1_820' title='bbox 1040 2706 1130 2741; x_wconf 80' lang='lat' dir='ltr'><strong>opifici</strong></span> <span class='ocrx_word' id='word_1_821' title='bbox 1143 2707 1282 2735; x_wconf 88' lang='lat' dir='ltr'><strong>sellulario</strong></span> <span class='ocrx_word' id='word_1_822' title='bbox 1291 2718 1352 2736; x_wconf 91' lang='lat' dir='ltr'><strong>cum</strong></span> <span class='ocrx_word' id='word_1_823' title='bbox 1367 2710 1465 2737; x_wconf 81' lang='lat' dir='ltr'><strong>seissili</strong></span> <span class='ocrx_word' id='word_1_824' title='bbox 1479 2710 1630 2744; x_wconf 87' lang='lat' dir='ltr'><strong>palliastro,</strong></span> <span class='ocrx_word' id='word_1_825' title='bbox 1645 2712 1694 2739; x_wconf 88' lang='lat' dir='ltr'><strong>sed</strong></span> 
     </span>
    </p>
   </div>
   <div class='ocr_carea' id='block_1_112' title="bbox 906 2753 1693 2787">
    <p class='ocr_par' dir='ltr' id='par_1_112' title="bbox 906 2753 1693 2787">
     <span class='ocr_line' id='line_1_112' title="bbox 906 2753 1693 2787; baseline 0.006 -8"><span class='ocrx_word' id='word_1_826' title='bbox 906 2753 995 2780; x_wconf 82' lang='lat' dir='ltr'><strong>nudus</strong></span> <span class='ocrx_word' id='word_1_827' title='bbox 1017 2758 1147 2787; x_wconf 88' lang='lat' dir='ltr'><strong>utrosque</strong></span> <span class='ocrx_word' id='word_1_828' title='bbox 1175 2755 1200 2780; x_wconf 93' lang='lat' dir='ltr'><strong>in</strong></span> <span class='ocrx_word' id='word_1_829' title='bbox 1228 2755 1311 2781; x_wconf 83' lang='lat' dir='ltr'><strong>vitam</strong></span> <span class='ocrx_word' id='word_1_830' title='bbox 1337 2756 1451 2783; x_wconf 80' lang='lat' dir='ltr'><strong>educit:</strong></span> <span class='ocrx_word' id='word_1_831' title='bbox 1473 2757 1510 2784; x_wconf 86' lang='lat' dir='ltr'><strong>ita</strong></span> <span class='ocrx_word' id='word_1_832' title='bbox 1529 2758 1589 2783; x_wconf 80' lang='lat' dir='ltr'><strong>suis</strong></span> <span class='ocrx_word' id='word_1_833' title='bbox 1607 2759 1693 2785; x_wconf 88' lang='lat' dir='ltr'><strong>etiam</strong></span> 
     </span>
    </p>
   </div>
   <div class='ocr_carea' id='block_1_113' title="bbox 906 2800 1694 2839">
    <p class='ocr_par' dir='ltr' id='par_1_113' title="bbox 906 2800 1694 2839">
     <span class='ocr_line' id='line_1_113' title="bbox 906 2800 1694 2839; baseline 0.006 -14"><span class='ocrx_word' id='word_1_834' title='bbox 906 2800 1023 2826; x_wconf 85' lang='lat' dir='ltr'><strong>alumnis</strong></span> <span class='ocrx_word' id='word_1_835' title='bbox 1035 2800 1163 2827; x_wconf 80' lang='lat' dir='ltr'><strong>(nuuibus</strong></span> <span class='ocrx_word' id='word_1_836' title='bbox 1182 2801 1291 2828; x_wconf 84' lang='lat' dir='ltr'><strong>easdem</strong></span> <span class='ocrx_word' id='word_1_837' title='bbox 1312 2810 1410 2836; x_wconf 82' lang='lat' dir='ltr'><strong>operas</strong></span> <span class='ocrx_word' id='word_1_838' title='bbox 1430 2803 1605 2830; x_wconf 85' lang='lat' dir='ltr'><strong>obstetricias</strong></span> <span class='ocrx_word' id='word_1_839' title='bbox 1621 2812 1694 2839; x_wconf 76' lang='lat' dir='ltr'><strong>pra:-</strong></span> 
     </span>
    </p>
   </div>
   <div class='ocr_carea' id='block_1_114' title="bbox 906 2846 1691 2880">
    <p class='ocr_par' dir='ltr' id='par_1_114' title="bbox 906 2846 1691 2880">
     <span class='ocr_line' id='line_1_114' title="bbox 906 2846 1691 2880; baseline 0.004 -8"><span class='ocrx_word' id='word_1_840' title='bbox 906 2850 957 2872; x_wconf 79' lang='lat' dir='ltr'><strong>stat</strong></span> <span class='ocrx_word' id='word_1_841' title='bbox 971 2846 1105 2880; x_wconf 83' lang='lat' dir='ltr'><strong>sapientia</strong></span> <span class='ocrx_word' id='word_1_842' title='bbox 1128 2851 1155 2874; x_wconf 90' lang='lat' dir='ltr'><strong>et</strong></span> <span class='ocrx_word' id='word_1_843' title='bbox 1166 2847 1265 2875; x_wconf 87' lang='lat' dir='ltr'><strong>similia</strong></span> <span class='ocrx_word' id='word_1_844' title='bbox 1279 2849 1386 2876; x_wconf 86' lang='lat' dir='ltr'><strong>cunctis</strong></span> <span class='ocrx_word' id='word_1_845' title='bbox 1399 2849 1532 2876; x_wconf 61' lang='lat' dir='ltr'><strong>doctrina:</strong></span> <span class='ocrx_word' id='word_1_846' title='bbox 1544 2849 1691 2877; x_wconf 86' lang='lat' dir='ltr'><strong>distribuit</strong></span> 
     </span>
    </p>
   </div>
   <div class='ocr_carea' id='block_1_115' title="bbox 1477 2895 1513 2923">
    <p class='ocr_par' dir='ltr' id='par_1_115' title="bbox 1477 2895 1513 2923">
     <span class='ocr_line' id='line_1_115' title="bbox 1477 2895 1513 2923; baseline 0.028 -1"><span class='ocrx_word' id='word_1_847' title='bbox 1477 2895 1513 2923; x_wconf 67' lang='lat' dir='ltr'><strong>fb-</strong></span> 
     </span>
    </p>
   </div>
   <div class='ocr_carea' id='block_1_116' title="bbox 1751 2893 1780 2908">
    <p class='ocr_par' dir='ltr' id='par_1_116' title="bbox 1751 2893 1780 2908">
     <span class='ocr_line' id='line_1_116' title="bbox 1751 2893 1780 2908; baseline 0 0"><span class='ocrx_word' id='word_1_848' title='bbox 1751 2893 1780 2908; x_wconf 70' lang='grc' dir='ltr'><em>Α</em></span> 
     </span>
    </p>
   </div>
  </div>
