1878 3060
74 134 118 166 433

771 133 976 164 ΕΡΙΞΤΟΜΕ.

1641 131 1693 164 434

75 200 130 223 σας,
147 198 243 226 σαυτῳ
258 189 405 226 προσέχειν
421 190 470 224 μὲν
486 189 532 217 τὴν
547 189 621 222 νοῦν,
640 190 689 226 οὐχ
707 191 794 227 ἑτέρῳ
814 200 858 225 γε,
872 217 875 223 ,

962 195 1012 219 set
1031 190 1228 219 commercium
1253 194 1329 218 tuum
1354 190 1397 217 vel
1425 189 1530 225 Cinyrae
1558 189 1694 216 thesauris

76 237 186 269 πείθεις,
203 237 235 263 τὸ
249 237 279 263 δὲ
296 237 360 271 περὶ
384 237 413 262 σὲ
429 236 580 271 διατρίὸειν
595 238 690 271 μεῖζον
707 238 760 264 τῶν
776 238 858 265 Κινύ-

77 293 118 319 ρου
134 282 278 311 ταλάντων
296 283 336 318 (2)
356 283 471 310 οἴεσθαι.
489 282 643 318 Τοιγαροῦν
658 284 714 310 οὔτ’
727 284 801 311 ἔστιν
814 285 858 311 ὅτε

75 330 123 356 τῶν
138 330 194 356 σῶν
210 329 309 364 σχολὴν
322 329 426 363 ἄγομεν
442 329 498 356 οὐδ’
515 329 561 355 ἐπὶ
591 330 699 364 μικρὸν,
712 330 742 356 οὒ
759 330 860 365 μᾶλλον

75 376 89 409 ἦ
103 375 180 410 ἡμῶν
196 375 289 401 αὐτῶν
299 384 308 392 ’
334 374 389 402 οὐδ’
403 375 460 408 ἔχοι
489 383 531 406 τις
551 375 584 402 ἂν
598 375 679 401 ταυτὶ
694 375 859 410 ψεύσασθαι.

78 421 127 448 Καὶ
139 421 229 453 οὐδεὶς
241 420 282 454 ὃς,
301 421 368 456 ἡμῖν
381 421 514 456 ὁμιλήσας
526 441 533 453 ,
553 421 584 448 οὐ
607 421 674 456 περὶ
691 421 738 447 σοῦ
753 421 861 456 πρῶτον

77 468 202 502 ἀκήκοεν,
218 466 317 493 ἔπειτα
331 466 359 493 δὲ
373 466 422 492 καὶ
434 463 472 493 ὦν
485 466 586 500 ἔξεστι,
599 466 638 501 τῷ
655 467 724 501 μετὰ
738 467 769 493 σὲ
782 467 862 502 λόγου

78 510 232 545 τυγχάνειν,
248 510 286 542 ὡς
314 510 397 545 ἔγωγ’
410 509 498 545 οἶμαι,
523 511 731 545 κοσμουμένων.
755 511 792 539 Οὺ
807 513 863 548 γὰρ

78 556 160 591 δήπου
177 557 208 583 σὲ
225 556 276 591 μὲν
290 556 345 591 πρὸ
359 555 414 584 τῶν
426 557 514 584 ἄλλων
530 557 609 592 ἄγειν
623 557 697 590 είκδς
713 558 862 593 αἱρεῖσθαι,

78 602 164 629 τῶνδ’
191 602 264 638 ὑπὲρ
280 602 328 628 σοῦ
346 602 434 636 λόγων
458 602 580 636 πρόσθεν
601 603 708 637 ἑτέροις
730 603 863 637 τίθεσθαι,

80 650 121 676 καὶ
137 649 257 685 μάλιστα
287 649 397 677 πάντων
423 650 570 685 φιλοῦντας
597 651 627 677 οὐ
646 651 782 686 συνῳδοὺς
808 652 864 683 τοῖς

80 697 165 731 ἔργοις
185 696 346 730 ἑπεισάγειν
370 697 433 728 τοὺς
453 696 561 730 λόγους.
588 696 669 723 Ἀλλὰ
695 697 741 723 καὶ
767 697 864 723 τούτου

80 742 202 772 sono-Sto;
215 742 282 777 ἡμῖν
296 743 356 769 ἐστι
369 742 459 776 λόγος,
478 742 545 769 ὥστ’
567 743 592 769 εἰ
613 742 698 777 μηδὲν
713 743 801 769 ἐκεῖνό
822 751 865 774 τις

81 783 155 816 οἶδεν,
167 787 200 812 ὲκ
216 786 312 813 τούτου
323 786 348 820 γ’
364 786 398 813 ἂν
413 787 512 815 ἐνεῖναι
528 787 743 822 μαντεύσασθαι.

112 831 243 865 Θορύϐων
255 831 306 866 μὲν
322 829 370 859 οὗν
384 832 414 859 ἐν
444 833 585 867 συλλόγοις
603 833 756 868 συνέχειαν,
770 834 817 860 καὶ
835 834 866 860 τὸ

81 878 174 904 τείνειν
190 878 336 911 ἀπνευστὶ,
349 879 396 906 καὶ
408 880 515 913 κρότων
541 879 706 914 ὑπερϐολὴν,
724 880 770 906 καὶ
783 889 864 906 σπουι
881 873 901 898 Β

80 922 123 953 δὶς
140 922 193 954 ἔξω
206 924 444 959 παραδείγματος,
459 924 524 951 οἵων
540 925 553 951 ὁ
571 925 710 959 δαιμόνιος
726 925 866 961 παρ’ἡμϊν

81 967 237 999 ἀπολαύεις,
259 968 328 1000 ἴσως
350 969 401 996 οὐκ
426 969 547 1003 ἀγνοεῖς,
568 969 648 1000 εἰδὼς
663 969 702 1000 ὼς
729 969 778 996 οὐκ
793 967 867 998 εἰκὸς

81 1013 164 1043 ἄλλως
184 1014 258 1049 ,ἔχειν
273 1015 390 1047 ἀπόντος
402 1016 464 1047 τοὺς
482 1016 555 1051 μόνῳ
571 1024 612 1042 σοι
625 1016 679 1042 τῶν
691 1016 777 1043 ὄντων
793 1015 868 1050 φιλο-

81 1058 238 1091 νεικοῦντας
260 1061 456 1096 προσκεῖσθαι·
472 1062 530 1088 ἀλλ’
549 1063 630 1097 ἡμεῖς
646 1071 676 1096 γε
691 1063 756 1097 (καὶ
774 1062 868 1098 μηδεὶς

81 1105 232 1142 δυσχεράνῃ
247 1107 298 1142 τὴν
318 1107 437 1134 ἀτοπίαν
448 1117 454 1124 ·
481 1108 560 1141 ἀλλὰ,
578 1108 655 1135 ταῦθ’
671 1109 756 1140 οὕτως
774 1109 869 1144 ἔχοντα

82 1152 447 1188 λ’,γιζόμενο;,6αυμαζέτω
467 1154 514 1180 τοῦ
532 1154 656 1189 πάθους),
681 1155 810 1187 πολλάκις
836 1154 868 1189 δή

83 1207 150 1230 τινος
173 1199 242 1234 ἡμῖν
266 1200 444 1234 καθεστώσης
461 1201 584 1236 ἀνάγκης
601 1202 670 1237 πρὸς
691 1202 870 1228 οὑστινασοῦν

83 1245 208 1278 διεξιέναι
222 1246 288 1280 περί
304 1255 363 1280 του,
375 1248 430 1278 τοῖς
447 1247 518 1282 ὑπὲρ
535 1247 582 1274 σοῦ
605 1248 724 1284 πρόσθεν
753 1248 871 1280 διδόντες

84 1292 156 1324 (οὐδὲ
169 1293 226 1327 γὰρ
255 1292 314 1319 ἐσθ’
328 1293 345 1320 ἃ
365 1293 466 1328 μᾶλλον
488 1295 700 1330 φροντίζομεν),
729 1294 872 1330 διατριϐὴν

84 1336 132 1370 μὲν
145 1337 226 1371 μόνον
241 1338 346 1373 ταύτην
364 1339 494 1374 ἱστῶμεν,
512 1340 546 1366 τὰ
564 1340 593 1366 δὲ
617 1340 668 1374 τῆς
682 1340 776 1375 χρείας
789 1341 872 1375 ἀναρ-

83 1383 171 1418 τῶμεν
187 1385 227 1415 εὶς
238 1383 329 1417 αὖθις,
344 1385 391 1412 καί
403 1385 452 1420 τῆς
468 1386 615 1421 ὕστεραίας
629 1387 713 1414 ταυτὺ
726 1387 816 1419 τοῦτο,
826 1387 874 1414 καὶ

83 1429 131 1463 τῆς
145 1429 189 1455 ἐπ’
205 1429 300 1465 ἐκείνῃ
320 1430 397 1458 οὐδὲν
409 1430 514 1466 ἕτερον,
532 1431 590 1458 ἀλλ’
601 1433 733 1468 ἀτεχνῶς,
745 1432 874 1467 καθάπερ

85 1475 112 1500 ὲν
126 1476 252 1510 περιόδου
274 1478 391 1512 στροφῇ,
407 1477 476 1513 πρὸς
496 1477 526 1504 ἓν
542 1478 585 1504 ἀεὶ
608 1478 732 1514 τείνομεν
758 1478 804 1505 καὶ
818 1479 874 1510 τοῖς

914 250 1125 281 anteponamus.
1151 246 1185 273 Et
1215 252 1312 272 revera
1339 252 1421 272 nemo
1452 243 1563 278 negabit
1578 250 1626 270 nos
1645 241 1693 268 tibi

910 303 968 330 fere
986 302 1114 337 majorem
1130 308 1212 336 quam
1225 301 1305 328 nobis
1321 300 1388 335 ipsis
1398 307 1511 335 operam
1526 298 1695 334 impendere,

911 363 938 386 et
951 359 1110 394 quicunque
1125 357 1267 385 nobiscum
1294 358 1448 385 sermonem
1467 355 1618 386 conseruit,
1637 362 1696 381 me-

913 415 1034 448 minerit.
1070 422 1113 442 me
1142 419 1219 441 tuam
1246 417 1310 441 ante
1342 412 1466 440 omnium
1482 411 1591 439 laudem
1605 409 1698 437 verbis

913 469 1076 500 celebrassé.
1100 471 1123 499 Α
1150 474 1177 498 te
1205 477 1324 505 namque
1337 477 1427 498 sermo
1441 467 1611 496 inchoandus
1627 475 1635 500 ;
1652 471 1697 494 tua

914 530 975 557 laus
997 535 1061 557 ante
1087 528 1178 556 omnia
1203 526 1375 563 praedicanda
1395 529 1499 553 etcum
1516 523 1596 552 factis
1611 523 1700 557 aequi.

914 585 1092 621 ponderanda
1119 589 1170 618 est,
1199 583 1237 611 ita
1265 587 1296 610 ut
1318 581 1428 610 auditur
1457 589 1490 609 ex
1505 579 1597 608 verbis
1607 585 1699 607 rerum

916 645 1055 676 gestarum
1073 638 1292 674 magnitudinem
1304 637 1429 665 divinare
1445 636 1543 672 possit.

953 843 1012 871 Non
1033 848 1060 870 te
1083 841 1153 877 fugit
1176 845 1244 876 quot
1267 845 1294 868 et
1307 840 1401 876 quanti
1419 840 1445 866 in
1461 839 1642 867 contionibus
1657 845 1704 872 ap-

917 898 1038 932 ptausus,
1055 901 1083 924 et
1102 896 1234 924 clamores
1258 894 1433 928 ininterrupti
1463 901 1543 922 aures
1567 898 1627 921 tuas
1657 892 1705 920 ob.

917 956 1061 987 strepunt;
1086 952 1173 987 probe
1200 951 1301 979 novisti
1313 950 1386 985 quod
1405 949 1503 985 singuli
1521 949 1559 976 tui
1575 952 1623 976 aut
1636 956 1707 983 pra:-

919 1010 1005 1038 sentis
1018 1013 1066 1036 aut
1080 1007 1203 1036 absentis
1226 1015 1320 1036 curam
1336 1012 1435 1043 agunt:
1451 1014 1501 1034 nos
1525 1006 1576 1041 ipsi
1592 1005 1703 1041 quidem

919 1066 1002 1102 (quod
1020 1065 1122 1093 nemini
1139 1064 1298 1098 absurdum,
1317 1064 1374 1091 imo
1387 1063 1488 1090 mirum
1507 1062 1594 1090 videri
1621 1061 1705 1089 debe-

920 1122 993 1158 ibit),
1012 1129 1083 1157 saepe
1104 1122 1268 1149 necessitate
1286 1121 1376 1156 aliqua
1392 1120 1486 1148 nescio
1498 1127 1567 1155 quos
1582 1118 1705 1149 allocuti,

909 1182 955 1210 -de
984 1185 1011 1208 te
1034 1187 1090 1216 prae
1116 1179 1222 1207 castoris
1257 1185 1415 1206 sermonem
1446 1176 1617 1205 instituimus
1643 1174 1727 1210 (hoe’

921 1237 995 1264 enim
1016 1235 1108 1263 animo
1133 1239 1229 1263 nostro
1245 1234 1274 1262 in
1292 1234 1387 1270 primis
1402 1232 1577 1270 jucundum),
1593 1236 1707 1260 caeteras

923 1303 989 1323 vero
1011 1302 1055 1323 res
1071 1294 1105 1322 ad
1120 1294 1172 1322 alia
1189 1299 1216 1322 et
1235 1293 1287 1321 alia
1302 1292 1432 1327 deinceps
1449 1296 1573 1326 tempora
1587 1289 1706 1317 remitti-

923 1358 997 1383 mus,
1027 1350 1123 1378 iisdem
1141 1349 1224 1377 rebus
1244 1355 1385 1384 nunquam
1401 1355 1456 1375 non
1478 1354 1588 1382 operam
1601 1346 1708 1373 dantes.

924 1409 959 1437 Ut
974 1408 1049 1437 enim
1065 1408 1160 1436 furore
1175 1407 1268 1435 divino
1285 1405 1403 1438 incitati,
1419 1409 1450 1434 ut
1469 1408 1550 1440 poeta
1570 1403 1705 1438 loquitur,

926 1475 955 1495 se
985 1467 1059 1502 ipsos
1086 1465 1230 1493 continere
1258 1471 1314 1492 non
1339 1463 1441 1497 valent,
1477 1463 1525 1491 sed
1556 1461 1712 1490 indesinen-

85 1520 175 1553 αὒτοῖς
193 1521 328 1548 ἑκάστοτε
338 1522 566 1559 προσχωροῦμεν,
583 1524 709 1556 εἰκότως.
731 1523 800 1551 Οῦτε
820 1524 874 1558 γὰρ

962 1533 968 1539 ·
986 1523 1172 1559 abripiuntur,
1197 1522 1237 1550 sic
1259 1529 1310 1550 nos
1337 1529 1458 1557 quoque,
1475 1521 1514 1549 tui
1531 1521 1712 1549 admiratione

86 1568 109 1594 οἱ
120 1567 181 1603 θείᾳ
198 1568 285 1604 μανίᾳ
305 1569 435 1596 σύναυλοι
446 1590 454 1603 ,
472 1570 586 1605 ποιητὴς
603 1570 641 1605 (3)
659 1570 692 1596 ἃν
719 1567 806 1601 εἶπεν,
822 1567 874 1596 οἷοί

87 1614 114 1639 τέ
129 1615 182 1641 εἰσι
207 1616 280 1648 σςᾶς
297 1615 409 1648 αὐτοὺς,
441 1616 550 1643 ἐπειδὰν
578 1616 722 1652 mmmam,
738 1616 874 1651 κατέχειν,

87 1661 154 1687 ἀλλὰ
184 1662 358 1697 συνείρουσιν
376 1662 527 1688 ἀπνευστί·
550 1662 588 1694 ὣς
603 1662 632 1689 δὲ
653 1663 700 1689 καὶ
716 1663 809 1697 ἡμεῖς,
824 1661 877 1688 ὑπὸ

89 1704 135 1730 σοῦ
151 1705 237 1732 πάλαι
261 1704 425 1740 πληγέντες,
444 1706 594 1741 ἡσυχάζειν
617 1706 667 1733 οὐκ
681 1706 788 1741 ἔχομεν,
809 1704 878 1732 ἀλλὰ

90 1751 138 1784 τήν
153 1760 180 1777 τε
197 1751 266 1786 πρὸς
277 1751 374 1783 ἄλλους
384 1751 507 1784 ἅπαντας
521 1752 726 1788 μεγαλοψυχίαν
736 1751 877 1784 διεξιέναι,

92 1797 158 1831 μετὰ
170 1799 219 1824 καὶ
229 1797 339 1824 πολλῶν
357 1797 458 1832 ἐτέρων
475 1798 492 1825 ἆ
503 1806 545 1825 σοι
556 1798 688 1834 πρόσεστι
705 1799 751 1825 καὶ
763 1795 800 1825 ὢν
811 1798 875 1824 θαυ-

92 1845 196 1877 μαστὰς
223 1844 350 1875 ἅπαντας
374 1844 457 1880 ἔχεις,
481 1845 532 1880 τήν
557 1854 587 1872 τε
603 1844 671 1880 πρὸς
694 1846 769 1880 ἡμᾶς
779 1844 879 1876 αὐτοὺς

91 1888 195 1916 εὔνοιαν
207 1889 255 1916 καὶ
272 1889 392 1924 σπουδὴν
406 1889 541 1924 τοσαύτην
557 1898 587 1924 γε
598 1889 691 1922 οὖσαν,
706 1889 743 1921 ῶς
758 1889 806 1916 καὶ
816 1889 880 1920 τοὺς

92 1935 293 1970 γεγεννηκότας
322 1934 439 1966 αὐτούς*
465 1935 527 1961 τίδ’
549 1935 582 1962 ἂν
607 1935 757 1966 είποιτις;
781 1934 882 1967 Διεξιέ-

92 1987 134 2004 ναι
154 1979 193 2013 (ι)
206 1979 246 2012 δὲ,
264 1979 313 2013 οὐχ
329 1979 342 2004 ὃ
354 1987 379 2004 τι
395 1979 466 2005 τισὶν
480 1978 612 2014 ἠγνόηται
626 1979 701 2012 (πῶς
717 1979 771 2013 γάρ
784 1988 790 2011 ;
802 1978 820 2004 ὃ.
833 1986 882 2012 μο-

93 2026 165 2051 voveo
180 2025 283 2056 πάντες
307 2024 395 2052 ἴσασι-
411 2025 458 2051 καὶ
471 2025 540 2059 πρὸς
559 2025 693 2059 ἀλλήλους
714 2023 808 2059 σφόδρ’
823 2023 881 2050 ἀντ’

93 2070 170 2098 ἆλὶου
186 2080 236 2098 του
252 2070 324 2106 μετὰ
340 2071 387 2097 τοῦ
399 2069 551 2106 θαυμάζειν
567 2070 660 2105 βοῶσι,
680 2069 882 2105 μακαρίζοντες

95 2118 142 2150 μὲν
159 2118 222 2152 ἐμὲ,
251 2117 294 2143 σοι
315 2117 344 2144 δὲ
361 2118 552 2152 συνευχόμενοι
581 2117 614 2144 τὰ
640 2117 747 2152 βελτίω.
761 2117 812 2152 τῆς
833 2117 884 2152 μὲν

94 2166 173 2198 τιμῆς
203 2164 266 2198 ἐμὲ,
297 2163 340 2189 σοὶ
356 2163 383 2189 δὲ
408 2163 543 2198 τοσαύτην
566 2162 700 2197 ὁσημέραι
727 2162 884 2197 παρέχειν),

925 1582 1051 1617 abrepti,
1072 1589 1126 1609 non
1161 1580 1301 1616 potuimus
1331 1585 1404 1608 tuam
1426 1580 1455 1607 in
1479 1584 1592 1607 caeteros
1618 1587 1714 1607 omnes

926 1639 1145 1667 benevolentiam
1170 1646 1224 1666 non
1244 1638 1395 1673 prtedicare
1419 1645 1488 1673 quos
1512 1637 1551 1665 lui
1567 1637 1716 1665 admirato-

928 1702 972 1721 res
995 1694 1096 1728 habes;
1122 1703 1185 1722 nam
1213 1699 1259 1722 tua
1273 1702 1338 1730 erga
1350 1702 1399 1722 nos
1411 1702 1520 1730 quoque
1539 1694 1717 1730 magniﬁcen-

930 1751 964 1778 tia
993 1759 1023 1779 ea
1055 1756 1106 1785 est,
1133 1757 1163 1780 ut
1195 1752 1239 1779 vix
1270 1756 1347 1787 pater
1362 1752 1420 1788 ipse
1441 1753 1571 1789 majorem
1586 1752 1718 1780 exhibere

929 1810 1028 1844 possit.
1043 1810 1114 1843 Quid
1135 1810 1239 1846 plura?
1253 1810 1282 1837 ιιι
1301 1810 1400 1845 vulgus
1421 1814 1487 1838 uota
1503 1809 1594 1837 refero
1610 1810 1718 1845 (omnes

930 1866 1004 1893 enim
1024 1866 1126 1898 sciunt,
1152 1870 1190 1899 et,
1205 1873 1303 1901 magno
1315 1866 1435 1893 clamore
1455 1865 1653 1898 vociferantes,
1673 1872 1716 1893 me

931 1923 1042 1959 quidem
1056 1923 1167 1951 beatum
1183 1923 1296 1955 dicunt,
1314 1923 1362 1950 tibi
1380 1927 1471 1950 autem
1486 1923 1588 1958 optima
1601 1931 1718 1958 quaeque

932 1985 1093 2015 precantur,
1113 1984 1140 2006 et
1154 1979 1193 2006 sic
1209 1978 1290 2006 nobis
1313 1979 1447 2007 ambobus
1462 1979 1612 2007 maximum
1627 1980 1720 2015 quoti-

932 2036 976 2064 die
1005 2037 1135 2064 honorem
1160 2035 1320 2071 tribuunt);
1343 2044 1405 2063 nam
1429 2044 1480 2072 ego
1500 2042 1528 2064 et
1542 2036 1632 2071 quivis
1652 2037 1721 2065 alius

935 2101 966 2122 re
979 2094 1077 2121 merito
1094 2093 1284 2128 indignaretur
1300 2093 1335 2127 si,
1356 2093 1421 2122 dum
1437 2099 1465 2122 tu
1481 2095 1550 2122 nihil
1564 2103 1629 2127 non,
1648 2095 1721 2130 quod

934 2152 1013 2180 nobis
1027 2152 1094 2180 utile
1106 2159 1165 2180 esse
1184 2153 1265 2187 posit,
1295 2153 1349 2181 imo
1367 2153 1429 2189 plus
1453 2161 1534 2189 quam
1551 2154 1622 2190 quod
1639 2154 1723 2181 debes

96 2211 149 2236 ἀλλ’
164 2211 207 2238 ὃτι
223 2210 279 2236 τῶν
295 2209 479 2236 ἀτοπωτάτων
495 2207 565 2236 εἶναι
583 2209 697 2244 νομίζω,
714 2208 761 2235 καὶ
775 2209 829 2240 πᾶς
842 2217 875 2237 τις

979 2217 1029 2237 nos
1046 2209 1166 2242 confers,
1182 2217 1232 2238 nos
1249 2210 1383 2238 beneficia
1398 2215 1444 2238 tua
1459 2219 1514 2239 non
1535 2215 1613 2246 grato
1629 2210 1722 2237 animo

98 2256 126 2281 ἂν
153 2255 268 2289 νομίσαι
299 2253 423 2284 δικαίως,
454 2253 479 2279 εί
496 2253 528 2279 σὺ
558 2253 609 2288 μὲν
626 2253 754 2279 ἁπάντων
779 2252 885 2287 ὅσαπερ

98 2301 158 2334 ἡμῖν
187 2301 228 2331 εἰς
258 2299 355 2333 ὗνησιν
370 2295 421 2333 ἧκε
442 2298 575 2333 πράττειν
599 2298 649 2324 οὐκ
663 2298 802 2329 ὰποκνείς,
815 2296 885 2324 ἀλλὰ

97 2347 139 2372 καὶ
151 2345 334 2379 ὑπερϐαίνεις
356 2343 412 2370 ἐσθ’
438 2344 483 2370 ὅτε
511 2344 560 2379 τὴν
577 2343 682 2378 χρείαν,
703 2343 780 2369 αὐτοὶ
800 2343 822 2369 δ’
835 2343 885 2377 οὺχ

97 2392 153 2418 ἇσον
166 2392 269 2427 ἔχομεν
282 2390 377 2424 λέγειν
396 2390 434 2421 ὡς
449 2390 493 2425 ἄρ’
508 2387 537 2417 εὖ
554 2389 728 2424 πεπόνθαμεν
743 2389 792 2416 καὶ
803 2389 885 2424 χάριν

97 2438 294 2471 ὁμολογοῦντες
312 2436 471 2470 φαίνεσθαι⁶
491 2436 506 2462 ὃ
525 2435 563 2472 μὴ
578 2435 720 2466 ποιοῦντες
736 2435 884 2470 ἠδικοῦμεν

97 2483 138 2512 ἂν.
156 2484 214 2511 Νῦν
232 2483 260 2510 δὲ
278 2484 313 2510 τὰ
328 2483 420 2508 εἰκότα
435 2482 562 2517 δρῶντες,
575 2482 625 2508 οὐκ
640 2481 673 2508 ἂν
690 2481 802 2508 ἐπαίνου
816 2489 884 2515 τυγ-

98 2530 226 2565 χάνωμεν
239 2538 245 2545 ·
259 2529 330 2555 ἀλλὰ
342 2529 388 2555 καὶ
398 2529 493 2555 τούτου
510 2528 541 2555 σύ
564 2529 592 2561 γ’
605 2527 687 2558 αὐτὸς
702 2527 804 2559 δίκαιος
821 2528 885 2554 ἁτε-

99 2576 174 2611 χνῶς,
190 2576 205 2602 ὁ
220 2575 270 2604 τὰς
285 2574 414 2610 ἀφορμὰς
427 2573 480 2600 τῶν
495 2574 636 2607 τοιούτων,
650 2573 683 2600 δι’
700 2571 738 2600 ὧν
753 2574 792 2605 εἰς
809 2574 883 2608 ἡμᾶς

100 2623 226 2648 ἑκάστοτε
252 2620 396 2656 πράττεις,
427 2620 655 2654 παρασκευάζων.
688 2619 804 2653 Μεγάλα
828 2621 883 2654 γὰρ

100 2668 139 2694 ἀεὶ
155 2667 349 2704 χαριζόμενος,
364 2667 410 2693 καὶ
425 2667 480 2698 τοῖς
492 2666 630 2701 δευτέροις
642 2666 677 2692 τὰ
689 2665 810 2701 πρότερα
827 2674 882 2692 πα-

136 2747 170 2781 (2)
190 2747 219 2773 ln
236 2745 415 2781 proverbium
438 2745 560 2781 abierant
575 2744 682 2781 Cinyrae
700 2743 797 2781 Cyprii
808 2743 879 2770 divi-

103 2779 154 2808 tize.
168 2779 373 2815 Vide-Gregorii
384 2779 553 2815 squeorgii
566 2779 657 2815 Cyprii
672 2779 881 2807 i‘rovcrbiorum

103 2817 301 2845 collectionem.
321 2820 385 2842 tom.
400 2814 500 2841 CXLII.
523 2815 601 2841 Enrr.

139 2853 174 2886 (Ii;
193 2851 347 2887 Sophocles
364 2849 467 2877 scilicet
484 2851 527 2884 Aj.
542 2851 604 2877 UH.

937 2271 1018 2301 atque
1050 2273 1098 2293 ore
1126 2265 1333 2294 confiteremur.
1368 2265 1458 2300 Quare
1489 2267 1511 2295 si
1540 2267 1612 2302 quod
1639 2266 1724 2294 debe-

941 2331 1014 2357 mus,
1042 2323 1170 2355 facimus,
1195 2323 1304 2351 laudem
1330 2323 1411 2350 nobis
1438 2323 1577 2351 vindicare
1594 2323 1655 2351 ideo
1668 2331 1723 2350 non

935 2389 1081 2416 possumus
1096 2389 1104 2414 ;
1125 2385 1153 2408 tu
1169 2385 1274 2414 autem,
1288 2379 1334 2415 qui
1354 2383 1491 2407 tantorum
1514 2380 1540 2407 in
1556 2387 1606 2407 nos
1619 2380 1724 2408 benefi-

937 2438 1042 2465 ciorum
1072 2442 1168 2465 auctor
1194 2444 1235 2470 es,
1251 2436 1350 2464 merito
1376 2436 1543 2464 omnilaude
1564 2444 1593 2464 es
1613 2436 1723 2472 dignus.

938 2493 1008 2521 Dum
1034 2493 1108 2522 enim
1139 2493 1244 2528 magnis
1271 2492 1415 2520 beneficiis
1439 2493 1542 2528 majora
1567 2501 1675 2528 semper
1698 2498 1725 2520 ct

941 2552 1133 2586 praestantiora
1162 2550 1278 2586 adjicis,
1302 2558 1443 2586 nunquam
1467 2556 1556 2578 tamen
1584 2551 1652 2579 satis
1675 2551 1724 2578 tibi

938 2607 1037 2635 fecisse
1063 2612 1154 2642 putas,
1180 2608 1227 2636 sed
1252 2608 1378 2635 certatim
1402 2607 1544 2643 maiorem,
1567 2616 1647 2643 quam
1674 2616 1725 2635 nos

937 2666 1000 2700 ipsi,
1019 2665 1105 2692 nostri
1123 2673 1216 2693 curam
1242 2666 1333 2701 geris,
1347 2672 1374 2694 et
1395 2665 1512 2692 maximo
1527 2666 1625 2693 ardore
1642 2666 1724 2693 rebus

971 2744 1009 2777 (ί)
1030 2743 1074 2786 ξίίε
1087 2744 1167 2786 codd.
1182 2744 1575 2786 Locuscstmutilosnsctistis
1586 2745 1722 2786 postulat:

944 2779 986 2809 Ὠς
1000 2780 1045 2805 καὶ
1057 2780 1117 2809 τοὺς
1133 2779 1335 2815 γεγεννηκότας
1346 2780 1444 2812 αὐτοὺς
1458 2781 1496 2815 (τί
1506 2779 1528 2806 δ’
1546 2780 1577 2807 ἂν
1587 2779 1666 2806 εἴποι
1685 2787 1724 2809 τις

941 2815 1063 2849 (istan)
1082 2816 1111 2841 οὐ
1131 2815 1215 2850 μείζω
1233 2813 1376 2848 πιρέχειν.
