1878 3060
6 107 8 150 Ξ
50 119 91 150 uo
392 128 406 130 ~

587 121 727 151 OilA'l‘iO
747 121 793 151 DE
815 122 930 151 REGIS
946 122 1119 152 OFFICIIS.

1618 118 1670 151 450

51 176 167 209 πρόσεσθ’
186 176 264 210 ὑμῖν,
284 176 391 203 τούτων
406 176 476 210 iui;
494 175 593 207 αὐτοὺς
609 178 766 210 ἀφιστάναι,
783 186 798 202 κ

906 182 960 204 aut.
987 177 1015 204 Si
1043 185 1108 204 vero
1128 184 1158 209 ea
1174 181 1234 211 qua:
1259 176 1367 211 plurimi
1385 175 1472 203 facitis
1497 175 1560 210 ipsi,
1577 176 1669 209 perni—

51 223 199 257 μεθιστάναι
214 224 284 258 πρὸς
301 224 318 251 ἃ
333 224 390 250 δεῖ·
405 225 429 250 εἰ
446 223 468 250 δ’
481 223 498 250 ἃ
520 224 584 258 περὶ
602 224 729 250 πλείστου
746 225 830 250 ποιεῖ-

34 269 97 301 ,σᾶκ
116 268 194 295 ταῦθ’
219 270 287 304 ὑμῖν
314 270 356 301 εἰς
380 269 482 305 βλάὸην
507 269 678 298 καοίστακι,
706 270 764 300 πῶς
780 269 830 296 οὐκ

49 315 112 347 ἆξον
128 315 238 350 ἑτέροις
257 316 376 347 ἀνιέναι,
392 315 426 342 δι’
447 312 480 350 ἧς
496 316 735 349 εὺδαιμονὲστατοι
761 317 829 342 πάν-

48 369 92 387 των
107 361 187 395 ὑμεῖς
205 361 305 387 ἔσεσθε
319 369 327 393 ;
348 362 398 387 Ἢν
409 361 463 396 γάρ
482 369 541 393 σου,
559 361 592 387 δι’
607 357 645 387 ὧν
661 361 693 387 ἂν
704 360 759 394 ἐγὼ
779 361 828 395 μὲν

49 407 204 441 ὑποθείμην,
230 408 264 433 σὺ
278 408 307 434 δὲ
324 407 403 434 ταῦτ’
417 407 539 438 ἀκούσας
562 407 601 438 εἰς
622 407 702 441 ἔργον
722 407 831 440 ἐξενεγ-

47 454 94 478 κεῖν
105 453 263 487 ἐθελήσαις,
279 453 326 478 τὸν
339 452 437 480 ἅπαντ’
452 453 540 479 αἰῶνα
563 452 724 488 θαυμαστὴν
739 461 829 488 παρα-

47 499 164 526 σκευάσω
181 499 314 533 γενέσθαι
327 500 375 525 καὶ
387 499 438 533 τὴν
454 499 540 534 ἀρχὴν
553 500 609 529 τοῖς
625 499 749 530 ἐπαίνοις
762 498 829 525 ἀθά-

45 536 124 575 νιτον,
141 544 297 578 χαριοῦμαι
321 552 364 570 σοι
388 544 455 570 πολὺ
472 544 584 578 μᾶλλον,
599 544 615 578 ἥ
637 544 661 570 εἰ
677 544 766 570 πάντα
781 543 827 569 τὸν

103 591 155 624 γῆν
169 590 219 616 καὶ
234 590 305 625 ὑπὲρ
318 590 371 624 γῆν
389 590 500 624 χρυσὸν,
510 591 588 624 εἴπερ
601 587 655 616 οἷόν
664 590 687 616 τ’
701 587 746 625 ἦν,
762 599 826 616 συν-

6 648 9 664 ι
43 635 148 670 ελλοχὼς
175 635 372 670 παρεσχόμην·
401 637 530 670 χρήματα
568 635 617 670 μὲν
649 636 703 670 γὰρ
731 635 826 662 ἄλλοτε

44 681 121 711 ἄλλως
138 680 224 714 ἴσχει,
250 679 336 715 ἀρετὴ
358 679 386 706 δὲ
402 679 472 705 οὓτω
496 679 568 706 κατὰ
597 679 699 711 παντὸς
719 680 827 706 ἵσταται

6 719 8 742 ἶ
43 727 141 760 χρόνον,
156 725 225 752 ὥστ’
239 725 292 751 οὐκ
313 725 389 752 ἐστιν
405 724 445 751 ὅτ’
458 725 550 751 οὐκέτι
578 725 656 759 λόγος
675 725 759 760 αὐτῆς
770 733 777 740 ·
791 723 826 761 ἦς

42 771 115 805 ἔγωγ’
141 771 173 798 εὖ
202 768 263 798 οἶδα
282 771 449 806 δημαγωγὸν
474 771 512 802 ὡς
541 771 648 805 τάχιστ’
680 772 823 806 ἀποφανῶ,

42 819 124 844 ὁποίνςν
137 818 192 844 τιν’
205 815 278 843 εἶναι
295 818 337 843 δεῖ
348 819 393 843 τὸν
417 818 570 852 κρατοῦντα
585 816 703 850 διεξιὼν,
721 818 767 844 καί
784 826 825 844 σοι

41 864 94 894 62-3;
108 864 252 898 ἀφορμὰς,
275 863 310 889 δι’
330 859 367 889 ὧν
385 863 466 894 αὑτός
483 871 513 889 τε
529 863 578 899 ἔσῃ
592 863 675 894 καλὸς
694 864 825 897 κάγαθὸς,

41 910 80 935 καὶ
99 906 157 940 οἷος
173 909 206 935 οὐ
229 908 278 935 τοῦ
302 909 499 946 προσρήματος
513 908 603 943 μόνον,
622 907 691 935 ἀλλὰ
714 909 760 935 καὶ
777 908 824 936 τοῦ

39 955 215 990 τετιμηκότος
239 955 392 989 ἀξιόχρεως
416 952 486 981 εἶναι
509 953 595 980 Θεοῦ·
616 953 680 985 τούς
694 963 724 980 τε
743 954 826 989 ἀρχο-

41 1002 131 1035 μένους
144 1001 285 1032 τοιούτους
297 1001 330 1035 δή
346 1008 421 1032 τινας
433 1000 516 1033 ἕξεις,
535 999 571 1031 ὡς
589 1000 631 1026 co".
650 1000 699 1034 μὲν
713 1000 824 1032 τούτους

39 1046 77 1072 διὰ
92 1047 204 1073 πάντων
220 1045 384 1081 ξυμϐαίνειν
404 1045 562 1080 πειρᾶσθαι,
586 1045 635 1072 καὶ
651 1045 721 1071 κατὰ
741 1045 824 1077 πόδας

38 1091 68 1122 ὡς
81 1090 137 1117 οἷόν
157 1100 187 1117 τε
206 1092 320 1126 χωρεῖν,
339 1091 445 1123 τούτοις
466 1091 488 1118 δ’
503 1089 536 1118 αὖ
559 1091 588 1117 σὲ
612 1091 697 1118 καλοῦ
722 1091 824 1122 παντὸς

38 1135 104 1163 εἶναι
120 1137 313 1173 παράδειγμα,
332 1137 370 1169 ὡς
383 1138 416 1164 ἂν
436 1138 478 1172 εἴη
498 1146 526 1164 τε
541 1137 621 1172 σῶμα
640 1137 737 1164 πολλοῦ
751 1146 824 1169 τινος

37 1185 107 1218 ἀξιον
122 1186 155 1212 ὲκ
175 1184 299 1219 κεφαλῆς
321 1186 362 1216 εἰς
383 1185 466 1216 πόδας
486 1185 572 1216 σῶζον
596 1185 625 1211 τὸ
642 1184 756 1216 κάλλος⁸
779 1185 822 1211 ὅτε

37 1233 122 1258 τοίνυν
141 1231 223 1263 αὐτὸς
250 1232 301 1266 μὲν
327 1232 438 1265 ἄριστος
459 1231 590 1265 γεγονὼς,
615 1231 824 1266 παραπλησίους

36 1278 59 1304 δὲ
74 1279 138 1309 τοὺς
161 1278 259 1308 ἄλλους
279 1277 386 1308 πάντας
407 1276 492 1303 ἔπειτ’
518 1277 624 1313 ἐργάσῃ
638 1286 644 1292 ·
670 1278 774 1304 τούτων
795 1277 823 1304 δὲ

36 1322 119 1353 οὕτως
137 1322 297 1357 ἐσχηκότων
312 1321 354 1347 σοὶ
375 1321 435 1347 κατ’
462 1321 546 1356 ἄμφω
564 1321 652 1347 ταῦτα
679 1321 822 1356 περιέσται

36 1368 236 1401 θαυμάζεσθαι,
256 1369 305 1395 καὶ
322 1365 355 1403 ἦς
369 1367 450 1398 αὐτὸς
465 1367 538 1402 ἐχεις
555 1367 752 1403 χρηστότητος,
775 1368 822 1394 καὶ

35 1412 63 1450 ἧς
82 1416 139 1445 τοῖς
162 1414 255 1446 ἄλλοις
274 1413 436 1444 αἰτιώτατος
454 1411 489 1445 εἷ,
515 1413 573 1444 πῶς
589 1413 640 1439 οὐκ
662 1412 762 1448 ἀρετῆς
777 1413 821 1439 tv-

34 1460 125 1486 τεῦθεν
155 1459 339 1493 ἀντιληπτέον
365 1458 421 1485 ἔστ’
438 1457 468 1491 ἐξ
490 1459 625 1493 ἀνάγκης,
653 1457 680 1484 εἴ
704 1466 746 1484 σοι
774 1458 821 1485 τοῦ

34 1505 222 1540 θαυμάζεσθαι
239 1505 339 1539 τρόπον
351 1503 380 1530 ὃν
396 1504 464 1538 ἔφην
480 1503 573 1538 μὲλει;
588 1503 664 1537 μέλει
678 1502 706 1529 δὲ
718 1500 746 1529 εὖ
765 1501 821 1529 οἶδα

33 1552 132 1583 παντὸς
150 1551 265 1586 μᾶλλον,
289 1551 366 1586 εἰπερ
381 1549 428 1576 τοῦ
445 1550 576 1577 κάλλιστα
595 1549 643 1576 καὶ
655 1549 692 1581 ὡς
713 1549 821 1584 ἀληθῶς

33 1599 123 1632 ἄρχειν
146 1597 270 1632 μάλιστα
287 1595 375 1630 μέλει.
763 1605 766 1608 ·

63 1643 98 1677 β’.
119 1643 237 1679 Πρῶτον
263 1642 313 1677 μὲν
327 1640 374 1668 οὗν
392 1642 520 1669 ἁπάντων
545 1643 633 1669 ἐκεῖνο
654 1641 820 1668 διανοεῖσθαί

32 1699 58 1716 σε
72 1690 137 1726 χρὴ,
153 1691 196 1716 ὃτι
214 1690 240 1715 εἰ
258 1689 307 1716 καὶ
320 1690 369 1724 τῆς
381 1689 431 1723 γῆς
446 1688 542 1724 ἔλαχες
563 1689 659 1724 ἄρχειν
673 1689 722 1715 καὶ
736 1689 820 1723 μέγε-

32 1735 74 1767 θος
86 1736 266 1772 πραγμάτων
291 1734 465 1769 περικεῖσθαι
482 1734 601 1766 τοσόνδε,
620 1733 678 1761 ἀλλ’
695 1734 751 1769 ἄρα
773 1734 819 1760 καὶ

32 1782 126 1817 μοίρας
139 1782 243 1816 θνητῆς
256 1781 351 1815 ἔλαχες
361 1777 442 1811 εἶναι,
454 1781 502 1806 καὶ
515 1780 563 1806 τοῦ
579 1781 638 1806 καθ’
650 1781 722 1816 ἡμᾶς
734 1781 820 1816 πράγ-

32 1835 130 1861 ματος·
148 1828 188 1858 ὡς
207 1827 245 1861 μὴ
263 1826 357 1860 μεῖζον
375 1825 423 1851 τοῦ
440 1823 510 1852 εἶναι
530 1826 640 1860 φρονεῖν
657 1826 739 1861 ἔχειν,
757 1826 818 1862 μηδ’

31 1873 96 1908 ὑπὲρ
109 1874 145 1900 τὰ
172 1871 342 1906 ἐσκαμμένα
365 1871 415 1906 τῆς
441 1871 550 1905 φύσεως
574 1871 687 1906 βαίνειν.
704 1872 737 1898 Τί
766 1872 819 1907 γὰρ

30 1920 127 1952 μᾶλλον
144 1918 271 1953 ἀμείνων
298 1915 324 1944 ei
339 1917 439 1949 παντὸς
466 1917 571 1944 ἰδιώτου
597 1918 640 1944 διὰ
661 1918 690 1944 τὸ
714 1919 816 1953 σχῆμα,

30 1966 64 2000 μὴ
79 1965 128 1992 καὶ
155 1964 262 2000 μᾶλλον
277 1963 396 2000 χρηστὸς
411 1962 466 1997 (in;
491 1963 549 1990 ἀλλ’
574 1964 689 1998 ἐπείπερ
711 1964 761 1990 οὐκ
781 1963 818 1990 ὢν

28 2010 180 2044 ἑγεγόνεις,
208 2010 258 2036 καὶ
272 2009 322 2044 τὴν
340 2009 429 2044 ἀρχὴν
451 2008 500 2036 τοῦ
525 2010 621 2042 γένους
643 2009 682 2041 είς
703 2009 767 2044 χοῦν
788 2018 817 2036 τε

28 2057 73 2083 καὶ
87 2057 118 2082 τὸ
134 2055 223 2091 μηδὲν
246 2053 404 2090 ἀναφιρων,
422 2055 471 2090 οὐχ
493 2055 566 2087 ὅπως
581 2056 609 2087 ἐς
633 2055 707 2083 ἅπαν
721 2058 818 2091 διαμε-

27 2103 90 2135 νεζς,
110 2103 184 2128 ἀλλὰ
200 2102 251 2134 τὴν
266 2101 352 2136 αὐτὴν
365 2102 422 2133 τοῖς
434 2101 576 2137 προγόνοις
595 2102 642 2129 καὶ
658 2103 739 2135 αὐτὸς
756 2103 818 2135 ἑξα-

26 2146 289 2181 νύσεις,πειρᾶσθαι
302 2146 384 2174 παντὶ
398 2146 572 2182 Θυμῷ,τοῦτο
583 2147 633 2183 μὲν
644 2147 817 2183 μετριώτατα

882 232 957 259 ciosa
989 238 1054 260 sunt
1078 233 1168 265 vobis,
1198 239 1252 266 quo
1282 236 1360 266 pacto
1387 231 1404 258 ii
1420 231 1567 265 spernendi
1583 237 1668 258 erunt

882 287 983 322 quibus
1000 295 1136 315 summum
1152 291 1274 314 vestrum
1308 287 1410 314 bonum
1429 286 1508 313 unice
1521 286 1597 313 cordi
1612 286 1671 313 est?

882 344 954 379 quod
981 343 1003 370 si
1031 351 1062 370 ea
1088 351 1148 378 qua:
1176 343 1225 370 tibi
1253 342 1374 369 dederim
1391 341 1505 369 consilia
1522 342 1670 368 observans

880 405 908 429 et
921 401 1055 428 dictorum
1074 408 1196 428 macrum
1213 398 1329 427 audiens
1345 400 1428 431 fores,
1458 406 1571 432 regnum
1592 403 1668 426 tuum

880 465 930 492 per
944 464 1025 484 oume
1042 460 1150 490 tempus
1174 455 1306 482 laudibus
1325 454 1357 481 ad
1374 454 1472 481 caelum
1490 462 1575 489 usque
1586 455 1670 482 elTrr~

883 519 952 545 rem,
975 516 1056 546 atque
1076 511 1113 538 ita
1126 511 1238 545 majoris
1250 510 1299 537 tibi
1315 510 1451 537 felicitatis
1467 515 1564 537 auctor
1578 519 1666 537 essent

881 577 965 604 quam
1000 569 1022 597 si
1050 569 1098 596 libi
1111 568 1243 603 quidquid
1257 567 1316 595 auri
1330 576 1413 602 super
1434 573 1461 594 et
1477 568 1548 594 intra
1567 573 1666 596 terram

879 625 978 660 fulget.
1011 625 1150 652 olierrem.
1170 625 1236 652 Dum
1254 625 1326 651 enim
1349 631 1414 658 opes
1430 624 1509 651 ﬂuxa;
1522 630 1594 656 sunt,
1613 625 1668 652 vir-

881 685 923 708 tus
955 681 1026 708 adeo
1042 680 1166 707 omnium
1191 684 1345 715 temporum
1368 683 1420 711 est,
1433 686 1463 707 ut
1478 689 1616 715 nunquam
1632 682 1666 709 ab

878 735 1024 763 hominum
1039 737 1170 764 societate
1193 737 1288 764 abesse
1303 737 1399 772 possit.
1417 737 1579 772 Quicunque
1595 739 1667 766 enim

878 795 987 822 caeteris
1006 795 1144 830 imperare
1179 803 1211 822 ac
1242 796 1374 830 populum
1403 803 1498 829 regem
1527 796 1669 829 praesumit

845 853 864 879 B
879 852 1012 880 virtutum
1039 853 1119 880 laude
1144 854 1302 880 cumulatus
1328 860 1390 880 esse
1413 852 1544 886 debebit;
1567 854 1668 888 quibus

879 914 905 935 tu
927 908 985 943 ipse
1000 915 1117 936 ornatus
1132 909 1204 944 apud
1232 909 1358 936 homines
1374 913 1402 936 et
1415 908 1504 943 ipsum
1522 909 1604 936 Deum
1619 911 1668 936 bo-

878 973 959 994 nores
991 966 1181 999 naucisceris,
1211 966 1336 994 subditos
1370 970 1461 993 autem
1503 966 1618 993 habebis
1641 972 1666 994 te

878 1024 977 1058 dignos
1002 1028 1030 1051 et
1065 1024 1112 1058 qui
1140 1024 1201 1051 vita:
1227 1027 1280 1051 tua:
1297 1024 1452 1051 institutum
1466 1024 1561 1051 sedula
1577 1024 1667 1052 inlitas

876 1080 950 1107 tione
974 1080 1100 1115 amplecti
1130 1084 1269 1115 satagent,
1293 1084 1322 1108 et
1347 1081 1477 1113 indolem,
1493 1089 1574 1116 quam
1592 1081 1618 1108 in
1640 1086 1666 1108 te

874 1135 1065 1169 admirantur,
1094 1136 1245 1164 imitatione
1279 1137 1484 1172 exprimendam
1519 1137 1571 1165 sibi
1603 1145 1666 1173 pro-

876 1197 987 1228 ponunt.
1021 1192 1091 1221 [line
1118 1194 1164 1221 (iet
1197 1199 1226 1221 ut
1249 1193 1358 1222 duabus
1384 1202 1417 1222 ex
1436 1194 1528 1222 causis
1540 1199 1566 1222 te
1581 1195 1665 1223 admi-

878 1255 994 1282 rentur,
1026 1250 1062 1277 ob
1082 1256 1167 1283 tuam,
1183 1250 1308 1285 inquam,
1325 1250 1489 1285 probitatem
1504 1257 1531 1279 et
1549 1253 1666 1280 assecla-

873 1312 933 1331 rum
962 1305 1062 1332 horum
1097 1305 1295 1340 integritatem.
1320 1305 1390 1339 Quid
1413 1307 1512 1334 :nirum
1526 1308 1560 1339 si,
1577 1313 1602 1336 te
1623 1309 1663 1336 iu-

873 1361 1002 1396 stigaute.
1035 1362 1146 1389 virtutis
1173 1363 1296 1390 studium
1328 1364 1449 1391 omnium
1468 1365 1568 1392 animis
1589 1366 1664 1401 inge-

872 1418 963 1445 ritur?
983 1419 1023 1446 Tu
1035 1440 1042 1451 ,
1059 1424 1134 1447 certo
1149 1420 1219 1452 seio,
1237 1420 1385 1455 praeclaros
1405 1421 1466 1448 illos
1477 1421 1588 1449 virtutis
1607 1422 1664 1449 fru-

873 1480 933 1503 elus
946 1480 1055 1510 gustare
1067 1476 1253 1512 maximopere
1270 1485 1345 1506 amas
1364 1482 1391 1506 et
1404 1478 1470 1506 boni
1497 1480 1569 1514 regis
1584 1479 1660 1508 laudi

835 1521 856 1550 (ἶ
873 1531 1028 1567 anteponis.

908 1641 935 1668 2.
956 1641 983 1668 ld
1003 1647 1067 1669 ante.
1092 1643 1182 1670 omnia
1207 1643 1234 1670 in
1258 1647 1377 1670 mentem
1395 1643 1525 1672 inducere
1546 1646 1660 1676 debebis

870 1687 942 1721 quod
954 1687 977 1714 si
996 1687 1072 1722 regni
1085 1687 1154 1714 vasti
1167 1691 1194 1714 et
1211 1687 1302 1722 populi
1323 1695 1383 1716 sors
1401 1691 1532 1723 permissa
1548 1697 1598 1723 est,
1617 1693 1661 1720 ni-

871 1732 1055 1761 hilominusin
1071 1733 1239 1764 mortalium,
1253 1734 1324 1761 sicut
1336 1742 1386 1761 nos
1399 1735 1461 1770 ipsi,
1481 1744 1510 1763 es
1532 1745 1660 1774 numero,

870 1785 956 1811 quare
986 1777 1057 1805 altos
1095 1785 1206 1805 sumere
1233 1778 1347 1812 spiritus
1375 1785 1535 1815 naturaeque
1558 1782 1659 1811 limites

871 1824 1023 1858 transgredi
1044 1823 1091 1850 tibi
1117 1831 1170 1851 non
1194 1824 1301 1851 licebit.
1330 1825 1398 1858 Quid
1416 1827 1489 1853 enim
1513 1829 1659 1862 prodestsi

869 1868 1041 1895 extrinsecus
1076 1868 1149 1895 inter
1177 1876 1273 1896 omnes
1297 1870 1421 1900 excellis.
1451 1871 1479 1897 ni
1509 1872 1659 1901 intrinscus

869 1922 978 1949 quoque
993 1914 1105 1941 anteis?
1126 1914 1178 1942 fuit
1194 1922 1290 1942 revera
1305 1921 1413 1950 tempus
1432 1924 1487 1950 quo
1504 1926 1557 1944 non
1574 1920 1658 1946 exsti—

869 1961 937 1993 tisli,
954 1966 982 1988 et
996 1964 1106 1996 generis
1125 1962 1161 1988 tui
1179 1961 1257 1988 initia
1281 1961 1380 1996 exigua
1395 1967 1476 1995 sunt;
1500 1967 1528 1991 tu
1546 1972 1657 2000 quoque

868 2014 922 2034 non
937 2007 962 2033 in
977 2011 1111 2033 internum
1129 2006 1273 2038 manebis;
1292 2005 1341 2033 tibi
1359 2006 1468 2040 eadem,
1486 2015 1548 2042 quae
1572 2011 1656 2044 majo—

868 2052 945 2079 ribus
960 2051 1024 2083 tuis.
1043 2051 1168 2078 facienda
1181 2058 1209 2078 et
1224 2051 1404 2086 perpetienda
1419 2054 1550 2087 veniunt;
1572 2055 1621 2082 tibi
1641 2064 1655 2083 a

868 2097 999 2133 superbia
1016 2097 1213 2125 abstinendum
1228 2103 1281 2129 est.
1299 2103 1325 2125 ct
1340 2098 1362 2126 si
1378 2099 1462 2128 rebus
1478 2108 1529 2135 pro
1544 2101 1656 2137 ingenio

868 2152 899 2172 ae
913 2144 1036 2172 moribus
1051 2144 1105 2171 tuis
1124 2143 1258 2171 inservire
1278 2144 1412 2178 volueris,
1429 2153 1522 2174 rerum
1535 2147 1655 2175 admini-

26 2191 134 2218 πάντων
153 2190 320 2225 κεχρῆσθαι,
339 2192 386 2217 καὶ
400 2191 472 2218 κατὰ
488 2191 598 2224 σαυτὸν,
614 2192 671 2218 ἀλλ’
683 2192 732 2227 οὐχ
744 2193 796 2220 ὑπὲ

906 2190 992 2216 atioui
1021 2197 1128 2218 summa
1158 2197 1225 2217 cura
1249 2189 1407 2218 adhibenda
1434 2192 1483 2219 tibi
1510 2198 1552 2219 est
1582 2193 1654 2221 haud

25 2237 133 2270 ταυτὸν,
148 2238 210 2267 τοῖς
227 2236 388 2271 πράγμασιν
405 2236 521 2272 ὁμιλεῖν,
534 2237 612 2264 τοῦτο
625 2238 653 2264 δὲ
666 2239 714 2273 τὴν
727 2240 815 2274 ἀρχὴν

23 2279 50 2308 εὖ
66 2291 96 2308 τι
113 2283 164 2308 καὶ
184 2282 222 2313 ὡς
235 2281 319 2316 ὲχρῆν
333 2281 446 2308 διοικεῖν
458 2290 465 2297 ·
480 2283 527 2309 καὶ
543 2283 615 2317 μέγα
629 2283 750 2318 νομίζειν
765 2285 816 2312 οὐκ

23 2329 45 2353 εἱ
78 2328 240 2363 βασιλεύεις
265 2327 371 2361 ἁπλῶς,
393 2327 451 2354 ἀλλ’
474 2329 499 2355 εί
524 2329 614 2360 καλῶς
642 2329 813 2364 βασιλεύεις·

23 2372 74 2398 οὐδ’
88 2374 115 2399 εἰ
129 2372 184 2406 τῆς
208 2371 369 2406 ἁλουργίδας
385 2371 501 2405 ἠξίωσαι
518 2372 566 2399 καὶ
589 2372 635 2400 τοῦ
659 2374 813 2409 σκήπτρου,

22 2417 76 2443 ἀλλ’
101 2419 127 2444 εἰ
157 2417 288 2447 κοινωνὸς
311 2416 361 2453 ἔσῃ
380 2416 436 2442 τῶν
455 2417 596 2453 Ὀλύμπου
619 2419 813 2453 πραγμάτοιν·

22 2463 72 2488 οὲῖ
93 2463 119 2489 εί
142 2462 308 2496 θαυμαστὰς
331 2462 403 2497 ἔχεις
420 2462 592 2498 ἀνθρώπους,
609 2464 667 2491 ἀλλ’
692 2466 716 2491 εὶ
744 2465 814 2500 μετὰ

22 2509 124 2536 τούτων
138 2509 190 2535 καὶ
206 2507 261 2543 πρὸ
276 2508 378 2534 τούτων
395 2508 542 2545 ἐπαινέτην
561 2509 631 2542 ἔξεις
645 2510 712 2537 Θεόν
722 2520 729 2527 ·
745 2512 813 2546 πρὸς

21 2555 45 2581 ἰν
61 2556 100 2588 ὡς
122 2554 217 2581 κοινὸν
242 2554 369 2581 ἁπάντων
390 2554 477 2590 δήπου
500 2556 639 2591 Δεσπότην
658 2557 706 2583 καὶ
732 2558 812 2592 κηδε-

23 2604 100 2634 pri-Ia,
125 2599 266 2633 τοσαύτην
292 2601 339 2627 καὶ
365 2601 535 2638 τηλικαύτην
559 2603 680 2637 ὀφείλεις
705 2603 812 2632 εὔνοιαν

20 2649 119 2683 ῐτιειν,
135 2648 206 2682 ὅσην
224 2645 310 2678 ἀξιοῖς
325 2647 388 2679 τοὺς
402 2647 499 2679 ἄλλους
515 2649 600 2683 [σχειν
617 2649 685 2685 πρὸς
700 2650 745 2676 σέ·
765 2653 812 2678 καὶ

21 2693 104 2725 οὕτως
121 2692 299 2727 διακείμενος
313 2690 385 2720 εἶναι
406 2693 443 2725 ὡς
469 2694 552 2729 μηδὲν
571 2695 626 2726 ἔξω
641 2695 695 2722 τῶν
714 2696 811 2732 ἐκείνῳ

19 2739 174 2766 δοκούντων
193 2737 258 2773 μήτ’
270 2737 316 2764 οὖν
333 2747 395 2765 ποτε
413 2739 488 2773 δρᾷν,
509 2740 577 2775 μήτε
587 2740 727 2775 βουλεύειν
742 2742 811 2774 ὅλως

21 2785 174 2819 αἱρεῖσθαι,
189 2783 250 2810 ἀλλ’
260 2783 287 2808 ὲν
297 2782 397 2810 ἅπασίν
409 2785 530 2820 ἡγεμόνα
546 2785 641 2812 τοῦτον
663 2788 809 2815 ποιεῖσθαι.

51 2835 87 2865 τ.
106 2830 229 2856 Ἔπειτα
249 2830 314 2864 πρὶν
331 2830 346 2864 ἢ
364 2831 417 2856 τῶν
432 2831 518 2857 ἄλλων
535 2831 700 2866 βασιλεύειν,
719 2835 809 2870 σαυτῷ

866 2240 999 2263 contento
1023 2235 1095 2271 quod
1121 2243 1229 2271 regnas,
1246 2236 1294 2263 sed
1319 2236 1492 2265 innitendum
1523 2244 1552 2265 ut
1575 2239 1654 2267 bene.

865 2280 923 2307 Non
938 2280 1005 2307 satis
1023 2280 1077 2308 erit
1094 2280 1166 2315 qum]
1185 2289 1308 2315 purpura
1326 2289 1360 2308 ac
1378 2288 1490 2316 sceptro
1506 2283 1606 2318 dignus
1616 2286 1655 2312 sis

865 2325 986 2357 habitus,
1005 2326 1053 2353 sed
1082 2325 1103 2352 it
1117 2326 1252 2360 agendum
1279 2330 1308 2353 ut
1323 2327 1466 2361 olympicis
1483 2328 1652 2362 honoribus;

864 2379 919 2398 non
942 2376 971 2398 ut
986 2370 1058 2404 apud
1080 2376 1194 2398 caeteros
1217 2371 1244 2398 in
1264 2370 1452 2400 admiratione
1476 2373 1525 2406 sis,
1548 2374 1597 2401 sed
1624 2380 1654 2402 ut

867 2416 1057 2451 Deumipsum
1083 2424 1194 2451 aequum
1214 2416 1318 2444 habeas
1341 2417 1473 2451 judicem,
1499 2419 1542 2445 cui
1571 2424 1597 2446 tu
1623 2426 1654 2447 ut

865 2460 1059 2488 universorum
1077 2461 1189 2489 domino
1204 2470 1236 2489 ac
1252 2462 1419 2490 moderatori
1439 2464 1557 2491 eandem
1569 2466 1653 2493 debes

863 2507 1059 2534 verecundiam
1074 2515 1156 2542 quam
1171 2508 1230 2543 ipse
1244 2516 1258 2535 a
1271 2509 1378 2536 ereteris
1396 2510 1542 2544 exposcis;
1556 2518 1589 2538 eo
1604 2511 1651 2538 de-

866 2552 950 2587 nique
966 2553 1060 2580 animo
1075 2560 1134 2581 esse
1146 2554 1261 2582 debebis
1273 2559 1302 2581 ut
1316 2555 1384 2582 nihil
1398 2564 1492 2583 eorum
1515 2564 1576 2592 qua:
1596 2557 1651 2585 Deo

867 2598 1016 2633 displicent
1033 2598 1120 2626 facias
1144 2605 1192 2627 aut
1218 2601 1370 2634 mediteris,
1391 2601 1446 2629 imo
1474 2602 1503 2630 in
1522 2603 1652 2632 omnibus

864 2645 947 2673 unius
962 2645 1009 2673 Dei
1026 2650 1093 2673 nutu
1118 2651 1199 2681 atque
1216 2647 1350 2682 auspiciis
1367 2648 1490 2677 incedas.

905 2829 931 2856 5.
952 2829 1037 2866 Igitur
1047 2836 1192 2867 antequam
1209 2841 1238 2860 ιιι
1255 2838 1368 2862 ριειειοε
1383 2833 1518 2862 dominari
1541 2841 1645 2870 praesu-
