1878 3060
172 159 225 192 455

173 217 267 253 egenis
281 215 352 243 dote
366 216 524 247 conceptam
538 217 659 244 superes,
676 216 737 234 cum
757 207 839 242 regali
854 206 958 233 libera-

173 275 250 301 litate
265 278 291 300 et
310 271 381 298 ultra
398 269 585 296 necessitatem
598 265 687 293 dando
701 265 784 299 idque
800 264 959 299 priusquam

175 332 224 357 abs
253 333 278 356 te
299 330 394 363 petant
418 324 558 351 auxilium.
578 322 622 349 Sic
635 322 708 349 enim
731 320 834 359 duplici
862 319 962 346 frueris

175 386 271 422 gloria,
288 391 349 411 cum
380 380 518 416 largiendo
545 386 670 410 munera,
696 382 753 404 tum
771 377 887 411 benigne
911 375 963 402 hoc

179 441 320 474 faciendo,
335 439 406 466 unde
421 437 460 464 tui
477 437 563 471 ipsius
580 435 662 462 simul
672 434 831 461 benefactor
849 431 961 460 evades.

178 499 244 526 Dum
259 497 331 524 enim
349 494 442 523 cmteri
460 499 519 521 tuas
543 491 696 526 respiciunt
721 498 828 522 manus,
848 495 875 517 tu
904 488 963 524 ipse

176 563 241 583 vero
255 554 362 581 divinas
375 557 494 587 spectas,
508 558 574 578 sane
590 555 631 576 est
648 548 720 584 quod
736 556 830 583 speres
852 553 878 575 te
895 555 964 582 qua-

177 615 210 641 lis
225 614 332 641 civibus
350 613 404 639 tuis
429 618 491 639 esse
512 609 628 640 videris,
641 609 722 636 talem
741 608 863 635 numinis
879 606 964 634 divini

178 671 266 698 oculis
278 670 366 698 visum
384 669 430 702 iri,
448 669 526 703 cujus
545 667 726 694 beneﬁcentia
741 670 768 692 et
782 665 916 700 possides,
939 669 966 691 et

179 735 240 761 qua:
260 726 382 761 possides
397 723 506 758 elargiri
529 728 617 759 potes.
634 722 661 750 ld
680 730 762 757 porro
778 728 826 756 pro
839 728 911 749 .vcro
927 724 965 747 te-

182 789 245 810 neto
262 791 322 817 qua:
334 782 414 809 nobis
428 781 513 808 duitas
529 788 582 807 non
596 786 653 813 tua,
670 779 724 805 itno
740 783 832 805 nostra
845 778 966 812 ipsorum

183 846 247 868 sunt
274 848 333 875 quae
349 844 377 866 tu
401 839 428 866 in
443 843 565 865 nostram
578 843 605 865 et
632 837 788 872 reipublica:
810 835 966 866 utilitatem,

783 148 979 178 TllliODUH
1002 144 1175 176 )lONAClIl

1746 134 1800 165 41νῦ

1012 204 1059 240 τὴν
1074 204 1160 238 ἀρχὴν
1174 202 1211 233 ὡς
1222 201 1351 227 κάλλιστα
1363 199 1409 225 sui.
1422 197 1580 224 δικαιότατα
1595 196 1704 222 πάντων
1715 195 1801 229 δοκῇς

1013 247 1180 284 ἀνῃρῆσθαι,
1195 246 1282 281 πειρῶ
1298 245 1341 272 διὰ
1354 243 1456 275 παντὸς
1471 243 1558 278 δήπου
1572 241 1620 268 τοῦ
1634 241 1690 276 βίου
1705 241 1734 267 οὐ
1754 240 1803 273 μό-

1013 303 1058 321 νον
1074 295 1122 325 τὰς
1138 294 1192 319 τῶν
1209 290 1239 319 εὖ
1265 292 1363 318 παθεῖν
1382 289 1516 323 δεομένων
1539 288 1700 322 ὑπεραίρειν
1726 286 1806 312 ἔλπεο

1013 342 1073 374 δις,
1091 341 1130 376 τῷ
1158 339 1265 375 μεγάλα
1286 338 1386 364 διδόναι
1409 336 1456 362 καὶ
1485 333 1635 370 βασιλικῶς
1664 332 1766 367 μᾶλλον
1787 331 1805 366 ἦ

1007 387 1127 426 ,χρῄζειν
1145 385 1233 412 ἔνεστ’
1260 384 1364 415 αὐτοῖς,
1384 382 1452 410 ἀλλὰ.
1477 382 1524 408 καὶ
1542 380 1582 416 τῷ
1598 380 1664 414 πρὶν
1686 378 1807 413 αἰτηθῆ-

1015 443 1071 467 ναι,
1094 431 1284 468 μεγαλοψυχίᾳ
1306 429 1376 465 πρὸς
1392 430 1497 460 πάντας
1519 426 1690 462 κεχρῆσθαι·
1716 425 1754 455 ὡς
1772 424 1807 450 ἂν

1015 480 1170 514 εὐδοκιμεῖν
1187 476 1359 512 ἑκατέρωθεν
1371 475 1446 510 ἔχῃς,
1467 475 1499 500 ἐκ
1519 481 1547 500 τε
1561 472 1598 500 ὧν
1614 473 1644 499 εὖ
1661 473 1760 502 ποιεῖς,
1775 470 1807 496 ἑκ

1016 536 1046 554 τε
1059 523 1096 554 ὦν
1117 525 1268 560 φιλοτίμως
1281 523 1360 550 τοῦτο
1384 523 1488 553 ποιεῖς·
1507 521 1567 548 ἐπεὶ
1591 521 1639 546 καὶ
1661 519 1760 546 σαυτὸν
1777 515 1808 544 εὖ

1018 573 1107 599 ποιεῖν
1122 573 1198 598 ἐστιν
1212 569 1349 597 ἐντεῦθεν.
1366 569 1397 594 Εἰ
1412 568 1464 602 γὰρ
1477 567 1509 601 δὴ
1526 565 1627 596 πάντες
1643 564 1692 598 μὲν
1709 564 1748 594 εἰς
1758 563 1810 593 τὰς

1019 619 1067 650 σὰς
1089 618 1218 653 βλέπουσι
1231 617 1337 651 χεῖρας,
1355 615 1387 641 σὺ
1403 614 1425 641 δ’
1439 614 1521 644 αὐτὸς
1535 614 1575 644 εἰς
1597 611 1647 643 τὰς
1664 610 1711 637 τοῦ
1726 609 1810 640 Θεοῦ,

1018 664 1131 699 εῡδηλον
1144 663 1180 694 ὼς
1195 663 1286 692 ὁποῖος
1300 661 1332 688 ἄν
1347 669 1387 691 τις
1399 659 1505 690 τούτοις
1522 659 1622 693 φανῇς,
1641 655 1764 683 τοιοῦτον
1776 655 1812 682 ἂν

1020 720 1061 738 σοι
1077 709 1219 744 προσδόκα
1244 707 1410 742 γεγενῆσθαι
1425 706 1563 738 κάκεῖνον,
1581 703 1646 738 παρ’
1669 700 1700 729 οὒ
1720 710 1762 728 σοι
1780 702 1813 727 τό

1018 767 1048 784 τε
1063 757 1185 792 κρατεῖν,
1201 755 1230 781 τό
1249 763 1278 780 τε
1293 753 1334 788 ἔχε
1342 762 1366 779 ιν
1380 753 1413 779 τΞι
1433 752 1547 779 τοιαῦτα
1567 749 1683 776 διδόναι·
1710 746 1814 773 οὐκοῦν

1018 802 1129 836 ἀκριϐεῖ
1151 800 1223 834 λόγῳ
1245 799 1298 825 οὐδ’
1326 798 1344 825 ἃ.
1359 798 1437 828 δίδως
1457 797 1535 831 ἡμῖν,
1557 795 1632 829 δῶρα
1665 793 1699 820 oi
1718 792 1814 822 δίδως,

1019 848 1072 874 οὐδ’
1088 847 1193 874 οἴκοθεν
1219 845 1268 872 καὶ
1290 844 1366 879 παρὰ
1392 842 1491 869 σαυτοῦ
1515 841 1655 876 χορηγεῖς,
1688 838 1759 865 ἀλλὰ
1776 837 1816 863 τὰ

184 897 278 923 eadem
306 903 359 930 qua
377 895 480 929 regiam
496 898 673 929 potestatem,
693 893 716 920 si
744 899 828 927 parva
861 891 969 926 magnis

1065 893 1135 928 ἕτερ’
1155 891 1246 918 αὐτῶν
1263 891 1328 925 ἡμῖν
1360 887 1504 919 ἀποδίδως,
1520 887 1568 913 καὶ
1582 883 1619 913 ὦν
1645 885 1707 919 ἓνεχ
1731 882 1815 918 ἡμῶν

185 960 349 988 componere
363 952 436 984 licet,
452 951 641 979 administras.

223 1087 249 1115 6.
261 1087 348 1123 llujus
360 1086 452 1121 itaque
465 1085 552 1121 magni
568 1084 648 1112 ol‘licii
663 1084 736 1119 quod
753 1083 800 1111 libi
822 1081 970 1113 incmnbit,

188 1154 249 1173 cum
275 1144 435 1180 gravissima
468 1140 787 1170 onmiunr’Moderatori
810 1141 859 1168 abs
873 1146 897 1167 te
912 1139 972 1166 red-

190 1203 279 1231 denda
292 1202 344 1229 erit
357 1201 436 1234 ratio,
454 1200 479 1228 id
494 1205 520 1228 te
533 1204 597 1227 ante
617 1199 709 1227 omnia
728 1198 864 1225 monitum
879 1197 972 1229 velim,

193 1264 222 1285 ut
239 1267 292 1285 non
307 1258 396 1285 solum
416 1265 480 1292 erga
496 1263 592 1283 omnes
604 1255 748 1283 maximam
774 1255 972 1282 humanitatem

192 1325 223 1344 ac
237 1317 264 1343 in
288 1315 378 1343 dando
398 1315 550 1350 largitatem
576 1313 720 1343 adhibeas,
738 1312 786 1339 sed
812 1312 838 1339 id
860 1318 924 1345 agas
946 1314 976 1336 ut

192 1380 273 1400 nemo
302 1373 329 1399 iu
348 1378 521 1408 quacumque
549 1379 577 1397 re
596 1378 626 1398 se
650 1370 744 1397 laisum
770 1369 864 1397 dicere
879 1368 975 1404 possit.

191 1428 426 1462 Quemadmodum
444 1427 517 1454 enim
537 1426 604 1454 urbs
618 1426 678 1454 sine
706 1425 843 1452 montibus
855 1429 883 1452 ct
899 1424 977 1452 vallis

193 1487 220 1512 in
248 1491 306 1513 tuto
327 1489 401 1512 stare
429 1484 535 1519 nequit,
551 1483 592 1510 sic
611 1490 662 1510 nec
678 1490 793 1517 regnum
812 1481 902 1516 ipsutn
918 1481 978 1508 sine

191 1542 311 1578 justitia,
325 1545 372 1568 aut
386 1545 415 1568 ut
432 1547 486 1567 uno
507 1541 590 1568 verbo
603 1539 702 1570 dicam,
721 1538 788 1565 urbs
800 1537 911 1573 quidem
922 1544 977 1564 non

196 1599 282 1627 stabit
296 1599 348 1626 etsi
361 1598 415 1626 loci
433 1601 460 1623 el
473 1597 655 1624 habitantium
670 1595 846 1627 fortitudine,
864 1601 979 1630 regnum

201 1661 304 1688 autem,
319 1656 370 1683 ctsi
388 1655 499 1683 militari
514 1654 654 1690 praesidio,
671 1653 779 1686 castris,
793 1651 879 1680 armis
901 1656 928 1679 et
945 1651 982 1677 si-

197 1714 307 1740 milibus
328 1713 492 1747 protegitur,
509 1711 561 1739 nisi
579 1711 687 1746 justitia
702 1710 784 1743 adsit,
802 1716 899 1744 parum
911 1713 983 1736 tecta

197 1777 326 1806 sartaque
353 1775 412 1802 est,
441 1775 471 1797 ut
486 1777 547 1797 cum
578 1769 709 1805 Euripide
733 1769 848 1803 loquar;
874 1766 983 1802 justitia

197 1832 309 1855 econtra
332 1831 462 1863 regnante
482 1827 522 1854 vel
545 1827 605 1854 sine
620 1826 757 1853 moenibus
779 1829 862 1860 atque
888 1823 984 1854 armis,

198 1893 242 1912 res
268 1884 449 1912 nihilominus
474 1884 554 1911 salva:
570 1888 665 1911 erunt.
682 1883 813 1916 Quaenam
836 1882 920 1916 igitur
938 1885 983 1907 tua

202 1946 326 1976 potestas
343 1941 365 1968 si
383 1941 517 1968 militibus
531 1940 648 1975 stipatus
661 1940 731 1967 niltil
740 1943 836 1967 contra
854 1938 930 1974 leges
943 1938 984 1966 fa-

199 1999 252 2031 cis,
269 2005 297 2026 et
311 1999 342 2026 in
359 1999 492 2027 omnibus
506 2006 568 2033 (tute
585 1998 655 2026 dicis
666 1998 768 2026 facisve
784 1996 898 2032 iustitia:
909 1996 987 2024 exhi-

202 2055 250 2082 bes
263 2055 418 2090 exemplum
429 2059 456 2081 et
469 2053 619 2090 specimen.
634 2054 661 2081 Si
674 2054 747 2081 enim
763 2057 788 2081 te
798 2054 880 2089 geris,
895 2061 910 2081 ο
925 2061 984 2085 rex,

200 2117 229 2139 ct
236 2112 327 2139 omnia
338 2111 427 2146 legum
436 2111 616 2139 moderamini
628 2111 788 2145 committis,
799 2111 893 2145 procul
902 2109 988 2137 dubio

204 2169 249 2196 lict
267 2174 296 2197 ut
310 2170 356 2204 qui
373 2169 422 2197 tibi
436 2169 539 2197 subditi
557 2174 620 2197 sttnt
635 2170 706 2196 idem
719 2177 779 2203 qua:
801 2173 829 2196 tu
857 2167 987 2199 sentiant,

1024 940 1070 966 καὶ
1079 939 1128 973 τῆς
1143 938 1235 971 κοινῆς
1249 937 1387 972 σωτηρίας
1401 933 1577 970 δημαγωγεῖς
1590 932 1669 964 αύτῖς
1682 931 1730 957 καὶ
1744 938 1815 964 προ-

1026 985 1136 1018 στάτης,
1156 983 1252 1017 ὥσπερ
1279 982 1308 1008 ἐν
1328 981 1438 1016 μεγάλῳ
1462 980 1542 1015 δήμῳ
1558 978 1596 1012 τῷ
1614 977 1665 1012 βίῳ
1691 976 1742 1010 τὴν
1764 976 1816 1010 τῆς

1026 1030 1190 1065 οἰκουμένης
1207 1028 1347 1054 πολιτείαν
1364 1026 1585 1060 πολιτευόμενος.

1062 1081 1100 1110 ς’.
1122 1077 1167 1108 Ὧς
1187 1074 1233 1103 οὖν
1248 1076 1297 1110 τῆς
1321 1075 1443 1110 μεγάλης
1460 1075 1507 1099 καὶ
1523 1072 1682 1107 θαυμαστῆς
1699 1069 1820 1103 ταυτησὶ

1026 1123 1218 1159 δημαγωγίας,
1237 1119 1260 1149 ὦ
1274 1121 1396 1156 βασιλεῦ,
1420 1119 1542 1155 μεγάλας
1557 1118 1605 1144 καὶ
1621 1116 1669 1148 τάς
1691 1115 1718 1150 γ’
1734 1114 1819 1141 εὐθύ-

1027 1179 1075 1201 νας
1093 1169 1209 1203 ὑφέξων,
1231 1168 1280 1194 καὶ
1304 1166 1413 1193 πάντων
1437 1163 1715 1200 είσπραχθησόμενος
1735 1161 1820 1194 λόγον

1027 1216 1066 1252 τῷ
1083 1216 1194 1243 ’πάντων
1213 1214 1357 1249 πρυτάνει.
1374 1213 1407 1239 σὺ
1429 1213 1452 1240 δ’
1469 1211 1541 1238 οὕτω
1555 1211 1612 1242 τοῖς
1628 1207 1748 1244 παροῦσι
1771 1215 1821 1233 κε-

1028 1261 1157 1298 χρῆσθαι,
1188 1261 1236 1286 καὶ
1261 1259 1298 1294 μὴ
1327 1259 1407 1294 μόνον
1432 1256 1646 1292 φιλανθρώπως,
1671 1255 1710 1286 ὡς
1736 1253 1820 1288 ἔφην,

1030 1310 1098 1345 πρὸς
1115 1308 1221 1338 πάντας
1237 1306 1320 1341 ἔχειν,
1338 1306 1385 1331 καὶ
1407 1304 1475 1340 μετὰ
1492 1303 1590 1329 πολλοῦ
1614 1301 1660 1329 τοῦ
1676 1301 1822 1336 περιόντος

1029 1357 1079 1387 τὰς
1093 1353 1255 1390 εὐεργεσίας
1269 1351 1420 1383 ποιεῖσθαι,
1438 1350 1505 1376 ἀλλὰ
1519 1350 1566 1375 καὶ
1583 1349 1657 1379 ὅπως
1673 1345 1825 1383 μηδεισοῦι)

1031 1402 1189 1437 ἀδικήσεται
1210 1399 1263 1425 τῶν
1276 1398 1414 1430 ἁπάντων,
1429 1397 1493 1432 περὶ
1519 1394 1645 1422 πλείστου
1668 1393 1824 1420 ποιεῖσθαι.

1037 1449 1081 1480 Ὠς
1097 1448 1151 1482 γὰρ
1178 1445 1228 1481 οὐχ
1255 1443 1312 1471 οἷόν
1327 1453 1356 1471 τε
1372 1443 1451 1470 πόλιν
1477 1442 1574 1476 τειχῶν
1599 1441 1665 1468 ἄνευ
1689 1440 1738 1466 καὶ
1755 1447 1827 1473 προ-

1032 1494 1180 1529 ῦιημάτων
1199 1491 1347 1521 σεσῶσθαι,
1363 1490 1400 1520 ὡς
1417 1489 1445 1515 δὲ
1461 1489 1508 1515 καὶ
1520 1487 1657 1523 βασιλείαν
1670 1485 1769 1520 αὐτὴν,
1788 1484 1827 1519 μὴ

1033 1540 1208 1574 δικαιοσύνης
1236 1537 1403 1573 κρατούσης,
1434 1534 1534 1570 μᾶλλον
1550 1533 1578 1559 δὲ
1604 1533 1651 1559 καὶ
1679 1531 1827 1567 βασιλείαν

1033 1587 1080 1614 καὶ
1093 1585 1238 1620 πόλιν,τὴν
1252 1584 1302 1617 μὲν
1328 1580 1367 1614 οἷς
1385 1582 1453 1616 ἔφην
1468 1580 1667 1616 ὠχυρωμένην,
1677 1579 1728 1605 καὶ
1740 1586 1829 1612 προσ-

1033 1635 1073 1660 έτι
1095 1632 1259 1666 θαυμαστῶν
1290 1629 1450 1665 οἰκητόρων,
1467 1628 1513 1654 καὶ
1527 1627 1627 1658 Θέσεως
1646 1625 1828 1660 ὑπερηφάνου

1033 1678 1181 1714 λαχοῦσαν,
1198 1677 1246 1711 τὴν
1268 1676 1294 1702 δὲ
1311 1675 1470 1709 δορυφόροις
1492 1673 1539 1699 καὶ
1562 1671 1755 1707 στρατοπέδοις
1780 1671 1831 1697 καὶ

1033 1726 1128 1755 ὅπλοις
1145 1724 1192 1750 καὶ
1208 1723 1278 1749 πᾶσι
1293 1722 1399 1752 τούτοις
1415 1719 1634 1758 κρατυνομένην,
1650 1718 1675 1744 εἰ
1690 1717 1729 1752 μὴ
1743 1718 1831 1752 πάρε-

1035 1780 1093 1798 στιν
1109 1771 1190 1805 αὕτη,
1211 1770 1245 1797 τά
1260 1769 1285 1803 γ’
1301 1769 1356 1796 ἀλλ’
1371 1768 1415 1794 ἐπ’
1429 1766 1560 1798 ἀσθενοῦς
1575 1767 1670 1802 ῥώμης
1683 1765 1809 1800 ὀχεῖσθαι
1821 1785 1831 1796 ,

1035 1819 1121 1844 ταῦτα
1137 1817 1199 1842 κατ’
1218 1815 1365 1850 Εὐριπίδην
1392 1814 1539 1844 συμὸαίνει
1553 1821 1561 1829 ·
1577 1812 1672 1846 ὥσπερ
1687 1810 1721 1838 αὖ
1752 1812 1831 1838 τοῦν-

1038 1862 1130 1888 αντίον
1150 1860 1293 1895 παρούςης
1310 1859 1360 1893 μὲν
1389 1858 1504 1893 ταύτης,
1523 1858 1636 1884 ἐκείνων
1650 1849 1673 1883 δ’
1690 1856 1831 1885 ἀπόντων.

1037 1907 1167 1941 ἀσφαλεῖς
1181 1906 1228 1933 καὶ
1246 1906 1357 1940 βεϐαίας
1369 1905 1543 1931 παντάπασιν
1559 1901 1639 1930 εἶναι.
1658 1902 1769 1928 Ἦλίκον
1784 1900 1833 1928 οὖν

1037 1955 1114 1981 ἔσται
1134 1962 1174 1979 σοι
1191 1952 1302 1987 κράτος,
1317 1951 1341 1977 εί
1359 1951 1427 1985 μετά
1447 1949 1494 1976 τοῦ
1511 1948 1707 1984 στρατοπέδοις
1726 1948 1832 1982 κεχρῆ-

1038 2001 1100 2027 σθαι
1118 1999 1166 2025 καὶ
1193 1998 1275 2033 μηδὲν
1303 1995 1392 2023 ὁτιοῦν
1416 1995 1469 2028 ἔξω
1505 1995 1560 2021 τῶν
1584 1995 1676 2029 νόμων
1699 1995 1834 2028 πράττειν

1039 2046 1215 2077 σπουδάζεις*
1232 2044 1340 2079 πρῶτος
1354 2043 1376 2069 δ’
1387 2042 1468 2073 αὐτὸς
1482 2042 1516 2069 δι’
1530 2038 1568 2068 ὦν
1577 2041 1667 2075 λέγεις
1681 2041 1729 2067 καὶ
1745 2042 1835 2076 πρατ-

1040 2101 1096 2123 τεις
1115 2091 1225 2118 τουτοσὶ
1241 2089 1372 2125 βεσαιῶν,
1394 2088 1574 2123 παράδειγμα
1589 2087 1769 2121 δικαιοσύνης
1787 2088 1834 2113 καὶ

1040 2138 1087 2165 τοῦ
1103 2137 1128 2164 τί
1153 2137 1192 2163 δεῖ
1207 2136 1293 2162 ποιεῖν
1314 2135 1417 2162 ἅπασιν
1444 2131 1515 2159 εἶναι
1531 2140 1537 2147 ·
1553 2132 1585 2159 οὐ
1599 2133 1655 2167 γὰρ
1679 2132 1768 2164 ἔστιν,
1784 2133 1835 2159 οὐκ

1041 2185 1126 2215 ἔστιν,
1141 2180 1163 2210 ὦ
1190 2181 1313 2217 βασιλεῦ,
1331 2180 1377 2207 σοῦ
1391 2179 1478 2217 ταύτῃ
1502 2179 1687 2214 διακειμένου,
1707 2180 1757 2205 καὶ
1771 2181 1835 2214 περὶ

201 2230 229 2252 ct
248 2225 358 2260 quidem
380 2225 444 2252 boni
469 2225 502 2252 ab
526 2225 552 2252 id
583 2225 672 2259 ipsum
702 2223 775 2259 quod
804 2223 869 2250 boni
900 2227 965 2250 sunt

1062 2231 1103 2262 δὺς
1126 2231 1227 2264 νόμους
1242 2229 1276 2254 τὰ
1302 2227 1453 2261 γιγνόμενα
1476 2226 1620 2258 σώζοντος,
1641 2225 1680 2260 μὴ
1702 2225 1765 2259 οὐχὶ
1788 2229 1836 2253 καὶ

203 2283 290 2310 malos
309 2289 411 2318 autem,
437 2287 467 2310 ut
485 2282 581 2310 olliciis
596 2281 778 2314 satisfaciant,
795 2285 885 2308 metus
910 2280 988 2308 insti-

203 2341 287 2376 gabit.
307 2341 336 2368 id
351 2349 423 2368 enim
437 2341 517 2376 plane
530 2347 690 2375 persuasum
704 2339 791 2366 habeo
806 2338 881 2373 quod
893 2346 989 2366 onmes

204 2399 329 2426 nolentes
346 2399 468 2425 volentes
485 2397 534 2431 tibi
546 2402 624 2432 grato
640 2405 673 2425 ex
687 2396 780 2424 anituo
805 2395 895 2423 oﬂicia
919 2404 989 2431 prave-

205 2456 328 2488 stabunt,
343 2459 370 2482 et
385 2460 412 2482 tu
426 2455 483 2490 ipse
499 2455 536 2482 ita
553 2453 658 2489 agendo
676 2453 733 2481 veri
749 2452 820 2488 regis
834 2456 926 2487 partes
940 2459 990 2479 ex-

205 2515 294 2550 plebis
309 2522 363 2541 non
379 2518 484 2541 tantum
510 2513 635 2540 insontes
649 2516 677 2539 et
692 2516 806 2539 vexatos
821 2510 896 2539 omni
922 2514 991 2537 tem-

207 2582 272 2609 pore
284 2579 312 2601 et
327 2573 387 2600 loco
402 2571 569 2607 adjuVando,
595 2572 644 2599 sed
665 2576 694 2599 et
708 2578 808 2598 manus
824 2568 992 2607 porrigenda

207 2635 244 2661 ita
262 2637 291 2659 ut
304 2631 402 2666 injuria
416 2630 510 2665 procul
524 2635 666 2657 avertatur
680 2630 810 2665 quamdiu
829 2634 858 2657 tu
878 2629 988 2664 quidem

207 2689 424 2728 gubernaculum
450 2693 537 2716 tenes.
560 2688 733 2724 Quicumque
746 2688 820 2716 enim
846 2687 889 2715 vel
904 2694 919 2714 e
940 2693 993 2713 nu~

207 2757 284 2778 mero
307 2747 356 2776 tibi
382 2747 659 2776 familiarissimorum
682 2747 788 2774 crimen
809 2744 990 2777 commiserit,

209 2813 306 2842 poenas
322 2805 411 2840 dabit,
433 2813 484 2834 nec
504 2805 648 2841 sanguinis
659 2803 844 2832 communitas
859 2802 885 2829 ei
898 2800 994 2836 prode-

211 2865 257 2893 ril.
274 2864 312 2892 Ita
331 2864 376 2892 [iet
390 2870 419 2893 ut
434 2865 536 2892 nemini
552 2863 651 2899 injuria
666 2862 800 2890 inferatur
814 2865 880 2888 etut
898 2865 925 2887 tu
940 2860 997 2894 ipse

1039 2278 1143 2307 πάντας
1158 2275 1192 2302 ἂν
1205 2274 1269 2306 τούς
1283 2274 1308 2308 γ’
1323 2273 1375 2299 ὑπὸ
1396 2274 1478 2308 χεῖρα
1490 2273 1577 2299 ταῦτα
1593 2273 1704 2307 φρονεῖν
1719 2272 1835 2306 προελὲ·

1041 2323 1118 2349 σῢαι·
1135 2321 1200 2352 τοὺς
1211 2321 1263 2356 μὲν
1278 2319 1456 2354 εὐγνώμονας
1487 2318 1521 2345 δι’
1539 2319 1606 2345 αὐτὸ
1625 2319 1719 2345 τοῦτο’
1737 2319 1794 2349 τοῖς
1808 2318 1836 2344 δὲ

1042 2367 1249 2403 πονηροτάτοις,
1276 2366 1344 2400 πρὸς
1371 2365 1402 2392 τὸ
1417 2366 1451 2392 τὰ
1472 2365 1566 2391 δέοντα
1590 2365 1691 2398 ποιεῖν,
1720 2365 1735 2391 ὁ
1753 2364 1837 2399 φόϐος

1042 2414 1156 2448 ἀρκέσει
1170 2419 1177 2426 ·
1202 2413 1278 2446 κοινῇ
1299 2411 1327 2437 δὲ
1343 2411 1444 2441 πάντες
1461 2408 1490 2436 εὖ
1515 2407 1576 2436 οἶδα
1590 2411 1638 2436 καὶ
1661 2410 1773 2440 ἑκόντες
1790 2410 1837 2435 καὶ

1043 2460 1156 2489 ἄκοντες
1179 2459 1253 2490 ὅπως
1277 2458 1386 2484 ἔσονταί
1402 2465 1443 2483 σοι
1471 2456 1678 2491 κεχαρισμένοι,
1700 2457 1773 2482 πάνυ
1796 2464 1836 2480 τιιι

1043 2504 1234 2540 φροντιοῦσιν·
1252 2502 1350 2529 οὐκοῦν
1364 2502 1499 2532 κάκείνως
1513 2502 1546 2529 ἂν
1560 2501 1756 2536 εἰργασμένος,
1773 2508 1838 2535 χρη-

1046 2549 1111 2576 στοῦ
1127 2549 1261 2584 βασιλέως
1276 2548 1315 2579 ὡς
1331 2547 1439 2582 ἀληθῶς
1456 2548 1573 2583 ἐργάσῃ,
1589 2547 1637 2572 καὶ
1658 2543 1715 2572 οἷον
1731 2548 1746 2572 ὁ
1761 2546 1837 2578 λόγος

1045 2595 1184 2632 βούλεται,
1211 2594 1259 2621 τοῦ
1282 2594 1320 2629 μὴ
1336 2594 1416 2629 μόνον
1437 2595 1521 2619 πᾶσιν
1545 2593 1739 2628 ἀδικουμένοις
1759 2592 1839 2622 αὐτὸς

1046 2641 1093 2667 καὶ
1109 2640 1179 2667 κατὰ
1197 2640 1286 2666 πάντα
1301 2639 1398 2674 χρόνον
1413 2638 1567 2671 ἐκκεῖσθαι,
1584 2637 1632 2664 καὶ
1644 2637 1718 2664 οὕτω
1732 2636 1838 2672 τάχιστ’

1046 2687 1139 2717 αὐτοῖς
1156 2686 1236 2720 χεῖρα
1262 2684 1381 2719 ὀρέγειν,
1399 2683 1437 2715 ὡς
1462 2684 1493 2709 τὸ
1517 2684 1666 2718 λεγόμενον
1689 2683 1724 2718 δὴ
1748 2683 1838 2713 τοῦτο,

1048 2733 1096 2767 ἅμ’
1115 2731 1180 2763 ἐπος
1200 2730 1250 2757 ἆυε
1275 2731 1357 2765 ἔργον
1374 2729 1456 2764 εἶναι,
1479 2731 1546 2757 ἀλλὰ
1564 2731 1612 2757 καὶ
1633 2731 1690 2762 τοῖς
1714 2730 1838 2756 ἑκάστων

1049 2780 1117 2805 πᾶσι
1134 2778 1253 2813 κηρύξαι
1275 2777 1400 2812 θαρρεῖν,
1422 2777 1459 2808 ὡς
1485 2777 1573 2807 οὐδεὶς
1599 2777 1765 2811 τοπαράπαν
1782 2776 1839 2802 ἁδι-

1050 2825 1182 2859 κούμενος
1199 2824 1286 2854 ἔσται,
1306 2824 1356 2854 ἓως
1372 2823 1405 2849 ἂν
1423 2823 1575 2858 βασιλεύων
1600 2823 1682 2853 αὐτὸς
1771 2822 1839 2848 ἄλλα

1053 2870 1103 2896 κᾶν
1120 2869 1174 2895 τῶν
1201 2869 1304 2903 σφιῖδρα
1329 2877 1370 2894 σοι
1395 2869 1566 2902 γιγνομὲνων
1590 2868 1649 2894 καθ’
1674 2865 1745 2902 αἷμα
1773 2875 1838 2901 τυγ-
