1878 3060
51 115 102 146 4ί9

594 118 734 148 ORATIO
755 119 801 149 DE
823 119 937 149 REGIS
953 120 1126 150 OFFICIIS.

1625 117 1678 149 450

52 173 180 206 πρόσεσθ’
199 173 274 207 ὑμῖν,
295 173 398 200 τούτων
413 173 484 208 ὑμᾶς
502 173 600 204 αὐτοὺς
616 175 774 207 αςριστάναι,
790 184 804 200 κ

912 180 968 202 ant.
995 175 1023 203 Si
1051 183 1115 202 vero
1135 182 1166 207 ea
1182 180 1242 209 qua:
1266 174 1375 209 plurimi
1393 173 1480 202 facilis
1505 173 1568 208 ipsi,
1584 175 1677 207 perni-

52 220 212 253 μεθιττάναι
225 221 294 255 πρὸς
311 221 327 248 ἂ
341 221 397 247 δεῖ·
412 221 436 246 εἱ
453 220 475 247 δ’
488 221 506 247 ἆ
527 222 592 255 περὶ
610 221 737 247 πλείπτου
753 222 838 247 «ratei-

33 265 108 297 _60!’,
128 265 206 292 ταῦθ’
230 267 296 302 ὑμῖν
323 267 363 298 εἰς
387 266 490 301 βλάϐην
514 267 686 296 καθίστα-εει.
713 267 771 298 πῶς
787 267 837 293 οὐκ

49 311 125 343 ἄξων
140 312 248 346 ἑτέροις
267 313 383 344 ἀνιέναι,
399 312 434 338 δι’
454 309 487 347 ἦς
504 313 742 346 εὐδαιμονέστατοι
769 314 836 340 πάν-

49 366 103 384 των
119 358 200 392 ὑμεῖς
216 358 313 384 ἔσεσθε
327 366 334 390 ;
355 358 471 393 Ἥνγὰρ
490 367 548 390 σου,
565 358 599 385 δι’
615 355 652 384 ὦν
669 359 701 385 ἂν
712 358 766 392 ἐγὼ
786 359 836 393 μὲν

50 403 214 438 ὑποθείμην,
239 404 273 431 σὺ
287 404 315 430 δὲ
332 404 410 430 ταῦτ’
424 404 546 435 ἀκούσας
569 405 608 435 εἰς
629 404 709 438 ἔργον
729 404 839 438 ἐξενεγσ

49 450 105 475 κεῖν
117 449 272 484 ἐθελήσαις,
287 450 333 476 τὴν
346 449 444 477 ἅπαντ’
460 450 547 476 αἰῶνα
570 450 732 486 θαυμαστὴν
747 458 836 485 παρα-

49 496 176 536 σκευάσω
193 495 322 529 γενέσθαι
335 497 382 522 καὶ
394 496 446 530 τὴν
461 496 547 531 ἀρχὴν
560 497 617 527 τοῖς
633 496 756 527 ἐπαίνοις
769 496 836 522 ἀϐά-

48 550 136 572 νατον,
154 541 305 576 χαριοῦμαι
328 549 371 567 σοι
394 541 462 567 πολὺ
480 541 591 576 μᾶλλον,
606 542 622 575 ἢ
645 542 669 567 εἰ
684 541 774 568 πάντα
789 541 834 567 τὸν

47 587 97 612 ὑπὸ
114 588 167 620 γῆν
180 587 228 613 καὶ
243 587 313 622 ὑπὲρ
325 587 378 621 γῆν
395 587 507 621 χρυσὸν,
517 588 595 621 εἴπερ
608 585 663 613 οἷόν
671 587 694 614 τ’
708 585 753 622 ἦν,
769 596 833 614 συν-

47 632 159 667 ειλοχὼς
185 632 379 667 παρεσχόμην·
407 634 537 667 χρήματα
575 633 624 667 μὲν
656 633 710 668 γὰρ
738 632 834 659 ἄλλοτε

46 677 133 709 ἄλλως
150 677 232 711 ἴσχει,
259 676 343 711 ἀρετὴ
364 676 393 702 δὲ
409 676 480 702 οὕτω
504 677 575 703 κατὰ
605 677 706 708 παντὸς
726 677 834 703 ἵσταται

46 723 152 757 χρόνου,
167 722 233 748 ὥστ’
248 722 299 748 οὒκ
321 722 395 749 ἐστιν
413 721 452 748 ὅτ’
465 723 558 748 οὐκέτι
585 722 663 756 λόγος
683 723 766 757 αὐτῆς
778 730 784 737 ·
799 721 832 758 ἧς

45 768 126 802 ἔγωγ’
152 767 184 795 εὖ
212 765 271 794 οἶδα
290 768 456 803 δημαγωγὸν
481 768 519 799 ὼς
549 768 655 803 τάχιστ’
686 769 830 803 ἀποφανῶ,

45 815 135 840 ὁποῖον
149 815 202 841 τιν’
215 812 286 840 εἶναι
303 815 343 840 δεῖ
354 816 400 840 τὸν
424 815 577 849 κρατοῦντα
593 814 710 847 διεξιὼν,
729 815 775 841 καί
791 824 832 841 σοι

44 860 104 891 δοὺς
119 861 261 895 ἀφορμὰς,
283 860 317 886 δι’
337 857 374 886 ὧν
392 860 473 891 αὐτός
491 868 521 886 τε
536 860 585 896 ἔσῃ
599 860 682 892 καλὸς
701 861 832 894 κάγαθὸς,

44 906 89 932 καὶ
110 903 167 937 οἷος
184 906 215 932 οὐ
238 905 286 932 τοῦ
308 906 509 944 προσρήματοςγ
521 905 611 940 μόνον,
629 905 697 932 ἀλλὰ
721 906 767 933 καὶ
784 906 831 933 τοῦ

43 952 224 987 τετιμηκότος
248 952 399 986 ἀξιόχρεως
423 949 493 978 εἶναι
516 951 603 977 Θεοῦ·
624 951 687 982 τούς
701 960 730 978 τε
750 951 833 986 ἀρχο-

44 999 142 1033 μένους
155 997 292 1029 τοιούτους
305 998 337 1032 δή
353 1005 428 1029 τινας
440 997 522 1030 ἕξεις,
542 997 578 1028 ὡς
597 997 638 1023 σοὶ
657 997 706 1032 μὲν
720 997 832 1029 τούτους

43 1043 85 1069 διὰ
101 1043 213 1070 πάντων
229 1042 390 1078 ξυμϐαίνειν
411 1042 569 1077 πειρᾶσθαι,
593 1042 642 1069 καὶ
658 1042 728 1069 κατὰ
748 1042 831 1074 πόδας

42 1088 76 1118 ὡς
89 1087 147 1115 οἷόν
167 1097 197 1114 τε
215 1089 327 1123 χωρεῖν,
345 1088 451 1120 τούτοις
473 1088 495 1115 δ’
510 1086 543 1115 αὖ
566 1088 595 1114 σὲ
619 1088 704 1115 καλοῦ
729 1088 831 1120 παντὸς

42 1132 112 1160 εἶναι
129 1134 321 1169 παράδειγμα,
339 1135 376 1166 ὡς
390 1135 423 1161 ἂν
443 1135 485 1170 εἴη
505 1143 534 1161 τε
549 1135 628 1169 σῶμα
647 1134 744 1161 πολλοῦ
757 1143 831 1166 τινος

41 1182 115 1216 ἄξιον
131 1183 164 1208 lx
185 1181 307 1216 κεφαλῆς
328 1183 369 1213 εἰς
390 1182 474 1213 πόδας
493 1182 579 1214 σῶζον
603 1182 632 1208 τὺ
649 1181 763 1214 κάλλος·
785 1182 829 1208 ὅτε

42 1229 130 1255 τοίνυν
149 1228 233 1260 αὐτὸς
258 1228 308 1263 μὲν
334 1229 444 1262 ἀριστος
466 1228 597 1262 γεγονὼς,
622 1228 830 1264 παραπλησίους

40 1275 67 1301 δὲ
81 1276 146 1306 τοὺς
170 1274 268 1305 ἄλλους
287 1274 392 1305 πάντας
413 1274 499 1300 ἔπειτ’
526 1275 631 1310 ἐργάσῃ
645 1282 651 1290 ·
677 1275 780 1302 τούτων
802 1275 830 1301 δὲ

40 1319 127 1350 οὕτως
145 1319 304 1354 ἐσχηκότων
319 1318 360 1344 σοι
382 1318 442 1344 κατ’
469 1318 553 1353 ἄμφω
571 1318 658 1345 ταῦτα
686 1318 829 1354 περιέσται

40 1365 245 1398 ὒαυμάζεσθιι,
264 1366 311 1392 καὶ
329 1362 362 1400 ἧς
376 1364 457 1396 αὐτὸς
472 1364 546 1400 ἔχεις
563 1365 759 1400 χρηςτότητος,
782 1365 829 1391 καὶ

38 1409 71 1447 ἧς
90 1413 148 1442 τοῖς
173 1411 263 1442 ἄλλοις
282 1410 443 1441 αἰτιώτατος
461 1408 496 1443 εἷ,
522 1410 580 1441 πῶς
597 1410 646 1436 οὐκ
669 1409 769 1445 ἀρετῆς
784 1410 828 1436 ὲν-

37 1457 135 1483 τεῦθεν
165 1456 345 1490 ἀντιληπτέον
372 1455 428 1482 ἔστ’
444 1455 475 1488 ἐξ
497 1456 632 1490 ἀνάγκης,
659 1455 687 1482 εἴ
711 1464 752 1482 σοι
780 1455 827 1482 τοῦ

38 1501 231 1537 θαυμάζεσθαι
247 1502 346 1536 τρόπον
358 1500 387 1527 ὃν
403 1501 471 1535 ἔφην
487 1501 580 1535 μέλει;
595 1500 670 1534 μέλει
685 1500 713 1526 δὲ
724 1497 753 1526 εὖ
771 1499 828 1526 οἶδα

37 1548 141 1580 παντὸς
160 1547 273 1582 μᾶλλον,
295 1548 372 1583 εῐπερ
388 1546 435 1574 τοῦ
451 1547 583 1574 κάλλιστα
603 1546 649 1573 καὶ
661 1546 698 1578 ὼς
720 1546 827 1582 ἀληθῶς

37 1595 134 1630 ἄρχειν
156 1593 277 1629 μάλιστα
294 1593 382 1627 μέλει.
770 1602 773 1605 ’

71 1640 108 1675 β’.
129 1640 245 1675 Πρῶτον
270 1639 319 1674 μὲν
333 1637 380 1666 οὖν
399 1639 527 1666 ἁπάντων
552 1640 639 1665 ἐκεῖνο
661 1638 826 1666 διανοεῖσθαί

36 1696 66 1714 σε
81 1687 146 1723 χρὴ,
163 1687 205 1713 ὅτι
223 1687 248 1712 εἰ
266 1686 313 1712 καὶ
327 1687 376 1721 τῆς
388 1686 438 1720 γῆς
453 1685 549 1721 ἔλαχες
570 1686 666 1721 ἄρχειν
679 1687 728 1712 καὶ
742 1687 826 1720 μέγε-

37 1733 82 1765 θος
95 1733 274 1768 πραγμάτοιν
297 1731 472 1766 περικεῖσθαι
489 1731 608 1763 τοσόνδε,
627 1731 684 1758 ἀλλ’
702 1731 757 1766 ἄρα
779 1731 826 1757 καὶ

38 1780 136 1814 μοίρας
149 1779 251 1813 Θνητῆς
263 1778 357 1812 ἔλαχες
368 1774 448 1808 εἶναι,
461 1778 508 1803 καὶ
522 1777 569 1803 τοῦ
585 1778 645 1804 καθ’
657 1779 729 1813 ἡμᾶς
740 1778 826 1813 πράγ-

37 1833 122 1859 ματος
133 1832 140 1838 ³
158 1824 197 1854 ὡς
215 1823 253 1858 μὴ
270 1823 362 1857 μεῖζον
381 1822 429 1848 τοῦ
446 1820 516 1849 εἶναι
537 1823 646 1858 φρονεῖν
663 1823 745 1858 ἔχειν,
764 1824 825 1860 μηδ’

36 1870 105 1906 ὑπὲρ
118 1870 155 1896 τὰ
182 1869 348 1904 ἐσκαμμένα
372 1869 421 1903 τῆς
447 1868 556 1903 φύσεως
580 1868 693 1903 βαίνειν.
711 1869 743 1896 Τί
772 1870 825 1904 γὰρ

35 1916 137 1950 μᾶλλον
154 1915 277 1950 ἀμεινων
304 1912 330 1941 ei
345 1914 446 1946 παντὸς
472 1914 577 1942 ἰδιώτου
603 1915 647 1942 διὰ
667 1915 697 1942 τὸ
720 1916 823 1950 σχῆμα,

35 1963 72 1997 μὴ
88 1961 137 1989 καὶ
165 1961 268 1996 μᾶλλον
283 1961 402 1996 χρηστὸς
417 1959 472 1994 (in;
497 1960 556 1987 ἀλλ’
580 1961 695 1995 ἔπειπερ
717 1962 767 1988 οὐκ
787 1960 824 1987 ὢν

34 2007 189 2041 ἱγεγόνεις,
216 2006 264 2033 καὶ
279 2006 328 2041 τὴν
346 2006 435 2042 ἀρχὴν
457 2006 506 2034 τοῦ
531 2007 627 2040 γένους
649 2007 689 2038 εἰς
708 2006 773 2042 χοῦν
794 2015 823 2033 τε

35 2053 82 2080 καὶ
95 2054 127 2079 τὸ
144 2052 231 2087 μηδὲν
253 2051 410 2088 ἀναφὲρων,
428 2052 477 2088 οὐχ
499 2053 573 2084 ὅπως
587 2053 615 2084 ἐς
640 2053 713 2080 ἅπαν
727 2055 824 2088 διαμε-

33 2101 98 2132 νεῐς,
119 2099 192 2125 ἀλλὰ
208 2098 257 2132 τὴν
272 2098 358 2132 αὐτὴν
372 2099 428 2130 τοῖς
440 2099 582 2134 προγόνοις
601 2100 648 2126 καὶ
665 2100 745 2132 αὐτὸς
762 2100 825 2132 ἑξα-

33 2143 295 2178 νύσεις,πειρᾶσθαι
308 2143 390 2170 παντὶ
403 2143 577 2179 ουμῷ,τοῦτο
589 2144 639 2180 μὲν
651 2145 823 2180 μετριώτατα

889 230 964 257 ciosa
996 235 1061 258 sunt
1086 231 1175 263 vobis,
1205 237 1260 264 quo
1289 235 1368 264 pacto
1394 229 1411 256 ii
1427 229 1575 263 spernendi
1591 235 1675 256 erunt

889 285 990 320 quibus
1007 293 1143 313 summum
1159 289 1281 312 vestrum
1316 285 1417 312 bonum
1437 284 1516 312 unice
1529 284 1605 311 cordi
1619 285 1678 312 cst?

889 342 962 377 quod
988 341 1010 369 si
1039 349 1070 368 ea
1096 349 1156 376 qua:
1183 341 1232 368 tibi
1260 341 1381 367 dederim
1398 339 1512 367 consilia
1529 340 1678 367 observans

887 403 916 427 et
928 399 1062 426 dictarunt
1081 406 1204 426 meOrum
1221 397 1336 425 audietis
1352 398 1436 430 fores,
1466 405 1579 431 regnum
1600 402 1676 424 tuum

887 463 937 490 per
951 462 1033 482 omne
1050 458 1158 488 tempus
1181 453 1314 480 laudibus
1333 453 1364 480 ad
1381 453 1479 480 caelum
1497 460 1582 487 usque
1593 453 1677 480 ριγητ.

891 517 959 542 rem,
982 514 1063 544 atque
1083 509 1120 536 ita
1134 509 1245 543 majoris
1258 509 1306 535 tibi
1323 509 1459 535 felicitatis
1474 514 1571 536 auctor
1585 518 1674 536 esscin

889 575 972 602 quam
1007 567 1029 595 si
1057 567 1106 594 tibi
1118 566 1250 601 quidquid
1264 566 1324 593 auri
1337 574 1420 600 super
1441 571 1469 593 et
1484 566 1556 593 intra
1574 571 1674 594 terram

887 623 986 658 fulget,
1018 623 1157 650 oil‘crrcm.
1177 623 1243 649 Dum
1261 623 1333 649 enim
1356 630 1422 657 opes
1437 622 1516 650 ﬂuxa).
1529 629 1601 654 sunt,
1621 624 1675 650 \‘ir-

888 683 930 705 tus
963 679 1033 706 adeo
1050 679 1173 706 omnium
1198 682 1352 712 temporum
1375 682 1427 709 cst,
1441 684 1470 705 ιιι
1485 687 1623 713 nunquam
1640 681 1674 707 ab

885 732 1032 760 hominum
1046 735 1177 761 societate
1200 735 1295 762 abesse
1310 735 1406 769 possit.
1424 736 1586 771 Quicunque
1602 738 1674 764 enim

885 792 994 820 caeteris
1013 793 1152 827 imperare
1186 801 1218 820 ac
1250 793 1381 828 populum
1411 801 1505 827 regere
1534 795 1676 828 prmsumit

852 850 1019 878 Bt’irlutum
1046 851 1126 878 laude
1152 852 1309 878 cumulatus
1336 858 1397 877 esse
1420 850 1551 884 debebit;
1574 852 1675 886 quibus

886 911 913 933 tu
934 905 992 940 ipse
1007 912 1125 934 ornatus
1139 907 1211 941 apud
1239 907 1365 933 homines
1381 911 1410 933 et
1423 906 1511 941 ipsum
1529 907 1611 934 Deum
1626 909 1675 935 bo-

885 971 966 991 nores
998 963 1188 997 nancisccris,
1218 964 1343 992 subditos
1377 968 1468 991 autem
1510 964 1625 992 habebis
1648 970 1674 992 te

886 1021 985 1055 dignos
1009 1026 1037 1048 et
1072 1022 1119 1056 qui
1147 1021 1208 1048 vita:
1233 1025 1286 1049 tum
1304 1022 1459 1049 institutum
1473 1022 1568 1049 sedula
1584 1022 1674 1050 inlitas

882 1077 957 1105 tione
981 1078 1107 1112 amplecti
1137 1081 1275 1113 satagent,
1300 1082 1329 1106 et
1354 1079 1484 1112 indolem,
1501 1087 1580 1114 quam
1599 1079 1625 1106 in
1647 1084 1672 1106 te

881 1133 1072 1166 admiramur,
1101 1134 1252 1162 imitatione
1286 1135 1491 1169 exprimendam
1526 1135 1578 1162 sibi
1609 1143 1672 1171 pro-

883 1195 994 1225 pom-Ill.
1029 1190 1097 1218 Hinc
1125 1192 1171 1219 (iet
1203 1197 1233 1219 ut
1257 1192 1365 1220 duabus
1391 1200 1424 1219 ex
1443 1192 1534 1220 causis
1547 1197 1573 1220 te
1587 1194 1672 1221 admi-

885 1252 1001 1279 rentur,
1033 1247 1068 1275 ob
1088 1253 1174 1281 tuam,
1190 1248 1314 1283 inquam,
1331 1248 1495 1283 probitatem
1511 1255 1538 1278 et
1555 1250 1673 1278 assecla-

880 1310 940 1329 rum
969 1303 1068 1330 borum
1103 1303 1301 1338 integritatem.
1327 1303 1397 1336 Quid
1419 1305 1518 1332 :nirum
1533 1306 1567 1337 si,
1584 1311 1608 1334 le
1630 1307 1670 1334 in-

880 1359 1009 1393 stigante.
1042 1359 1153 1387 virtutis
1180 1360 1303 1388 studium
1335 1362 1456 1388 omnium
1474 1362 1575 1390 animis
1596 1363 1671 1399 inge-

879 1415 970 1442 ritur?
989 1416 1030 1443 Tu
1043 1437 1049 1448 ,
1066 1422 1141 1444 certo
1155 1417 1226 1450 scio,
1244 1418 1392 1452 praeclaros
1412 1419 1472 1446 illos
1484 1419 1595 1447 virtutis
1614 1420 1671 1447 fru-

880 1478 940 1500 etus
953 1477 1062 1507 gustare
1074 1474 1259 1510 maximopere
1276 1482 1352 1503 amas
1371 1480 1397 1503 et
1411 1476 1476 1504 boni
1503 1478 1576 1512 regis
1591 1477 1667 1506 laudi

841 1518 863 1546 (ἶ
879 1529 1036 1564 anteponis.

914 1638 941 1665 2.
963 1638 990 1665 Id
1009 1644 1074 1666 ante
1098 1640 1189 1667 omnia
1214 1640 1241 1667 in
1265 1645 1383 1668 mentem
1402 1641 1532 1670 inducere
1553 1644 1667 1674 debebis

877 1684 948 1718 quod
961 1685 983 1712 si
1002 1685 1078 1719 regni
1091 1685 1161 1711 vasti
1173 1688 1200 1712 ct
1217 1685 1308 1719 populi
1330 1693 1390 1713 sors
1407 1688 1539 1721 permissa
1554 1695 1604 1722 est,
1623 1691 1667 1718 ni-

877 1730 1062 1758 hilominusin
1078 1731 1245 1762 mortalium,
1259 1732 1330 1758 sicut
1343 1740 1392 1759 nos
1406 1733 1468 1768 ipsi,
1487 1742 1516 1762 es
1538 1744 1666 1772 numero,

877 1782 962 1808 quare
992 1775 1063 1802 altos
1102 1782 1213 1802 sumere
1239 1776 1353 1809 spiritus
1381 1782 1541 1813 naturaeque
1564 1780 1665 1808 limites

877 1821 1030 1855 transgredi
1050 1821 1099 1848 tibi
1123 1829 1177 1848 non
1201 1821 1308 1849 licebit.
1336 1823 1404 1856 Quid
1423 1824 1495 1851 enim
1520 1826 1665 1859 prodestsi

875 1865 1047 1893 extrinsecus
1082 1866 1155 1893 inter
1183 1874 1279 1894 omnes
1303 1867 1427 1898 excellis.
1458 1869 1486 1895 ni
1515 1870 1665 1899 intrinscus

875 1919 984 1946 quoque
999 1911 1112 1938 anteis?
1132 1911 1184 1940 fuit
1200 1921 1297 1940 revera
1311 1919 1420 1948 tempus
1438 1922 1493 1948 quo
1510 1924 1563 1942 non
1580 1918 1664 1944 exsti-

875 1959 943 1990 tisli,
960 1963 988 1985 et
1002 1961 1112 1993 generis
1131 1960 1168 1986 tui
1185 1959 1263 1987 initia
1287 1960 1386 1994 exigua
1401 1965 1483 1994 sunt;
1507 1965 1534 1989 tu
1552 1970 1663 1998 quoque

874 2011 928 2031 non
943 2004 968 2030 in
983 2008 1117 2030 aeternum
1136 2004 1279 2036 manebis;
1299 2004 1347 2031 tibi
1365 2004 1475 2038 eadem,
1493 2013 1554 2041 qua:
1579 2010 1663 2042 majo-

874 2049 951 2076 ribus
966 2049 1031 2081 tuis,
1049 2048 1175 2076 facientia
1188 2056 1216 2076 et
1231 2050 1410 2084 perpetienda
1424 2052 1557 2086 veniunt;
1579 2053 1628 2080 tibi
1647 2062 1662 2081 a

874 2095 1005 2130 superbia
1023 2094 1219 2122 abstinendum
1235 2100 1287 2127 est,
1305 2100 1331 2123 ct
1346 2096 1368 2123 si
1384 2097 1468 2126 rebus
1485 2106 1535 2133 pro
1551 2099 1662 2134 ingenio

874 2149 905 2169 ac
919 2140 1042 2169 moribus
1057 2141 1111 2168 tuis
1130 2140 1265 2168 inservire
1284 2141 1419 2175 volueris,
1436 2151 1528 2172 rerum
1541 2145 1662 2172 admini-

33 2188 143 2214 πάντων
162 2186 326 2222 κεχρῆσθαι,
345 2189 391 2214 καὶ
407 2189 478 2215 κατὰ
494 2189 605 2221 σαυτὸν,
620 2189 677 2216 ἀλλ’
689 2190 737 2224 οὐχ
751 2189 802 2216 ὑπὲ

912 2187 998 2214 ationi
1027 2194 1133 2214 summa
1164 2194 1231 2214 cura
1255 2186 1413 2216 adhibenda
1440 2189 1489 2216 tibi
1516 2196 1558 2218 est
1588 2191 1660 2219 haud

32 2233 142 2266 σαυτὸν,
157 2234 217 2263 τοῖς
234 2233 394 2268 πράγμασιν
411 2234 527 2269 ὁμιλεῖν,
540 2234 618 2261 τοῦτο
631 2236 659 2262 δὲ
672 2236 720 2270 τὴν
733 2237 820 2272 ἀρχὴν

30 2276 59 2305 εὖ
75 2287 104 2306 τι
121 2280 172 2305 καὶ
192 2279 229 2310 ὡς
241 2278 325 2312 ἐχρῆν
339 2278 451 2306 διοικεῖν
464 2287 472 2294 ·
486 2281 533 2306 καὶ
549 2281 621 2315 μέγα
635 2281 756 2316 νομίζειν
771 2283 822 2309 οὐκ

30 2326 54 2351 εἰ
87 2324 245 2360 βασιλεύεις
271 2324 377 2358 ἁπλῶς,
398 2324 457 2352 ἀλλ’
480 2326 505 2352 εἰ
530 2326 620 2358 καλῶς
648 2326 819 2361 βασιλεύειςο

30 2369 82 2396 οὐδ’
97 2370 123 2396 εἰ
139 2369 191 2403 τῆς
215 2368 374 2403 ἁλουργιδος
390 2368 507 2402 ἠξίωσαι
524 2369 571 2397 καὶ
595 2369 642 2397 τοῦ
665 2371 818 2406 σκήπτρου,

30 2414 85 2440 ἀλλ’
109 2416 135 2440 εἰ
165 2414 294 2444 κοινωνὸς
317 2413 367 2450 ἔσῃ
387 2414 442 2440 τῶν
461 2414 602 2450 Ὀλύμπου
625 2417 819 2450 πραγμάτων

29 2460 82 2486 οὐδ’
102 2460 127 2486 ει
150 2459 313 2494 θαυμαστὰς
337 2459 409 2494 ἔχεις
425 2459 598 2495 ἀνθρώπους,
615 2461 672 2488 ἀλλ’
698 2463 722 2489 εἰ
749 2463 820 2498 μετὰ

29 2506 132 2533 τούτων
147 2505 196 2532 καὶ
211 2505 266 2540 πρὸ
281 2505 383 2531 τούτων
401 2505 548 2542 ἐπαινέτην
567 2506 637 2539 ἔξεις
651 2507 718 2535 Θεόν
728 2517 735 2525 ·
751 2510 819 2544 πρὸς

29 2552 55 2578 ὃν
71 2552 108 2584 ὡς
129 2551 222 2578 κοινὸν
247 2551 375 2578 ἁπάντων
396 2551 483 2586 δήπου
506 2553 645 2588 Δεσπότην
664 2554 712 2581 καὶ
737 2556 818 2590 κηδε-

32 2600 108 2631 μόνα,
132 2596 271 2630 τοσαύτην
297 2598 344 2624 καὶ
370 2598 541 2635 τηλικαύτην
566 2600 686 2635 ὀφείλεις
711 2601 818 2630 εὔνοιαν

30 2645 126 2680 ἴσχειν,
142 2644 212 2679 ὅσην
229 2643 315 2675 ἀξιοῖς
330 2644 393 2676 τοὺς
407 2644 504 2677 ἄλλους
520 2646 606 2681 ἴσχειν
623 2647 692 2682 πρὸς
706 2648 750 2674 σὲ·
771 2650 818 2676 καὶ

30 2690 113 2721 οὕτως
128 2689 303 2724 διακείμενος
319 2687 390 2717 εἶναι
411 2691 448 2722 ὼς
475 2691 559 2726 μηδὲν
578 2692 632 2724 ἔξω
647 2693 701 2719 τῶν
719 2695 817 2730 ἐκείνῳ

29 2735 179 2762 δοκούντων
198 2734 262 2770 μήτ’
274 2734 320 2761 οὖν
337 2744 401 2762 ποτε
417 2737 494 2771 δρᾷν,
515 2738 583 2772 μήτε
593 2737 732 2772 βουλεύειν
748 2740 817 2771 ὅλως

31 2782 179 2816 αἱρεῖσθαι,
194 2780 253 2807 ἀλλ’
263 2781 291 2806 ἐν
301 2780 402 2808 ἅπασιν
414 2783 536 2817 ἡγεμόνα
552 2783 647 2810 τοῦτον
669 2786 815 2813 ποιεῖσθαι.

62 2831 96 2861 γ’.
114 2827 234 2853 Ἔπειτα
253 2828 317 2861 πρὶν
335 2827 350 2862 ἢ
369 2828 422 2854 τῶν
437 2829 524 2855 ἄλλων
541 2829 705 2865 βασιλεύειν,
724 2833 815 2868 σαυτῷ

872 2237 1005 2260 contento
1029 2233 1102 2268 quod
1126 2241 1236 2268 regnas,
1253 2234 1300 2261 sed
1325 2234 1498 2262 innitendum
1529 2242 1558 2264 ut
1581 2237 1660 2265 bene.

870 2277 929 2304 Non
944 2277 1011 2305 satis
1029 2278 1083 2305 erit
1100 2278 1173 2313 quod
1191 2286 1314 2314 purpura
1332 2287 1369 2306 ac
1384 2286 1496 2315 sceptro
1512 2281 1613 2316 dignus
1622 2284 1661 2310 sis

871 2322 992 2355 habitus,
1011 2323 1060 2350 sed
1088 2323 1109 2350 it.
1123 2324 1259 2358 agentium
1285 2329 1314 2351 ut
1329 2325 1473 2360 olympieis
1490 2326 1659 2361 honoribus;

870 2376 924 2395 non
948 2374 977 2396 ut
992 2368 1064 2402 apud
1086 2373 1200 2396 casteros
1222 2369 1249 2396 in
1271 2369 1458 2399 admiratione
1482 2373 1532 2405 sis,
1555 2374 1603 2401 sed
1631 2378 1660 2400 ut

873 2414 1063 2449 Deumipsum
1089 2421 1200 2448 aequum
1221 2414 1324 2441 habeas
1347 2415 1479 2449 judicem,
1505 2419 1550 2445 cui
1577 2423 1604 2445 tn
1630 2425 1660 2446 ut

871 2458 1065 2486 universorum
1083 2458 1195 2486 domino
1210 2467 1242 2487 ac
1258 2460 1424 2487 moderatori
1446 2463 1563 2490 eandem
1575 2465 1659 2492 debes

869 2504 1065 2532 verecundiam
1080 2513 1161 2540 quam
1177 2505 1236 2540 ipse
1250 2513 1264 2532 a
1276 2507 1384 2533 caeteris
1402 2509 1548 2542 exposcis;
1562 2517 1594 2536 eo
1610 2510 1657 2537 de-

872 2550 956 2585 nique
972 2551 1065 2578 animo
1081 2559 1140 2579 esse
1153 2551 1267 2580 debebis
1279 2557 1308 2579 ut
1321 2553 1390 2580 nihil
1403 2561 1498 2580 eorum
1521 2562 1581 2589 qua:
1602 2555 1657 2582 Deo

873 2596 1022 2631 displicent
1039 2596 1126 2625 facias
1150 2602 1198 2625 aut
1225 2599 1376 2632 mediteris,
1397 2599 1452 2627 imo
1480 2599 1508 2627 in
1528 2600 1658 2629 omnibus

870 2643 953 2670 unius
968 2643 1015 2671 Dei
1032 2649 1099 2671 nutu
1124 2649 1206 2679 atque
1222 2646 1356 2681 auspiciis
1374 2646 1496 2675 incedas.

911 2827 936 2854 5.
958 2826 1043 2862 Igitur
1053 2834 1198 2864 antequam
1215 2838 1243 2857 in
1261 2836 1374 2860 cteteros
1389 2833 1524 2861 dominari
1547 2840 1651 2869 praesu-
