1878 3060
152 161 206 193 455

763 149 959 179 Tlli-IODL'LI
983 145 1155 177 )lONAClIl

1729 135 1783 166 4.36

153 218 248 254 egenis
262 216 333 244 dcte
347 217 505 248 conceptam
519 218 640 246 superes,
657 217 718 236 eum
737 209 820 243 regali
834 208 938 234 libera-

1054 205 1140 239 ἀρχὴν
1154 203 1191 234 ὡς
1202 202 1331 229 κάλλιστα
1344 201 1390 227 aut
1403 199 1560 226 δικαιότατα
1575 197 1684 223 πάντων
1696 196 1783 231 δοκῇς

1066 250 1077 254 -
1106 249 1115 254 Α
1246 247 1258 253 η
1281 247 1292 254 Α
1309 246 1315 254 ι
1409 245 1416 254 \
1453 245 1478 254 ﬁ!
1491 253 1517 254 ﬁ,
1554 243 1599 254 A_.-.
1615 243 1670 254 0!-..
1687 243 1715 254 -.ι
1737 242 1770 254 ..Α

154 276 232 302 litate
245 279 272 300 et
291 273 362 299 ultra
379 270 566 297 necessitatem
579 266 668 294 dando
681 266 764 301 idque
781 265 939 301 priusquam

156 333 205 358 abs
234 334 260 356 te
280 331 374 364 petant
399 325 539 352 auxilium.
558 323 603 351 Sic
616 323 689 350 enitn
711 321 814 361 duplici
842 321 942 348 frueris

156 387 252 423 gloria,
269 393 330 412 cum
360 382 498 418 largiendo
525 387 650 411 munera,
677 383 734 405 tum
752 377 868 412 benigne
892 377 943 403 hoc

160 442 300 474 faciendo,
315 440 386 467 unde
401 439 439 465 tui
457 437 544 472 ipsius
560 436 642 463 simul
652 435 812 462 benefactor
829 433 942 461 evades.

158 499 224 527 Dum
239 498 312 526 enim
329 495 422 524 emtcri
440 501 500 522 tuas
523 493 676 527 respiciunt
702 499 809 523 manus,
828 496 855 518 tu
885 489 944 525 ipse

157 564 221 583 vero
236 555 342 582 divinas
356 558 474 588 spectas,
488 559 555 579 sane
571 556 612 578 est
628 549 700 585 quod
717 557 810 584 speres
832 553 858 576 te
876 556 944 583 qua-

158 616 190 642 lis
205 615 313 642 civibus
330 614 384 640 tuis
410 619 471 640 esse
493 610 608 642 videris,
622 610 703 637 talem
722 609 844 636 numinis
859 607 945 635 divini

158 673 246 699 oculis
259 671 347 698 visum
365 670 411 703 iri,
429 670 506 704 Cujus
525 667 706 695 beneficentia
722 671 749 694 et
763 666 897 701 possides,
919 669 947 692 et

160 735 220 762 qua:
240 727 363 761 possides
377 725 487 760 elargiri
510 728 598 760 poles.
615 723 642 750 Id
660 731 743 758 porro
758 729 806 757 pro
820 729 892 750 ,τοι-ο
907 725 946 748 te—

162 790 225 812 neto
243 791 303 818 qua:
315 783 395 810 nobis
409 782 494 809 donas
509 789 563 808 non
577 787 634 814 tua,
651 780 705 807 imo
721 784 813 806 nostra
826 779 947 813 ipsorum

163 847 228 869 sunt
254 849 313 876 que
330 845 358 867 tu
381 840 408 867 in
424 844 545 866 nostram
558 844 586 866 et
612 838 769 873 reipublicae
790 836 947 868 utilitatem,

994 249 1161 285 ἀνῃρῆσθαι,
1175 247 1263 283 πειρῶ
1278 246 1321 273 διὰ.
1335 245 1436 276 παντὸς
1451 245 1538 279 δήπου
1553 243 1600 269 τοῦ
1614 243 1671 277 βίον
1686 243 1716 268 ού
1736 242 1785 274 μοι

994 305 1039 322 νον
1054 296 1102 326 τὰς
1118 295 1172 320 τῶν
1190 292 1220 320 εὖ
1245 293 1343 319 παθεῖν
1362 291 1497 324 δεομένων
1519 289 1681 323 ὑπεραίρειν
1707 287 1787 313 ἐλπί-

994 344 1054 375 δας,
1071 342 1110 377 τῷ
1139 340 1246 376 μεγάλα
1266 339 1367 366 διδόναι
1389 337 1436 364 καὶ
1466 335 1616 371 βασιλικῶς
1645 334 1748 369 μᾶλλον
1769 333 1785 367 ἦ

988 389 1108 427 ίχρῄςειν
1125 386 1213 413 ἔνεστ’
1241 385 1344 416 αὐτοῖς,
1365 383 1433 411 ἀλλὰ
1458 383 1505 409 καὶ
1523 382 1562 417 τῷ
1579 382 1645 416 πρὶν
1667 379 1788 414 αἰτηθῆ-

996 444 1051 468 ναι,
1075 432 1265 470 μεγαλοψυχίᾳ
1287 431 1357 467 πρὸς
1373 431 1477 461 πάντας
1500 427 1670 463 κεχρῆσθαι¹
1697 426 1736 456 ὡς
1753 426 1787 452 ἂν

996 481 1150 515 εὐδοκιμεῖν
1168 478 1339 514 ἑκατέρωθεν
1351 477 1426 511 ἔχῃς,
1448 476 1479 502 ἐκ
1499 483 1527 501 τε
1542 473 1579 501 ὢν
1594 474 1625 501 εὖ
1642 474 1742 503 ποιεῖς,
1756 472 1788 497 ἐκ

996 537 1026 555 τε
1040 525 1076 555 ὧν
1098 527 1248 562 φιλοτίμως
1262 525 1341 551 τοῦτο
1364 524 1469 554 ποιεῖς·
1487 522 1548 549 ἐπεὶ
1572 522 1619 548 καὶ
1641 520 1742 547 σαυτὸν
1759 516 1788 545 εὖ

998 575 1087 601 ποιεῖν
1102 574 1178 599 ἐστιν
1192 570 1329 598 ἐντεῦθεν.
1347 570 1378 596 Ei
1392 569 1444 604 γὰρ
1457 567 1489 602 δὴ
1506 567 1608 597 πάντες
1624 566 1673 600 μὲν
1690 565 1730 596 εἰς
1740 565 1790 594 τὰς

999 621 1048 652 σὰς
1070 619 1199 655 βλέπουσι
1212 618 1318 653 χεῖρας,
1335 617 1368 642 σὺ
1383 616 1405 642 δ’
1419 615 1501 646 αὐτὸς
1515 615 1556 645 εἰς
1578 613 1628 644 τὰς
1645 611 1692 638 τοῦ
1708 611 1789 641 Θεοῦ,

999 665 1112 700 εὔδηλον
1124 664 1161 696 ὡς
1175 665 1266 694 ὁποῖος
1281 663 1313 689 ἄν
1327 670 1368 693 τις
1380 661 1485 691 τούτοις
1503 660 1602 694 φανῇς,
1621 656 1746 684 τοιοῦτον
1757 657 1790 683 ἄν

1001 721 1042 738 σοι
1058 711 1199 745 προσδόκα
1225 708 1390 743 γεγενῆσθαι
1406 708 1543 738 κάκεῖνον,
1561 704 1627 739 παρ’
1650 701 1681 730 οὗ
1701 711 1744 729 σοι
1761 703 1792 728 τό

998 767 1028 785 τε
1043 759 1166 794 κρατεῖν,
1181 757 1211 782 τό
1230 764 1259 781 τε
1273 754 1346 789 ἔχειν
1360 755 1393 780 τὰ
1413 753 1527 780 τοιαῦτα
1547 750 1664 778 διδόναισ
1692 747 1792 775 οὐκοῦν

999 803 1109 838 ἀκριϐεῖ
1131 801 1204 836 λόγῳ
1226 799 1279 826 οὐδ’
1306 799 1324 826 ἃ
1340 799 1418 830 δίδως
1438 799 1516 832 ἡμῖν,
1537 796 1613 830 δῶρα
1646 795 1680 820 σὰ
1700 793 1792 823 δίδως,

1000 849 1052 876 οὐδ’
1069 848 1173 875 οἴκοθεν
1199 846 1249 873 καὶ
1270 845 1346 880 παρά
1373 843 1472 871 σαυτοῦ
1496 842 1636 877 χορηγεῖς,
1668 839 1740 866 ἀλλὰ
1757 838 1794 864 τὰ

165 898 258 924 eadem
286 904 339 931 qua
358 896 460 930 regiam
477 898 654 930 potestatem,
674 894 696 921 si
724 901 809 928 parva
842 892 950 927 magnis

1046 893 1115 929 ἑτερ¹
1136 892 1226 919 αὐτῶν
1243 892 1309 926 ἡμῖν
1341 889 1485 920 ἀποδίδως,
1501 888 1548 914 καὶ
1563 884 1600 914 ὢν
1625 886 1688 919 ἓνεχ
1713 883 1793 919 ἡμῶν

166 961 329 989 componere
343 953 416 985 licet,
433 952 622 980 administras.

204 1089 230 1116 6.
242 1088 329 1124 Hujus
340 1087 432 1122 itaque
445 1087 533 1122 magni
548 1085 628 1113 officii
644 1085 717 1120 quod
733 1084 781 1112 tibi
803 1083 950 1114 incumbit,

169 1155 230 1174 cum
256 1145 416 1181 gravissima
449 1144 585 1172 omniuur
599 1141 768 1170 Moderatori
791 1142 840 1169 abs
854 1147 879 1168 te
893 1140 952 1167 red-

170 1204 260 1232 denda
273 1203 325 1230 erit
338 1203 417 1235 ratio,
434 1201 460 1228 id
476 1206 501 1229 te
514 1205 578 1228 ante
598 1200 690 1229 omnia
710 1199 846 1226 monitum
860 1198 953 1230 velim,

173 1265 202 1287 ut
219 1268 272 1286 non
288 1259 377 1286 solum
397 1265 461 1293 erga
477 1264 572 1284 omnes
585 1256 730 1284 maximam
755 1256 953 1282 humanitatem

172 1326 204 1345 ac
218 1318 244 1344 in
268 1316 359 1344 dando
379 1316 531 1350 largitatem
557 1314 701 1344 adhibeas,
720 1313 768 1340 sed
794 1312 820 1340 id
841 1319 905 1346 agas
927 1315 958 1337 ut

172 1381 253 1401 nemo
282 1374 310 1400 in
328 1379 502 1408 quacumque
530 1379 559 1398 re
577 1379 607 1398 se
631 1371 726 1398 laesum
751 1369 845 1397 dicere
861 1368 957 1404 possit.

172 1429 407 1464 Quemadmodum
425 1429 498 1455 enim
518 1427 585 1454 urbs
599 1427 659 1454 sine
687 1425 824 1453 manibus
836 1429 864 1452 et
880 1424 958 1452 vallis

174 1487 201 1514 in
229 1491 287 1514 tuto
308 1490 381 1512 stare
410 1485 516 1520 nequit,
532 1484 573 1511 sic
591 1491 643 1510 nec
659 1490 774 1518 regnum
794 1482 882 1517 ipsutn
899 1482 958 1509 sine

171 1543 291 1579 justitia,
306 1546 353 1569 aut
366 1546 396 1569 ιιι
412 1548 467 1568 uno
488 1541 570 1569 verbo
583 1540 683 1572 dicant,
701 1539 769 1566 urbs
781 1538 891 1573 quidem
903 1545 957 1564 non

176 1601 263 1628 stabit
277 1600 328 1627 etsi
341 1599 394 1627 lcci
413 1603 441 1624 et
454 1598 636 1625 habitantium
652 1596 827 1628 fortitudine,
846 1602 960 1630 regnum

182 1662 284 1689 autem,
299 1656 350 1684 etsi
368 1656 480 1683 militari
495 1655 635 1690 praesidio,
652 1654 760 1686 castris,
774 1652 860 1680 armis
883 1657 910 1679 et
927 1651 964 1678 si-

178 1714 288 1741 milibus
308 1713 473 1748 protegitur,
490 1712 543 1739 nisi
561 1711 669 1746 justitia
684 1710 765 1743 adsit,
783 1717 880 1744 parum
893 1713 964 1736 tecta

177 1777 307 1806 sartaque
334 1775 393 1802 est,
422 1775 452 1796 ut
467 1777 528 1796 eam
559 1769 690 1804 Euripide
715 1769 830 1803 loquar;
855 1767 964 1802 iustitia

177 1832 290 1856 econtra
313 1831 443 1863 regnante
464 1827 504 1854 vel
526 1827 587 1853 sine
601 1825 738 1853 iuuenibus
760 1829 843 1860 atque
869 1823 964 1854 armis,

179 1893 223 1913 res
249 1884 431 1912 nihilominus
455 1883 536 1911 salva:
552 1887 646 1911 erunt.
664 1882 794 1916 Quaenam
818 1882 901 1917 igitur
919 1885 964 1907 tua

182 1946 306 1977 potestas
323 1941 346 1968 si
364 1941 498 1969 militibus
512 1940 630 1975 stipatus
642 1940 712 1967 nihil
721 1943 817 1967 contra
836 1939 911 1974 leges
924 1938 964 1966 fa-

179 2000 233 2031 cis.
250 2005 278 2027 et
292 1999 323 2026 in
340 1999 472 2028 omnibus
488 2006 549 2033 quae
566 1998 636 2026 dicis
647 1997 749 2026 facisve
765 1997 880 2032 iustitiae
890 1997 968 2025 exhi-

183 2055 231 2082 bes
244 2055 398 2090 exemplum
410 2059 437 2081 et
450 2054 600 2090 specimen.
615 2054 642 2081 Si
655 2055 728 2082 enim
744 2058 769 2081 te
779 2054 861 2089 geris,
875 2061 891 2081 ο
905 2061 965 2086 rex,

181 2111 308 2139 ctotnnia
319 2111 408 2146 legum
417 2111 596 2139 moderamini
609 2111 769 2146 committis,
780 2110 969 2146 proculdubio

185 2169 231 2196 ﬁet
248 2170 337 2204 utqui
354 2170 402 2198 tibi
416 2170 520 2197 subditi
537 2174 601 2197 sunt
616 2170 686 2196 idem
700 2177 760 2204 quae
781 2174 810 2196 tu
838 2168 968 2200 sentiant,

975 1564 996 1592 C

1005 941 1051 968 καὶ
1060 940 1109 974 τῆς
1123 939 1216 972 κοινῆς
1229 938 1367 972 σωτηρίας
1381 934 1558 971 δημαγωγεῖς
1570 933 1651 965 αὺτῖς
1663 932 1711 958 καὶ
1725 939 1794 965 προ-

1007 985 1118 1020 στάτης,
1137 983 1232 1018 ὥσπερ
1259 983 1288 1009 ὲν
1309 981 1419 1016 μεγάλῳ
1442 981 1522 1015 δήμῳ
1538 979 1577 1014 τῷ
1595 979 1646 1014 βίῳ
1672 977 1722 1011 τὴν
1744 977 1795 1011 τῆς

1006 1032 1081 1057 οἰκον
1087 1031 1171 1065 μένης
1187 1029 1328 1055 πολιτείαν
1345 1027 1565 1061 πολιτευόμενος.

1043 1082 1081 1111 ς’.
1103 1078 1148 1109 Ὧς
1167 1075 1214 1104 οὖν
1229 1077 1277 1111 τῆς
1302 1076 1424 1111 μεγάλης
1440 1076 1488 1100 καὶ
1503 1073 1663 1108 θαυμαστῆς
1680 1070 1799 1104 ταυτησὶ

1007 1123 1199 1160 δημαγωγίας,
1218 1120 1240 1149 ὧ
1255 1121 1376 1157 βασιλεῦ,
1401 1120 1522 1156 μεγάλας
1537 1119 1585 1145 καὶ
1602 1117 1650 1149 τάς
1672 1116 1698 1151 γ’
1715 1114 1798 1142 εὐθύ-

1008 1180 1056 1202 νας
1074 1169 1190 1204 ὑφέξων,
1211 1169 1260 1195 καὶ
1284 1167 1394 1194 πάντων
1418 1164 1695 1200 είσπραχθησόμενος
1716 1161 1799 1194 λόγον

1009 1217 1047 1252 τῷ
1064 1217 1175 1244 πάντων
1193 1215 1337 1250 πρυτάνει,
1354 1214 1388 1240 σὺ
1410 1214 1433 1240 δ’
1450 1212 1522 1238 οὕτω
1535 1212 1592 1243 τοῖς
1609 1209 1727 1245 παροῦσι
1750 1217 1800 1234 κε-

1009 1262 1138 1298 χρῆσθαι,
1168 1261 1216 1287 καὶ
1242 1259 1278 1294 μὴ
1307 1259 1388 1294 μόνον
1413 1257 1627 1293 φιλανθρώπως,
1652 1256 1690 1287 ὡς
1716 1254 1798 1290 ἔφην,

1011 1310 1079 1345 πρὸς
1096 1309 1202 1339 πάντας
1218 1307 1300 1342 ἔχειν,
1319 1307 1366 1332 καὶ
1388 1305 1456 1340 μετὰ.
1472 1304 1571 1331 πολλοῦ
1595 1302 1641 1329 τοῦ
1657 1302 1802 1338 περιόντος

1010 1358 1060 1388 τὰς
1074 1354 1236 1391 εὐεργεσίας
1249 1352 1401 1384 ποιεῖσθαι,
1419 1351 1486 1378 ἀλλὰ
1500 1351 1547 1377 καὶ
1564 1350 1638 1380 ὅπως
1655 1347 1804 1385 μηδεισοῦν

1011 1403 1170 1438 ἀδικήσεται
1191 1400 1245 1426 τῶν
1257 1399 1394 1430 ἁπάντων,
1410 1397 1474 1433 περ).
1499 1395 1626 1423 πλείστου
1649 1394 1804 1421 ποιεῖσθαι.

1018 1450 1062 1480 Ὠς
1078 1449 1131 1482 γὰρ
1159 1446 1209 1482 οὐχ
1237 1444 1293 1473 οἷον
1308 1454 1337 1472 τε
1353 1444 1432 1472 πόλιν
1458 1443 1554 1477 τειχῶν
1579 1441 1646 1469 ἄνευ
1670 1440 1717 1467 καὶ
1734 1447 1807 1474 προσ

1013 1495 1161 1530 ὃλιημάτων
1180 1491 1328 1522 σεσῶσθαι,
1343 1491 1380 1521 ὡς
1398 1489 1426 1516 δὲ
1442 1490 1488 1516 καὶ
1501 1488 1638 1524 βασιλείαν
1651 1486 1748 1521 αὐτὴν,
1766 1485 1806 1520 μὴ

1013 1541 1189 1575 δικαιοσύνης
1217 1537 1384 1573 κρατούσης,
1415 1536 1515 1570 μᾶλλον
1530 1535 1560 1560 δὲ
1585 1534 1632 1560 καὶ
1660 1532 1807 1568 βασιλείαν

1013 1588 1061 1614 καὶ
1074 1586 1219 1620 πὸ).ιν,τὴν
1233 1585 1283 1618 μὲν
1309 1581 1348 1615 οἷς
1366 1583 1434 1617 ἔφην
1449 1581 1647 1617 ὠχυρωμένην,
1659 1580 1706 1607 καὶ
1720 1587 1809 1613 προσ-

1014 1635 1054 1660 έτι
1076 1632 1240 1667 θαυμαστῶν
1270 1630 1430 1665 οἰκητόρων,
1447 1629 1494 1655 καὶ
1507 1628 1608 1659 θέσεως
1627 1627 1809 1662 ὑπερηφάνου

1013 1678 1162 1714 λαχοῦσαν,
1179 1678 1227 1712 τὴν
1248 1677 1275 1702 δὲ
1292 1675 1450 1710 δορυφόροις
1473 1675 1520 1700 κιιιῒ⁸
1543 1672 1735 1708 στρατοπέδοις
1760 1672 1811 1698 καὶ⁵

1015 1726 1109 1756 ὅπλοις
1126 1725 1173 1751 καὶ
1189 1724 1258 1750 πᾶσι
1273 1723 1380 1753 τούτοις
1396 1720 1614 1758 κρατυνομένην,
1631 1719 1656 1745 εἰ
1671 1719 1708 1753 μὴ
1722 1719 1812 1753 πάρε-

1016 1781 1075 1798 στιν
1091 1772 1171 1805 αὕτη,
1191 1771 1226 1797 τά
1241 1769 1266 1804 γ’
1282 1770 1337 1796 ἄλλ’
1353 1769 1396 1795 ἐπ’
1410 1767 1540 1799 ἀσθενοῦς
1556 1768 1650 1803 ῥώμης
1664 1766 1788 1801 ὀχεῖσθαι
1801 1786 1811 1798 ,

1016 1819 1102 1844 ταῦτα
1118 1817 1180 1843 κατ’
1199 1815 1346 1850 Εὐριπίδην
1373 1814 1520 1844 συμΰαίνει
1533 1822 1541 1830 ·
1558 1813 1653 1848 ὥσπερ
1668 1811 1701 1839 αὖ
1731 1813 1812 1839 τοῦν-

1019 1863 1111 1888 αντίον
1132 1860 1274 1896 παρούσης
1291 1860 1341 1894 μὲν
1370 1859 1484 1893 ταύτης,
1503 1858 1618 1885 ἐκείνων
1631 1850 1654 1884 δι
1671 1857 1811 1887 ἀπόντων,

1018 1907 1148 1942 ἀσφαλεῖς
1163 1907 1209 1933 καὶ
1227 1906 1338 1942 βεϐαίας
1349 1906 1524 1932 παντάπασιν
1539 1902 1620 1931 εἶναι.
1639 1903 1748 1930 Ἥλίκον
1763 1901 1813 1929 οὖν

1018 1955 1094 1981 ἔσται
1115 1963 1155 1980 σοι
1172 1953 1283 1988 κράτος,
1298 1952 1322 1977 εἰ
1339 1952 1408 1986 μετὰ
1428 1950 1475 1976 τοῦ
1492 1949 1687 1985 στρατοπέδοις
1706 1949 1812 1983 κεχρῆ-

1019 2001 1081 2028 σθαι
1099 1999 1146 2026 καῖ¹
1174 1998 1256 2034 μηδὲν
1284 1996 1373 2023 ὁτιοῦν
1397 1996 1450 2029 ἔξω
1486 1995 1541 2022 τῶν
1565 1996 1656 2029 νόμων
1679 1996 1814 2029 πράττειν

1020 2046 1196 2078 σπουδάζεις·
1213 2045 1321 2080 πρῶτος
1335 2043 1357 2069 δ’
1367 2043 1448 2074 αὐτὸς
1463 2042 1497 2069 δι’
1511 2039 1549 2069 ὧν
1558 2042 1647 2076 λέγεις
1662 2042 1708 2068 καὶ
1723 2042 1815 2077 πράτ-

1021 2102 1077 2124 τεις
1096 2092 1206 2118 τουτοσὶ
1222 2090 1352 2126 βεσαιῶν,
1374 2089 1554 2124 παράδειγμα
1570 2087 1747 2122 δικαιοσύνης
1765 2089 1815 2114 καὶ

1020 2139 1068 2166 τοῦ
1083 2138 1109 2164 τί
1133 2137 1173 2163 δεῖ
1188 2137 1274 2162 ποιεῖν
1295 2136 1397 2163 ἅπασιν
1424 2132 1495 2160 εῖναι
1511 2142 1518 2148 ·
1534 2133 1566 2160 οὐ
1579 2133 1635 2168 γὰρ
1659 2133 1746 2164 ἐστιν,
1761 2133 1816 2159 οὐκ

1021 2185 1107 2216 ἐστιν,
1122 2181 1144 2210 ὦ
1171 2182 1294 2218 βασιλεῦ,
1312 2181 1358 2207 σοῦ
1372 2180 1459 2218 ταύτῃ
1482 2180 1667 2215 διακειμένου,
1687 2180 1816 2214 καὶπερὶ

182 2230 209 2252 ct
229 2225 338 2260 quidem
361 2225 425 2253 boni
449 2225 484 2253 ab
507 2225 533 2252 id
564 2225 653 2259 ipsum
683 2224 756 2259 quod
785 2223 849 2251 boni
881 2228 946 2250 sunt

1043 2232 1084 2262 ﬁt;
1107 2231 1208 2265 νόμους
1223 2230 1257 2255 τὰ
1283 2227 1434 2262 γιγνόμενα
1457 2226 1600 2259 σώζοντος,
1622 2226 1660 2261 μὴ
1681 2225 1742 2260 οὐχὶ
1766 2229 1817 2254 καὶ

183 2283 271 2310 malos
290 2289 392 2318 autem,
418 2287 448 2310 ut
465 2282 562 2309 olliciis
577 2281 759 2314 satisfaciant,
775 2285 866 2308 metus
891 2280 969 2308 insti-

183 2341 268 2377 gubil.
288 2341 317 2368 ld
331 2349 404 2368 ennn
417 2341 498 2375 plane
511 2347 671 2374 persuasum
685 2339 772 2366 habeo
787 2339 861 2374 quod
873 2346 970 2367 omnes

184 2399 310 2425 nolentes
327 2398 449 2425 volentes
465 2397 514 2431 tibi
527 2402 605 2432 grato
620 2405 654 2424 ex
668 2396 761 2424 animo
786 2396 876 2424 oﬂlcia
900 2405 970 2432 prte-

185 2455 310 2487 stabunt,
323 2459 351 2482 et
365 2460 393 2482 lu
406 2454 464 2489 ipse
480 2455 516 2482 ita
534 2453 639 2489 agendo
656 2454 714 2481 veri
729 2453 801 2488 regis
814 2457 906 2488 partes
921 2460 970 2480 ex-

186 2514 275 2549 plebis
290 2521 344 2540 non
359 2517 465 2540 tantum
490 2513 615 2540 insontes
629 2516 658 2540 et
673 2517 786 2540 vexatos
801 2511 876 2540 omni
902 2515 972 2538 tem-

187 2581 253 2608 pore
265 2577 292 2599 et
308 2572 367 2599 loco
383 2571 549 2607 adjuvantlo,
575 2572 624 2600 sed
646 2577 674 2599 et
688 2579 788 2599 manus
805 2569 973 2607 porrigendo

189 2633 225 2660 ita
243 2636 272 2658 ut
284 2631 382 2666 injuria
396 2631 490 2666 procul
505 2635 646 2658 avertatur
660 2630 791 2666 quamdiu
810 2635 839 2657 tu
859 2630 969 2664 quidem

188 2689 404 2727 gubernaculum
429 2694 516 2718 tenes.
540 2689 713 2724 Quicumque
727 2688 801 2716 enim
826 2687 868 2714 vel
885 2694 901 2713 ο
921 2693 974 2712 nu—

188 2756 264 2776 mero
287 2747 336 2776 tibi
362 2748 640 2776 familiarissimorum
663 2746 769 2774 crimen
789 2744 971 2777 commiserit,

190 2813 286 2841 pmnas
302 2805 390 2839 dabit,
412 2814 464 2833 nec
484 2804 630 2840 sanguinis
640 2802 825 2830 communitas
840 2801 865 2829 ei
878 2801 974 2836 prode-

191 2863 236 2892 ril.
254 2864 291 2892 Ita
311 2864 356 2891 flet
369 2869 399 2891 ut
414 2863 516 2890 nemini
532 2861 631 2898 injuria
647 2861 780 2888 inferatur
795 2865 861 2888 etut
878 2865 906 2887 tu
920 2860 978 2894 ipse

1020 2278 1124 2307 πάντας
1139 2275 1172 2303 ἂν
1185 2275 1250 2307 τούς
1264 2275 1288 2308 γ’
1304 2274 1356 2300 ὑπὸ
1377 2274 1458 2309 χεῖρα
1471 2274 1558 2300 ταῦτα
1574 2274 1684 2308 φρονεῖν
1698 2273 1816 2307 προελέ-

1022 2324 1100 2349 σΟαι⁸
1116 2322 1180 2353 τοὺς
1192 2321 1244 2356 μὲν
1258 2320 1436 2355 εὐγνώμονας
1468 2319 1501 2346 δι’
1520 2319 1586 2346 αὐτὸ
1605 2319 1699 2345 τοῦτο·
1715 2319 1772 2350 τοῖς
1787 2319 1816 2344 δὲ

1022 2368 1230 2404 πονηροτάτοις,
1257 2367 1325 2401 πρὸς
1352 2367 1382 2393 τὸ
1398 2367 1431 2392 τὰ
1452 2366 1547 2392 δέοντα
1571 2365 1671 2399 ποιεῖν,
1699 2366 1713 2391 ὁ
1731 2365 1817 2399 φόϐος

1022 2415 1136 2449 ἀρκέσει
1151 2420 1157 2427 ·
1182 2414 1259 2447 κοινῇ
1280 2412 1307 2438 δὲ
1323 2412 1425 2442 πάντες
1441 2408 1470 2437 εὖ
1495 2408 1556 2437 οἶδα
1571 2412 1618 2437 καὶ
1642 2410 1750 2440 ἑκόντες
1768 2411 1818 2436 καὶ

1024 2461 1137 2490 ἄκοντες
1160 2460 1234 2490 ὅπως
1258 2459 1366 2485 ἔσονταί
1383 2465 1424 2484 σοι
1451 2457 1659 2492 κεχαρισμένοι,
1680 2457 1751 2482 πάνυ
1774 2465 1817 2482 τοι

1024 2505 1215 2541 φροντιοῦσιν·
1233 2503 1331 2530 οὐκοῦν
1345 2503 1480 2533 κάκείνως
1493 2503 1527 2529 ἂν
1540 2502 1734 2536 εἰργασμένος,
1750 2509 1819 2536 χρη-

1027 2550 1091 2577 στοῦ
1108 2549 1242 2585 βασιλέως
1257 2548 1295 2580 ὼς
1311 2548 1419 2582 ἀληθῶς
1436 2549 1554 2583 ἐργάσῃ,
1570 2548 1618 2573 καὶ
1638 2543 1694 2573 οἷον
1710 2549 1724 2572 ὁ
1739 2547 1818 2580 λόγος

1027 2596 1165 2632 βούλεται,
1193 2594 1240 2621 τοῦ
1262 2595 1300 2630 μὴ
1316 2595 1396 2630 μόνον
1417 2595 1501 2620 πᾶσιν
1525 2594 1717 2628 ἀδικουμένοις
1737 2592 1819 2623 αὐτὸς

1027 2642 1074 2667 καὶ
1090 2640 1159 2667 κατὰ
1178 2641 1267 2667 πάντα
1281 2639 1379 2674 χρόνον
1393 2638 1547 2671 ἐκκεῖσθαι,
1564 2638 1612 2664 καὶ
1625 2637 1697 2664 οὕτω
1711 2636 1820 2672 τάχιστ’

1027 2687 1120 2717 αὐτοῖς
1136 2686 1217 2720 χεῖρα
1243 2685 1361 2719 ὀρέγειν,
1380 2684 1417 2715 ὼς
1442 2685 1474 2710 τὸ
1498 2684 1646 2718 λεγόμενον
1669 2683 1703 2718 δὴ
1726 2683 1818 2715 τοῦτο,

1029 2733 1077 2766 ἅμ’
1096 2731 1161 2763 ἔπος
1181 2731 1230 2757 au.‘
1255 2731 1337 2765 ἔργον
1355 2729 1437 2764 εἶναι,
1459 2731 1527 2757 ἀλλὰ
1545 2731 1592 2757 καὶ
1614 2731 1670 2762 τοῖς
1694 2731 1819 2757 ἑκάστων

1030 2780 1097 2805 πᾶσι
1115 2778 1233 2813 κηρύξαι
1255 2777 1381 2812 θαρρεῖν,
1402 2777 1440 2808 ὡς
1466 2777 1554 2808 οὐδεὶς
1580 2777 1744 2812 τοπαράπαν
1761 2777 1820 2802 ἁδι-

1030 2826 1163 2859 κούμενος
1180 2823 1266 2854 ἔσται,
1286 2824 1337 2854 ἓως
1353 2823 1385 2849 ἂν
1404 2823 1555 2858 βασιλεύων
1580 2823 1662 2853 αὐτὸς
1750 2822 1820 2848 ἀλλά

1034 2870 1083 2896 κᾶν
1100 2869 1155 2896 τῶν
1182 2869 1285 2903 σφίδρα
1310 2877 1351 2894 σοι
1376 2869 1545 2903 γιγνομὲνων
1570 2869 1629 2895 καθ’
1654 2866 1724 2903 αἷμα
1753 2876 1819 2902 τυγ-
