1890 3062
215 159 268 188 ibi)

825 154 1022 185 TlIEODULl
1041 155 1068 186 Μ
1075 155 1216 184 ONACIII

1787 152 1844 182 4ῦο

215 223 246 243 se
261 213 425 247 exercuerit,
436 212 463 241 id
476 212 523 241 tibi
533 211 672 248 praecipio,
682 213 712 238 ut
722 209 844 238 animum
855 219 887 239 ac
902 218 988 247 corpu

1079 221 1104 239 )7.
1117 211 1150 238 ἃν
1162 211 1230 244 ὅλως
1246 211 1300 246 εἴη,
1316 211 1354 246 μὴ
1371 210 1508 246 μάχεσθαι
1523 209 1736 246 μεμελετηκὼς,
1750 210 1844 246 ἀσχη-

214 272 356 301 exercitiis
372 270 538 298 militaribus
556 269 662 306 jugiter
681 269 789 304 fatiges,
811 276 904 302 ursus,
918 276 1000 305 apros

214 327 340 357 venando
355 327 400 354 ubi
409 326 487 361 copia
503 325 592 359 datur,
607 329 654 352 aut
668 332 732 353 cum
746 324 813 352 viris
827 323 898 352 bello
906 331 1000 352 assue-

215 384 249 412 tis
267 391 362 411 manus
379 382 561 411 conserendo.
579 381 632 409 Sed
644 381 767 409 animum
783 388 895 416 quoque
909 387 996 416 gene-

213 447 306 468 rosum
326 447 358 467 ac
374 439 497 466 nobilem
515 438 623 466 creabis
637 443 666 466 et
680 445 777 473 magna
798 437 961 473 spirantem,
975 437 998 464 si

209 505 272 525 eum
287 497 411 532 quotidia
426 496 461 524 ad
482 496 656 531 antiquorum
680 497 837 531 exemplum
857 495 997 528 eﬁ'ormas,

209 556 256 591 qui
273 554 497 591 magnanimitate
520 557 548 581 et
567 553 698 588 prteclare
713 553 791 580 factis
807 553 998 586 eminuerunt,

208 613 265 641 etsi
282 612 464 640 concionibus
479 612 612 640 interesse
624 619 710 645 amas,
725 611 772 639 ubi
785 611 865 647 jnsta’.
876 611 997 646 ipsorum

208 670 306 698 laudes
334 670 522 698 celebrantur.
550 670 736 697 Alexandrum
762 668 880 704 Philippi
910 668 996 696 lilium

209 732 348 755 memento
362 727 510 755 Homerum
533 726 652 754 cubiculi
675 732 831 754 consortem
855 726 995 754 habuisse.

209 787 265 815 llac
275 787 380 814 ratione
389 787 486 822 hisque
496 786 602 813 artibus
614 785 686 813 circa
697 785 788 812 omnia
801 784 870 812 bene
881 784 996 817 valebis,

208 845 247 872 rei
261 844 387 872 militaris
397 844 520 880 apprime
531 850 632 879 gnarus
646 850 698 871 nec
709 842 801 870 minus
816 842 904 870 bonus
919 841 997 869 miles

206 910 288 936 quam
303 902 321 930 ii
332 902 378 936 qui
392 902 419 929 in
431 902 528 930 castris
542 898 704 929 senuerunt.
717 901 768 930 Sed
787 909 841 928 non
854 901 880 928 in
894 900 995 936 pugnis

206 961 297 990 solum
318 960 505 993 terrestribus,
528 960 574 987 sed
593 959 738 986 navalibus
764 966 873 993 quoque
886 965 945 987 arte
961 967 994 987 ac

205 1018 318 1045 solertia
337 1017 502 1052 prtestabis;
527 1017 629 1052 quibus
660 1017 790 1045 omnibus
811 1017 896 1044 animi
918 1018 995 1053 vigor

206 1077 308 1104 mirum
326 1078 352 1103 in
364 1075 476 1103 modum
492 1080 616 1110 augetur.
631 1076 697 1103 Nam
715 1076 736 1103 si
756 1081 835 1103 terrae
847 1075 993 1103 continen-

185 1155 188 1157 .
205 1134 242 1161 tis
253 1134 351 1167 solius,
367 1138 416 1161 aut
426 1134 512 1162 solius
521 1134 604 1160 maris
617 1140 733 1169 regnum
748 1138 866 1164 teneres,
879 1133 993 1159 alterius

192 1209 193 1213 η
206 1191 354 1226 utriusque
363 1195 469 1218 tantum
484 1198 578 1218 curam
592 1190 724 1223 haberes;
735 1190 836 1218 sedubi
847 1190 874 1217 in
889 1194 994 1217 utrum-

188 1264 190 1266 -
209 1256 264 1283 que
280 1247 442 1280 dominaris,
459 1247 484 1274 id
502 1247 550 1274 tibi
567 1246 721 1274 iaciendum
733 1247 788 1274 erit
804 1252 833 1274 nt
850 1247 993 1282 utriusque

205 1305 362 1333 moderator
386 1312 447 1332 esse
474 1304 604 1332 videaris.
622 1304 690 1332 Nam
712 1305 734 1331 si
761 1312 847 1332 unum
869 1305 993 1332 curando

203 1365 319 1392 alterum
334 1364 460 1399 negligis,
477 1363 584 1390 medico
598 1363 696 1390 similis
718 1370 748 1390 es
776 1364 859 1390 unius
873 1367 992 1390 tantunh

198 1422 285 1450 modo
303 1421 431 1457 corporis
448 1428 543 1449 curam
556 1419 674 1456 gerenti.
692 1420 748 1448 lmo
760 1427 836 1451 eum.
853 1427 934 1454 quem
947 1419 991 1446 ni-

205 1480 244 1508 bil
260 1487 351 1512 curas,
363 1479 496 1514 subigere
504 1479 574 1506 velle
587 1478 743 1511 videberis;
758 1482 785 1505 at
799 1482 827 1504 tu
842 1481 992 1512 utrumque

205 1537 257 1564 sub
275 1541 301 1564 te
318 1537 422 1564 habere
440 1536 540 1564 tendis.
557 1535 692 1571 Equidem
710 1539 735 1563 te
748 1535 899 1562 absurdum
914 1534 992 1562 dice-

205 1600 262 1620 rem
278 1592 312 1625 si,
332 1597 360 1619 ut
375 1593 506 1620 utriusvis
520 1591 649 1620 dominus
660 1592 720 1625 ﬁas,
736 1591 784 1627 qui
798 1599 871 1619 nunc
882 1590 993 1626 quidem

193 1648 327 1676 unondum
355 1655 396 1682 es,
426 1655 566 1676 sunnnum
598 1648 744 1676 adhibere:
766 1648 900 1680 studium,
915 1651 943 1674 et
970 1646 993 1674 si

204 1705 349 1732 amborum
372 1704 500 1732 dominus
514 1712 554 1738 es,
575 1706 657 1732 unius
669 1709 775 1732 tantum
794 1712 889 1732 curam
911 1710 993 1739 gere-

195 1768 261 1793 ,res,
282 1761 345 1788 dum
368 1761 462 1788 ambos
486 1761 581 1789 eadem
602 1761 744 1796 diligentia
767 1760 894 1795 amplecti
916 1765 992 1787 tuum

203 1822 255 1846 εει.

243 1994 272 2020 9.
294 1991 402 2019 Idcirco
427 1991 569 2026 copiarum
589 1995 616 2018 ct
631 1989 797 2025 pedestrium
813 1994 840 2017 et
853 1990 989 2017 navalium

204 2055 310 2075 stttntna
326 2047 396 2074 ratio
407 2051 448 2073 est
464 2045 588 2073 habenda
605 2051 633 2072 et
643 2046 668 2073 id
684 2046 831 2081 agentium,
847 2051 876 2073 ut
890 2050 991 2073 nostra:

205 2099 316 2134 quidem
326 2106 389 2125 cum
403 2099 507 2125 viribus
522 2098 625 2126 nostris
637 2103 664 2125 et
674 2097 805 2133 dignitate
820 2104 864 2126 tua
875 2107 991 2126 concor-

203 2155 281 2187 dent,
297 2154 333 2180 ita
353 2158 442 2180 tamen
461 2158 490 2180 ut
504 2159 659 2181 exterarum
688 2159 715 2181 et
735 2154 929 2182 continentise
948 2161 990 2181 re-

203 2208 284 2242 gione
301 2207 371 2234 ratio
395 2194 468 2234 nulla
483 2206 628 2240 habeatur,
647 2208 728 2242 idque
741 2216 796 2235 non
810 2208 899 2235 solum
923 2207 988 2242 quia

202 2262 341 2290 exercitus
366 2270 411 2290 res
426 2262 613 2297 pulcherrima
636 2267 665 2290 et
681 2262 839 2294 utilissima,
867 2267 896 2289 ut
911 2262 987 2290 brevi

201 2318 302 2349 dicunt,
320 2319 421 2352 optima
443 2325 506 2345 cum
522 2318 560 2345 sit
575 2325 709 2346 summam
730 2325 824 2344 curam
846 2317 931 2352 exigit
949 2323 988 2345 ut-

200 2377 263 2408 pote
273 2372 320 2408 qui
341 2373 509 2400 nostratibus
527 2380 559 2400 ac
574 2373 607 2400 iis
621 2372 667 2407 qui
683 2371 766 2399 rebus
781 2373 885 2401 nostris
895 2373 988 2401 favent

199 2429 347 2461 consistit;
364 2428 411 2456 sed
429 2428 512 2456 etiam
528 2427 601 2463 quod
614 2427 683 2454 socii
698 2435 730 2454 ac
745 2429 907 2456 mercenarii
919 2437 990 2464 quos

200 2483 228 2509 in
252 2482 405 2509 exercitum
428 2486 552 2508 nostrum
572 2480 804 2516 recipimus,quia
827 2481 989 2512 fortitudine

198 2538 302 2579 pollere
313 2538 449 2570 videntur,
464 2545 517 2564 non
535 2537 630 2572 utique
644 2541 709 2564 sunt
724 2538 770 2572 qui
781 2546 841 2566 esse
851 2540 987 2574 videntur,

200 2595 301 2621 nedum
316 2594 383 2620 satis
403 2593 481 2619 bona:
497 2592 559 2620 ﬁdei
578 2599 644 2621 sunt
657 2601 722 2629 erga
738 2602 798 2627 nos,
822 2600 853 2623 ut
865 2595 983 2623 fortunm

199 2654 300 2676 nostrae
311 2647 417 2674 sincere
429 2646 575 2690 participes
584 2655 644 2676 csse
659 2649 753 2683 velint,
773 2649 840 2683 imo,
858 2651 985 2685 quamvis

199 2712 246 2731 res
263 2708 370 2730 nostras
384 2704 527 2740 adjuturos
540 2713 600 2734 sese
619 2706 803 2741 polliceantur
820 2706 904 2742 idque
925 2715 988 2742 gra-

199 2758 319 2785 vissimis
330 2759 463 2788 aﬂirmare
475 2761 621 2790 videantur
637 2762 814 2797 iuramentis,
827 2762 916 2790 nihilo
930 2771 988 2790 ma-

198 2810 294 2848 gis‘iis
320 2816 511 2844 conﬁdendum
539 2819 604 2845 erit.
634 2818 703 2845 Cum
728 2818 803 2845 enim
831 2819 901 2846 nihil
931 2820 983 2847 nisi

199 2870 335 2903 proprium
369 2871 544 2899 commodum
563 2872 598 2900 ob
612 2873 707 2900 oculos
727 2873 839 2908 habent,
866 2875 985 2910 quandin

1050 260 1111 285 τέυν
1131 258 1164 284 ἂν
1180 258 1222 292 εἵη
1239 265 1280 284 σοι
1302 257 1421 292 μάλιστα
1438 257 1482 283 διὰ
1495 256 1583 283 ταῦτα
1597 256 1648 291 τήν
1663 263 1692 281 τε
1708 255 1798 290 ψυχὴν
1809 256 1844 281 τό

1050 313 1079 331 τε
1097 305 1188 338 σῶμα,
1206 304 1237 330 τὸ
1264 303 1314 338 μὲν
1330 302 1456 337 συνεχέσι
1486 302 1578 333 πόνοις
1602 302 1652 328 καὶ
1677 302 1843 335 γυμνασίοις

1051 350 1222 384 πολεμικοῖς,
1246 348 1294 376 νῦν
1324 349 1374 384 μὲν
1403 349 1450 374 ἐπὶ
1474 348 1561 383 θήρας
1579 347 1675 379 ἐξίοντι
1692 348 1742 373 καὶ
1769 355 1845 380 συμ-

1049 396 1154 428 πλοκὰς
1172 396 1282 430 ἄρκτων
1300 404 1329 421 τε
1352 395 1398 422 καὶ
1423 395 1495 421 συῶν
1510 395 1557 422 καὶ
1572 391 1610 421 ὧν
1627 394 1733 425 ἕξεσι-ιο
1748 393 1796 420 νῦν
1813 393 1846 419 δὲ

1052 443 1112 477 μετ’
1129 442 1235 476 ἀνδρῶν
1247 441 1277 468 εὖ
1289 441 1398 468 είδότων
1417 441 1517 476 μάχης,
1541 439 1588 467 καὶ
1600 440 1740 472 τοιούτους
1752 440 1785 474 δή
1799 448 1846 466 τι-

1050 497 1098 520 νας
1118 487 1165 515 καὶ
1177 488 1242 519 τοὺς
1253 487 1350 518 ἄλλους
1370 485 1400 514 εὖ
1417 487 1492 521 μάλα
1507 488 1594 513 ποιεῖν
1614 486 1781 521 δυναμένων,
1803 487 1843 512 τὰ

1049 534 1167 561 τακτικὰ
1192 533 1360 568 μελετῶντι·
1378 533 1446 559 ἀλλὰ
1466 533 1515 568 μὲν
1538 532 1586 559 καὶ
1607 532 1658 567 τὴν
1680 532 1768 568 ψυχὴν
1785 534 1844 566 μά-

1049 580 1117 607 λιστ¹
1132 581 1164 607 ἂν
1176 581 1306 614 ἐργάσαιο
1319 579 1403 614 καλὴν
1418 580 1464 605 καὶ
1474 579 1612 612 γενναίαν,
1627 580 1674 605 καὶ
1687 579 1758 605 τοῦτ’
1772 579 1844 606 αὑτό

1052 627 1132 662 μένος
1148 626 1296 652 πνείουσαν
1311 627 1357 652 καὶ
1374 626 1441 656 ὅλως
1456 625 1591 659 ἡρωϊκὴν,
1607 625 1654 651 ἐὰν
1671 624 1717 656 οὓς
1734 625 1778 652 ἐπ’
1792 626 1843 651 εί-

1048 672 1133 707 ψυχίᾳ
1149 673 1195 698 καὶ
1212 672 1304 706 ἔργοις
1324 671 1445 703 ἀρίστοις
1464 679 1493 697 τε
1510 672 1557 698 καὶ
1576 670 1718 705 μεγίστοις
1732 670 1843 705 θαυμά-

1048 717 1106 749 ζειν
1136 718 1234 752 ἔχομεν
1264 717 1318 744 τῶν
1346 718 1479 752 ἀρχαίων,
1509 717 1577 752 πρὸς
1601 717 1714 747 τούτους
1740 717 1843 743 σαυτὸν

1048 763 1204 798 ἁπευθύνῃς
1218 764 1250 798 τῇ
1266 763 1428 798 καθημέραν
1443 763 1555 798 μελέτῃ,
1574 763 1621 789 καὶ
1637 763 1675 798 τῷ
1695 763 1752 794 τοῖς
1768 763 1844 797 ὑπὲρ

1047 809 1136 836 αὐτῶν
1158 810 1248 843 λόγοις
1273 810 1360 843 ἡδέως
1378 809 1496 835 συνεῖναί
1522 817 1552 835 τε
1567 809 1614 835 καὶ
1637 809 1741 843 συζῇν·
1764 808 1845 835 Ἃ)νέ-

1049 854 1159 890 ξανδρον
1171 854 1237 888 γοῦν
1250 855 1386 881 Φιλίππου
1398 856 1444 881 καὶ
1461 854 1658 888 συγκαθεύδειν
1674 856 1728 886 τοῖς
1743 854 1844 881 Erras»

1013 896 1032 922 Β
1052 900 1175 935 Ὀμήρου
1193 901 1285 935 φασιν.
1314 901 1392 927 Οὕτω
1412 901 1467 936 γὰρ
1481 902 1513 928 ἂν
1523 901 1571 933 διὰ
1590 902 1700 928 πάντων
1719 901 1840 932 τούτων,

1049 946 1115 979 βιμοῦ
1138 946 1186 979 μὲν
1213 947 1369 982 ἐρρωμένος
1388 947 1447 980 εἰής
1473 947 1521 973 καὶ
1543 948 1598 974 τοῖς
1621 948 1692 978 ὅλοις
1707 947 1736 973 εἰ)
1756 947 1841 982 ἔχων,

1048 991 1115 1025 ὁμοῦ
1132 992 1159 1018 δὲ
1176 992 1223 1018 καὶ
1248 992 1300 1017 τῶν
1323 992 1481 1026 πολεμικῶν
1506 992 1599 1026 ἄκρως
1626 993 1763 1027 τεχνίτης,
1791 996 1842 1018 καὶ

1050 1037 1132 1072 μηδὲν
1149 1038 1259 1064 ἔλαττον
1282 1040 1351 1073 ἔχων
1367 1039 1421 1065 τῶν
1441 1039 1640 1074 γεγηρακότων
1666 1039 1696 1065 ὲν
1712 1040 1818 1075 μάχαις
1834 1048 1841 1054 ν

1049 1083 1219 1117 στρατόπεδα
1240 1083 1268 1109 δὲ
1284 1085 1332 1110 καὶ
1354 1084 1425 1111 κατὰ
1443 1084 1578 1111 θάλατταν
1593 1085 1707 1111 πλεῖστα
1729 1086 1781 1119 μέν
1798 1095 1843 1112 σοι

1048 1130 1094 1155 καὶ
1123 1129 1256 1156 κάλλιστα
1272 1131 1351 1163 ἔστω,
1382 1131 1428 1157 καὶ
1454 1131 1608 1166 πολεμικῆς
1625 1131 1663 1162 ὡς
1690 1132 1780 1157 εἰπεῖν
1810 1132 1842 1158 εὖ

1046 1176 1148 1210 ἥκοντα
1163 1176 1260 1210 τέχνης
1286 1176 1330 1202 καὶ
1347 1177 1445 1212 πείρας
1458 1185 1466 1193 ο
1489 1177 1518 1203 ὲν
1535 1177 1622 1212 τούτῳ
1634 1177 1688 1212 γάρ
1707 1177 1770 1203 ἐστι
1791 1179 1843 1205 καὶ

1046 1223 1076 1249 τὺ
1093 1223 1160 1257 πρὸς
1188 1223 1321 1257 εὐψυχίαν
1342 1223 1380 1254 ὼς
1405 1223 1522 1258 μάλιστα
1546 1224 1709 1250 διακεῖσθαι.
1726 1223 1760 1250 Ei
1789 1224 1842 1259 iis;

1046 1270 1099 1304 γὰρ
1116 1270 1199 1304 μάλης
1214 1270 1264 1303 γῆς
1279 1270 1294 1302 ἢ
1316 1269 1452 1304 θαλάττης
1466 1268 1560 1306 ἦρχες,
1578 1271 1663 1305 μόνης
1679 1270 1711 1297 ἂν
1733 1271 1841 1305 ταύτης

1046 1315 1205 1350 ἐφρόντιζες
1218 1324 1223 1330 ·
1234 1316 1326 1350 ἄρχων
1340 1316 1368 1342 δὲ
1381 1316 1530 1351 ἑκατέρων.
1545 1317 1648 1347 δίκαιος
1665 1317 1698 1344 ἂν
1713 1318 1786 1352 εἴης,
1801 1318 1841 1349 ὡς

1046 1362 1078 1387 ᾰν
1097 1362 1143 1387 καὶ
1159 1361 1254 1396 ἄρχειν
1269 1362 1411 1397 ἑκατέρων
1424 1362 1517 1397 δοκῇς.
1534 1363 1564 1388 ΕΞ
1582 1363 1610 1389 δὲ
1623 1363 1670 1389 τοῦ
1685 1363 1736 1395 μὲν
1753 1372 1841 1398 φρον-

1045 1408 1140 1439 τίζεις,
1165 1407 1212 1433 τοῦ
1239 1407 1267 1434 δὲ
1295 1409 1343 1442 μὴ,
1365 1408 1459 1443 πρῶτα
1485 1408 1544 1442 μὲν,
1563 1405 1586 1435 ὦ
1608 1409 1729 1443 βασιλεῦ,
1744 1409 1841 1441 ἔοικας

1047 1453 1131 1488 ίατρῷ
1146 1454 1206 1485 ἑνός
1226 1463 1298 1485 τινος
1317 1454 1454 1488 σώματος,
1468 1455 1498 1481 τὸ
1515 1454 1565 1489 μὲν
1584 1455 1658 1486 ὅπως
1680 1456 1748 1482 αὐτὸ
1772 1457 1842 1483 κάλα

1045 1499 1122 1526 λιστα
1146 1500 1203 1533 ἕξει
1220 1501 1310 1527 πάντα
1332 1501 1465 1532 ποιοῦντι,
1490 1501 1605 1536 θατέρου
1633 1501 1662 1528 δὲ
1679 1502 1841 1537 μηδοντινε-

1046 1545 1109 1571 σοῦν
1124 1541 1287 1580 τοπαράπαν
1313 1545 1402 1580 ἔχοντι
1429 1546 1524 1580 λόγον·
1548 1546 1644 1573 ἔπειτα
1669 1547 1717 1573 καὶ
1737 1547 1839 1580 δόξεις,

1045 1590 1074 1617 οὗ
1094 1590 1144 1625 μὲν
1156 1592 1320 1626 φροντίζεις,
1334 1591 1429 1618 τούτου
1444 1593 1491 1619 καὶΙ
1506 1591 1601 1627 ἄρχειν
1617 1592 1720 1619 ἐθέλειν
1733 1601 1740 1608 ·
1763 1591 1793 1620 οὗ
1808 1595 1838 1620 δὲ

1047 1636 1094 1672 μὴ,
1110 1637 1206 1664 τούτου
1234 1637 1297 1672 μηδ’
1312 1637 1425 1674 ἄρχεινσ
1449 1638 1481 1664 σὺ
1499 1638 1526 1664 δὲ
1551 1638 1717 1673 ἀμφοτέρων
1739 1639 1838 1674 ἄρχειν

1045 1683 1149 1715 ἐθέλεις
1161 1691 1168 1699 ·
1187 1683 1290 1710 ἄτοπον
1309 1683 1336 1710 δὲ
1363 1693 1410 1715 μοι
1425 1683 1499 1710 δοκεῖ
1515 1684 1562 1710 καὶ
1583 1684 1696 1718 ἀλογίας
1722 1685 1836 1719 μεστὸν,

1045 1728 1161 1763 θατέρου
1178 1729 1228 1763 μὲν
1246 1729 1326 1764 εἴπερ
1351 1729 1401 1755 οὐκ
1422 1727 1497 1764 ἦσθα
1519 1729 1625 1765 κύριος,
1645 1731 1736 1756 πᾶσαν
1764 1731 1838 1766 ὑπὲρ

1043 1774 1091 1801 τοῦ
1105 1775 1230 1808 γενέσθαι
1262 1775 1357 1810 κύριον
1384 1775 1487 1803 οῐεσθαι
1507 1776 1563 1803 δεῖν
1586 1777 1725 1811 εἰσφέρειν
1751 1785 1840 1804 σπου-

1044 1821 1103 1855 δὴν,
1118 1822 1238 1856 ἄρχοντα
1252 1821 1280 1847 δὲ
1295 1822 1469 1857 ἀμφοτέρων,
1486 1822 1601 1856 θατέρου
1627 1823 1707 1857 μόνον
1725 1825 1775 1850 καὶ
1795 1825 1837 1859 μὴ

1044 1867 1209 1902 ἀμφοτέρων
1226 1867 1348 1894 τίθεσθαι
1372 1868 1463 1902 λόγον,
1485 1869 1532 1895 καὶ
1545 1870 1595 1903 τὴν
1610 1870 1674 1904 περὶ
1690 1869 1746 1896 τῶν
1766 1869 1838 1897 ὅλων

1045 1912 1140 1947 σκέψιν
1158 1913 1186 1938 ὲν
1208 1912 1297 1947 τούτῳ
1323 1914 1397 1949 μόνῳ
1416 1914 1546 1949 χωλεύειν
1563 1916 1621 1950 ἐᾷν,
1648 1915 1695 1942 καὶ
1720 1916 1756 1942 τὰ
1782 1917 1834 1950 τῆς

1044 1958 1173 1992 προνοίας
1188 1958 1218 1990 ἐξ
1235 1959 1363 1994 ἡμισείας
1380 1960 1469 1987 δοκεῖν
1484 1961 1636 1995 γίγνεσθαι.

1079 2003 1111 2030 θ’.
1134 2005 1253 2039 ¹Ανέιγκη
1266 2006 1355 2032 τοίνυν
1367 2008 1413 2034 καὶ
1431 2006 1515 2042 πεζῆς
1529 2008 1577 2034 καὶ
1594 2009 1726 2043 ναυτικῆς
1747 2009 1832 2035 δυνά-

1045 2058 1120 2084 μεως
1137 2050 1226 2077 πάντα
1248 2051 1385 2078 ποιεῖσθαι
1415 2051 1493 2085 λόγον
1505 2060 1513 2068 ο
1531 2053 1636 2088 οίκείας
1654 2055 1748 2088 μέντοι
1765 2056 1835 2081 ταὺ-

1041 2104 1090 2127 της
1104 2095 1151 2121 καὶ
1166 2096 1213 2123 τοῦ
1235 2097 1297 2123 καθ’
1309 2098 1385 2132 ἡμᾶς
1401 2098 1564 2133 καταλόγου,
1583 2087 1631 2125 καὶ
1648 2100 1717 2131 ὅλως
1729 2100 1771 2136 τῷ
1790 2102 1832 2136 σῷ

1041 2141 1138 2176 κράτει
1159 2142 1278 2176 μάλιστα
1297 2144 1491 2179 προσηκούσης
1504 2153 1510 2160 ·
1524 2145 1634 2180 ξενικῆς
1648 2145 1677 2172 δὲ
1701 2146 1831 2182 ούδηστι-

1041 2186 1137 2213 νοσοῦν
1150 2187 1205 2214 οὐδ’
1218 2189 1250 2215 ἐκ
1265 2189 1314 2224 τῆς
1330 2190 1479 2225 ἀντιπέρας
1494 2191 1609 2226 ἠπείρου
1623 2200 1629 2206 ·
1644 2193 1674 2218 οὐ
1689 2193 1772 2228 μόνον
1787 2195 1830 2220 ὃτι

1006 2242 1028 2270 υ
1043 2234 1072 2259 τὸ
1086 2234 1136 2268 τῆς
1154 2237 1284 2270 στρατιᾶς
1297 2237 1430 2271 δήπουθεν
1449 2237 1546 2273 χρῆμα
1562 2238 1706 2267 κάλλιστον
1723 2242 1770 2267 καὶ
1785 2242 1832 2266 λυ-

1043 2280 1230 2307 σιτελέστατον
1241 2282 1287 2309 καὶ
1302 2284 1477 2318 κοινωφελὲς,
1490 2285 1564 2311 εἰδεί
1575 2285 1659 2319 φάναι
1675 2287 1829 2321 συντόμως,

1041 2324 1069 2352 ὃν
1085 2326 1151 2360 ἡμῖν
1166 2327 1276 2360 ἀγαθὸν,
1293 2328 1424 2363 μεγίστης
1445 2329 1485 2355 ὅτι
1503 2329 1621 2362 μάλιστα
1636 2330 1683 2357 καὶ
1695 2331 1744 2364 τῆς
1763 2333 1831 2367 παρ’

1041 2372 1118 2406 ἡμῶν
1132 2372 1218 2399 δεῖται
1233 2375 1371 2408 προνοίας,
1389 2375 1426 2406 ὡς
1442 2375 1471 2408 ἐξ
1482 2377 1626 2410 ἡμετέρων
1640 2385 1669 2402 τε
1686 2377 1735 2403 καὶ
1748 2381 1832 2412 συνὴ-

1042 2418 1095 2443 θων
1109 2419 1156 2444 καὶ
1169 2419 1233 2445 οἴων
1245 2419 1316 2454 ὑπὲρ
1327 2420 1380 2446 τῶν
1396 2421 1461 2455 ἡμῖν
1476 2423 1671 2456 συμφερόντων
1684 2423 1746 2449 ὅσαι
1760 2420 1830 2457 ὧραι

1042 2464 1196 2498 φροντίζειν
1214 2465 1330 2500 ταυτηνὶ
1345 2466 1522 2500 καθεστάναι,
1542 2468 1601 2494 ἀλλ’
1622 2468 1664 2494 ὅτι
1681 2469 1728 2494 καὶ
1740 2469 1788 2500 οὓς
1801 2471 1829 2495 ὲν

1041 2509 1097 2540 τοῖς
1114 2510 1261 2544 ἡμετέροις
1277 2513 1468 2546 στρατεύμασι
1490 2514 1715 2549 προσλαμὸάνειν
1731 2516 1830 2541 είώθο-

1043 2563 1091 2589 μεν
1106 2556 1197 2587 ξένους
1213 2557 1260 2582 ἐπὶ
1275 2557 1313 2592 τῷ
1327 2558 1412 2593 μείζω
1427 2559 1516 2586 δοκεῖν
1529 2560 1601 2595 ἔχειν
1617 2561 1744 2595 δύναμιν,
1758 2560 1830 2589 οὗτοι

1043 2601 1142 2632 πάντες
1157 2602 1205 2636 οὐχ
1220 2602 1233 2628 ὃ
1248 2603 1372 2637 λέγονται
1389 2605 1556 2638 δείκνυνται,
1577 2607 1638 2633 οὐδὲ
1661 2609 1716 2638 τοῖς
1733 2609 1831 2642 ἑλομέ-

1041 2655 1096 2677 νοις
1117 2648 1248 2681 ἀσφαλεῖς
1265 2650 1333 2676 εἰσιν
1354 2650 1436 2682 εὖνοι,
1453 2652 1490 2684 ὡς
1506 2653 1552 2679 καὶ
1567 2652 1620 2679 τῶν
1650 2653 1693 2686 ἐφ’
1709 2653 1830 2689 ἑκάτερα

1042 2693 1198 2726 pauco/.6»
1215 2698 1354 2723 κοινωνεῖν
1368 2698 1474 2729 τούτοις
1490 2698 1605 2730 ἐθέλειν,
1619 2699 1688 2726 ἀλλὰ
1704 2699 1757 2726 κᾶν
1777 2710 1829 2735 μυ-

1041 2738 1132 2773 ριάκις
1148 2740 1181 2766 τά
1204 2740 1230 2774 γ’
1245 2741 1369 2776 ἡμέτερα
1396 2743 1468 2776 φῶσι
1488 2744 1661 2777 πρεσϐεύειν,
1689 2746 1742 2772 κᾶν
1773 2747 1828 2776 τοῖς

1041 2785 1272 2817 φρικωδεστάτοιζ
1287 2786 1341 2812 τῶν
1351 2788 1440 2822 ὅρκων
1451 2789 1618 2823 χρήσωνται,
1633 2789 1711 2816 οὐδὲν
1727 2791 1828 2825 μᾶλλον

1040 2829 1095 2855 ἐστ’
1105 2830 1195 2862 αὐτοῖς
1211 2834 1388 2866 προσεκτέον,
1404 2834 1493 2861 πάντα
1507 2835 1608 2869 μᾶλλον
1621 2833 1722 2870 οὗοινῆ
1738 2836 1827 2862 τοῦτο.

1043 2877 1112 2910 “pl;
1141 2877 1195 2912 γὰρ
1219 2878 1246 2903 τὸ
1275 2879 1365 2912 σφίσιν
1392 2880 1483 2912 animi;
1509 2880 1666 2908 λυσιτελοῦν
1698 2881 1827 2914 καθάπαξ
