1890 3062
76 157 124 198 λιιι

621 159 761 200 ORATIO
781 161 830 200 os
853 162 969 199 REGIS
989 163 1162 198 OFFlCllS.

1650 160 1704 196 462

77 223 256 256 σκοποῦντες,
284 222 337 254 ἕως
359 222 408 258 μὲν
425 223 459 250 ἂν
480 223 553 258 ἡμᾶς
575 223 605 250 εὖ
632 225 802 259 πράττοντας
818 224 866 251 καὶ

937 229 961 250 as
972 227 1079 250 nostras
1090 221 1190 254 salvas,
1201 227 1305 255 nosque
1318 220 1394 255 ipsos
1406 219 1533 248 hostibus
1547 219 1705 255 superiores

76 272 128 298 τῶν
143 270 285 305 πολεμίων
301 270 444 305 κρείττους
467 271 564 304 ὁρῶσι,
574 271 624 306 τὴν
638 271 804 306 γιγνομένην
819 271 866 296 xei.

76 316 148 343 οὗτοι
167 315 288 347 σώζουσι
301 314 388 347 τάξιν.
413 315 498 342 Ἐπὰν
514 315 544 342 δέ
561 324 627 343 ποτε
641 315 712 351 τύχῃ
728 315 781 341 τινὶ
796 313 866 349 σφαι-

76 363 177 397 λῶμεν,
193 363 243 389 καὶ
268 362 403 388 τάκείνων
425 361 563 398 ὑπέρσχῃ,
578 361 660 393 εὐθὺς
681 362 776 396 ὥσπερ
804 362 868 388 τινὰ

77 407 263 443 κρουσάμενοι
293 407 435 442 πρύμναν,
464 407 662 442 αὐτομολοῦσιν
690 408 792 439 ἐκεῖσε,
819 409 868 434 καὶ

78 456 145 490 πρὸς
162 455 211 487 οὓς
241 455 303 490 μεθ’
330 455 410 489 ήμῶν
426 455 641 490 «apud-nom,
667 455 737 489 ματα
764 455 868 482 τούτων

77 504 142 537 ἡμῖν
159 503 283 535 ἐπίασιν,
309 500 378 536 ὁμοῦ
396 500 447 537 μὲν
471 501 659 537 θρασυτέρους
682 501 806 534 ἐκείνους
825 502 868 528 ιν-

78 547 174 574 τεῦθεν
199 547 460 582 παρασκευάζοντες
488 547 551 574 καθ’
571 547 661 582 ἡμῶν,
684 548 753 582 ὁμοῦ
777 547 806 574 δὲ
822 548 869 575 καὶ

78 594 130 624 τοῖς
145 594 297 629 ἡμετέροις
311 593 413 620 δειλίαν
433 594 551 624 ἐνιέντες
567 594 618 620 καὶ
641 593 736 627 φόϐον,
762 594 809 621 καὶ
825 594 870 620 ἵνα

79 639 115 673 μὴ
128 638 213 672 λέγω.
229 639 365 670 πολλάκις
380 639 429 666 καὶ
452 639 592 666 κίνδυνον·
608 639 729 673 ἐπίδοξοί
739 648 811 671 τινες
824 631 870 666 ’δν-

78 693 122 715 τες
137 685 191 710 οὐκ
214 683 342 718 ὀλιγάκις
360 684 393 711 ἂν
408 684 485 711 ταῦτ’
500 685 648 720 είργάσθαι
667 686 739 713 κατὰ
755 686 785 712 τὸ
799 686 870 721 ξυμ-

77 728 172 756 ὔαῐνον
196 729 248 764 τῆς
273 729 360 764 τύχης
374 737 382 745 ·
403 729 495 761 οὕτως
521 730 652 762 ἀπιστίας
678 731 728 758 καὶ
750 730 870 763 suum;

79 776 199 811 ἔχοντες,
225 775 286 808 πῶς
309 776 359 812 τὴν
379 776 520 812 ήμιτέραν
545 777 678 811 ἁτρατιὰν
699 779 733 804 ὲκ
753 777 869 810 τούτων,

79 823 134 850 ἀλλ’
152 823 204 849 οὐκ
219 823 250 855 ἐξ
264 820 303 849 ὦν
317 823 387 858 ἔφην
404 823 479 855 εἰκὸς
492 822 704 858 ωγκροτείσθαι
718 832 726 857 ;
744 824 801 851 Καὶ
815 823 874 859 μὴν

78 871 102 895 εἰ
115 870 296 904 πολυχειρίαν
311 868 361 904 μὲν
378 869 513 904 εὐψυχίας
526 870 648 903 ἀκούσης
670 870 720 905 οὐχ
735 871 809 901 ὅπως
825 870 871 896 οὐ-

79 915 165 950 διμοῦ
190 916 306 942 πώποτε
339 916 559 950 περιγενομένην
586 915 642 942 οὐδ’
667 916 701 942 ἂν
726 914 766 947 εἷς
782 917 870 942 εἰπεῖν

78 961 145 996 ἔχοι,
175 961 245 988 ἀλλὰ
267 961 316 988 καὶ
329 962 383 988 πᾶν
398 962 556 988 τούναντίον
575 962 731 998 ἑπασταχοῢ
753 962 872 996 νικωμέ-

79 1017 146 1043 νην·
162 1003 298 1043 εὐψυχίας
310 1007 351 1040 δὲ,
370 1009 421 1035 καὶ
444 1009 495 1044 τῆς
511 1009 618 1036 ἐκεῖθεν
635 1010 795 1045 συμμαχίας
818 1019 872 1046 χω-

81 1055 140 1089 ρίς·
157 1055 393 1089 παραδειγμάτων
411 1054 482 1087 ἅπας
500 1055 514 1081 ὁ
538 1055 595 1089 βίος
614 1056 711 1091 μεστός
722 1064 728 1071 ·
753 1057 815 1083 οὐδὲ
830 1057 872 1083 σοί

79 1100 104 1134 γ’
118 1101 208 1136 αὐτῷ,
225 1100 350 1136 βασιλεῦ,
366 1101 436 1136 πρὸς
455 1100 496 1133 οἷς
513 1102 586 1136 ἔχεις
604 1102 808 1138 στρατεύμασι,
824 1103 873 1130 καὶ

81 1146 189 1178 ξενικοῦ
208 1156 284 1177 τινος
307 1147 404 1182 ἐτέρου
429 1148 559 1184 προσδεῖ·
577 1149 736 1184 ἀποχρῶσιν
760 1148 790 1176 εὖ
813 1147 872 1176 οἶδα

79 1193 189 1225 τούτοις
212 1193 262 1220 ’καὶ
288 1193 409 1229 πλήθους
429 1195 523 1222 εἵνεκα
545 1196 594 1222 και
621 1196 802 1231 παρασκευῆς
826 1197 874 1223 καὶ

80 1239 128 1273 τῆς
141 1239 211 1274 περὶ
226 1238 276 1270 τὰς
289 1239 379 1274 μάχας
394 1240 527 1275 εὐψυχίας
540 1240 587 1267 καὶ
602 1240 706 1276 τόλμης
718 1242 781 1274 τοὺς
795 1242 874 1268 πολε-

81 1286 164 1320 μίους
176 1286 344 1321 ἐκπλήττειν
362 1295 392 1313 τε
413 1288 461 1315 καὶ
473 1288 578 1322 φοϐεῖν.

117 1369 146 1394 ι’.
164 1366 221 1393 Καὶ
240 1366 351 1400 μάλιστ’
365 1367 430 1394 ὅταν
445 1368 477 1394 ὲκ
488 1369 649 1403 περιουσίας
660 1370 772 1402 τούτους
792 1364 873 1404 αὐτὸς

80 1409 109 1438 εὖ
126 1413 217 1439 ποιῶν
232 1411 284 1449 ᾗς·
303 1413 375 1440 οὕτω
387 1414 441 1450 γὰρ
452 1415 486 1441 ἂν
503 1415 725 1452 προθυμοτέρους
741 1417 874 1452 ἐργάσαιο

81 1461 147 1494 περὶ
160 1459 255 1494 μάχας
268 1460 317 1486 καὶ
337 1460 457 1495 χρῆσθαι
481 1461 607 1493 καλλίους
620 1469 627 1477 ³
646 1462 693 1493 οὓς
705 1464 774 1498 χρῆν
784 1464 812 1489 ὲν
824 1463 874 1499 μὲν

79 1505 180 1542 εἰρήνῃ
207 1505 245 1541 μὴ
266 1508 337 1541 σφᾶς
353 1507 451 1539 αὐτοὺς
471 1508 590 1542 ἀγνοεῖν,
615 1509 677 1544 μηδ’
691 1510 803 1544 ἀμελεῖν
826 1510 874 1536 τοῦ

81 1553 296 1588 προσρήματος,
312 1553 356 1587 ἐφ’
380 1553 398 1580 ἃ
415 1553 454 1589 μὴ
476 1555 599 1590 προσῆκε
614 1555 774 1590 χωροῦντας
786 1565 794 1572 ·
815 1557 873 1584 ἀλλ’
887 1569 911 1600 c

81 1600 153 1635 ὅπερ
166 1599 238 1626 εἰσιν
252 1599 423 1632 ἐννοοῦντας,
439 1600 572 1635 πράττειν
584 1601 690 1629 ἐθέλειν
705 1603 805 1635 αὐτοὺς
820 1611 876 1630 τοι-

81 1644 180 1677 ούτους
200 1646 287 1677 είκος,
309 1646 468 1682 πολεμικῶς
486 1647 685 1682 ἀσκουμένους,
702 1649 751 1675 καὶ
769 1650 876 1684 μετιόν-

81 1701 132 1724 τας
156 1692 192 1719 τὰ
217 1693 356 1719 ταπικάθ
375 1693 424 1719 καὶ
448 1693 479 1719 τδ
496 1694 608 1728 σύμπαν
635 1695 736 1727 εἰπεῖν,
765 1695 809 1722 διὰ
825 1697 875 1730 τῆς

83 1739 216 1773 συνεχοῦς
242 1739 313 1774 πρὸς
327 1740 461 1775 ἀλλήλους
483 1741 612 1776 ἁμίλλης,
626 1741 657 1768 τὸ
672 1742 790 1776 θυμικὸν
811 1742 876 1769 ἀνά·

83 1795 203 1819 πτοντας
218 1788 308 1821 σφίσι,
326 1788 374 1814 καὶ
388 1788 469 1814 οἱονεὶ
486 1786 558 1823 πρὸς
569 1788 740 1824 ,συμπλοκὰς
759 1788 876 1824 ἑτοίμως

82 1833 156 1869 ἔχειν
172 1833 364 1865 δωνιστάντας
377 1841 385 1850 ο
401 1834 465 1860 ὅταν
477 1833 502 1860 8'
519 1831 552 1860 αὖ
575 1834 694 1869 πόλεμος
708 1835 809 1870 ἐπιστῇ
828 1835 876 1862 καὶ

85 1879 221 1915 μάχεσθαι
234 1879 293 1914 δέῃ,
310 1878 383 1906 οὕτω
398 1880 577 1914 παρασκευῆς
599 1882 647 1907 καὶ
661 1880 775 1915 γνώμης
797 1881 874 1916 ἑχόνι

82 1933 149 1957 των,
173 1925 211 1957 ὡς
227 1925 326 1960 πρῶτα
339 1925 389 1960 μὲν
403 1923 466 1961 μηδ’
491 1925 524 1953 ἂν
540 1927 566 1953 εἰ
585 1935 612 1953 τι
627 1927 673 1953 καὶ
688 1926 802 1954 πάθοιεν
825 1927 876 1962 τὴν

81 1972 159 2005 τάξιν
174 1972 268 1999 λιπεῖν
283 1971 422 2008 ἐθελῆσαι,
438 1972 506 1999 ἀλλὰ
524 1974 571 2000 καὶ
585 1973 717 2004 πολλάκις
733 1973 758 1999 εί
772 1970 830 2000 οἷόν
844 1982 874 2000 τε

84 2020 132 2046 καὶ
155 2019 206 2054 τῆς
219 2018 312 2053 ψυχῆς
333 2019 418 2054 αὐτῆς
442 2019 571 2046 ἐκπεσεῖν
592 2020 654 2054 μηδ’
680 2020 714 2047 ἂν
739 2021 874 2056 παραιτή-

84 2065 185 2092 σασθαι
197 2074 203 2081 ·
220 2065 319 2092 ἔπειτα
334 2067 368 2092 τὰ
386 2066 435 2100 μὲν
450 2066 505 2093 τῶν
525 2067 663 2100 πολεμίων
692 2067 781 2093 οίκεῖσ.
798 2067 874 2101 σφίσι

82 2111 218 2145 νομίζειν,
235 2111 254 2138 ἃ
271 2111 300 2137 δὲ
314 2112 443 2146 πρόσεστ¹
459 2113 562 2143 αὐτοῖς,
582 2112 684 2146 μηδένα
699 2112 802 2139 τούτων
817 2121 876 2140 ποι-

82 2157 173 2183 εῖσθαι
199 2157 299 2190 λόγον·
317 2157 354 2188 ὡς
369 2158 403 2184 ἂν
423 2158 490 2193 μήτε
515 2157 559 2184 διὰ
585 2157 671 2185 ταῦτα
693 2158 873 2193 φιλοψυχῶσι,

83 2204 221 2230 κάκείνων
233 2204 308 2234 ὅπως
321 2203 443 2236 γένοιντο
454 2203 556 2238 κύριοι,
569 2205 625 2234 τοῖς
638 2203 780 2239 πολεμιοις
792 2205 874 2238 ὁμόσε

919 279 1062 312 videbunt,
1083 283 1174 313 partes
1186 279 1294 304 nostras
1306 282 1399 312 agent.
1422 276 1471 304 Ubi
1488 278 1607 312 primum
1615 279 1706 302 autem

915 332 1033 364 adversa
1047 341 1156 364 utemur
1171 335 1292 367 fortuna,
1305 335 1455 370 hostesque
1472 334 1592 361 victores
1612 337 1705 365 erunt,

925 393 1000 420 illico
1012 400 1121 428 proram
1136 390 1245 420 vertent
1257 397 1285 420 et
1297 392 1330 419 ad
1348 399 1396 419 eos
1407 391 1601 426 transfugient.
1611 393 1708 418 contra

922 458 992 485 quos
1008 450 1091 486 paulo
1106 454 1187 478 antea
1204 453 1406 485 pugnaverant,
1419 453 1517 475 contra
1534 455 1583 474 nos
1595 446 1707 482 jamjam

918 507 1079 542 pugnaturi.
1100 506 1148 534 Sic
1159 507 1234 534 enim
1256 505 1302 533 fiet
1312 509 1342 532 ut
1359 510 1386 532 et
1402 505 1459 532 illis
1469 503 1576 530 animos
1591 507 1711 538 augeant

921 571 953 591 ac
972 564 1075 591 nostris
1101 567 1205 591 metum
1225 571 1258 591 ac
1275 570 1405 598 pavorem
1427 561 1553 596 injiciant
1574 560 1710 594 nobisque

919 619 1044 655 pericula
1061 619 1223 655 gravissima
1243 624 1351 647 creent.
1366 618 1436 646 llinc
1461 618 1536 646 enim
1552 625 1613 645 cum
1635 620 1711 644 recte

923 676 1059 711 suspicari
1075 676 1165 711 possis
1179 683 1228 704 eos
1244 681 1339 710 postea
1351 683 1462 711 quoque
1478 675 1519 702 sic
1542 673 1712 709 temporibus

922 734 995 762 bona
1023 734 1130 761 malave
1150 734 1203 761 tlde
1225 734 1412 762 inservituros
1431 740 1514 761 esse:
1531 733 1589 767 qui,
1608 738 1712 766 quaeso,

920 791 1080 826 huiusmodi
1105 791 1266 818 hominibus
1289 790 1441 828 exercitum
1467 795 1595 818 constare
1615 788 1712 816 voles?

922 845 988 879 Quae
1004 853 1066 872 cum
1084 845 1120 872 ita
1133 846 1199 878 sint,
1218 852 1300 873 nemo
1313 852 1380 872 sane
1395 844 1603 872 multitudinem
1617 843 1714 871 imbel-

884 897 975 930 Blem
1001 903 1146 931 victricem
1166 903 1336 938 praedicabit.
1365 902 1421 930 imo
1443 909 1532 937 usque
1556 906 1713 936 superatam

922 960 1103 988 ‘conlitebitur
1119 970 1125 993 ;
1141 961 1221 996 cujus
1236 961 1275 987 rei
1288 960 1344 987 vita
1355 959 1444 987 omnis
1458 959 1578 986 humana
1588 958 1715 992 exempla

922 1018 1034 1045 exhibet
1052 1018 1207 1046 innumera.
1228 1017 1271 1045 Tu
1285 1017 1414 1053 quidem,
1432 1023 1492 1048 rex.
1506 1023 1561 1043 non
1578 1019 1620 1043 est
1641 1015 1715 1050 quod

923 1075 956 1102 ad
981 1064 1082 1109 copias,
1097 1082 1167 1109 quas
1190 1074 1317 1110 possides
1336 1095 1343 1106 ,
1368 1073 1558 1102 inercenariOs
1579 1071 1712 1108 adiicias;

924 1133 992 1160 satis
1008 1131 1082 1159 enim
1101 1138 1257 1159 numerosae
1283 1139 1316 1159 ac
1338 1131 1407 1159 bene
1429 1131 1570 1158 instructa:
1592 1133 1667 1162 sunt,
1688 1134 1717 1156 et

924 1189 951 1215 ia
969 1188 1115 1223 pugnando
1132 1187 1202 1215 satis
1213 1187 1298 1215 fortes
1310 1192 1390 1221 atque
1406 1186 1575 1219 audaces,ut
1589 1183 1716 1213 hostibus

926 1251 1059 1274 terrorem
1078 1252 1110 1272 ac
1122 1249 1226 1272 metum
1246 1245 1384 1281 injiciant.

960 1367 1006 1399 to.
1022 1371 1101 1405 Quod
1116 1371 1228 1407 quidem
1245 1370 1400 1404 przesertim
1412 1369 1567 1404 continget,
1579 1367 1602 1396 si
1616 1368 1650 1396 de
1667 1375 1715 1395 su-

925 1425 1030 1461 perﬂuo
1042 1430 1089 1453 tuo
1108 1425 1245 1453 beneﬁcia
1261 1426 1289 1452 in
1307 1425 1383 1460 ipsos
1402 1425 1521 1456 confers,
1538 1429 1628 1457 eoque
1652 1421 1714 1448 anl-

924 1482 1060 1510 rnosiores
1076 1481 1149 1516 ipsos
1170 1487 1201 1508 ac
1217 1488 1299 1508 mann
1327 1479 1458 1507 fortiores
1484 1479 1518 1506 ad
1536 1476 1710 1513 pugnandum

927 1536 1031 1564 reddis.
1045 1536 1095 1565 Hic
1107 1541 1183 1565 certe
1192 1537 1223 1564 in
1236 1543 1301 1571 pace
1313 1536 1336 1564 si
1352 1543 1382 1563 se
1394 1535 1520 1571 cognitos
1537 1533 1709 1566 habuissent,

923 1600 975 1621 eos
989 1600 1044 1620 non
1063 1593 1216 1622 audiisscnt
1226 1593 1272 1628 qni
1288 1600 1344 1628 quo
1353 1601 1407 1620 non
1423 1593 1570 1628 oportebat
1585 1590 1712 1626 progredi

927 1647 1121 1675 hortabantur.
1141 1647 1201 1675 lmo
1212 1647 1230 1674 ii
1246 1647 1297 1682 ipsi
1311 1646 1378 1682 quid
1389 1647 1498 1674 valeant
1514 1645 1622 1672 humeri
1641 1643 1713 1671 haud

926 1702 1086 1738 ignorantes
1107 1710 1158 1738 pro
1173 1702 1288 1730 militari
1310 1709 1364 1737 qua
1383 1701 1527 1738 pollebant
1543 1698 1714 1736 experientia

926 1757 1027 1793 pugnis
1046 1765 1076 1786 se
1091 1765 1124 1786 ac
1137 1757 1338 1785 certaminibus
1361 1757 1479 1784 miscere
1502 1756 1662 1788 debebunt;
1686 1759 1717 1781 ut

926 1813 1022 1848 paucis
1055 1812 1167 1843 dicam.
1198 1812 1337 1840 coutinuis
1364 1811 1481 1839 invicem
1516 1809 1717 1838 certaminibus

879 1871 891 1877 ‘
926 1867 1036 1895 animus
1051 1867 1086 1895 iis
1097 1872 1240 1903 augescet,
1257 1872 1286 1895 et
1301 1872 1400 1894 manus
1413 1873 1560 1893 conserere
1575 1872 1715 1900 nunquam

926 1930 982 1950 non
997 1923 1088 1958 parati
1109 1928 1202 1950 erunt.
1225 1922 1290 1950 Dein
1303 1922 1348 1949 ubi
1367 1921 1439 1949 bello
1456 1923 1554 1947 exorto
1576 1918 1716 1954 pugnandi

925 1977 1078 2004 necessitas
1089 1977 1190 2009 aderit,
1201 1977 1237 2005 ita
1244 1976 1357 2004 animati
1369 1980 1450 2003 erunt
1465 1980 1494 2003 ut
1507 1982 1558 2002 nec
1570 1974 1597 2001 in
1607 1981 1716 2001 summo

927 2037 1019 2057 rerum
1037 2030 1198 2058 discrimine
1210 2035 1299 2058 castra
1310 2030 1448 2062 deserant,
1469 2029 1524 2056 imo
1540 2029 1625 2057 vitam
1649 2036 1712 2056 cuin

905 2102 908 2105 -
926 2085 1061 2121 sanguine
1074 2085 1167 2112 efﬂare
1191 2085 1287 2113 velint.
1302 2085 1362 2113 lluc
1382 2085 1490 2113 accedit
1510 2085 1584 2120 quod
1600 2079 1648 2112 res}
1665 2084 1716 2111 ho-

927 2140 1011 2167 stium
1031 2148 1096 2169 suas
1116 2147 1177 2168 esse
1205 2146 1332 2174 censent,
1361 2148 1472 2169 suarum
1493 2145 1585 2168 autem
1609 2140 1713 2168 nullam

928 2197 1063 2224 rationem
1089 2196 1218 2224 habeant.
1241 2197 1336 2232 Neque
1349 2204 1382 2224 eo
1400 2197 1486 2232 magis
1509 2196 1592 2223 vitam
1612 2201 1715 2228 amant,

83 2249 232 2284 χωροῦσιν,
259 2250 290 2275 οὐ
309 2249 463 2284 φρονήματι
484 2250 574 2284 μόνον,
588 2249 656 2276 ἀλλὰ
672 2249 720 2276 καὶ
736 2259 873 2285 καταφρο-

937 2250 974 2278 ted
992 2251 1084 2277 hostes
1104 2254 1135 2276 ut
1162 2250 1290 2285 subigant
1316 2249 1524 2285 aggrediuntur,
1542 2253 1659 2276 mortem
1684 2256 1718 2276 at:

83 2295 206 2328 νήματι·
232 2293 372 2325 τοιούτους
389 2295 417 2320 δέ
439 2303 517 2326 τινας
533 2294 645 2326 τούτους
665 2295 736 2327 ἔξεις
750 2294 798 2322 καὶ
811 2295 875 2321 πολ-

83 2340 129 2366 λοῦ
149 2349 182 2374 γε
199 2340 339 2372 καλλίους,
364 2341 413 2366 ἐὰν
434 2340 465 2366 εὖ
479 2340 596 2373 εἰδῶσιν,
621 2341 659 2372 ὡς
673 2341 690 2368 ἃ
707 2341 756 2376 μὲν
770 2341 874 2368 ἀποδα-

84 2385 178 2412 ὶοῦσιν
194 2387 225 2412 ἐν
240 2387 279 2420 τῷ
293 2386 417 2421 πολέμῳ,
434 2386 522 2412 ταῦτα
538 2387 621 2418 αὐτὸς
640 2387 693 2413 ἀπὸ
710 2386 808 2413 πολλοῦ
825 2386 874 2413 τοῦ

84 2434 241 2466 κρείττονος
266 2433 512 2468 ἀντικαταστήσεις
535 2433 640 2465 αὺτιῖς.
656 2433 686 2458 Ei
709 2433 737 2460 δὲ
754 2433 801 2460 καὶ
814 2433 876 2459 τού-

83 2489 138 2511 τοις
156 2481 252 2505 πεσεῖν
278 2478 397 2505 ἐνταῦθα
413 2479 596 2514 ξυμῦήσεται,
618 2479 651 2505 σὺ
666 2479 694 2505 δὲ
710 2480 806 2514 πρῶτα
825 2480 875 2514 μὲν

83 2527 197 2557 τούτους
215 2526 254 2557 ὡς
268 2527 381 2560 νικητὰς
400 2528 515 2561 νομιεῖς,
535 2525 608 2552 οὓτω
621 2526 734 2561 γνώμης
752 2526 874 2562 ἔχοντας,

85 2572 132 2597 καὶ
147 2571 222 2598 οὕτω
237 2572 528 2607 παρεσκευασμένους,
550 2574 584 2607 τῇ
600 2573 680 2606 φύσει
702 2572 730 2598 δὲ
743 2572 779 2604 ὡς
801 2573 875 2604 εἰκὸς

85 2618 212 2651 εῐξαντας
226 2625 233 2632 '
248 2617 334 2644 ἔπειτ’
349 2618 388 2649 είς
407 2618 469 2650 τοὺς
488 2618 577 2645 αὐτῶν
593 2618 691 2649 παῖδας
711 2618 875 2654 ἀπομνημο-

85 2665 191 2695 vadost;
219 2665 270 2699 τὴν
286 2664 378 2699 χάριν,
403 2665 450 2691 καὶ¹
474 2664 576 2691 τούτων
602 2665 640 2696 ὡς
665 2665 775 2691 οἰκείων
803 2667 876 2691 ἀντι-

86 2713 198 2746 ποιήσῃ,
213 2708 242 2736 εὖ
262 2710 347 2737 ποιῶν
358 2711 392 2736 τά
405 2719 434 2737 τε
445 2711 513 2737 ἄλλα
527 2712 574 2737 καὶ
588 2711 637 2746 τὴν
650 2710 782 2746 πατρῴαν
797 2710 876 2742 τάξιν

85 2758 248 2788 ἁπιδιὶοὑς·
267 2757 395 2792 καθάπερ
416 2757 541 2792 Ἀθήναις
569 2758 623 2784 τῶν
645 2758 675 2782 ἑν
702 2757 740 2790 τῷ
765 2757 876 2791 πολέμῳ

85 2804 325 2838 τετελευτηκότων
349 2806 411 2835 τοὺς
427 2805 526 2835 παῖδας
548 2804 667 2836 ἐποίουν,
684 2804 802 2838 δημοσίᾳ
815 2803 876 2837 τρέ-
893 2829 895 2831 ,

85 2859 182 2884 φοντες
203 2851 283 2885 ἄχρις
301 2850 381 2885 ἥϐης,
405 2851 453 2877 καὶ
475 2850 529 2876 τότ’
552 2850 638 2877 οἴκαδ’
661 2849 874 2883 ἀποπέμποντες

87 2900 156 2932 μετὰ
172 2898 227 2924 τῶν
240 2897 396 2924 πανοπλιῶν
407 2906 415 2914 ·
430 2898 528 2929 καὶτίς
542 2898 591 2924 οὐκ
606 2897 638 2923 ἂν
654 2896 809 2930 ἀφειδήσειε
824 2895 874 2929 τῆς

925 2305 1010 2332 vitam
1022 2306 1100 2340 juxta
1112 2304 1257 2332 habentes.
1274 2304 1354 2331 Tales
1364 2311 1413 2331 eos
1428 2308 1457 2331 et
1472 2304 1559 2331 multo
1582 2304 1713 2331 meliores

926 2361 1051 2394 habebis,
1078 2361 1124 2388 ubi
1149 2361 1268 2396 primum
1298 2367 1459 2395 persuasum
1492 2360 1527 2387 iis
1557 2361 1611 2388 erit
1640 2361 1713 2395 quod

927 2416 954 2443 in
967 2417 1040 2444 bello
1054 2416 1245 2451 perdiderunt,
1259 2421 1304 2443 tua
1320 2423 1403 2451 opera
1419 2415 1486 2450 ipsis
1504 2415 1532 2442 in
1544 2416 1644 2442 melius
1670 2423 1716 2443 rc--

928 2472 1056 2500 stitutum
1076 2472 1122 2499 iri.
1132 2472 1235 2505 Quodsi
1249 2480 1313 2500 casu
1325 2472 1401 2499 fatali
1416 2475 1594 2506 superantur,
1611 2476 1639 2499 tu
1654 2473 1712 2506 qui-

927 2525 989 2552 dem
1009 2532 1058 2552 eos
1075 2532 1130 2551 non
1148 2525 1239 2552 minus
1257 2533 1308 2560 pro
1321 2525 1475 2553 victoribus
1494 2525 1623 2558 habebisI
1638 2525 1717 2553 forti-

928 2577 1030 2605 tudinis
1046 2585 1141 2605 eorum
1165 2577 1270 2604 ratione
1296 2578 1388 2606 habita
1401 2598 1408 2610 ,
1426 2587 1581 2614 quanquam
1611 2578 1638 2606 in
1654 2579 1717 2606 fatis

926 2633 1005 2660 aliter
1020 2633 1083 2665 fuit.
1098 2637 1127 2660 et
1138 2633 1291 2660 liberorum
1301 2634 1335 2661 ab
1352 2634 1418 2668 ipsis
1432 2635 1593 2662 relictorum
1611 2642 1716 2662 memor

926 2694 974 2713 eos
993 2693 1021 2714 ut
1051 2691 1112 2714 tuos
1139 2686 1281 2721 adoptabis
1300 2690 1328 2713 et
1351 2687 1472 2715 honores
1491 2680 1599 2722 'quibus
1625 2693 1717 2723 patres

926 2739 1001 2766 fruiti
1024 2739 1144 2771 fuerant,
1161 2739 1188 2766 in
1209 2746 1257 2766 eos
1278 2739 1415 2771 conferes,
1435 2739 1507 2767 sicut
1521 2740 1716 2775 Athenienses,

926 2790 972 2824 qui
988 2790 1015 2816 in
1042 2790 1114 2817 bello
1130 2798 1264 2825 caesorum
1280 2795 1358 2817 natos
1383 2791 1417 2817 ad
1437 2790 1610 2826 pubertatem
1628 2800 1716 2827 usque

927 2842 1043 2877 publicis
1067 2843 1199 2878 impensis
1222 2843 1372 2874 educatos.
1400 2848 1539 2878 postremo
1559 2845 1644 2871 armis
1675 2846 1717 2871 in-

927 2900 1045 2923 su-uctos
1072 2897 1106 2923 ad
1130 2905 1196 2923 suos
1225 2897 1409 2924 remittebant.
1437 2897 1505 2930 Quis
1527 2897 1634 2925 tandem
1661 2904 1716 2924 non
