1890 3062
182 137 247 170 Ἔϐἔῖ

790 139 950 170 ΤΗΕοου
958 142 993 170 Ll
1016 142 1190 174 MONACHI

1762 145 1824 178 ἰοι

194 194 280 220 vitam
297 197 466 226 contemnet,
482 193 560 228 cujus
574 195 683 222 animus
698 194 732 222 de
747 195 847 223 talibus
867 204 976 231 persua-

1056 200 1121 236 υχῆς
1146 201 1215 236 μετὰ
1230 200 1359 227 τοιούτων
1379 202 1620 237 παραταττόμενος
1642 203 1760 238 μάλιστα
1775 205 1822 231 λο-

195 246 256 265 sum
273 239 377 267 liabet?

235 285 277 312 Η.
295 285 366 318 Quid
380 285 481 320 plura?
505 285 559 312 Hos
574 291 602 313 et
619 291 735 314 caeteros
755 294 852 315 omnes
871 289 981 315 univer-

195 342 246 368 sim
268 348 295 369 et
314 341 451 377 sigillatim
466 342 555 377 magni
565 342 701 370 aestimare
709 350 759 370 nec
772 344 887 371 minoris
900 352 980 379 quam

196 405 221 427 te
237 399 326 435 ipsum
341 399 444 431 facere.
460 407 509 434 pro
525 399 657 434 dignitate
675 401 867 433 cohonestare,
893 401 982 435 iisque

194 463 248 483 non
265 460 295 482 ut
310 455 430 482 subditis
446 455 493 482 sed
520 461 550 482 ut
573 455 700 483 aﬂiuibus
719 456 770 490 uti,
788 456 915 490 benignis
934 464 982 484 eos

192 511 368 538 sermonibus
397 511 500 546 alloqui
524 515 552 538 et
576 511 723 547 benignum
746 516 832 539 temet
857 513 883 539 in
908 513 982 547 ipsos

191 573 332 602 prmiare.
344 567 425 602 plane
441 571 517 594 tuum
538 567 601 593 erit.
621 567 666 594 Sic
685 575 751 595 sane
768 567 838 594 bene
857 568 981 596 faciendo

191 631 253 650 cum
271 624 403 658 dignitate
416 628 443 650 et
460 623 593 658 gravitate
607 623 633 651 id
654 624 755 652 eiIicies
771 629 802 652 ut
816 630 842 652 te
853 633 908 653 non
929 627 982 654 mi-

191 689 243 708 nus
262 689 344 715 quam
361 686 449 708 semet
463 681 537 716 ipsos
552 681 677 716 diligant,
704 687 733 708 ut
751 682 800 709 tibi
817 691 872 710 non
887 685 978 711 minus

191 747 274 774 quam
290 738 343 766 sibi
361 737 428 773 ipsis
450 738 541 766 omnia
567 738 655 766 fausta
673 745 830 774 precentur.
846 740 977 768 Subditos

193 802 312 829 namque
341 794 554 829 gubernantium
579 793 718 821 felicitatis
749 794 898 829 participes
922 803 980 823 esse

192 855 310 886 oportet.
323 851 375 878 Tui
389 851 472 886 igitur
485 855 510 878 te
525 858 581 877 non
596 855 650 877 tam
664 854 694 878 ut
709 858 811 886 regem,
825 851 873 878 sed
889 855 919 878 ut
932 859 979 886 pa-
996 863 1018 898 Β

194 913 263 935 trem
283 908 436 934 amicumve
459 907 649 939 honorabunt,
675 914 757 943 atque
773 909 809 936 ita
833 914 862 936 ut
878 917 928 944 pro
953 914 978 936 te

191 965 280 992 laetius
293 973 372 1000 quam
394 973 444 1000 pro
460 973 490 992 se
510 965 576 999 ipsis
599 971 714 992 mortem
731 971 861 1001 oppetere
883 966 977 993 velint.

192 1021 298 1048 Interea
313 1026 404 1047 autem
420 1028 474 1047 non
487 1020 587 1047 suilicit
602 1025 630 1047 ut
650 1021 688 1048 sis
705 1021 845 1055 paciﬁcus,
860 1027 908 1049 aut
924 1022 981 1049 bel-

191 1077 247 1104 lum
264 1077 328 1110 alio,
347 1084 430 1112 quam
452 1084 506 1111 quo
527 1076 595 1109 dixi,
617 1077 698 1103 modo
714 1085 804 1112 geras,
822 1082 850 1104 et
873 1079 979 1105 cwteris

190 1134 311 1161 excellas
339 1133 507 1166 virtutibus;
537 1134 585 1161 sed
604 1133 630 1160 id
651 1134 700 1161 tibi
728 1133 862 1168 agendum
887 1139 931 1170 _cst
951 1139 980 1161 ut

191 1190 320 1217 omnibus
347 1194 440 1224 gratus
454 1193 480 1216 et
504 1194 634 1224 acceptus
655 1189 746 1224 populi
772 1189 885 1224 gratiam
911 1190 980 1216 adeo

191 1251 295 1281 captes,
312 1251 341 1273 ut
378 1246 405 1273 in
431 1246 555 1273 omnium
579 1246 685 1272 animas
710 1245 861 1272 domineris
891 1246 980 1281 potius

191 1311 272 1337 quam
295 1310 434 1337 corpore;
457 1302 530 1329 unde
553 1302 596 1329 ﬁet
618 1307 644 1328 ut
660 1307 685 1329 te
709 1302 798 1336 ipsqu
815 1302 875 1336 plus
900 1310 979 1336 quam

191 1367 240 1393 pro
255 1365 280 1386 te
293 1363 409 1386 metuas.
430 1358 572 1393 Delcgatos
584 1365 666 1393 porro
682 1366 751 1392 quos
764 1362 811 1385 aut
823 1358 880 1393 ipse
894 1358 979 1385 alior-

189 1422 250 1442 sum
270 1414 356 1442 mittis
372 1418 418 1441 aut
435 1422 504 1448 quos
517 1415 550 1441 ab
569 1413 670 1441 exteris
694 1413 822 1448 gentibus
844 1414 876 1440 ad
895 1419 920 1440 te
935 1421 980 1441 ve-

191 1472 299 1499 nientes
310 1471 425 1511 ett-cipis,
437 1478 575 1505 nunquam
587 1469 634 1496 ditt
653 1469 724 1496 circa
751 1475 776 1497 te
796 1470 897 1497 habeas
926 1470 980 1497 imo

190 1529 355 1564 quantocius
370 1529 502 1556 dimittas.
523 1528 576 1555 Alii
593 1529 665 1555 enim
693 1528 809 1556 consilia
827 1533 873 1555 tua
889 1527 978 1555 divul-
991 1547 1013 1576 ε

190 1587 314 1621 gabunt;
340 1585 386 1626 alii
401 1585 475 1619 quod
492 1584 544 1611 sibi
571 1588 738 1619 proponunt,
760 1584 906 1618 attingent,
924 1591 978 1618 quo

192 1643 219 1669 in
233 1642 393 1669 discrimine
412 1641 591 1668 metuendum
610 1645 652 1667 est
670 1648 706 1667 ne
722 1640 810 1667 nostri
825 1639 913 1666 omcio
926 1640 978 1666 mi-

175 1718 177 1721 .
192 1706 244 1726 nus
257 1698 446 1730 satisfaciant;
465 1697 566 1729 caeteri.
584 1705 617 1724 ne
637 1696 719 1723 rebus
736 1697 838 1724 nostris
867 1695 978 1730 petituri

190 1755 265 1787 justo
284 1754 345 1789 plus
361 1753 523 1788 investigent
536 1758 564 1780 ct
581 1753 621 1779 sic
644 1752 790 1780 commodo
816 1760 867 1779 suo
892 1753 981 1780 inser—

191 1812 277 1838 viant.
293 1811 361 1839 Nam
376 1811 398 1838 si
421 1817 592 1845 quaecunque
615 1810 685 1836 inl'ra
700 1807 783 1836 solem
800 1814 874 1842 sunt,
899 1817 981 1836 occu-

181 1875 256 1902 pare
272 1867 354 1902 idque
379 1869 488 1894 nemine
510 1865 667 1899 resistente,
698 1865 747 1892 tibi
762 1865 918 1899 contigerit,
931 1873 982 1892 nec

192 1925 325 1960 deicgatis
341 1931 392 1951 nec
404 1923 598 1951 defensoribus
620 1922 670 1949 tibi
682 1930 751 1956 opus
767 1928 842 1950 esset
856 1931 862 1949 :
880 1923 902 1950 si
930 1931 980 1950 au-

193 1988 247 2008 tetn
260 1982 352 2009 hostes
364 1980 391 2008 in
404 1985 429 2008 te
438 1981 623 2016 insurgerent,
633 1988 695 2007 cum
707 1980 781 2007 omni
795 1987 979 2007 :erumnarum

192 2044 291 2069 genere
301 2036 353 2063 .tibi
372 2036 576 2071 conﬂigendum
594 2036 676 2063 foret.

229 2211 270 2238 t2.
286 2211 314 2239 Si
330 2210 393 2238 dein
409 2211 487 2246 probi
505 2211 578 2246 regis
591 2211 775 2246 industriiquc
787 2214 829 2238 est
844 2215 978 2238 utomnes
994 2229 1016 2258 υ

190 2271 215 2297 ei
232 2270 364 2305 subjecta:
381 2269 508 2297 civitates
521 2276 603 2304 quam
620 2269 725 2304 optime
736 2269 978 2302 administrentur,

189 2328 258 2354 si-ito
272 2327 324 2354 hoc
336 2326 392 2354 ﬁeri
407 2334 460 2353 non
479 2325 630 2360 possc,nisi
645 2325 820 2360 magistratus
832 2326 905 2352 omni
924 2325 980 2352 vir-

192 2387 279 2408 tutum
288 2388 388 2416 genere
397 2381 550 2413 etnineant;
562 2381 641 2408 aliter
651 2381 723 2408 enim
734 2382 792 2408 ista:
803 2380 898 2408 ﬂorere
909 2389 980 2407 nun-

190 2446 272 2473 quam
289 2442 430 2473 poterunt,
440 2437 505 2464 licet
515 2445 560 2465 rex
573 2437 724 2472 sitoptimte
741 2437 851 2466 indolis.
868 2437 973 2466 Idcirco

191 2494 397 2527 magistratuum
412 2492 559 2520 electiones
569 2500 629 2520 cum
641 2500 746 2520 summa
756 2501 822 2520 cura
835 2493 982 2520 instituen-

191 2549 232 2576 «ιιε
253 2554 328 2580 sunt.
341 2549 439 2583 quippe
452 2557 466 2576 ιι
479 2549 580 2584 quibus
598 2556 641 2576 res
659 2548 786 2576 secunda:
800 2554 847 2576 aut
861 2549 979 2576 adversa:

193 2607 325 2642 pendent.
343 2606 488 2641 Nunquam
514 2608 597 2642 igitur
611 2607 705 2634 attines
724 2611 786 2634 tuos
803 2607 903 2633 illustri
920 2606 979 2632 ineo

193 2670 281 2696 natos,
296 2664 343 2691 sed
361 2672 408 2692 eos
424 2665 596 2699 potissimum
618 2665 714 2699 eliges,
731 2670 850 2698 quorum
869 2662 975 2688 indoles

192 2725 220 2748 et
240 2729 329 2748 morcs
349 2729 440 2748 veram
455 2721 617 2756 dignitatem
642 2721 824 2747 constituunt.
848 2718 901 2744 llos
914 2725 979 2752 ergo

193 2778 277 2805 rebus
294 2777 522 2805 administrandis
532 2775 676 2811 praeﬁcies,
690 2780 716 2803 ct
729 2776 770 2803 sic
786 2775 911 2802 felicibus
925 2774 978 2801 tuis

229 2870 269 2904 (ιι)
285 2869 340 2896 Cod
367 2871 431 2898 τοῖς.

1034 246 1140 281 γισμῶν
1156 247 1204 274 καὶ
1222 247 1270 274 τοῦ
1284 249 1354 274 πάνυ
1372 248 1536 281 nemiuem;

1070 292 1116 320 ια’.
1135 294 1233 319 Καίτοι
1258 293 1285 319 τι
1315 293 1404 327 λέγως
1419 294 1464 321 καὶ
1485 294 1596 325 τούτους
1612 295 1667 330 γὰρ
1681 296 1728 322 καὶ
1747 297 1816 323 πάν-

1032 349 1082 372 τας
1095 341 1158 371 τοὺς
1171 339 1268 371 ἄλλους
1284 341 1331 367 καὶ
1344 342 1420 376 κοινῇ
1443 344 1490 367 καὶ
1505 342 1565 368 καθ’
1583 342 1630 368 ἕνα
1645 343 1708 375 περὶ
1724 344 1822 369 τοσού-

1032 394 1079 412 του
1093 386 1230 412 ποιεῖσθαι
1245 386 1350 418 δίκαιος
1362 387 1396 414 ἃν
1409 387 1480 422 εἴης,
1498 389 1536 419 ὡς
1551 388 1599 414 καὶ
1613 388 1711 416 σαυτοῦ
1732 389 1821 424 μηδὲν

1031 429 1113 467 ἦττον
1130 432 1243 464 τούτους
1267 433 1364 466 φιλεῖν,
1386 434 1496 466 καὶτῆς
1515 435 1680 470 γιγνομένης
1700 435 1823 461 ἕκαστον

1031 478 1115 513 τιμῆς
1129 478 1232 511 ἀξιοῦν,
1260 479 1307 505 καὶ
1319 479 1393 513 ὅλως
1406 480 1455 514 οὐχ
1478 480 1514 511 ὡς
1533 480 1666 514 ὑπηκὶοις
1684 481 1785 514 μᾶλλον
1798 482 1820 516 ἦ

1032 525 1069 556 ὡς
1086 526 1285 560 γνησιωτάτοις
1300 525 1463 560 κεχρῆσθαι,
1479 526 1526 552 καὶ
1540 526 1679 558 ⁸τὲιεὶκὸτσι
1698 528 1821 552 συνεῖναι

1032 573 1079 598 καὶ
1093 571 1275 605 διαλέγεσθαι,
1294 572 1342 599 καὶ
1357 571 1403 599 διὰ
1423 573 1532 599 πάντων
1548 572 1649 599 τούτων
1664 572 1692 599 εὖ
1707 573 1796 599 ποιεῖν
1812 581 1820 588 ·

1034 617 1135 651 μᾶλλον
1161 618 1188 644 δὲ
1208 618 1277 652 μετὰ
1292 619 1400 645 πάντων
1417 619 1518 645 τούτων
1537 619 1585 645 καὶ
1601 621 1688 645 ποιεῖν
1703 617 1744 649 εὖ,
1769 620 1822 645 καὶ

1031 664 1061 689 τὸ
1076 663 1174 697 σεμνὸν
1189 664 1239 698 τῆς
1253 664 1340 699 ἀρχῆς
1350 664 1503 696 διασώζων,
1517 665 1603 699 δῆμον
1616 663 1686 691 εἶναι
1700 666 1733 700 τῇ
1747 665 1821 698 γνώ-

1032 717 1071 745 μῃ
1090 710 1139 736 καὶ
1151 709 1188 744 τῷ
1204 710 1374 744 προσίεσθαι,
1394 710 1436 736 ἵνα
1451 707 1586 737 καὶ”οὖτοί
1597 718 1626 738 σε
1640 711 1714 744 σφῶν
1726 712 1821 737 αὐτῶν

1033 755 1133 790 μᾶλλον
1151 755 1238 789 φιλεῖν
1259 756 1351 790 ἔχωσι,
1363 758 1410 783 καί
1435 766 1475 783 σοι
1495 758 1528 783 τὶ
1552 757 1667 792 βέλτιστ’
1686 758 1729 782 ἀεὶ
1755 765 1821 783 συν-

1030 801 1164 834 εύχωνται
1193 801 1276 828 πλέον
1299 801 1315 836 ἢ
1331 802 1432 835 σφίσιν
1446 802 1553 832 αὐτοῖς’
1570 801 1672 835 μᾶλλον
1696 801 1719 828 δ’
1733 802 1764 826 ἐν
1777 801 1820 834 τῷ

1032 846 1074 872 σοὶ
1093 846 1180 873 ταῦτα
1207 847 1397 882 συνεύχεσθαι,
1423 847 1470 874 καὶ
1500 847 1592 881 σφίσιν
1617 847 1709 878 αὐτοῖς
1737 847 1822 873 οὐδὲν

1030 889 1112 927 ἦττον
1129 892 1215 919 ταῦτα
1230 893 1424 927 συνεύχωνται.
1439 893 1495 927 Τῆς
1505 893 1559 926 γὰρ
1574 893 1626 919 τῶν
1641 892 1820 927 κρατούντων

1029 938 1204 972 εὐδαιμονίας
1234 940 1374 965 κοινωνεῖν
1406 939 1514 974 ἀνάγκη
1540 940 1604 970 τοὺς
1631 939 1682 966 ὑπὸ
1712 941 1793 974 χεῖρα
1809 949 1817 955 ·

1029 983 1100 1009 οὕτω
1116 983 1139 1010 δ¹
1153 983 1271 1018 ἔχοντες,
1286 983 1332 1010 καί
1349 992 1378 1010 σε
1401 983 1437 1019 μὴ
1453 984 1533 1018 μόνον
1544 984 1581 1015 ὡς
1597 984 1715 1019 ἄρχοντα
1734 985 1818 1018 σφῶν

1029 1030 1163 1065 τιμῶντες
1178 1029 1245 1056 ἀλλὰ
1264 1030 1309 1055 καὶ
1324 1030 1430 1064 πατέρα
1442 1030 1514 1056 κατὰ
1537 1030 1567 1056 τὸ
1587 1030 1650 1061 ἔπος
1669 1030 1706 1060 ὡς
1719 1031 1816 1064 ἡπιον,

1030 1077 1076 1102 καὶ
1092 1075 1183 1101 θανεῐν
1199 1075 1294 1101 ἕλοιντ*
1308 1075 1341 1102 ἂν
1358 1075 1428 1110 ὑπὲρ
1442 1075 1488 1102 σοῦ
1510 1076 1638 1112 μᾶλλο-κῆ
1658 1076 1726 1112 ὑπὲρ
1739 1077 1820 1110 σφῶν

1030 1122 1130 1148 αὐτῶν.
1155 1121 1249 1152 Οὕτως
1268 1121 1318 1147 οὐκ
1343 1121 1450 1156 ἀπόχρη
1476 1110 1717 1156 μόνονὶεῐρηνικὺν
1730 1121 1821 1154 εἶναι,

1031 1168 1078 1193 καὶ
1093 1164 1132 1197 οἷς
1148 1166 1216 1200 ἔφην
1233 1166 1421 1201 στρατεύμασι
1442 1167 1571 1202 χρῆσθαι,
1591 1168 1638 1194 καὶ
1651 1168 1718 1202 πρός
1734 1169 1760 1202 γ’
1778 1169 1821 1195 ἔτι

1030 1214 1098 1239 πᾶσι
1116 1214 1170 1243 τοῖς
1190 1212 1278 1244 ἄλλοις
1305 1213 1477 1247 κοσμεῖσθαι.
1494 1213 1552 1240 ἀλλ’
1566 1213 1641 1243 ὅπως
1663 1219 1822 1249 συγκεκρο-

1030 1260 1147 1294 τημένος
1171 1258 1306 1285 πάντοθεν
1321 1258 1371 1294 ἔσῃ
1397 1259 1443 1285 καὶ
1470 1259 1626 1294 μηδαμόθεν
1652 1260 1820 1294 τοπαράπαν

1031 1305 1204 1336 ἐλλελοιπὼς,
1221 1305 1261 1330 δεῖ
1284 1304 1353 1339 πρὸς
1370 1304 1458 1339 τούτῳ
1483 1305 1529 1331 καὶ
1545 1305 1690 1340 δημοτικὸν
1715 1307 1822 1338 παντὸς

1033 1351 1132 1386 μᾶλλον
1146 1351 1260 1383 καὶτοῖς
1277 1352 1345 1377 πᾶσι
1371 1351 1525 1378 κοινότατον
1543 1349 1622 1383 εἶναι,
1647 1353 1689 1385 ἐφ’
1702 1349 1724 1386 ᾧ
1740 1352 1823 1387 βασι-

1031 1398 1121 1424 λεύειν
1135 1397 1207 1431 ἔχειν
1228 1399 1257 1423 ἐν
1274 1399 1334 1428 ταῖς
1350 1398 1478 1425 ἁπάντων
1494 1398 1603 1432 ψυχαῖς,
1620 1399 1668 1425 καὶ
1685 1399 1740 1434 πρὸ
1764 1399 1820 1425 τῶν

1031 1444 1165 1478 σωμάτων
1180 1443 1229 1473 τὰς
1245 1443 1359 1478 γνώμας
1381 1444 1551 1478 χειροῦσθαι,
1571 1440 1618 1471 καὶ
1636 1445 1824 1479 παρασκευά-

1031 1487 1088 1519 ζειν
1102 1487 1140 1518 ὼς
1152 1488 1261 1522 ἀληθῶς
1278 1488 1315 1522 μὴ
1333 1489 1361 1514 σὲ
1376 1489 1477 1522 μᾶλλον
1497 1489 1512 1520 ἦ
1532 1489 1602 1522 ὑπὲρ
1617 1488 1664 1515 σσῦ
1680 1489 1799 1516 δεδιέναι
1811 1497 1819 1504 '

1032 1531 1163 1566 πρέσϐεις
1178 1532 1270 1566 μέντοι
1285 1533 1333 1559 καὶ
1346 1531 1392 1562 οὒς
1408 1532 1489 1564 αὐτὸς
1513 1533 1637 1559 ἑκάστοτ’
1650 1534 1821 1567 ἐκπέμπεις.

1008 1596 1011 1598 -
1030 1579 1077 1604 καὶ
1091 1577 1137 1608 οὓς
1157 1577 1222 1612 παρ’
1247 1577 1334 1604 ἄλλων
1356 1579 1473 1613 ἥκοντας
1490 1578 1566 1613 δέχῃ,
1595 1580 1631 1612 μὴ
1656 1579 1743 1605 πολύν
1759 1588 1822 1606 τινα

1026 1625 1126 1659 ,χρόνον
1143 1623 1219 1658 παρὰ
1248 1624 1338 1658 σαυτῷ
1354 1624 1490 1659 κατέχειν,
1519 1624 1576 1650 ἀλλ’
1596 1625 1670 1655 ὅπως
1700 1625 1822 1651 ἀπίωσιν

1030 1670 1134 1696 ἐνθένδε
1147 1669 1195 1705 τὴν
1221 1670 1354 1704 ταχίστην
1377 1670 1613 1704 παρασκευάζειν·
1632 1671 1657 1695 οἱ
1685 1670 1736 1704 μὲν
1756 1672 1821 1705 περὶ

1029 1712 1066 1741 ὦν
1081 1716 1160 1746 αὐτὸς
1176 1715 1259 1749 ἔγνως
1275 1715 1507 1749 ἀπαγγελοῦντες,
1526 1716 1550 1741 οἱ
1568 1715 1590 1741 δ’
1604 1711 1641 1742 ὧν
1655 1715 1737 1750 εἵνεχ’
1748 1713 1820 1752 ἧκον

1030 1761 1117 1788 ταῦτα
1136 1761 1350 1796 διαπραξάμενοι
1365 1770 1405 1793 τε,
1423 1763 1470 1788 καὶ
1493 1761 1542 1796 μὴ,
1561 1761 1598 1792 ὠς
1623 1761 1680 1787 ἔστι
1703 1762 1764 1793 δέος
1781 1763 1820 1798 μὴ

1031 1808 1173 1842 διατριὸἧς
1193 1809 1296 1842 ἀμφοῖν
1315 1808 1490 1842 γιγνομένης,
1507 1809 1530 1834 οξ
1557 1808 1607 1842 μὲν
1622 1809 1755 1843 ἡμέτεροι
1770 1809 1820 1834 τοῦ

1031 1852 1134 1881 δέοντος
1155 1852 1352 1886 ύστερήσωσιν,
1365 1853 1389 1878 οἱ
1405 1851 1427 1878 δ’
1443 1853 1517 1883 ὅπως
1541 1851 1629 1886 ἔχοιεν
1644 1853 1677 1878 τὰ
1694 1853 1821 1886 ἠμέ;ερα

1031 1899 1290 1932 περιεργασάμενοι,
1317 1898 1497 1932 καταμάθωσὶ
1512 1907 1541 1924 τε
1557 1898 1574 1925 ἃ
1600 1899 1636 1932 μὴ
1662 1899 1752 1932 Θέμις,
1773 1900 1822 1925 καὶ

1031 1944 1175 1979 προσέτ“ἂ
1199 1944 1294 1978 σφισιν
1320 1944 1385 1976 ἴσως
1411 1944 1548 1975 λυσιτελὲς
1576 1945 1819 1971 συσκευάσωνται·

1030 1991 1054 2016 εἰ
1072 1990 1124 2024 μὲν
1137 1990 1192 2023 γάρ
1218 1991 1266 2024 τῆς
1287 1989 1324 2024 (α)
1344 1989 1388 2023 ὑφ’
1408 1990 1475 2024 ἡλίῳ
1504 1991 1596 2025 πάσης
1619 1991 1756 2024 ἐκράτεις,
1773 1993 1821 2017 καὶ

1032 2037 1199 2063 οὖδο-ιτινοῡν
1224 2037 1269 2062 τὸν
1296 2036 1505 2070 ἐναντιούμενον
1525 2035 1609 2070 εἶχες,
1635 2037 1691 2063 οὒτ’
1718 2037 1750 2063 ἄν
1778 2046 1821 2064 σοι

1032 2077 1186 2117 πρέσδειῶν
1207 2083 1272 2114 ἔδει,
1291 2082 1354 2109 οὒτε
1381 2083 1430 2117 τῆς
1453 2082 1517 2117 περὶ
1535 2083 1621 2109 ταῦτα
1646 2083 1797 2117 ἀσφαλείας
1811 2092 1819 2099 ·

1031 2129 1100 2163 ἔχων
1115 2129 1143 2156 δὲ
1162 2129 1317 2164 πολεμίους,
1337 2129 1367 2155 σὺ
1382 2129 1410 2155 δὲ
1426 2130 1473 2155 καὶ
1488 2128 1525 2156 ὧν
1543 2129 1625 2163 ἔφην,
1647 2129 1677 2161 ὲξ
1693 2129 1820 2164 ἀνάγκης

1033 2174 1118 2209 ἴσχεις
1135 2176 1268 2210 ἀνάγκην.

1068 2221 1105 2254 ιβ.
1126 2221 1179 2247 Καὶ
1195 2222 1249 2256 μὴν
1275 2222 1299 2247 εἰ
1326 2221 1446 2256 χρηστοῦ
1469 2221 1518 2254 μὲν
1536 2221 1594 2249 ἔστι
1614 2221 1744 2256 βασιλέως
1771 2222 1819 2248 καὶ

1033 2266 1095 2301 μάλ’
1113 2267 1249 2299 ἀπόδειξις
1270 2268 1388 2302 ἐναργὴς
1406 2267 1435 2294 τὸ
1452 2269 1542 2298 πάσας
1566 2267 1658 2299 πόλεις
1683 2268 1720 2299 ὡς
1750 2269 1818 2293 κάλ-

1031 2313 1109 2338 λιστα
1125 2313 1297 2342 διοικεῖσθαι,
1315 2313 1395 2339 τοῦτο
1410 2313 1437 2338 δὲ
1453 2313 1503 2339 οὐκ
1526 2313 1559 2339 ἂν
1574 2313 1627 2347 εἴη,
1647 2313 1684 2346 μὴ
1700 2312 1754 2338 τῶν
1771 2313 1821 2347 ἅρ-

1030 2367 1088 2393 χειν
1102 2359 1238 2393 λαχόντων
1252 2359 1320 2393 πρὸς
1333 2359 1433 2394 ἀρετὴν
1449 2357 1478 2385 εὖ
1497 2359 1679 2394 ἡρμοσμένων
1691 2366 1697 2372 ·
1713 2359 1750 2389 ὼς
1772 2360 1819 2386 ἀλ-

1031 2406 1082 2436 λως
1098 2414 1129 2439 γε
1146 2405 1273 2439 ἐχόντων,
1289 2405 1349 2430 οὐδὲ
1369 2405 1470 2434 ταύτας
1485 2404 1684 2431 οὐδοπωστιοῦν
1697 2402 1727 2431 εὖ
1742 2405 1816 2439 ἔχειν

1030 2449 1085 2478 οἷὸν
1098 2459 1138 2482 τε,
1153 2451 1205 2477 κᾶν
1217 2452 1231 2477 ὁ
1246 2451 1394 2485 βασιλεύων
1419 2451 1497 2478 πάντ’
1511 2450 1621 2484 ἄριστος
1666 2458 1673 2466 ο
1690 2451 1760 2485 μετὰ
1773 2460 1816 2478 το-

1032 2496 1132 2530 σαύτης
1147 2496 1290 2531 ἀκριϐείας
1309 2497 1357 2526 τὰς
1371 2497 1551 2531 ἀρχαιρεσίας
1568 2496 1701 2522 ποιεῖσθαι
1719 2497 1771 2528 δεῖ,
1787 2497 1815 2522 ὲν

1031 2541 1074 2572 αἷς
1100 2542 1174 2567 τότε
1191 2542 1292 2576 χεῖρον,
1317 2542 1347 2567 τό
1364 2543 1388 2568 τ’
1411 2541 1525 2576 ἄμεινον
1552 2542 1754 2568 κινδυνεύεται·
1779 2542 1817 2573 ὡς

1032 2588 1069 2622 μὴ
1084 2588 1124 2613 ὅτι
1152 2589 1215 2618 τοὺς
1231 2588 1301 2614 κατὰ
1315 2588 1393 2622 γένος
1412 2597 1454 2614 σοι
1468 2589 1656 2622 διαφέροντας,
1670 2589 1732 2614 οὐδὲ
1754 2590 1816 2618 τοὺς

1031 2634 1084 2660 ἀπὸ
1108 2634 1235 2668 μεγάλων
1253 2635 1417 2668 τιμημάτων
1440 2636 1487 2661 καὶ
1509 2634 1613 2668 βαθέων
1637 2634 1731 2666 οἴκων,
1749 2634 1816 2660 ἀλλά

1030 2681 1092 2710 τοῦς
1111 2680 1332 2711 ἐπιεικεστάτους
1349 2680 1398 2712 τὰς
1419 2680 1524 2714 φύσεις,
1542 2681 1588 2706 καὶ
1607 2680 1653 2706 τοῦ
1676 2680 1760 2706 κοιλοῦ
1773 2681 1815 2706 διὰ

1032 2726 1120 2760 πάσης
1138 2726 1208 2756 ἰδέας
1221 2726 1339 2760 ἣκοντας
1352 2726 1380 2758 ἐξ
1391 2727 1513 2761 ἀνάλκης
1529 2727 1678 2761 αἱρεῖσθαι,
1694 2726 1741 2753 καὶ
1755 2724 1816 2751 τού-

1030 2780 1091 2802 τους
1106 2773 1162 2802 τοὶς
1177 2774 1336 2810 πράγμασιν
1350 2772 1502 2805 ἐφιστάναι,
1517 2772 1553 2803 ὡς
1570 2773 1602 2798 ἂν
1616 2772 1661 2798 καὶ
1677 2771 1709 2798 τδ
1727 2770 1820 2806 γιγνό-
