1890 3062
66 139 132 173 473

66 203 150 229 στην,
169 195 207 226 ὡς
233 195 332 224 εἰπεῖν,
354 195 384 221 εὖ
407 196 560 229 πάσχωσιν,
586 195 644 220 οὐχ’
664 196 823 230 ἀνέχονται·
839 195 864 220 οἱ

64 240 92 267 δ’
117 240 175 266 οὐδ’
193 240 412 275 ὲπηρεασθέντες
435 241 479 272 ἂν,
499 238 590 275 οἶμαι,
607 241 653 266 καὶ
668 240 703 266 τὰ
722 240 865 266 δεινότατα

66 286 252 318 πεπονθότες,
266 286 490 320 δυσχερανοῦσιν,
506 286 564 312 ἀλλ’
580 287 701 313 οἴσουσιν
723 286 799 312 οὐδὲν
818 283 867 321 ἦτ-

65 340 129 364 τον,
141 332 158 367 ἢ
171 333 196 358 εἰ
213 329 244 358 εὖ
261 332 413 366 πάσχοντες
426 329 496 366 ἦσαν
522 332 568 358 τὸν
589 333 699 358 ἅπαντα
716 332 813 366 χρόνον
829 331 868 366 τῷ

67 380 116 405 col.
129 380 192 405 κατ’
206 379 295 413 ἄκρας
313 377 445 412 ἡνῶσθαι,
461 378 509 404 καὶ
532 378 613 404 πάνθ’
637 379 684 404 ὑπ’
697 378 815 409 εὐνοίας,
830 378 867 409 ὡς

67 424 275 458 λόγος,’φέρειν
311 424 556 458 παρεσκευάσθαι,
583 424 637 450 τῶν
670 432 699 450 τε
726 423 867 458 δυσχερῶν

67 471 267 501 κοινωνοῦντες
290 470 457 504 ὲξίσης,οὖχ
479 470 574 504 ὥσπερ
596 471 621 496 οι
647 470 763 501 κόλακες
782 470 868 504 μόνης

66 520 148 548 ὅντες
169 518 221 551 τῆς
244 518 420 552 εὐδαιμονὲας
433 519 481 545 καὶ
496 518 543 544 τοῦ
561 517 678 552 καιροῦ·
705 517 868 552 δυσχερείας

67 565 98 590 δὲ
116 565 203 599 τύχης
223 564 270 590 καὶ
292 564 446 598 μεταϐολὰς
472 564 646 599 πραγμάτων
668 563 724 589 οὐδ’
748 563 782 589 ἂν
802 562 868 596 δναρ

68 610 214 644 ἑνέγκοιεν
229 618 236 625 ·
250 609 317 635 ὥστ’
329 610 362 636 ἂν
383 609 538 642 ἀναγκαίως
556 609 617 644 ἔχῃ,
631 609 695 639 τοὺς
713 608 764 643 μὲν
779 607 868 638 οὕτως

68 657 187 689 ἔχοντας
212 656 323 690 χαίρειν
349 656 408 690 ὲᾷν,
423 656 472 682 καὶ
497 655 600 682 σαυτοῦ
626 655 698 681 πάνυ
712 662 755 681 τοι
772 653 868 689 πόρρω

69 703 180 728 ποιεῖν·
202 703 260 732 τοῖς
285 701 309 728 δ’
335 701 467 732 ἐπιεικῶς
495 701 568 735 μάλα
588 701 638 734 τῆς
656 700 869 735 εὐγνωμοσύνης

69 747 245 781 συγχαίρειν,
260 742 309 773 καλ
329 746 451 780 νομίζειν
474 746 570 779 ὥσπερ
595 747 672 776 τινας
697 745 810 776 τούτους
827 746 870 772 αἰ-

69 795 186 826 σθήσεις
205 793 253 819 τοῦ
269 793 320 826 τῆς
341 793 430 828 ἀρχῆς
445 792 583 824 σώματος,
599 792 634 818 δι’
648 789 686 818 ὧν
708 791 789 819 πάνθ’
802 792 870 827 ὀρᾷν

69 839 122 864 καὶ
138 838 218 864 πάντ’
232 837 346 864 ἀκούειν
362 838 432 870 ἐστὶ,
453 838 501 863 καὶ
526 838 611 864 πᾶσιν
626 835 655 864 εὖ
679 837 751 872 μάλα
767 837 870 873 κεχρῆ-

70 884 147 915 σθαι,
163 885 211 909 καὶ
236 885 295 914 τοῖς
315 883 431 918 ἔγγιστα
453 885 502 910 καὶ
525 884 583 915 τοῖς
609 884 713 919 πόρρω.
730 883 778 916 Εἰς
791 883 871 912 τοῦτο

69 930 138 964 γὰρ,
154 927 246 964 οἶμαι,
262 929 341 963 φέρει
361 930 409 956 καὶ
422 930 452 956 τὸ
467 929 546 961 Φίλος
565 929 645 961 ἄλλος
663 930 756 960 αὐτός·
770 930 872 964 μᾶλλον

68 977 99 1002 δὲ
117 976 165 1002 καὶ
183 976 281 1002 τούτου
298 975 381 1002 πλέον
396 976 429 1002 ὲκ
445 977 500 1002 τὼν
521 976 695 1010 πραγμάτων
708 974 781 1002 εἶναι
801 985 872 1011 συμ-

70 1022 177 1049 ςιιένει.
195 1022 230 1048 ’Δ
251 1022 306 1057 γὰρ
328 1022 377 1057 οὐχ
401 1019 453 1048 οἷοί
473 1022 497 1048 τ’
522 1023 607 1058 ἔσμεν
621 1023 657 1049 δι’
673 1023 754 1057 ἡμῶν
769 1023 871 1056 αὐτῶν,

69 1068 119 1094 διὰ
133 1067 241 1094 τούτων
257 1067 296 1098 ὡς
312 1069 399 1102 ῥᾷστα
413 1067 557 1102 περαίνειν
572 1066 682 1103 ἔχομεν.
703 1068 813 1103 ’Δμέλει
831 1077 872 1095 τοι

71 1115 125 1140 καὶ
146 1113 326 1149 Ἀλέξανδρος
349 1113 364 1139 6
383 1113 519 1140 Φιλίππου
535 1115 600 1145 τοὺς
618 1114 774 1149 θησαυροὺς
799 1115 872 1149 ἐρω-

71 1159 170 1194 τηθεὶς
197 1160 263 1189 τοὺς
287 1158 382 1192 αὐτοῦ,
400 1159 523 1186 δείκνυσι
547 1159 611 1190 τοὺς
625 1160 770 1193 ἑταίρους·
786 1159 824 1191 ὠς
844 1161 873 1186 τὸ

622 140 765 170 ORATIO
790 140 837 169 DE
858 140 974 170 REGIS
995 143 1170 172 OFFlCllS.

1653 139 1706 171 474

880 199 902 225 Α
917 195 1056 236 fortunam
1080 195 1246 230 participare
1262 195 1366 226 volent,
1382 195 1463 222 aliter
1479 202 1558 229 quant
1577 194 1704 222 adulato-

919 261 963 280 res
978 253 1025 288 qui
1035 258 1060 281 le
1075 252 1384 285 fclicemsectabuntur,
1397 253 1423 279 in
1442 259 1535 279 rerum
1549 251 1707 278 discrimine

919 316 1011 338 autem
1040 311 1178 339 deserent.
1199 311 1231 337 Hi
1250 310 1334 345 igitur
1350 317 1464 344 prorsus
1479 317 1493 335 a
1509 309 1604 335 limine
1631 308 1705 335 salu--

919 367 995 394 landi
1012 371 1040 394 et
1059 367 1199 402 rejiciendi
1227 371 1330 398 erunt;
1360 366 1398 392 illi
1418 371 1510 392 autem
1543 364 1651 391 colendi
1676 371 1708 390 ac

920 432 972 452 ceu
985 424 1108 458 corporis
1120 431 1223 458 organa
1243 431 1290 457 per
1303 430 1363 457 qua:
1387 422 1514 448 audimus
1534 429 1566 448 ac
1580 421 1706 448 videmus

918 480 998 514 longe
1024 479 1132 514 lateque
1147 479 1256 506 lovendi
1275 483 1350 505 sunt.
1369 477 1426 504 Huc
1445 477 1528 508 facit,
1546 484 1589 502 me
1602 476 1706 510 judice,

920 536 1047 567 multum.
1060 535 1170 562 Amicus
1188 535 1269 566 alter.
1289 535 1352 569 plus
1369 542 1432 560 vero
1451 533 1581 566 temporis
1600 532 1708 565 locique

919 593 1051 620 conditio.
1071 592 1138 620 Cum
1151 600 1184 619 ex
1205 591 1357 618 Alexandro
1369 590 1483 624 Philippi
1499 589 1552 615 [ilio
1568 595 1707 623 quarere-

922 653 976 680 tur,
995 648 1041 675 ubi
1058 648 1202 675 thesauros
1218 654 1284 674 suos
1314 645 1380 672 sitos
1395 645 1516 676 haberet,
1528 644 1629 672 amicos
1644 651 1708 672 suos

921 710 1016 740 utpote
1031 704 1141 732 divitias
1159 703 1360 738 pulcherrimas
1383 709 1414 729 ac
1432 702 1549 728 maxime
1568 700 1705 736 parabiles

921 761 1108 793 monstravit;
1126 760 1185 787 sine
1201 759 1304 793 quibus
1336 757 1377 784 vel
1404 757 1530 784 maximae
1558 764 1623 791 opes
1640 756 1708 784 nihil

922 823 970 847 aut
984 825 1080 853 parum
1098 817 1257 853 proﬁciunt.
1273 816 1432 844 Secundum
1461 814 1621 850 Euripidem
1655 822 1710 841 non

885 861 908 891 Β
923 883 999 911 opes,
1016 882 1070 902 non
1080 873 1231 901 dominatio
1253 872 1433 908 aaquipollens
1445 876 1487 898 est
1503 871 1599 904 amici;
1618 870 1712 898 multi-

924 933 992 961 tudo
1005 932 1093 959 amico
1109 938 1242 966 generoso
1256 930 1337 965 longe
1356 929 1544 965 postponenda
1571 929 1646 956 venit
1663 929 1711 963 qui

924 997 975 1025 pro
991 989 1064 1016 natis
1091 988 1160 1015 mori
1179 995 1234 1014 non
1259 990 1388 1019 recusat;
1417 987 1471 1013 imo
1499 985 1562 1012 vita:
1595 989 1711 1012 mortem

924 1046 1034 1084 praefert
1048 1045 1088 1072 uti
1116 1045 1278 1075 dulciorem.
1300 1044 1371 1071 sicut
1401 1043 1562 1070 adolescens
1579 1042 1613 1070 ad
1629 1050 1711 1078 quem

923 1106 1015 1133 tuncet:
1030 1103 1114 1131 verba
1131 1107 1264 1138 spectant.

74 1207 129 1240 μὲν
143 1206 260 1236 τούτους
288 1205 441 1239 κεκτῆσθαι
457 1205 602 1232 κάλλιστον
616 1206 665 1232 καὶ
684 1205 875 1232 λυσιτελέστα-
914 1212 917 1214 ’

72 1261 122 1279 τον
146 1252 321 1287 τυγχάνοντα
343 1251 477 1278 πλοῦτονο
504 1251 569 1278 ἄνευ
592 1252 621 1278 δὲ
641 1252 745 1279 τούτων
761 1253 808 1278 καὶ
823 1252 874 1286 τὴν

76 1300 214 1334 μεγίστην
226 1300 256 1325 ἐν
271 1297 426 1332 ἀνθρώποις
443 1298 607 1332 περιουσίαν
630 1299 699 1333 πρὸς
715 1298 744 1325 τὺ
760 1298 840 1325 πάνθ’
856 1298 874 1325 ἃ

75 1346 221 1381 προσῆκεν
251 1345 397 1380 εἰργάσθαι
426 1345 564 1381 μικρδνῆ
595 1345 672 1371 οὐδὲν
697 1345 872 1381 δυναμένην·

74 1393 168 1423 οὓτως
191 1392 269 1418 οὐδὲν
285 1393 413 1426 κρεῖσσον
437 1393 497 1418 κατ’
520 1391 705 1428 Εὑριπίδηνῆ
725 1392 801 1427 φίλος
828 1401 876 1419 σαη

75 1439 144 1473 φὴς,
164 1438 195 1464 οὐ
220 1437 346 1469 πλοῦτος,
376 1437 407 1463 οὐ
422 1437 568 1470 τυραννίς·
587 1437 731 1471 ἀλόγιστον
744 1437 775 1465 δέ
798 1446 825 1464 τι
843 1438 875 1464 τὸ

75 1483 185 1518 πλῆθος
195 1475 376 1518 ἀντάλλαγμα
399 1483 526 1516 γενναίου
543 1482 621 1517 φίλου
632 1503 639 1515 ,
668 1483 718 1510 καὶ
733 1483 790 1510 οἴου
804 1483 874 1518 μηδὲ

76 1530 172 1557 θανεῖν
184 1529 217 1556 ἂν
232 1529 304 1563 ὑπὲρ
317 1529 371 1554 τῶν
394 1529 531 1555 παιδικῶν
548 1529 716 1564 ἁποκνῆσαι,
731 1529 800 1555 ἀλλὰ
825 1529 873 1556 καὶ
888 1529 910 1558 C

76 1577 127 1604 τοῦ
144 1577 282 1610 περιεῖναι
300 1575 347 1602 καὶ
371 1576 422 1611 ζῇν
451 1575 525 1602 τοῦθ’
545 1574 583 1606 ὠς
597 1575 707 1610 ἀληθῶς
722 1576 797 1611 ἥδιον
813 1577 874 1611 κρῖ-

76 1632 136 1654 ναι,
155 1621 281 1657 καθάπερ
304 1623 318 1648 ὁ
347 1622 490 1654 νεανίσκος
515 1621 560 1656 ἐφ’
585 1621 616 1647 δν
638 1622 686 1647 καὶ
706 1622 780 1657 τᾶπη
796 1622 874 1648 ταυτὶ

77 1668 221 1703 ξυνετὲθη.

114 1713 159 1746 ιζ’.
179 1714 262 1740 Ἀλλὰ
279 1714 342 1740 ἐπεὶ
365 1714 429 1745 τοὺς
451 1713 501 1748 μὲν
515 1713 613 1749 φίλους
628 1711 658 1740 εὖ
677 1714 766 1740 ποιεῖν
787 1713 875 1740 καθά-

78 1759 136 1792 me
150 1760 265 1795 οἰόμεθα
280 1760 347 1792 δεῖν,
368 1761 416 1786 καὶ
432 1760 496 1786 καθΥ
514 1761 589 1795 ἡμᾶς
601 1760 701 1791 αὐτοὺς
715 1761 806 1795 ἄγειν,
826 1762 875 1788 καὶ

78 1807 160 1834 πάντ’
185 1806 351 1841 ἀντέχεσθαι
369 1806 471 1840 τρόπον
483 1814 492 1823 ⁸
509 1807 573 1838 τοὺς
593 1807 616 1833 δ’
638 1805 672 1834 αὖ
687 1807 813 1843 ἐχθροὺς,
827 1809 875 1835 ἐὰν

80 1854 131 1887 μὲν
149 1852 337 1888 μεγαλοψυχοὶ
352 1861 425 1884 τινες
440 1853 596 1888 ὢμεν,οὗτε
613 1855 717 1882 κακοῦν
731 1854 789 1881 οὔθ’
805 1855 875 1886 ὅλως

78 1899 125 1925 τὸν
151 1899 214 1925 νοῦν
235 1900 401 1934 προσέχειν·
427 1899 475 1926 ὲὰν
489 1899 517 1926 δὲ
544 1900 593 1935 μὴ,
613 1901 660 1926 καὶ
683 1901 812 1935 πολεμεῖν
828 1901 875 1928 καὶ

82 1945 218 1980 μάχεσθαι
233 1945 342 1976 τούτοις
361 1946 409 1973 καὶ
431 1945 501 1980 μετά
517 1945 642 1979 μείζονος
657 1945 810 1980 ἀμύνεσθαι
826 1947 876 1980 τῆς

79 1990 263 2025 παρασκευῆς
279 1998 286 2006 ·
311 1990 403 2017 ὁποῖόν
427 1991 488 2017 τινά
513 1999 542 2017 σε
563 1991 615 2025 χρὴ
633 1992 697 2026 περὶ
711 1992 788 2018 ταῦτ’
805 1990 875 2018 εἶναι

80 2037 108 2063 ετ
124 2045 191 2062 ποτε
221 2035 335 2067 τούτους
359 2036 486 2071 ἀλλήλοις
512 2035 559 2063 ὲπὶ
590 2037 637 2063 σοῦ
665 2039 730 2073 περὶ
756 2035 876 2064 ὧντινων

78 2083 242 2115 δικάζεσθαι
278 2083 344 2111 δέοι.
361 2084 411 2109 Ἀν
440 2084 490 2118 μὲν
518 2083 573 2118 γὰρ
595 2083 634 2116 ὡς
654 2084 802 2118 δυσμενέσι
829 2086 875 2111 καὶ

80 2129 169 2162 φίλοις
190 2129 240 2155 καὶ
255 2129 311 2156 τότ’
333 2130 426 2160 αὐτοῖς
446 2130 623 2166 ἀπαντήσῃς,
639 2129 726 2163 δόξεις
742 2131 797 2158 ἀπὸ
819 2131 875 2158 τῶν

79 2175 173 2210 νόμων
195 2175 359 2211 εἰργάσθαιι
376 2176 410 2202 ἂν
433 2176 462 2203 δὲ
488 2176 594 2203 τοιοῦτό
610 2185 637 2204 τι
661 2179 716 2204 πᾶν
740 2179 772 2204 ὲκ
788 2177 874 2211 μέσου

80 2223 281 2257 πεποιημένος,
299 2223 380 2257 μόνου
401 2222 448 2249 τοῦ
465 2222 549 2249 καλοῦ
570 2225 616 2250 καὶ
632 2223 739 2250 δικαίου
765 2225 876 2259 φροντί-

82 2277 141 2304 σῃς,
156 2269 269 2295 πάντων
282 2268 388 2303 ἀνδρῶν
404 2268 517 2304 ἄριστος
529 2266 598 2296 εἶναι
619 2270 689 2304 μήτε
706 2271 762 2302 τοῖς
778 2270 877 2305 φίλοις,

81 2316 115 2350 ἧν
141 2315 286 2346 ἀδικῶσιν,
314 2315 466 2350 συγχωρῶν
494 2314 539 2341 ἐπ’
566 2315 673 2346 εὐνοίας
705 2315 740 2342 τὰ
765 2316 879 2342 τοιαῦτα

82 2362 269 2397 καρποῦσθαι,
289 2361 359 2395 μήτε
375 2361 438 2391 τοὺς
453 2360 570 2395 ἐχθροὺς
594 2361 642 2387 ὑπ’
661 2361 811 2395 ἀπεχθείας
826 2360 880 2388 τῶν

83 2407 282 2443 προσηκόντων
299 2406 412 2434 δικαίων
425 2407 587 2442 ἀποστερῶν
598 2415 606 2423 ·
619 2407 689 2435 ἀλλὰ
707 2408 755 2434 καὶ
771 2407 880 2441 τούτοις

84 2454 154 2481 κατὰ
182 2453 248 2484 τοὺς
276 2452 377 2486 νόμους
407 2454 603 2488 συμπράττων,
629 2453 774 2484 κάκείνους
807 2454 877 2488 μετὰ

83 2500 137 2526 τῶν
163 2499 257 2534 νόμων
284 2498 403 2533 ἀνόμους
417 2499 549 2533 ἐλέγχων.
565 2500 595 2525 ΕΙ
624 2500 677 2532 γὰρ
691 2499 723 2534 δὴ
740 2499 787 2526 καὶ
803 2500 877 2534 φίλοι

85 2547 269 2582 τυγχάνουσιν
291 2545 378 2578 ὄντες,
393 2545 462 2572 ἀλλὰ
487 2546 533 2572 καὶ
557 2545 662 2572 τούτων
684 2546 700 2580 ἡ
718 2545 877 2581 δικαιοσύνη

85 2594 156 2620 κατὰ
167 2594 215 2620 τὸν
233 2593 392 2627 Νικόμαχον
416 2592 551 2628 φιλτέρα*
571 2594 617 2619 καὶ
638 2593 696 2626 ἅμα
725 2593 756 2627 φί
773 2602 801 2619 ον
830 2593 882 2628 μά-

85 2640 153 2666 λιστ’
166 2640 201 2667 ἂν
219 2640 300 2674 ἔργον
316 2639 442 2674 δράσαις,
457 2639 551 2673 φίλους
576 2640 677 2671 κακίας
693 2639 859 2674 ἀπηλλαχώς
870 2647 879 2656 ⁸

86 2686 99 2711 ὁ
116 2687 248 2720 πράττειν
275 2686 323 2720 οὺχ
340 2683 392 2711 οἷοί
415 2693 445 2711 τε
469 2685 546 2716 ὄντες
568 2686 722 2718 Νεοκλέους
747 2687 881 2721 θεμιστο-

87 2732 153 2767 κλῆς
169 2731 219 2758 καὶ
235 2730 329 2757 Κλέων
348 2731 362 2757 ὁ
376 2730 540 2757 Κλεαινέτου
555 2731 569 2758 ό
587 2731 626 2768 (1)
646 2732 696 2767 μὲν
719 2732 800 2767 ἡνίκα
830 2732 879 2758 τοῦ

968 1707 1012 1737 t7.
1030 1707 1083 1736 Sed
1100 1715 1162 1735 cum
1188 1707 1260 1743 apud
1278 1715 1329 1736 nos
1345 1707 1371 1734 id
1388 1711 1498 1735 constat
1524 1706 1596 1742 quod
1616 1705 1713 1734 amicis

927 1763 999 1791 bene
1017 1763 1171 1790 faciendum
1190 1763 1281 1798 iisque
1310 1762 1421 1790 fortiter
1435 1761 1630 1790 adhaerendum
1658 1764 1712 1792 est.

928 1816 954 1844 id
979 1823 1088 1851 quoque
1105 1817 1132 1844 in
1160 1821 1252 1844 mente
1268 1817 1446 1844 condendum
1465 1815 1538 1852 quod
1563 1813 1714 1842 dummodo

926 1871 1050 1907 generosi
1066 1872 1163 1903 simus,
1181 1871 1300 1900 inimicis
1320 1872 1390 1899 nihil
1418 1871 1481 1898 mali
1499 1870 1642 1902 faciamus,
1658 1869 1714 1895 imo

927 1931 958 1953 ut
975 1927 1221 1961 ignoscamus:sin
1242 1928 1343 1959 minus,
1362 1926 1463 1954 bellum
1488 1929 1515 1952 et
1531 1931 1636 1960 pugnas
1650 1930 1712 1950 cum

928 1980 1023 2015 majori
1031 1985 1162 2015 apparatu
1172 1979 1206 2007 iis
1219 1979 1378 2007 inferemus.
1398 1979 1491 2006 Talem
1506 1983 1531 2006 te
1539 1984 1646 2013 quoque
1654 1982 1714 2004 esse

926 2033 1075 2068 oportebit,
1087 2033 1132 2060 ubi
1149 2034 1297 2060 vindictam
1309 2040 1418 2061 sumere
1432 2032 1467 2060 de
1483 2031 1648 2060 adversariis
1667 2038 1715 2058 vo-

926 2086 978 2115 les.
993 2086 1060 2114 Nam
1075 2087 1097 2114 si
1113 2087 1243 2115 inimicos
1265 2091 1313 2114 aut
1327 2087 1431 2115 amicos
1450 2086 1547 2114 obvios
1561 2085 1659 2117 habes.
1672 2085 1714 2114 lc-

926 2133 952 2168 gi
967 2133 1225 2168 obtemperantium,
1245 2139 1271 2162 et
1286 2134 1351 2162 boni
1383 2141 1416 2161 ac
1437 2133 1553 2169 iustitiae
1583 2133 1654 2160 ratio
1668 2132 1716 2159 ha-

930 2187 1019 2216 benda
1037 2193 1089 2220 est.
1104 2188 1173 2216 adeo
1187 2193 1218 2216 ut
1232 2197 1331 2218 omnes
1343 2189 1428 2216 animi
1442 2188 1563 2216 bonitate
1579 2188 1672 2215 vincas
1687 2192 1716 2214 et

927 2251 978 2271 nec
998 2244 1103 2276 amicis,
1130 2244 1153 2272 si
1183 2245 1255 2272 male
1281 2248 1377 2280 agunt,
1407 2244 1550 2280 permittas
1582 2247 1612 2270 ut
1645 2242 1716 2270 male

927 2297 1062 2327 factorum
1079 2298 1187 2327 fructus
1214 2303 1374 2334 reportent;
1391 2298 1486 2326 itidem
1511 2297 1639 2325 inimicos
1661 2303 1716 2324 non

928 2351 1064 2388 impedies
1099 2353 1249 2387 quominus
1281 2351 1435 2387 privilegiis
1464 2351 1548 2386 justis
1577 2349 1715 2383 fruantur,

929 2415 1039 2442 semper
1054 2407 1116 2434 illos
1132 2406 1283 2435 secundum
1298 2406 1372 2441 leges
1385 2404 1550 2436 secundans,
1560 2404 1611 2431 bos
1628 2408 1658 2431 ut
1670 2411 1718 2431 ex-

930 2461 1005 2497 leges
1019 2459 1189 2498 v‘ituperans.
1209 2461 1237 2489 Si
1261 2461 1334 2489 enim
1350 2460 1431 2488 amici
1448 2465 1524 2492 sunt,
1541 2466 1637 2487 eorum
1657 2458 1718 2493 ius-

930 2518 990 2546 titia
1002 2518 1080 2553 juxta
1095 2518 1292 2547 Nicomachum
1311 2516 1402 2552 potior
1430 2515 1494 2547 erit.
1528 2519 1558 2543 et
1572 2514 1718 2550 pulchrius

929 2577 1005 2601 certe
1018 2580 1087 2606 opus
1104 2580 1159 2601 non
1173 2572 1258 2600 [acies
1275 2579 1357 2606 quam
1385 2571 1408 2598 si
1426 2570 1530 2597 amicos
1551 2577 1566 2596 a
1582 2568 1718 2605 perversi-

930 2631 985 2654 tate
997 2627 1107 2655 reducis
1117 2636 1125 2659 ;
1135 2626 1207 2661 quod
1219 2626 1310 2654 facere
1323 2626 1417 2654 datum
1430 2633 1484 2652 non
1497 2625 1548 2652 fuit
1561 2624 1719 2652 Themisto.

930 2680 965 2708 cli
987 2680 1104 2714 Neoclis,
1121 2685 1150 2708 et
1168 2679 1262 2708 Cleoni
1292 2681 1421 2708 Clemneti
1442 2680 1516 2713 ﬁlio;
1533 2687 1650 2714 quarunt
1672 2679 1718 2706 hie

931 2732 1054 2768 quidem,
1085 2741 1147 2760 cum
1182 2733 1380 2768 rempublicam
1408 2740 1548 2768 capessere
1577 2731 1716 2767 cmpisset.

122 2826 160 2857 (1)
177 2825 259 2852 Deest
286 2825 313 2852 in
328 2825 425 2854 codice
456 2824 510 2852 hoc
547 2831 660 2859 nomen,
678 2823 773 2852 relicta
799 2823 907 2851 lacuna.
941 2823 993 2852 Sed
1024 2828 1114 2852 tamen
1141 2823 1307 2852 Cletenetum
1331 2822 1441 2851 Cleonis
1464 2816 1605 2858 parentem
1635 2820 1718 2859 fuisse

89 2860 199 2887 scimus.
