1890 3062
190 111 245 143 475

801 118 959 148 THEODU
966 118 1000 148 I.1
1021 118 1193 150 MONACHI

1763 122 1822 153 476

189 161 293 195 amicos
305 176 336 195 ac
352 168 499 198 familiares
518 171 607 198 valere
627 171 722 206 jussit,
751 181 784 199 tte
803 181 851 207 per
866 181 914 200 eos
931 173 970 200 itt-

1064 175 1200 207 μςιτωγείν
1216 175 1326 208 ἥπτετο,
1344 174 1452 207 πρῶτον
1474 174 1639 209 συναγαγὼν
1659 176 1722 208 τοὺς
1739 177 1821 202 ἑταί-

190 224 268 266 vitus‘
291 225 397 259 operari
414 222 574 261 cogeretur}
604 227 810 260 Themistocles.
835 229 916 256 homo
947 230 974 257 in

190 280 289 316 primis
314 281 474 314 industrius,
488 283 640 317 gubernare
657 285 793 312 recusavit
806 285 858 313 nisi
872 294 904 313 ea
917 286 976 321 lege

192 342 223 364 ut
238 338 317 365 amici
346 339 406 373 plus
419 347 500 373 quam
517 340 609 367 caeteri
642 341 788 375 pollerent.
803 343 844 369 Tu
865 347 971 374 autem.

192 395 239 428 qui
269 400 344 422 tanto
369 396 470 430 populo
484 396 544 431 jura
570 397 662 425 reddis
688 398 814 434 legesque
836 400 899 431 fers,
915 408 975 428 eam

192 451 240 478 tibi
257 451 307 485 ipsi
325 451 413 484 legem
428 453 585 486 praescribe,
603 461 664 488 quae
684 454 800 482 nimiunt
817 457 855 482 tui
889 456 978 491 ipsius

191 515 311 535 amoretn
330 509 462 536 rescindit
493 514 521 536 et
550 510 669 544 impedit
684 512 831 545 quominus
844 514 979 548 cupidita-

192 563 265 590 tibus
286 563 438 599 indulgeas,
457 565 570 592 consilia
587 565 679 594 minus
700 567 769 594 bona
784 569 897 597 secteris
909 570 978 598 adu-

191 620 327 652 latorum;
364 621 419 648 imo
444 621 584 648 hominum
621 622 725 650 ratione
749 624 925 660 posthabita,
944 626 978 654 ad

194 674 305 710 vigilem
323 674 368 702 Dei
384 676 494 702 oculum
507 677 643 711 attendas,
656 686 671 705 a
687 679 758 706 malo
766 687 906 716 nunquam
923 690 978 710 non

195 732 317 759 declines
334 737 361 759 et
394 733 524 761 virtutum
546 735 685 771 exemplar
712 729 819 766 caeteris
848 741 979 770 omnibus

194 788 306 816 evadas.

235 1002 278 1032 18.
292 1005 343 1033 Ubi
360 1006 387 1033 in
403 1007 546 1036 hominum
560 1009 715 1045 frequentia
727 1018 870 1040 sermones
884 1019 982 1040 serun-

198 1063 253 1094 tur,
269 1066 298 1089 tu
313 1064 424 1092 curabis
440 1070 470 1092 ut
485 1066 601 1094 istorunt
617 1075 714 1103 magna
728 1076 792 1104 pars
810 1077 825 1097 a
851 1073 877 1097 te
892 1069 982 1105 profe-

198 1123 276 1145 ratur
300 1119 417 1156 locoque
444 1129 477 1150 ac
502 1128 625 1159 tempore
653 1130 819 1161 opportuno,
845 1126 982 1162 rebusque

197 1175 336 1211 daptata,
353 1181 381 1205 et
396 1178 434 1205 ita
450 1184 478 1206 ut
497 1187 552 1207 non
567 1180 650 1208 nimis
672 1181 764 1210 brevis
780 1182 828 1215 sis,
847 1182 894 1210 sed
920 1191 981 1210 eum

198 1232 315 1260 veritate
331 1234 473 1267 procedas,
488 1235 564 1263 brevi
583 1241 613 1263 ut
626 1244 671 1265 res
685 1245 733 1265 ore
753 1242 801 1266 tuo
814 1243 841 1266 et
864 1238 982 1265 aliorum

200 1287 315 1316 auribus
331 1290 483 1325 condignas
505 1292 641 1326 proferas,
674 1294 756 1328 idque
779 1301 835 1321 non
864 1298 983 1326 tantum,

195 1345 262 1381 quia
289 1346 382 1382 lingua
395 1348 500 1382 primus
517 1349 630 1377 humani
654 1350 762 1384 generis
784 1350 940 1383 thesaurus,
956 1350 983 1378 in

198 1406 334 1437 quantum
353 1403 491 1438 gratiosus
519 1412 551 1432 ac
567 1412 733 1435 numerosus
757 1411 811 1440 est,
840 1407 888 1434 sed
920 1407 985 1442 quia

198 1457 256 1490 ipse
273 1456 404 1491 Pericles,
420 1458 572 1495 Xanthippi
594 1459 667 1489 illius
681 1482 690 1495 ,
712 1466 859 1497 antequatn
875 1462 902 1490 in
920 1470 986 1491 eon-

1027 227 1103 253 ρους,
1119 220 1149 245 τὺ
1169 219 1236 253 πρὶς
1269 220 1367 250 αὐτοὺς
1394 219 1432 246 ἔτ’
1461 220 1534 254 ἔχειν
1566 222 1686 252 οἰκείους
1713 223 1822 248 ἀπεῖπε

1028 263 1167 296 καθάπαξ,
1182 264 1237 290 δέει
1261 264 1307 290 τοῦ
1334 265 1419 299 μηδὲν
1444 261 1481 291 ὧν
1501 266 1551 292 οὐκ
1577 266 1630 292 ἔδει
1658 266 1693 292 δι’
1717 267 1824 298 αὐτοὺς

1027 309 1127 340 δρᾶσαι
1150 311 1306 345 προῆχθαι·
1338 310 1524 345 Θεμιστοκλῆς
1548 312 1575 337 δὲ
1602 312 1691 338 καίτοι
1720 313 1821 346 διαφε-

1030 355 1129 390 ρόντωῑ
1145 356 1182 381 ὣν
1204 356 1416 391 σπουδαρχίδης,
1441 357 1584 391 ἀπηύχετο
1609 359 1699 384 πᾶσαν
1717 358 1821 393 ἀρχὴν,

1028 402 1057 428 ὲν
1105 403 1188 436 μηδὲν
1204 403 1286 428 πλέον
1302 403 1414 437 ἔμελλον
1425 402 1496 438 ἔχειν
1510 403 1564 430 τῶν
1580 404 1668 431 ἄλλων
1685 405 1710 431 oi
1727 405 1822 437 φίλοι·

1028 449 1082 475 ὁδε
1100 451 1155 479 τοῖς
1177 449 1268 480 ἄλλοις
1293 449 1365 475 οὕτω
1386 449 1508 481 δικάζειν
1528 449 1609 484 ἔχων,
1634 450 1727 484 σαυτῴ
1750 450 1822 476 πολὺ

1030 496 1164 530 πρότερον
1179 495 1298 529 ὀᾳείλεις
1310 495 1344 520 τὰ
1356 495 1471 521 τοιαῦτα
1491 495 1613 528 δικάζειν
1633 504 1663 521 τε
1680 497 1728 522 καὶ
1740 505 1824 530 νομο-

1029 541 1128 573 θετεῖν,
1148 542 1194 568 καὶ
1210 541 1247 576 μὴ
1271 541 1309 576 τῷ
1324 541 1426 576 σφόδρα
1444 541 1542 567 σαυτὸν
1555 542 1643 575 φιλεῖν
1660 551 1821 576 κατακεχα-

1032 587 1122 621 ρίσθαι
1139 587 1252 621 σεαυτῷ,
1269 589 1316 614 καὶ
1336 587 1384 618 τὰς
1400 586 1548 621 ἐπιθυμίας
1566 587 1757 621 ἐκπιμπλάναι
1772 587 1824 617 τὰς

1030 633 1111 664 αὐτὸς
1141 633 1240 659 σαυτοῦ
1255 641 1262 648 ⁸
1293 633 1354 667 μηδ’
1368 634 1408 659 ὅτι
1433 632 1478 658 τδν
1504 632 1669 659 εὑθυνοῦντα
1686 633 1756 664 ὅλως
1771 634 1824 659 οὐκ

1032 679 1129 715 ἴσχεις,
1149 680 1204 705 οὐδ’
1234 680 1380 706 ὑπόκεισαι
1405 679 1519 713 ψήφοις,
1545 679 1633 710 ἀδεῶς
1657 680 1705 706 καὶ
1733 680 1823 713 ἡδέως

1030 723 1072 757 οἷς
1094 727 1144 752 οὐκ
1161 727 1244 761 ἐχρῆν
1263 726 1410 753 ἐνδιδόναι·
1430 726 1487 752 ἀλλ’
1512 725 1607 760 ὥσπερ
1625 726 1658 752 ἂν
1675 726 1700 751 εί
1716 726 1825 751 πολλῶν

1029 780 1111 799 τινων
1131 773 1179 799 καὶ
1200 773 1294 800 δεινῶν
1319 773 1420 799 τούτων
1434 772 1578 807 ηὑπόρεις,
1594 772 1696 806 μᾶλλον
1709 772 1732 798 δ’
1747 772 1827 798 ἐπεί-

1031 827 1084 854 περ
1109 819 1260 852 ἀνθρὼτιιιιν
1277 819 1354 845 οὐδὲν
1367 819 1512 853 κέκτησαι,
1533 818 1614 852 μόνον
1638 817 1665 844 δὲ
1690 818 1721 844 τὸ
1740 818 1824 844 πάντ’

1033 865 1140 900 ἐφορῶν
1159 865 1310 899 ἀκοίμητον
1336 865 1414 900 δμμα
1437 864 1517 896 Θεοῦ,
1535 864 1685 899 ἀπέχεσθαι
1703 863 1753 899 μὲν
1768 873 1823 890 κα-

1032 911 1122 943 θάπαξ
1138 911 1247 944 κακίας,
1262 911 1372 946 ἔχεσθαι
1395 911 1424 937 δὲ
1448 911 1549 946 ἀρετῆς
1570 911 1618 937 καὶ
1648 912 1752 942 πάντας
1781 911 1825 941 εἰς

1032 957 1111 983 τοῦτο
1129 957 1173 983 διὰ
1189 958 1288 983 σαυτοῦ
1310 957 1518 992 προκαλεῖσθαι.

1069 1007 1115 1039 ιη’.
1131 1005 1167 1030 Οὐ
1188 1004 1241 1039 μὴν
1264 1004 1332 1030 ἀλλὰ
1353 1004 1400 1030 καὶ
1421 1004 1475 1030 τῶν
1492 1005 1522 1031 ὲν
1537 1006 1598 1036 ταῖς
1613 1004 1735 1039 ὁμιλίαις
1757 1005 1827 1031 ἐχάυ

1034 1058 1112 1077 στοτε
1132 1050 1219 1084 λόγων
1231 1050 1272 1076 ὅτι
1298 1050 1425 1081 πλεῖστος
1442 1049 1512 1076 ἔστω
1534 1058 1576 1077 σοι
1593 1050 1684 1084 λόγος,
1707 1050 1755 1077 καὶ
1778 1058 1826 1077 το-

1035 1094 1129 1126 σοῦτος
1142 1095 1179 1126 ὡς
1196 1094 1233 1129 μὴ
1249 1094 1329 1130 μόνον
1348 1095 1395 1126 οὓς
1406 1095 1456 1127 δεῖ,
1470 1095 1537 1122 ἀλλὰ
1553 1096 1598 1122 καὶ
1614 1095 1658 1122 ὅτε
1674 1096 1722 1122 καὶ
1744 1095 1825 1126 ὅπως

1034 1142 1169 1168 ποιεῖσθαι
1185 1143 1312 1169 τουτουσὶ⁸
1334 1141 1388 1169 δεῖ·
1407 1142 1477 1176 μήτε
1493 1142 1643 1177 παριόντας
1657 1142 1688 1169 τὸ
1707 1141 1824 1177 μέτρον,

1036 1187 1097 1222 μήτ’
1114 1185 1147 1214 αὗ
1164 1187 1292 1222 μετρίους
1305 1188 1377 1222 ἄγαν
1397 1187 1441 1214 καὶ
1456 1187 1691 1222 συνεσταλμένους
1705 1187 1753 1214 καὶ
1768 1187 1826 1213 τῶν

1035 1233 1207 1268 πραγμάτων
1233 1233 1373 1266 ἐλάττους,
1399 1234 1415 1269 ἢ
1446 1234 1493 1261 καὶ
1527 1233 1617 1266 ἄλλως
1645 1235 1825 1267 ἁπεοικότας,

1035 1281 1093 1306 ἀλλ’
1112 1280 1150 1312 ὡς
1179 1280 1288 1316 ἀληθῶς
1311 1280 1501 1316 ἁποχρῶντας.
1525 1281 1573 1307 καὶ
1598 1280 1629 1307 τὸ
1660 1281 1828 1315 γιγνόμενον

1036 1325 1182 1358 σώζοντας,
1200 1327 1246 1353 καὶ
1259 1325 1289 1353 τὸ
1303 1326 1414 1361 σύμπαν
1431 1326 1580 1361 ἀξιόχρεως
1596 1326 1638 1353 σοί
1652 1335 1681 1353 τε
1695 1326 1828 1361 εἰρῆσθαι

1035 1374 1092 1404 τοῖς
1103 1381 1132 1399 τε
1147 1373 1238 1405 ἄλλοις
1256 1373 1390 1400 ἀκοῦσαι·
1411 1373 1443 1399 οὐ
1463 1373 1543 1407 μόνον
1564 1373 1606 1400 ὅτι
1628 1373 1699 1400 κατὰ
1713 1373 1743 1398 τὸ
1756 1371 1827 1403 ἔπος

1035 1418 1161 1453 γλώσσης
1178 1419 1315 1454 θησαυρὸς
1329 1419 1359 1445 ὲν
1382 1418 1539 1454 ἀνθρώποις
1553 1418 1674 1453 ἄριστος,
1690 1418 1828 1452 φειδωλῆς

1036 1464 1151 1500 πλείστη
1169 1464 1197 1491 δὲ
1217 1465 1297 1500 χάρις
1314 1467 1384 1492 κατὰ
1411 1464 1510 1499 μέτρον
1526 1463 1631 1499 ἰούσης,
1648 1463 1706 1490 ἀλλ’
1719 1464 1762 1490 ὅτι
1777 1464 1828 1490 καὶ

196 1513 278 1541 cione
303 1514 474 1549 loqueretur,
487 1516 514 1543 id
530 1517 584 1544 voti
599 1519 770 1553 nuncupavit
782 1527 817 1546 ne
831 1520 897 1555 quid
914 1520 982 1549 citra

1064 1511 1173 1546 εριιιλῆς
1194 1512 1208 1537 ὁ
1229 1511 1388 1538 Ξανθίππου
1417 1510 1527 1544 μέλλων»
1548 1511 1730 1545 δημηγορεῖν,
1756 1511 1828 1546 εὐχῇ

200 1575 250 1596 nee
269 1568 341 1596 infra
355 1578 413 1598 rem
426 1570 540 1599 diceret.
556 1572 638 1600 Certo
662 1573 746 1601 verba
764 1578 809 1601 tua
839 1575 900 1610 plus
921 1575 985 1603 ﬁdei

201 1625 341 1655 habebunt
355 1634 437 1661 quam
464 1632 625 1656 cancrorum
651 1631 806 1664 jurantenta
834 1637 915 1668 atque
936 1640 986 1667 pro

202 1682 321 1710 oraculis
335 1683 510 1715 habebuntur
523 1693 607 1721 penes
617 1694 713 1715 omnes
728 1687 840 1723 quando
853 1689 987 1718 videbunt

204 1744 230 1765 te
249 1738 322 1766 circa
337 1739 429 1768 omnia
441 1741 550 1769 veritati
571 1742 773 1778 obtemperare,
790 1745 898 1779 quando
913 1746 984 1774 vide-

186 1790 188 1794 ’
204 1797 273 1823 bunt
289 1801 313 1824 te
330 1797 474 1832 promissis
488 1799 591 1835 majora
606 1805 746 1836 praestare,
763 1802 826 1837 plus
839 1810 920 1838 quam
939 1804 986 1832 de.

203 1853 260 1885 hct,
280 1854 405 1894 reddere.
421 1855 451 1883 Id
469 1856 543 1883 enim
560 1863 712 1893 memento.
729 1859 798 1887 nihil
818 1859 847 1886 in
864 1868 928 1896 rege
944 1861 989 1888 in-

203 1908 312 1941 stabile,
333 1909 519 1939 autdolosum
551 1912 780 1948 imperfectumve
809 1921 871 1943 esse
891 1916 987 1949 licere,

203 1965 250 1991 ubi
265 1966 432 1995 voluntatem
447 1969 643 2005 manifestavit,
656 1971 705 1999 sed
719 1972 792 2007 quod
805 1980 861 2001 non
877 1981 988 2009 magna-

201 2022 295 2051 nimus
323 2031 383 2053 esse
400 2027 507 2061 nequit.

239 2108 283 2135 t9.
297 2109 444 2144 Praeterea,
456 2111 528 2140 sicut
539 2112 605 2141 boni
621 2114 719 2142 medici
733 2122 790 2144 non
804 2117 893 2144 solum
920 2125 990 2153 prae-

202 2170 296 2194 sentes
311 2167 422 2196 morbos
442 2173 550 2203 sanant,
565 2169 613 2202 sed
643 2175 670 2198 et
698 2171 820 2207 liquores
843 2178 988 2208 corruptos
1004 2183 1026 2212 ι)

201 2223 251 2258 qui
270 2223 298 2251 in
314 2231 417 2260 corpus
442 2225 530 2261 illapsi
543 2230 618 2258 sunt,
635 2234 766 2261 amovere
781 2229 922 2262 nituntur,
943 2238 987 2258 ar-

203 2285 258 2313 tem
274 2289 351 2309 suam
370 2281 396 2310 id
417 2281 545 2310 faciendo
562 2287 736 2317 attestantes,
763 2285 800 2312 ita
825 2289 852 2313 tu
867 2294 988 2322 quoque,

203 2346 263 2371 rex,
278 2338 324 2365 ubi
341 2338 374 2366 de
389 2346 480 2366 rerum
497 2347 603 2367 summa
623 2339 722 2374 agitur,
738 2340 764 2368 id
774 2348 822 2375 age
832 2346 862 2368 ut
876 2349 988 2377 regnum

202 2396 304 2431 quibus
322 2397 426 2432 poteris
443 2397 597 2426 rationibus
613 2398 772 2427 eonsolides
786 2406 818 2426 ac
831 2407 943 2434 augeas,
957 2408 990 2428 ea

202 2461 266 2487 quas
279 2453 372 2488 perlici
388 2458 513 2488 possunt,
525 2454 697 2482 emendando
715 2459 744 2481 et
766 2453 877 2489 ingenio
900 2461 947 2483 tuo
962 2456 991 2483 in

204 2510 305 2542 melius
317 2509 471 2543 evebeudo,
492 2509 603 2544 publico
632 2517 742 2545 semper
758 2511 903 2539 commodo
927 2512 991 2539 uni-

203 2574 237 2595 ce
276 2567 411 2594 intentus.
451 2567 486 2594 Et
515 2574 579 2594 cum
607 2575 681 2595 nunc
717 2568 834 2595 maxime
868 2569 992 2604 pecunia:

204 2624 320 2658 publica!
355 2624 382 2651 in
409 2629 463 2651 tam
496 2623 567 2651 tnalo
588 2629 659 2652 statu
686 2625 753 2659 sint.
771 2631 801 2653 ut
828 2633 876 2653 eas
905 2627 992 2654 admi-

208 2679 343 2708 nistrandi
373 2688 472 2710 munus
503 2681 663 2710 licitationis
690 2683 732 2710 via
761 2683 827 2710 viris
851 2684 994 2719 corruptis

205 2737 334 2769 cedatur,
344 2737 414 2771 quod
425 2738 533 2773 quidem
545 2747 588 2766 res
595 2739 768 2767 Romanorum
777 2739 897 2768 immane
905 2749 992 2775 quan-

209 2797 267 2820 tum
297 2793 483 2826 conturbavit,
499 2798 527 2821 tu
547 2802 607 2822 eam
622 2802 679 2822 rem
695 2795 765 2822 haud
780 2795 868 2822 levem
896 2801 989 2830 putes,

207 2849 255 2877 sed
272 2851 344 2878 omni
357 2850 519 2887 iegislatoris
533 2850 624 2878 studio
634 2850 742 2885 dignam
754 2858 878 2878 censeas.
893 2850 984 2884 Quare

1038 1557 1156 1592 πρόσθεν
1173 1558 1281 1593 ἐχρῆτο,
1297 1557 1380 1592 μηδὲν
1397 1557 1525 1592 περιττὸν
1545 1557 1607 1592 μηδ’
1625 1557 1678 1590 ἔξω
1693 1557 1743 1591 τῆς
1760 1557 1829 1584 ὑπο-

1039 1602 1140 1634 θέσεως
1155 1603 1258 1637 φάναι·
1280 1602 1327 1633 οὓς
1347 1611 1378 1636 γε
1398 1603 1446 1629 καὶ
1462 1601 1639 1637 πιστοτέρους
1652 1602 1682 1629 εὖ
1700 1602 1756 1628 ἴσοι
1771 1603 1829 1629 τῶν

1038 1649 1095 1679 τοῖς
1128 1648 1217 1680 mm;
1246 1648 1455 1683 ὀμωμοσμένων
1472 1649 1596 1685 ἐργάσῃ·
1629 1648 1676 1674 καὶ
1699 1648 1829 1682 νομιοῦσι

1040 1694 1141 1726 πάντες
1171 1694 1265 1729 ὥσπερ
1293 1692 1506 1729 χρησμοὺ;,ὲὰν
1534 1693 1571 1728 μὴ
1600 1693 1678 1727 μόνον
1692 1692 1830 1725 τάληθοῦς

1040 1741 1088 1767 καὶ
1102 1739 1141 1771 οἷς
1156 1740 1287 1775 πράττεις
1301 1740 1366 1775 περὶ
1382 1739 1505 1770 πλείονος
1515 1739 1644 1766 ἁπάντων
1665 1737 1827 1774 φροντίζῃς·

1040 1785 1107 1813 ἀλλὰ
1123 1787 1169 1813 καὶ
1197 1787 1244 1816 τὰς
1275 1785 1442 1820 ἐπαγγελίας
1465 1785 1498 1817 ἃς
1514 1786 1564 1812 οὐχ
1590 1785 1714 1818 ὀλιγάκις
1739 1786 1830 1818 ἐπαγ.

1041 1831 1123 1866 γέλλῃ
1149 1833 1205 1862 τοῖς
1232 1832 1371 1866 δεομένοις
1395 1832 1465 1866 μετὰ
1490 1832 1621 1866 Inungi;
1643 1839 1716 1862 τινος
1742 1832 1828 1866 φαίνῃ

1040 1877 1126 1904 τελῶν
1139 1877 1188 1912 τῆς
1204 1878 1372 1913 προσθήκης,
1393 1879 1440 1904 καὶ
1454 1878 1508 1904 τῶν
1524 1878 1723 1912 ὑπεσχημένων
1739 1877 1828 1904 πλείω

1041 1923 1128 1955 διδούς
1139 1932 1146 1939 -
1163 1925 1312 1959 ἐπειδήπερ
1327 1924 1431 1957 ἀγαθοῦ
1454 1924 1588 1958 βασιλέως
1606 1925 1636 1950 οὐ
1654 1924 1734 1957 μόνον
1748 1923 1828 1949 οὐδὲν

1041 1970 1239 2004 παλινάγρετον
1256 1970 1311 1996 οὐδ’
1329 1971 1470 2003 ἀπατηλὸν
1487 1970 1544 1996 οὐδ’
1557 1969 1737 2004 ἀτελεύτητον
1754 1967 1827 1995 εἶναι

1040 2015 1090 2046 δεῖ,
1105 2015 1119 2041 ὂ
1134 2023 1160 2041 τι
1180 2024 1227 2041 κεν
1246 2015 1353 2051 κεφαλῇ
1369 2015 1534 2050 κατανεὺσῃ,
1547 2014 1614 2041 ἀλλὰ
1630 2014 1676 2041 καὶ
1693 2014 1723 2040 τὸ
1740 2022 1830 2048 μεγα-

1041 2060 1156 2097 λοψυχίᾳ
1175 2061 1244 2095 πρὸς
1258 2061 1347 2088 πάντα
1366 2061 1528 2096 κεχρῆσθαι.

1079 2107 1122 2134 ιϐ’.
1143 2108 1205 2134 Ἔτι
1219 2109 1309 2134 τοίνυν
1333 2107 1427 2142 ὥσπερ
1451 2108 1476 2133 ot
1494 2107 1549 2133 τῶν
1563 2107 1663 2141 ίατρῶν
1680 2106 1779 2141 ἁγαθοὶ
1798 2109 1829 2134 οὑ

1041 2151 1075 2179 τὰ
1087 2153 1210 2188 παρόντα
1239 2153 1320 2188 μόνον
1346 2153 1476 2179 ἀκοῠνται
1500 2153 1555 2179 τῶν
1570 2152 1744 2187 νοσημάτων,
1761 2153 1830 2179 ἀλλὰ

1042 2199 1089 2226 καὶ
1100 2199 1163 2230 τοὺς
1174 2199 1364 2235 ὲνσκήψαντας
1377 2199 1417 2234 τῷ
1431 2198 1539 2233 σώματι
1552 2199 1635 2227 πάλαι
1650 2199 1829 2231 διεφθορότος

1040 2246 1145 2281 χυμοὺς
1175 2246 1244 2280 μετὰ
1284 2245 1382 2273 πολλοῦ
1418 2245 1466 2271 τοῦ
1500 2245 1641 2280 περιόντος
1673 2244 1830 2276 ὲξελαῦνειν

1040 2291 1141 2318 οἴονται
1156 2291 1222 2324 δεῖν,
1239 2293 1284 2318 καί
1299 2291 1344 2319 διὰ
1359 2292 1468 2318 πάντων
1483 2291 1584 2317 τούτων
1605 2291 1656 2325 τὴν
1678 2299 1713 2324 σφ
1725 2291 1754 2316 ὒν
1769 2292 1826 2316 ἑπι-

1041 2338 1193 2365 δεὶιινυνται
1219 2338 1328 2374 τέχνην,
1347 2337 1385 2369 ὣς
1404 2338 1432 2364 δὲ
1455 2338 1503 2364 καὶ
1519 2337 1611 2369 αὐτὸς,
1625 2334 1646 2363 ὦ
1662 2337 1787 2372 βασιλεῦ,
1805 2338 1829 2363 εί

1040 2384 1088 2422 τοῦ
1112 2385 1156 2411 διὰ
1182 2385 1292 2412 πάντων
1318 2384 1461 2420 βελτίστου
1486 2383 1567 2417 λόγον
1592 2384 1668 2418 ποιῇ,
1684 2383 1828 2417 προθυμοῦ

1041 2433 1125 2460 πᾶσιν
1153 2429 1195 2464 οἷς
1223 2432 1313 2464 ἔξεστι
1341 2431 1391 2467 τὴν
1419 2429 1507 2466 ἀρχὴν
1541 2430 1699 2456 συνιστάναι
1724 2438 1754 2455 τε
1783 2431 1829 2456 καὶ

1043 2478 1196 2511 συναύξειν,
1221 2478 1255 2505 τὰ
1282 2477 1332 2512 μιν
1361 2476 1453 2508 καλῶς
1481 2476 1578 2511 ἔχοντα
1606 2474 1704 2510 βελτίω
1732 2475 1828 2506 ποιῶ-ι,

1041 2525 1075 2552 τὰ
1101 2525 1123 2552 δ’
1151 2523 1185 2551 αὖ
1209 2525 1246 2556 ὡς
1269 2524 1371 2558 ἑτέρως
1405 2522 1642 2558 ἐπανορθούμενος
1668 2522 1724 2552 τοίς
1753 2522 1829 2556 παρὰ

1042 2571 1142 2598 σαυτοῦ
1152 2578 1160 2586 ⁸
1178 2571 1224 2597 καὶ
1236 2571 1304 2602 ὅλως
1317 2569 1488 2604 πανταχόθεν
1505 2569 1535 2595 τὸ
1553 2569 1630 2602 κοινῇ
1644 2567 1827 2602 παρασκευὰν

1032 2619 1096 2649 ’ζων
1122 2617 1263 2650 ξυνοῖσον’
1283 2615 1331 2642 καὶ
1361 2615 1408 2642 νῦν
1433 2614 1524 2641 τοίνυν
1546 2614 1596 2645 τὰς
1619 2613 1673 2639 τῶν
1689 2612 1828 2648 δημοσίων

1041 2664 1216 2698 διαχειρίσεις
1239 2662 1325 2693 οὕτως
1348 2661 1448 2692 ἀθλίως
1474 2659 1605 2695 ἐχούσας,
1622 2659 1660 2691 ὡς
1676 2658 1828 2694 χρημάτων

1042 2710 1139 2741 ὠνίους
1154 2710 1209 2739 τοῖς
1232 2708 1408 2744 βουλομένοις
1429 2707 1606 2741 προκεῖσθαι,
1623 2705 1637 2731 ὃ
1665 2704 1751 2731 πολύν
1768 2712 1827 2730 τινα

1042 2757 1137 2791 χρόνον
1153 2756 1326 2789 εἰσκωμὰζον
1347 2755 1503 2788 Ῥωμαίοις,
1521 2752 1600 2779 πάντ’
1615 2752 1671 2779 ἄνω
1691 2751 1739 2777 καὶ
1755 2751 1828 2777 κάτω

1043 2805 1126 2835 ποιεῖ,
1145 2803 1182 2837 μὴ
1203 2801 1326 2836 περιίδῃς
1340 2800 1422 2831 αὐτὸς
1440 2797 1649 2834 μηδοπωστιοῦν
1667 2796 1729 2832 μηδ’
1752 2796 1828 2822 ἐλάτ-

1046 2859 1119 2881 τονος
1150 2849 1230 2884 λόγον
1266 2847 1345 2874 τοῦτο
1374 2845 1509 2881 νομίσῃς·
1531 2844 1597 2871 ἀλλὰ
1626 2842 1755 2870 τοσούτου
1781 2841 1828 2869 καὶ
