1890 3062
662 64 699 73 β

71 121 130 152 477

631 123 770 153 ORATIO
784 125 832 154 DE
854 120 969 154 RBG/IS
990 125 1166 157 OFFICIIS.

1653 129 1706 161 £78

70 175 152 201 οὕτω
171 174 290 210 σπουδῆς
312 175 457 211 ἀξιόχρεω,
472 177 509 208 ὡς
528 178 564 212 μὴ
584 178 664 211 μόνον
690 179 739 214 τὴν
771 179 863 205 ἄτοποι

929 189 977 207 :iou
999 185 1103 208 tantum
1121 183 1199 209 istam
1222 174 1397 212 venaiitalem
1417 188 1446 211 ut
1462 184 1571 219 pessimi
1589 186 1706 220 exempli

68 222 194 257 ταυτηνὶ
211 222 365 256 καπηλείαν
381 221 476 258 ὥσπερ
493 223 557 257 ἄγος
575 225 625 257 τῆς
650 225 788 257 πολιτείας
814 227 870 258 ἐξε.

71 268 161 294 λασαι
187 268 328 301 καθάπαξ,
346 269 415 296 ἀλλὰ
432 270 479 296 καὶ
493 270 574 305 νόμον
595 271 685 298 θεῖναι
714 273 810 305 μηδενὶ
823 272 870 298 τοῦ

69 312 173 339 λοιποῦ
185 313 262 339 ταῦτ’
277 312 379 345 ἐξεῖναι
395 314 532 348 παράγειν
547 315 576 345 ἐς
591 315 684 348 μέσον,
703 315 719 350 ἢ
736 315 870 342 πλείστων

69 359 241 394 χρημάτων,
255 359 304 385 ἐὰν
325 359 376 394 μὲν
396 359 504 394 ῑδίωτης
522 358 551 397 ᾖ,
567 361 655 396 τούτῳ
671 361 804 395 τιμᾶσθαι
815 369 821 376 ·
845 363 871 388 εἰ

69 404 94 430 δ’
111 404 204 435 ἄλλως
217 405 287 440 ἔχων
299 405 346 431 καὶ
363 406 498 440 κρείττων
513 406 529 441 ἢ
543 407 631 433 ταῦτα
643 407 751 440 παθεῖν,
768 408 869 440 πάσαις

66 453 158 486 ἀραῖς
175 452 348 480 ὑποκεῖσθαι.
360 453 413 479 Δύο
427 453 481 487 γὰρ
496 454 530 479 τὰ
546 453 634 480 πάντα
651 454 760 481 κάκιστ’
775 454 869 481 ὲντεῦ-

70 497 123 523 ῡεν
150 497 310 531 συμϐαίνει,
333 499 363 524 τᾶ
389 507 419 524 τε
442 499 537 530 πόλεις
564 499 674 531 ἁπάσας
699 501 746 526 καὶ
775 499 870 535 χώρας

70 543 269 578 ἑπιτρὶὃεσθαι
295 545 344 570 καὶ
367 545 482 580 πάσχειν
500 545 594 577 κακῶς
615 546 669 572 ὑπὸ
684 546 797 572 τουτωνὶ
813 547 868 573 τῶν

69 590 247 623 θαυμαστῶν
271 591 419 626 ὼνητόρων
441 592 536 627 σφόδρ’
564 593 750 627 ἐπικειμένων
767 601 795 619 τε
821 595 868 620 καὶ

69 637 313 670 παρανομούντων
327 646 334 654 ·
349 639 396 665 καὶ
416 639 444 665 τί
464 639 520 674 γὰρ
537 639 567 666 οὐ
583 639 744 673 ποιούντων,
765 639 867 675 μᾶλλον

68 682 99 708 δὲ
130 683 244 709 πάντων
271 685 320 710 καὶ
341 686 428 711 ποιεῖν
451 686 498 712 καὶ
521 685 613 720 λέγειν
633 686 702 721 ὑπὲρ
719 687 766 714 τοῦ
782 687 868 714 πλείω

69 726 167 755 λαϐεῖν
191 726 232 755 ὧν
258 729 354 756 ἔδοσαν
369 730 526 762 ἀξιούντων.
539 731 570 757 τό
590 740 619 758 τε
645 732 691 758 τὸν
717 732 867 768 κρατοῦντα

69 775 187 802 πάντων
212 776 319 803 τούτων
345 777 495 804 ὑπεύθυνον
520 777 601 810 εἶναι,
616 778 655 812 τῷ
671 781 865 814 πεπραχέναι;

68 821 102 848 Εἰ
129 822 185 855 rip
214 815 305 849 ταῦτα
336 823 386 857 μὲν
411 823 460 850 οὐκ
489 823 523 850 ἂν
550 825 673 859 ἐγεγόνει
698 825 736 860 μὴ
762 826 866 853 τούτων
884 837 904 864 Β

67 869 250 903 ἐωνημένων,
267 869 402 903 ἐώνηνται
423 869 451 896 δὲ
479 870 588 897 τουτουῒ
615 871 792 906 βουλομένου,
806 873 819 898 ὁ
837 873 866 900 τὸ

68 916 189 950 σπέρμα
214 916 378 951 πιρασχὼν,
403 917 470 952 φησὶ
493 917 681 953 Δημοσθένης,
714 915 793 949 οὗτος
819 919 867 945 καὶ

66 960 124 986 τῶν
141 961 254 995 φύντων
274 961 372 992 αἴτιος.
388 961 525 997 Βοήθησον
539 962 630 989 τοῖνυν
644 965 690 990 καὶ
710 964 802 997 σαυτῷ
819 965 866 990 καὶ

65 1009 163 1045 ήμῖνκ
185 1008 261 1042 ἡμᾶς
289 1008 340 1042 μὲν
365 1017 501 1042 τοσαυτης
529 1008 722 1044 ἐξαιρούμενος
751 1010 863 1045 βλάϐης,

67 1055 173 1088 σαυτὸν
186 1054 216 1080 δὲ
233 1053 280 1080 τοῦ
298 1062 326 1080 τε
344 1054 438 1086 κακῶς
451 1055 572 1088 ἀκούειν,
582 1055 630 1082 τοῦ
648 1065 677 1082 τε
692 1056 747 1083 τῶν
757 1056 867 1085 οἰκείων

64 1099 159 1127 δοκεῖν
173 1097 244 1126 εἶναι
261 1100 406 1135 προδότην.

102 1145 137 1173 κ’.
155 1146 193 1173 Σὺ
205 1146 234 1173 δὲ
249 1147 297 1173 καὶ
313 1146 392 1173 τοῦτο
408 1147 509 1179 παντὸς
527 1147 629 1181 μᾶλλον
644 1148 771 1183 φύλαξαι,
785 1149 863 1184 βασι-

63 1193 125 1227 λεῦ,
143 1193 192 1220 καὶ
210 1194 248 1228 μὴ
263 1194 320 1225 τοῖς
339 1193 392 1227 πρὸ
414 1193 461 1220 σοῦ
478 1194 620 1229 βασιλεῦσι
646 1195 736 1230 πάθῃς
752 1194 861 1228 ταυτὸν,

66 1240 138 1274 μηδὲ
167 1239 221 1266 τῶν
251 1239 410 1273 όπηδήποτε
437 1240 490 1274 γῆς
515 1239 662 1275 θησαυρῷν
697 1241 861 1275 εὑρημένων

64 1286 190 1321 ἀξιώσῃς
206 1285 288 1316 αὐτὸς
303 1285 364 1312 ἀντὶ
380 1285 434 1312 τῶν
452 1286 588 1320 εὑρόντων
607 1285 702 1321 κύριος
728 1285 813 1313 εἶναι·
831 1287 863 1314 ὃν

64 1338 98 1363 γε
115 1331 168 1357 καὶ
184 1329 322 1364 Θησαυρὸν
337 1330 394 1361 τοῖς
413 1329 464 1355 ὑπὸ
481 1330 562 1365 χεῖρα
579 1329 681 1364 μᾶλλον
694 1330 764 1364 χρῆν
776 1327 858 1361 εῖναι,

63 1376 95 1402 τό
107 1384 141 1402 τε
165 1374 305 1406 πλείστοις
321 1374 394 1405 ὅσοις
411 1375 536 1410 χρήμασι
555 1375 758 1410 περιρρεῖσθαι,
772 1375 812 1409 τῷ
835 1375 859 1401 0‘

64 1421 195 1453 ἅπαντας
219 1418 249 1447 εὗ
268 1421 356 1447 ποιεῖν
381 1420 429 1447 τὸν,
452 1421 561 1447 ἅπαντα
590 1421 687 1455 χρόνον
713 1420 789 1455 παρὰ
809 1420 859 1454 τῆς

64 1465 158 1500 ἀρχῆς
177 1464 356 1492 ἀπαιτεῖσθαι
369 1472 377 1480 ο
403 1464 539 1500 τοσαύτης
554 1465 609 1500 γάρ
632 1466 706 1492 ἐστιν
730 1465 856 1497 ἀτοπίας.

63 1512 103 1543 ὡς
123 1512 207 1547 μόνον
235 1511 316 1538 τοῦτο
333 1512 387 1538 τῶν
412 1511 522 1538 πάντων
553 1511 734 1547 μηδηντινοῦν
759 1510 895 1548 παραί-(Ζ

63 1567 147 1594 τησιν
162 1559 260 1593 ῖσχειν,
274 1557 333 1584 ἀλλ’
347 1555 419 1584 εἶναι
434 1557 563 1591 καθάπαξ
586 1558 724 1593 θεομισὲς,
740 1559 788 1586 καὶ
802 1560 859 1590 τοῖς

63 1605 166 1640 licetqu
178 1603 290 1630 δοκοῦσι
313 1603 477 1639 μαχόμενον.
494 1604 526 1631 El
550 1604 606 1639 γὰρ
620 1604 669 1640 οὐχ
694 1603 751 1631 οἷόν
765 1613 795 1631 τε
812 1602 860 1640 θητ

63 1652 172 1688 σαυρδν
207 1652 238 1679 τὸ
268 1652 400 1684 παράπαν
435 1651 563 1687 εὑρέσθαι
600 1651 639 1687 μὴ
675 1651 859 1687 χορηγοῦντος

63 1698 146 1730 Θεοῦ,
158 1697 250 1724 δίδωσι
270 1697 298 1723 δὲ
314 1697 344 1723 ὃν
356 1696 389 1723 ἂν
405 1698 487 1729 αὐτὸς
503 1697 651 1733 δοκιμάσῃ.
669 1697 750 1730 ὑμεῖς
768 1697 797 1729 δὲ
811 1697 858 1723 καὶ

64 1744 146 1777 πρὶν,
171 1743 210 1774 ὡς
241 1745 340 1776 εἰπεῖν,
364 1744 546 1777 καταθέσθαι,
570 1744 682 1776 τούτους
707 1743 857 1780 ἁρπάζετε,

64 1791 126 1822 πῶς
141 1791 172 1817 οὐ
183 1791 244 1822 ταῖς
259 1790 344 1822 θείαις
358 1791 476 1826 ἀτεχνῶς
485 1790 723 1823 ἁντιπολιτεύεσθε
736 1790 836 1826 ψήφοις
849 1798 857 1823 ;

63 1837 81 1864 δ.
96 1838 189 1868 κεῖνος
208 1837 312 1870 ὁτῳοῦν
338 1836 392 1871 [δίᾳ
416 1837 550 1872 παρέσχε,
568 1837 646 1864 ταῦθ’
662 1838 743 1872 ἡμεῖς
764 1836 858 1871 βιαίως

64 1882 293 1918 σφετεριζόμενοι
306 1891 314 1898 υ
330 1882 425 1917 ὥσπερ
441 1883 494 1918 τὴν
518 1884 583 1918 περὶ
602 1882 706 1910 τούτων
722 1881 770 1908 τοῦ
788 1882 857 1909 Θεοῦ

63 1928 226 1962 διαγνώμην
256 1927 504 1962 ἐπανορθούμενοι,
535 1928 583 1955 καὶ
608 1928 688 1962 μόνον
717 1927 748 1954 οὐ
775 1927 855 1955 τοῦτο

64 1973 194 2007 βοῶντες,
209 1974 251 2000 ὅτι
268 1973 329 2000 Τῶν
342 1974 489 2009 θησαυρῶν
503 1975 570 2009 ἡμῖν
585 1974 791 2009 προσηκόντων,
806 1975 820 2000 ό
833 1973 856 2000 δ’

63 2019 171 2054 ἑτέροις
198 2019 320 2054 παρέσχε
336 2027 343 2036 ο
368 2020 382 2046 ὃ
406 2020 455 2047 καὶ
482 2020 615 2055 θαυμάζω
631 2022 655 2047 εἱ
670 2022 727 2052 τοῖς
740 2020 790 2055 μὲν
810 2019 856 2054 ὑφ’

62 2066 143 2099 ὑμῶν
167 2064 199 2093 εὖ
227 2066 376 2093 πεπονθόσι
390 2067 437 2093 ἐάν
460 2075 502 2098 τις
517 2067 661 2102 ἐπηρεάζῃ
685 2066 802 2093 καὶτῶν
815 2067 856 2093 δο-

61 2113 167 2139 θέντων
177 2113 333 2147 ἁποστερῇ,
345 2112 474 2146 πολέμιον
490 2112 584 2139 τοῦτον
600 2113 723 2150 ἡγεῖσθε,
737 2113 813 2138 αὐτοὶ
827 2112 855 2144 δὲ

60 2157 97 2183 τὰ
110 2158 198 2192 χείρω
215 2155 332 2191 δρῶντες
360 2156 408 2183 καὶ
424 2156 492 2191 πρὸς
514 2156 581 2183 Θεὸν
595 2157 718 2191 ὡσπερεὶ
730 2157 776 2184 διὰ
793 2156 854 2183 τού-

60 2210 117 2228 των
143 2200 323 2235 ἀνταίροντες
350 2198 457 2236 χεῖρας,
485 2201 516 2228 οὐ
543 2201 707 2236 προτιμᾶτε.
735 2201 772 2227 οὐ
799 2200 854 2235 γὰρ

59 2246 133 2282 ὑπὲρ
152 2246 202 2273 τοῦ
218 2247 294 2280 κοινῇ
313 2246 517 2278 λυσιτελοῦντος
533 2247 611 2274 ταῦτ’
634 2247 723 2282 ἐρεῖτε
745 2245 854 2281 λαμϐά-

58 2299 127 2324 νειν,
138 2290 202 2318 οὐδὲ
219 2291 391 2325 στρατόπεδα
403 2293 451 2318 καὶ
465 2291 616 2326 πρεσϐείας
633 2291 682 2318 καὶ
695 2290 789 2322 πόλεις
805 2290 853 2317 καὶ

58 2339 127 2364 ἅττα
143 2337 237 2365 τοιάδε
253 2338 440 2372 προστήσεσθε
455 2347 461 2354 ·
479 2339 547 2366 ἀλλὰ
562 2339 679 2374 μάλιστα
698 2339 748 2373 μὲν
764 2338 851 2370 οὐδεὶς

58 2384 134 2418 ὑμῖν,
145 2381 237 2418 οἶμαι,
248 2383 302 2410 τῶν
312 2384 421 2413 πάντων
433 2384 562 2419 προσέξει
573 2384 618 2411 τὸν
629 2384 702 2416 νοῦν,
718 2385 750 2410 ἂν
764 2383 852 2411 ταῦτά

57 2437 90 2462 γε
110 2428 195 2464 φῆτε,
213 2428 269 2456 τῶν
283 2429 422 2465 δημοσίων
435 2430 588 2465 χρημάτων
604 2430 654 2456 καὶ
673 2429 765 2465 φόρων
779 2430 849 2465 πρὸς

57 2473 106 2510 τὴν
133 2474 240 2501 τούτων
261 2475 416 2502 συντέλειαν
437 2476 484 2502 καὶ
507 2476 686 2511 παρασκευὴν
714 2476 760 2502 καὶ
787 2476 849 2511 μάλ’

57 2519 245 2555 ἀποχρώντων
277 2520 361 2547 πᾶλαι
394 2529 423 2547 τε
454 2522 631 2556 τεταγμένων
673 2521 769 2548 τοῦτον
802 2522 849 2549 τὸν

58 2566 170 2601 τρόπον,
195 2566 244 2592 καὶ
261 2566 346 2592 ὄντων
368 2567 422 2600 ἀεὶ,
440 2567 486 2593 καὶ
504 2568 556 2602 τὴν,
568 2568 722 2601 ἀναγκαίαν
743 2569 849 2603 μήποτε

58 2611 161 2646 ταύτην
185 2611 384 2639 ἐκλελοιπότων
404 2613 512 2648 φοράνο
533 2610 568 2649 ἦς
583 2613 723 2645 ἀδυνάτως
746 2615 848 2641 παντά-

59 2665 142 2684 πασιν
168 2657 309 2692 ῖσχούσης,
324 2658 467 2693 θησαυροὶ,
486 2658 524 2694 τῷ
547 2668 576 2686 τε
600 2661 671 2687 κατὰ
693 2661 745 2695 γῆν
767 2661 848 2688 πάντ’

58 2701 127 2730 εἶναι
141 2704 189 2730 τὸν
205 2703 314 2738 χρόνον,
329 2705 367 2739 τῷ
385 2705 409 2732 τ’
424 2705 559 2740 ἐμφανεῖς
586 2707 751 2734 οἱστισινοῦν
769 2716 848 2742 γεγο-

23 2768 24 2771 η
59 2750 132 2781 νότες
159 2749 241 2782 πᾶσι,
257 2750 305 2776 καὶ
332 2750 419 2783 οὕτως
434 2752 517 2786 οὐδὲν,
535 2749 617 2787 ἧττον
645 2753 760 2787 ἀφανεῖς
776 2752 846 2781 εἶναι

59 2796 112 2827 τοῖς
128 2795 221 2826 ἄλλοις
234 2795 282 2821 καὶ
295 2796 442 2830 φανθέντες
452 2797 593 2826 λανθάνειν
607 2807 614 2816 ι
628 2799 716 2833 ὀλίγοι
728 2801 757 2827 δέ
772 2809 847 2832 τινες

60 2841 155 2876 κομιδῆ
183 2840 232 2867 καὶ
255 2841 331 2876 μόλις
353 2843 417 2870 ποτὲ
436 2842 452 2878 ἦ
468 2843 512 2870 διὰ
540 2843 666 2872 πλείστου
691 2846 748 2877 τοῖς
763 2846 846 2877 πᾶσιν

923 245 978 264 rem
997 245 1012 264 e
1042 238 1182 272 republica
1197 239 1301 274 ej-icies,
1318 239 1373 267 imo
1391 241 1477 276 legem
1509 242 1581 269 feres
1596 247 1706 269 contra-

920 294 1062 322 venientes
1076 295 1220 323 dirissimis
1236 297 1325 331 pomis
1341 297 1544 332 subjicientem.
1563 300 1620 326 Duo
1632 299 1705 326 enim

923 351 1040 378 maxime
1059 351 1122 378 inde
1145 352 1307 386 proveniunt
1340 362 1348 380 :
1379 355 1488 381 urbium
1506 363 1537 381 ac
1562 356 1706 389 regionum

925 407 1012 435 tristis
1032 409 1122 441 ruina.
1139 409 1173 436 ab
1189 410 1346 437 inhumanis
1362 411 1422 438 istis
1439 412 1625 443 exactoribus,
1640 412 1707 446 Iqui-

919 465 971 493 bus
987 466 1054 493 nihil
1075 467 1184 498 durius,
1200 467 1307 495 eﬂecta.
1325 468 1395 501 Quid
1409 469 1482 495 enim
1500 469 1564 496 mali
1589 469 1634 496 isti
1664 469 1707 496 in-

919 527 1054 550 tentatum
1075 524 1255 559 relinquent?
1269 525 1314 559 qui
1345 525 1371 552 id
1387 533 1471 552 unum
1492 533 1540 553 ore
1564 531 1593 553 et
1620 535 1704 556 manu

918 584 1004 614 agunt
1020 584 1050 606 ut
1066 580 1128 615 plus
1145 581 1277 615 recipiant
1297 589 1377 615 quam
1397 581 1542 615 dederunt,
1561 587 1588 609 et
1609 588 1638 609 ut
1655 584 1703 618 qui

915 637 978 671 jure
993 636 1117 671 possidet
1135 637 1325 665 usurariorum
1342 638 1456 666 victima
1482 639 1583 666 cadat?
1605 639 1670 672 Qua:
1681 640 1703 667 si

917 700 971 720 non
987 697 1050 720 ante
1067 694 1162 721 oculos
1176 699 1284 721 nostros
1296 694 1403 727 tierent,
1415 702 1468 721 non
1484 699 1606 729 segetum
1622 695 1702 722 simul

919 756 950 777 ac
969 749 1120 781 fructuum,
1151 754 1181 776 ut
1197 750 1235 776 ait
1254 750 1461 782 Demosthenes,
1489 750 1594 784 jactura
1612 750 1705 784 deplo-

918 811 1036 834 raretur.
1050 806 1140 839 Quare
1151 807 1294 833 salveette
1308 811 1336 833 et
1347 814 1410 838 nos;
1428 813 1478 833 nos
1490 805 1612 839 quidem,
1629 809 1704 832 tanto

919 864 990 891 malo
1019 863 1152 897 eripiens,
1169 868 1194 890 te
1224 862 1325 896 ipsum,
1356 862 1456 889 bonam
1473 862 1574 888 famam
1594 869 1705 889 conser-

918 927 985 948 vans
1017 925 1045 947 et
1061 918 1181 954 perﬁdia:
1209 918 1395 961 suspicionem
1411 918 1551 952 rejiciens.

948 1143 995 1173 20.
1007 1143 1047 1171 Tu
1059 1151 1135 1177 vero,
1146 1152 1204 1177 rex,
1214 1145 1240 1171 id
1249 1149 1312 1172 ante
1325 1144 1417 1172 omnia
1433 1143 1547 1173 vide.ne
1563 1141 1636 1169 idem
1652 1137 1702 1166 tibi

913 1198 986 1234 quod
1002 1199 1253 1234 praedecessoribus
1269 1199 1323 1227 tuis
1335 1199 1451 1227 accidat.
1467 1199 1495 1226 Si
1513 1198 1587 1226 enim
1602 1194 1701 1223 alicubi

913 1263 1047 1285 terrarum
1078 1258 1198 1285 thesauri
1229 1258 1413 1293 reperiuntur,
1435 1262 1465 1286 tu
1496 1257 1603 1292 primus
1621 1261 1703 1282 occu-

911 1322 980 1350 pans
1000 1323 1062 1343 esse
1083 1315 1178 1343 debes.
1194 1315 1248 1344 lste
1264 1317 1337 1343 enim
1355 1315 1501 1343 thesaurus
1527 1314 1554 1342 in
1573 1316 1702 1348 promptu

911 1379 972 1399 esse
987 1371 1069 1399 debet
1084 1375 1112 1398 et
1124 1371 1198 1398 tradi
1210 1371 1309 1398 aerario
1329 1371 1417 1404 regio,
1449 1371 1521 1398 unde
1535 1369 1569 1397 ad
1598 1368 1702 1397 auxilia

909 1428 1024 1457 ferenda
1052 1436 1180 1463 promere
1195 1428 1293 1463 possis.
1319 1428 1496 1456 Contrarium
1512 1428 1585 1455 enim
1601 1426 1700 1454 absur-

913 1485 1116 1520 dum,impium
1132 1490 1174 1513 est
1188 1489 1218 1513 et
1233 1485 1293 1513 usui
1309 1489 1421 1520 recepto
1430 1488 1575 1519 repugnat.
1588 1483 1617 1510 Si
1625 1482 1699 1510 enim

911 1540 972 1568 ﬁeri
991 1548 1046 1568 non
1076 1544 1168 1576 potest
1194 1545 1225 1568 ut
1244 1540 1390 1568 thesaurus
1405 1539 1466 1567 sine
1495 1539 1543 1567 Dei
1558 1538 1700 1566 voluntate

909 1596 1078 1631 eﬂodiatur;
1103 1602 1130 1625 et
1146 1605 1209 1626 cum
1228 1597 1301 1626 Deus
1331 1597 1376 1625 cui
1393 1597 1452 1625 vult
1468 1596 1631 1628 distribuit,
1649 1583 1700 1622 vos

908 1659 999 1683 autem
1012 1662 1076 1682 eum
1096 1655 1140 1682 vix
1156 1655 1312 1689 depositum
1333 1654 1440 1689 rapitis,
1468 1661 1560 1681 nonne
1571 1652 1700 1680 Numinis

909 1711 992 1739 divini
1009 1711 1145 1739 voluntati
1163 1709 1329 1739 contraitisi
1356 1709 1434 1743 Quod
1461 1709 1536 1738 enim
1554 1708 1625 1736 Deus
1639 1708 1699 1735 sin-

909 1769 980 1804 gulis
996 1768 1153 1803 impertitus
1167 1773 1221 1801 est,
1247 1775 1298 1796 nos
1314 1767 1341 1795 vi
1367 1767 1490 1796 adhibita
1521 1767 1549 1794 in
1571 1771 1698 1793 nostrum

907 1827 1042 1855 vertimus
1058 1833 1149 1860 usum,
1176 1825 1297 1853 divinam
1311 1825 1351 1852 sic
1365 1825 1532 1852 voluntatem
1547 1822 1698 1851 correeluri

907 1893 940 1913 ac
956 1889 1062 1912 tantum
1075 1892 1133 1912 non
1145 1884 1201 1912 alta
1222 1892 1289 1912 voce
1306 1884 1456 1911 clamantes
1470 1881 1544 1916 quod
1572 1879 1696 1907 thesauri

908 1942 972 1977 jure
985 1942 1072 1969 nostri
1081 1940 1141 1969 aliis
1154 1941 1210 1979 sint
1225 1940 1329 1969 traditi.
1345 1939 1434 1972 Quare
1451 1938 1536 1965 miror
1546 1931 1618 1972 quod
1632 1945 1695 1964 eum

908 1998 957 2032 qui
973 1998 1094 2033 aliquem
1110 1998 1271 2025 vestratium
1287 1996 1433 2024 oﬂenderit
1449 1995 1553 2022 inimici
1569 1994 1630 2021 loco
1646 1993 1695 2020 ha-

907 2053 989 2086 betis,
1005 2053 1057 2088 ipsi
1070 2060 1135 2081 vero
1146 2053 1193 2088 qui
1210 2053 1303 2088 pejora
1317 2051 1481 2087 operamini,
1498 2058 1547 2086 pro
1560 2050 1623 2077 istis
1638 2057 1696 2078 ma-

875 2115 877 2117 ‘
906 2118 960 2141 nus
980 2109 1014 2137 ad
1030 2109 1116 2138 Deum
1130 2109 1284 2144 porrigitis.
1305 2108 1366 2136 Non
1379 2108 1453 2135 enim
1485 2115 1535 2142 pro
1550 2107 1624 2134 bono
1639 2114 1690 2141 pu-

906 2167 979 2204 blico
994 2167 1051 2195 haec
1065 2174 1114 2195 vos
1126 2166 1220 2195 facere
1230 2166 1333 2199 dicitis,
1346 2173 1401 2194 non
1415 2170 1445 2194 ut
1461 2165 1555 2199 legati.
1575 2165 1693 2192 militum

907 2223 992 2255 duces
1021 2224 1132 2254 urbium
1151 2216 1271 2259 prazl'ecti
1297 2223 1431 2251 evadatis.
1459 2222 1584 2250 Attamen
1615 2228 1697 2249 nemo

905 2282 985 2310 vobis
999 2282 1057 2310 haec
1069 2281 1226 2309 dicentibus
1238 2281 1318 2308 ﬁdem
1338 2280 1459 2308 habebit.
1479 2279 1546 2307 Nam
1563 2279 1626 2306 inde
1657 2278 1693 2305 ab

904 2338 980 2366 omni
996 2343 1118 2373 tempore
1134 2337 1251 2372 pecunia
1268 2337 1413 2364 tributaria
1436 2336 1463 2363 in
1478 2336 1606 2362 aerarium
1623 2335 1696 2361 redi-

903 2394 960 2424 bat.
971 2398 999 2421 et
1025 2401 1164 2428 nunquam
1187 2391 1329 2427 vectigalia
1352 2392 1420 2419 solvi
1446 2395 1600 2418 cessarunt.
1621 2390 1693 2418 Tbe~

902 2451 979 2478 sauri
1003 2450 1086 2486 igitur
1104 2449 1207 2484 ubique
1220 2453 1353 2477 terrarum
1364 2453 1392 2476 et
1411 2447 1487 2478 nullo
1501 2455 1555 2474 non
1569 2451 1695 2481 tempore

903 2507 931 2534 in
956 2507 1142 2534 manifestoet
1156 2506 1185 2533 in
1198 2506 1308 2534 occulto
1327 2512 1390 2533 esse
1406 2509 1520 2540 possunt
1541 2504 1613 2539 apud
1631 2512 1693 2531 om~

902 2571 960 2590 nes.
975 2562 1146 2590 Thesaurum
1172 2562 1264 2596 itaque
1288 2561 1422 2589 incertum
1440 2561 1502 2596 quis
1527 2560 1561 2587 ad
1589 2560 1694 2594 bonurn

899 2627 1047 2647 commune
1064 2618 1198 2654 proﬁcere
1211 2618 1362 2646 declarabit
1374 2618 1386 2645 Ἰ
1400 2618 1460 2652 Quo
1472 2622 1551 2653 pacto
1568 2618 1630 2645 dein
1642 2625 1695 2648 eos.

899 2675 1001 2710 quisic
1018 2683 1047 2702 se
1072 2674 1185 2709 habent,
1212 2675 1318 2703 bonum
1345 2676 1487 2711 publicum
1514 2675 1644 2711 adjuvare
1659 2679 1689 2702 et

898 2732 1006 2759 civibus
1022 2731 1079 2759 suis
1097 2731 1178 2759 utiles
1201 2739 1262 2759 esse
1278 2733 1398 2760 dixerit?
1411 2733 1532 2761 Minime.
1560 2733 1613 2760 Sed
1645 2732 1689 2761 {ac

900 2794 930 2817 ut
952 2789 1020 2816 illud
1037 2789 1126 2817 facere
1140 2789 1258 2824 possint,
1286 2797 1353 2818 num
1370 2798 1432 2818 cum
1450 2791 1522 2819 bona
1541 2798 1591 2826 spe
1611 2791 1686 2826 juste

898 2851 926 2874 et
943 2847 1029 2882 probe
1043 2847 1148 2882 agendo
1164 2847 1326 2883 procedent,
1357 2856 1392 2877 an
1416 2847 1596 2884 iniustissima
1612 2855 1683 2884 quo-
