1890 3062
658 66 695 76 ρ

75 125 129 156 471

627 126 766 156 ORATIO
780 128 827 156 DE
850 124 965 157 REGIS
985 128 1162 159 OFFICIIS.

1649 130 1702 161 είῗὸ

74 179 147 206 οὕτω
167 178 288 214 σπουδῆς
309 179 453 214 ἀξιόχρεω,
468 179 504 211 ὡς
524 181 560 215 μὴ
581 181 660 214 μόνον
687 182 735 216 τὴν
767 182 851 208 ἄτοπο

928 191 973 210 ιοιι
995 188 1099 210 tantum
1117 184 1195 211 istam
1218 184 1393 213 venalitatem
1413 189 1442 212 ut
1458 185 1567 220 pessimi
1585 187 1702 222 exempli

72 225 190 260 ταυτηνὶ
207 225 361 260 καπηλείαν
377 225 472 261 ὥσπερ
489 226 554 260 ἄγος
571 227 622 260 τῆς
646 228 784 259 πολιτείας
809 229 866 260 ἐξε-

75 272 158 298 λάσαι
184 271 325 305 καθάπαξ,
343 272 412 298 ἀλλὰ
428 272 476 299 καὶ
489 273 570 308 νόμον
592 273 682 300 θεῖναι
711 275 805 308 μηδενὶ
819 275 866 300 τοῦ

73 315 170 343 λοιποῦ
182 316 259 342 ταῦτ’
275 315 376 348 ἐξεῖναι
392 317 528 352 παράγειν
544 318 572 348 ἐς
588 318 681 351 μέσον,
699 318 716 352 ἢ
732 318 866 344 πλείστων

73 363 237 398 χρημάτων,
251 362 302 388 ἐὰν
323 363 372 397 μὲν
393 363 501 398 ίδίωτης
519 361 547 400 ᾖ,
564 363 652 399 τούτῳ
667 364 817 398 τιμᾶσθαι·
841 365 866 390 εἰ

74 408 96 434 δ’
111 408 200 439 ἄλλως
213 408 285 443 ἔχων
296 409 343 434 καὶ
359 409 494 443 κρείττων
509 409 525 444 ἧ
539 410 627 436 ταῦτα
640 410 747 443 παθεῖν,
765 411 865 442 πάσαις

71 457 156 490 ἀραῖς
172 456 346 483 ὑποκεῖσθαι.
357 456 409 482 Δύο
423 456 477 490 γὰρ
492 457 526 483 τὰ
543 457 631 483 πάντα
647 457 757 483 κάκιστ’
771 457 866 483 ὲντεῦ·

76 501 121 526 θεν
147 501 307 534 συμϐαίνει,
330 502 359 527 τό
386 510 416 528 τε
439 502 534 534 πόλεις
561 502 671 534 ἁπάσας
696 503 743 529 καὶ
771 502 866 537 χώρας

75 546 267 581 ἑπιτρξὸεσθαι
293 548 341 574 καὶ
364 548 479 583 πάσχειν
496 548 590 580 κακῶς
612 548 666 575 ὑπὸ
681 549 793 575 τουτωνὶ
810 549 865 576 τῶν

74 593 244 627 θαυμαστῶν
268 594 415 630 ὠνητόρων
438 595 532 630 σφόδρ’
561 595 747 630 ἐπικειμένων
764 604 791 621 τε
817 597 865 622 καὶ

74 640 311 674 παρανομούντων
324 649 331 657 ·
347 642 392 668 καὶ
413 642 441 668 τί
461 642 517 677 γὰρ
534 642 564 668 οὐ
580 642 741 676 ποιούντων,
761 641 864 678 μᾶλλον

73 686 101 712 δὲ
129 686 240 713 πάντων
269 688 317 713 καὶ
338 689 426 714 ποιεῖν
448 689 495 715 καὶ
518 689 610 722 λέγειν
629 689 700 724 ὑπὲρ
715 690 763 716 τοῦ
779 690 865 716 πλείω

75 730 166 758 λαϐεῖν
190 729 229 759 ὧν
256 733 351 760 ἔδοσαν
365 733 523 765 ἀξιούντων.
536 735 567 761 τό
587 743 616 761 τε
643 735 688 761 τὸν
714 735 864 770 κρατοῦντα

74 779 185 805 πάντων
210 779 316 806 τούτων
342 780 492 807 ὑπεύθυνον
517 780 598 813 εἶναι,
613 781 653 815 τῷ
668 783 862 816 πεπρακέναι;

72 824 104 851 Ei
129 826 184 859 γὶρ
212 818 302 852 ταῦτα
333 826 383 860 μὲν
408 826 458 852 οὐκ
487 826 521 853 ἂν
547 828 670 862 ἐγεγόνει
695 827 733 863 μὴ
759 828 864 856 τούτων
881 839 900 866 Β

73 873 247 906 ἐωνημένων,
265 873 399 906 ἐώνηνται
420 871 448 899 δὲ
477 873 586 900 mutaui
613 874 789 911 βουλομένου,
803 876 816 901 ὁ
834 876 863 902 τὸ

73 919 188 954 σπέρμα
211 919 376 954 παρασχὼν,
401 919 468 955 φησὶ
491 920 678 956 Δημοσθένης,
712 917 790 952 οὗτος
816 922 864 948 καὶ

71 964 125 991 τῶν
140 965 253 998 φύντων
273 965 369 996 αἴτιος.
385 965 523 1000 Βοήθησον
537 965 627 992 τοίνυν
642 967 688 992 καὶ
708 966 800 999 σαυτῷ
816 967 863 993 καὶ

70 1013 162 1048 ἡμῖν..
182 1012 260 1046 ἡμᾶς
287 1011 338 1046 μὲν
363 1020 500 1045 τοσαυτης
526 1011 721 1047 ἐξαιρούμενος
748 1013 860 1048 βλάὸης,

71 1058 171 1093 σαυτὸν
184 1057 214 1084 δὲ
231 1057 279 1084 τοῦ
296 1066 325 1083 τε
341 1057 436 1089 κακῶς
449 1057 570 1091 ἀκούειν,
580 1058 628 1085 τοῦ
646 1067 675 1085 τε
690 1058 744 1086 τῶν
754 1059 864 1087 οἰκείων

69 1103 158 1130 ὼκεῖν
171 1101 242 1130 εἶναι
259 1103 404 1138 προδότην.

103 1149 137 1176 ad
154 1150 191 1176 Σὺ
203 1150 232 1176 δὲ
247 1150 296 1176 καὶ
312 1149 390 1176 τοῦτο
407 1151 508 1182 παντὸς
525 1150 627 1184 μᾶλλον
641 1151 769 1186 φύλαξαι,
783 1152 861 1187 βασι-

69 1196 126 1230 λεῦ,
142 1197 191 1224 καὶ
208 1197 246 1232 μὴ
261 1197 318 1228 τοῖς
337 1197 390 1231 πρδ
412 1197 460 1224 σοῦ
477 1197 618 1232 βασιλεῦσι
644 1198 734 1233 πάθῃς
750 1197 858 1230 ταυτὸν,

70 1243 137 1278 μηδὲ
164 1243 220 1270 τῶν
249 1242 408 1277 ὀπηδήποτσ
436 1243 488 1277 γῆς
513 1242 660 1278 θησαυρῷν
696 1243 859 1278 εὑρημένων

70 1289 187 1325 ἀξιώσῃς
205 1289 288 1319 αῦτδς
301 1289 363 1316 ἀντὶ
378 1289 432 1315 τῶν
451 1289 585 1323 εὑρόντων
605 1288 701 1324 κύριος
726 1288 811 1316 εἶναι·
829 1289 861 1317 ὃν

69 1342 100 1367 γε
115 1334 166 1360 καὶ
182 1332 321 1368 θησαυρὸν
335 1334 392 1365 τοῖς
411 1333 463 1358 ὑπὸ
479 1333 560 1368 χεῖρα
577 1333 679 1367 μᾶλλον
692 1332 761 1367 χρῆν
775 1329 856 1364 εἶναι,

69 1380 97 1406 τό
109 1387 139 1405 τε
163 1378 303 1409 πλείστοις
320 1378 393 1408 ὅσοις
410 1378 535 1413 χρήμασι
553 1378 756 1414 περιρρεῖσθαι,
770 1377 810 1412 τῷ
833 1377 857 1404 Θ’

69 1425 193 1456 ἅπαντας
218 1422 248 1450 εὖ
266 1424 355 1450 ποιεῖν
380 1424 428 1451 τὸν,
451 1424 560 1450 ἅπαντα
589 1424 685 1458 χρόνον
712 1423 788 1458 παρὰ
807 1422 858 1456 τῆς

69 1469 156 1504 ἀρχῆς
175 1467 354 1496 ἀπαιτεῖσθαι
368 1476 375 1483 ·
402 1467 537 1503 τοσαύτης
553 1468 608 1503 γάρ
631 1469 705 1495 ἐστιν
728 1468 855 1500 ἀτοπίας.

68 1515 105 1547 ὥς
123 1515 206 1551 μόνον
235 1515 314 1542 τοῦτο
331 1515 385 1542 τῶν
411 1515 521 1541 πάντων
552 1514 732 1550 μηδηντινοῦν
757 1514 857 1550 παραί‹
872 1512 894 1542 C

67 1571 145 1597 τησιν
161 1563 259 1597 [σχειν,
273 1560 331 1587 ἀλλ’
346 1558 418 1588 εἶναι
432 1560 562 1594 καθάπαξ
585 1560 723 1596 θεομισὲς,
738 1561 786 1588 καὶ
801 1562 857 1593 τοῖς

67 1609 165 1643 ὲκείνῳ
176 1607 289 1634 δοκοῦσι
312 1607 476 1642 μαχόμενον.
492 1606 525 1634 El.
549 1607 605 1642 γὰρ
619 1607 668 1642 οὐχ
692 1605 750 1634 οἶόν
764 1616 794 1634 τε
810 1607 858 1642 θητ

67 1656 171 1692 σαυρὸν
206 1656 236 1682 τὸ
267 1656 399 1687 παράπαν
434 1655 563 1690 εὑρέσθαι
599 1654 638 1690 μὴ
674 1654 858 1690 χορηγοῦντος

66 1702 144 1734 Θεοῦ,
155 1700 250 1727 δίδωσι
269 1701 297 1727 δὲ
313 1700 342 1726 ὃν
355 1699 388 1727 ἂν
404 1701 486 1732 αὐτὸς
502 1700 650 1736 δοκιμάσῃ,
668 1700 748 1733 ὑμεῖς
766 1699 796 1731 δὲ
810 1700 857 1726 καὶ

67 1747 143 1780 πρὶν,
169 1747 209 1778 ὡς
240 1748 339 1780 εἰπεῖν,
363 1747 545 1780 καταθέσθαι,
569 1747 681 1778 τούτους
705 1746 856 1782 ἁρπάζετε,

67 1794 126 1826 πῶς
138 1795 170 1820 οὐ
182 1795 243 1825 ταῖς
258 1793 343 1825 θείαις
356 1794 475 1829 ἀτεχνῶς
484 1793 722 1826 ἀντι-πολιτεύεσθε
735 1792 835 1828 ψήφοις
848 1801 856 1825 ;

65 1840 84 1867 ἃ
98 1842 188 1871 κεῖνος
208 1840 311 1873 ὁτῳοῦν
337 1839 391 1874 ἰδίᾳ
417 1840 549 1875 παρέσχε,
567 1840 644 1867 ταῦθ’
661 1841 742 1875 ἡμεῖς
763 1838 857 1873 βιαίως

67 1885 292 1921 σφετεριξάμενοι
306 1894 313 1901 ·
329 1885 425 1920 ὥσπερ
440 1886 493 1921 τὴν
517 1886 582 1921 νιερῖ¹
601 1885 704 1912 τούτων
721 1883 769 1911 τοῦ
787 1884 856 1911 Θεοῦ

67 1931 226 1966 διαγνώμην
255 1930 503 1965 ἐπανορθούμενοι,
535 1931 582 1958 καὶ
607 1931 687 1965 μόνον
716 1930 747 1956 οὐ
774 1930 855 1957 τοῦτο

68 1976 193 2011 βοῶντες.
208 1977 251 2004 ὅτι
268 1976 329 2004 Τῶν
341 1976 488 2012 θησαυρῶν
502 1977 569 2012 ἡμῖν
583 1977 790 2012 προσηκόντων,
806 1977 819 2003 ὁ
832 1976 856 2002 δ’

66 2023 170 2058 ἑτέροις
197 2023 320 2058 παρέσχε
335 2031 342 2039 ·
367 2023 381 2049 ὃ
405 2023 454 2049 καὶ
481 2023 615 2058 Θαυμάζω
630 2024 655 2049 εἰ
669 2024 726 2054 τοῖς
739 2022 790 2058 μὲν
809 2022 856 2056 ὑφ’

66 2069 140 2103 ὑμῶν
166 2067 198 2096 εὗ
226 2069 375 2096 πεπονθόσι
389 2069 437 2096 ἐάν
460 2078 502 2101 τις
517 2070 660 2105 ἐπηρεάζῃ
684 2069 801 2096 καὶτῶν
814 2069 856 2096 δο-

66 2116 165 2142 θέντων
176 2116 332 2150 ἁποστερῇ,
345 2115 473 2150 πολέμιον
490 2116 584 2142 τοῦτον
600 2115 722 2153 ἡγεῖσθε,
736 2115 813 2142 αὐτοὶ
826 2114 855 2147 δὲ

65 2161 98 2186 τὰ
109 2161 197 2195 χείρω
214 2158 332 2194 δρῶντες
359 2159 407 2186 καὶ
423 2159 492 2193 πρὸς
513 2159 580 2186 Θεὸν
595 2160 717 2193 ὡσπερεὶ
730 2159 776 2186 διὰ
793 2159 854 2186 τού-

64 2213 116 2232 των
142 2204 322 2238 ἀνταίροντες
350 2200 457 2239 χεῖρας,
485 2205 515 2231 οὐ
543 2204 707 2239 προτιμᾶτε.
734 2204 772 2230 Οὐ
798 2202 854 2238 γὰρ

64 2250 132 2285 ὑπὲρ
151 2249 202 2276 τοῦ
218 2250 294 2284 κοινῇ
313 2249 517 2281 λυσιτελοῦντος
532 2250 610 2276 ταῦτ’
633 2250 722 2286 ἐρεῖτε
745 2249 854 2283 λαμϐά-

62 2303 126 2328 νιιν,
137 2293 202 2321 οὐδὲ
220 2295 392 2329 στρατόπεδα
403 2296 451 2321 καὶ
464 2295 616 2329 πρεσϐείας
633 2294 681 2321 καὶ
695 2294 788 2326 πόλεις
805 2293 853 2320 καὶ

62 2343 127 2368 ἅττα
143 2341 238 2368 τοιάδε
253 2341 440 2375 προστήσεσθε
455 2349 462 2357 ι
478 2342 547 2368 ἀλλὰ
562 2342 679 2377 μάλιστα
697 2342 747 2377 μὲν
764 2341 852 2372 οὐδεὶς

61 2387 134 2422 ὑμῖν,
145 2385 237 2422 οἶμαι,
248 2386 302 2413 τῶν
312 2387 421 2416 πάντων
433 2387 562 2422 προσέξει
573 2387 618 2414 τὸν
629 2387 702 2420 νοῦν,
717 2388 750 2414 ἂν
763 2387 851 2414 ταῦτά

60 2441 91 2466 γε
110 2431 196 2467 φῆτε,
213 2432 269 2459 τῶν
283 2433 422 2468 δημοσίων
435 2433 588 2468 χρημάτων
604 2433 653 2459 καὶ
673 2433 765 2468 φόρων
779 2432 849 2468 πρὸς

60 2477 107 2513 τὴν
133 2477 240 2504 τούτων
262 2478 416 2505 συντέλειαν
437 2479 484 2506 καὶ
507 2479 686 2514 παρασκευὴν
714 2479 760 2504 καὶ
787 2478 849 2513 μάλ’

60 2522 245 2559 ἀποχρώντων
277 2523 362 2550 πάλαι
394 2533 424 2550 τε
455 2525 631 2559 τεταγμένων
673 2524 769 2551 τοῦτον
802 2524 849 2551 τὸν

61 2569 171 2605 τρόπον,
196 2570 243 2595 καὶ
261 2569 347 2596 ὄντων
368 2570 422 2603 ἀεὶ,
440 2571 486 2597 καὶ
504 2571 556 2605 τὴν,
568 2571 722 2604 ἀναγκαίαν
744 2572 850 2605 μήποτε

61 2615 161 2650 ταύτην
186 2615 384 2642 ἐκλελοιπότων
405 2616 512 2651 φοράνο
533 2613 568 2652 ἧς
583 2616 723 2648 ἀδυνάτως
746 2617 849 2643 παντά-

61 2669 142 2688 πασιν
169 2661 309 2696 taxatione,
324 2661 467 2697 θησαυροὶ,
486 2662 524 2698 τῷ
547 2671 577 2689 τε
600 2663 672 2690 κατὰ
693 2664 745 2698 γῆν
768 2664 849 2690 πάντ’

62 2705 128 2734 εἶναι
141 2707 190 2734 τὸν
207 2707 314 2742 χρόνον,
329 2708 368 2743 τῷ
386 2708 409 2735 τ’
424 2709 559 2744 ἐμφανεῖς
586 2710 752 2737 οἱστισινοῦν
769 2719 849 2745 γεγο-

25 2772 28 2776 .
63 2753 134 2785 νὰτες
161 2753 241 2786 πᾶσι,
256 2754 305 2780 καὶ
333 2753 419 2786 οὕτως
434 2755 518 2791 οὐδὲν.
535 2753 618 2790 ἦττον
646 2757 761 2790 ἀφανεῖς
777 2755 847 2784 εἶναι

64 2800 114 2831 τοῖς
129 2799 221 2830 ἄλλοις
235 2799 281 2826 καὶ
294 2799 441 2834 φανθέντες
452 2801 595 2829 λανθάνειν
608 2810 615 2818 ·
629 2801 716 2836 ὀλίγοι
729 2803 758 2830 δέ
773 2811 848 2834 τινες

65 2845 156 2880 κομιδῆ
184 2844 232 2871 καὶ
254 2845 332 2880 μόλις
354 2846 417 2873 ποτὲ
437 2846 513 2882 ἣδιὰ
540 2847 667 2875 πλείστου
692 2849 748 2880 τοῖς
764 2849 847 2880 πᾶσιν

919 247 978 268 rent
993 247 1008 267 e
1038 240 1178 274 republica
1193 240 1297 275 ejicies,
1313 240 1369 268 imo
1387 242 1472 277 legem
1505 243 1577 270 feres
1591 248 1702 270 contra-

916 297 1058 324 venientes
1072 297 1216 325 dirissimis
1232 298 1322 332 pmnis
1337 299 1540 334 subjicientem.
1559 301 1616 327 Duo
1628 300 1701 327 enim

919 353 1036 380 maxime
1055 353 1118 380 inde
1141 354 1303 388 proveniunt
1336 363 1344 381 :
1375 356 1484 382 urbium
1502 363 1533 382 ac
1558 357 1701 389 regionum

921 409 1008 438 tristis
1028 410 1118 443 ruina,
1135 411 1170 438 ab
1186 411 1342 439 inhumanis
1359 412 1418 440 istis
1436 413 1622 444 exactoribus,
1636 412 1704 447 Tqui-

915 467 967 495 bus
983 468 1050 495 nihil
1072 468 1180 500 durius.
1196 468 1303 497 eﬂ‘ecta.
1322 469 1392 502 Quid
1406 470 1479 502 enim
1496 470 1561 496 mali
1586 470 1631 497 isti
1660 470 1703 496 in-

915 529 1050 552 tentatum
1072 526 1251 560 relinquent?
1265 526 1311 561 qui
1341 526 1368 553 id
1384 535 1468 553 unum
1489 535 1536 554 ore
1561 532 1590 554 et
1617 536 1701 557 manu

915 586 1000 616 agunt
1017 586 1046 609 ut
1062 582 1124 616 plus
1141 582 1274 616 recipiant
1293 591 1373 617 quam
1394 583 1539 615 dederunt,
1558 588 1586 611 et
1606 589 1635 610 ul
1652 585 1699 618 qui

912 639 974 674 jure
990 638 1113 673 possidet
1131 639 1322 666 usurariorum
1339 639 1453 667 victima
1478 640 1580 667 cadat?
1602 640 1666 673 Quae
1678 641 1700 668 si

914 702 968 722 non
983 700 1047 722 ante
1063 696 1158 723 oculos
1173 701 1280 722 nostros
1293 696 1400 728 ﬁerent,
1413 703 1466 722 non
1480 700 1602 731 segetum
1619 695 1700 722 simul

915 758 947 779 ac
965 751 1117 783 fructuum,
1148 756 1178 778 ut
1194 751 1233 778 ait
1250 751 1458 783 Demosthenes,
1485 751 1591 785 jactura
1609 751 1702 785 deplo-

915 813 1033 835 raretur.
1046 808 1136 841 Quare
1148 809 1220 835 salve
1228 812 1257 835 et
1266 811 1292 834 te
1305 812 1333 834 et
1343 814 1408 839 nos;
1425 814 1474 834 nos
1487 806 1609 840 quidem,
1626 810 1702 832 tanto

916 866 988 893 malo
1016 864 1149 899 eripiens,
1166 870 1191 892 te
1221 864 1322 898 ipsutn,
1353 863 1453 890 bonam
1470 863 1571 890 famam
1591 869 1702 890 conser-

915 930 982 950 vans
1014 927 1042 949 et
1058 920 1178 956 perfidia:
1206 920 1392 963 suspicionem
1408 919 1549 954 rejiciens.

945 1145 993 1174 20.
1005 1146 1045 1173 Tu
1057 1153 1133 1179 vero,
1144 1153 1202 1179 rex,
1211 1147 1237 1173 id
1247 1150 1309 1174 ante
1323 1145 1414 1173 omnia
1430 1144 1544 1174 vide.ne
1561 1142 1633 1170 idem
1649 1137 1700 1166 tibi

911 1201 984 1236 quod
1000 1201 1250 1236 praedecessoribus
1267 1201 1320 1229 tuis
1333 1201 1449 1228 accidat.
1465 1199 1492 1227 Si
1511 1199 1585 1227 enim
1599 1194 1699 1224 alicubi

911 1265 1045 1287 terrarum
1076 1259 1196 1287 thesauri
1227 1259 1410 1295 reperiuntur,
1433 1262 1463 1286 tu
1494 1258 1600 1293 primus
1618 1262 1701 1283 occu-

909 1324 978 1352 pans
997 1325 1060 1345 esse
1081 1317 1176 1344 debes.
1193 1317 1246 1345 Iste
1262 1317 1335 1344 enim
1353 1316 1499 1344 thesaurus
1525 1315 1553 1342 in
1571 1316 1699 1349 promptu

909 1381 970 1401 esse
985 1373 1067 1401 debet
1082 1377 1110 1400 et
1122 1373 1196 1400 tradi
1208 1373 1307 1400 aerario
1327 1372 1416 1406 regio,
1447 1372 1519 1399 unde
1534 1371 1567 1398 ad
1596 1369 1700 1398 auxilia

907 1430 1022 1459 ferenda
1051 1438 1178 1465 promere
1194 1430 1291 1465 possis.
1318 1429 1494 1457 Contrarium
1510 1429 1584 1456 enim
1600 1427 1699 1455 absur-

912 1487 1114 1522 dum,impium
1130 1491 1173 1514 est
1187 1491 1216 1515 et
1231 1486 1292 1514 usui
1308 1491 1419 1521 recepto
1429 1490 1573 1520 repugnat.
1587 1484 1616 1511 Si
1624 1483 1698 1512 enim

910 1543 970 1570 ﬁeri
990 1550 1045 1570 non
1075 1546 1166 1578 potest
1192 1547 1223 1570 ut
1242 1542 1389 1570 thesaurus
1404 1541 1464 1568 sine
1493 1540 1541 1568 Dei
1557 1540 1699 1567 voluntate

908 1599 1076 1633 elfodiatur;
1102 1604 1129 1627 et
1145 1606 1207 1628 cum
1226 1599 1300 1627 Deus
1331 1599 1375 1626 cui
1392 1598 1451 1625 vult
1466 1596 1629 1628 distribuit,
1648 1603 1698 1623 vos

907 1662 998 1685 autem
1011 1665 1075 1684 eum
1095 1657 1139 1684 vix
1155 1656 1311 1691 depositum
1332 1655 1439 1691 rapitis,
1467 1662 1559 1682 nonne
1570 1653 1699 1681 Numinis

907 1713 991 1741 divini
1007 1713 1143 1741 voluntati
1162 1711 1328 1741 contraius?
1355 1710 1433 1744 Quod
1459 1710 1535 1738 enim
1553 1709 1624 1736 Deus
1638 1708 1698 1735 sin-

908 1770 979 1806 gulis
995 1770 1152 1805 impertitus
1165 1775 1220 1803 est,
1246 1777 1297 1796 nos
1313 1769 1340 1796 vi
1365 1768 1490 1797 adhibita
1520 1768 1548 1795 io
1570 1771 1697 1794 nostrum

906 1828 1042 1857 vertimus
1057 1835 1148 1861 usum,
1175 1827 1296 1854 divinam
1311 1826 1350 1854 sic
1364 1826 1532 1853 voluntatem
1546 1823 1696 1852 correctnri

906 1895 940 1915 ac
955 1891 1061 1919 tantum
1075 1894 1132 1913 non
1144 1886 1200 1913 alta
1222 1893 1288 1914 voce
1305 1885 1456 1914 clamantes
1469 1882 1544 1918 quod
1572 1881 1696 1908 thesauri

907 1944 971 1979 jure
984 1944 1071 1971 nostri
1080 1942 1141 1971 aliis
1153 1942 1209 1981 sint
1225 1941 1329 1970 traditi.
1344 1940 1434 1974 Quare
1450 1939 1536 1966 miror
1545 1933 1618 1974 quod
1632 1946 1695 1965 eum

907 2000 956 2035 qui
973 2000 1094 2035 aliquem
1110 2001 1271 2028 vestratium
1286 1998 1433 2026 oﬂ‘enderit
1449 1996 1554 2024 inimici
1568 1995 1630 2023 loco
1646 1994 1695 2022 ba-

907 2056 989 2088 betis,
1005 2055 1056 2090 ipsi
1070 2063 1135 2083 vero
1146 2055 1193 2090 qui
1209 2055 1303 2090 pejora
1317 2053 1481 2089 operamini,
1498 2060 1547 2087 pro
1559 2051 1622 2079 istis
1638 2058 1695 2078 ma-

874 2117 877 2120 ‘
906 2120 960 2143 nus
980 2112 1014 2139 ad
1029 2111 1116 2140 Deum
1131 2111 1284 2146 porrigitis.
1304 2110 1366 2138 Non
1379 2110 1452 2138 enim
1485 2117 1535 2144 pro
1549 2109 1623 2136 bono
1639 2115 1689 2142 pu-

907 2169 979 2206 blico
994 2169 1051 2198 haec
1065 2177 1114 2197 vos
1126 2169 1220 2197 facere
1230 2168 1332 2201 dicitis,
1346 2175 1401 2195 non
1415 2172 1445 2195 ut
1461 2166 1555 2201 legati,
1575 2166 1693 2193 militum

907 2225 992 2256 duces
1021 2226 1131 2257 urbium
1151 2218 1271 2260 praefecti
1297 2224 1430 2252 evadatis.
1459 2223 1584 2251 Attamen
1614 2229 1697 2250 nemo

905 2285 985 2313 vobis
998 2284 1057 2312 haec
1069 2283 1225 2311 dicentibus
1238 2282 1318 2310 ﬁdem
1338 2281 1459 2309 habebit.
1478 2281 1546 2308 Nam
1563 2279 1626 2307 inde
1657 2279 1693 2306 ab

904 2341 980 2369 omni
996 2345 1118 2375 tempore
1134 2339 1251 2374 pecunia
1268 2338 1413 2365 tributaria
1436 2338 1462 2364 in
1477 2338 1606 2364 aerarium
1622 2336 1696 2362 redi-

903 2397 959 2427 bat.
971 2400 999 2423 et
1025 2403 1164 2430 nunquam
1187 2393 1329 2429 vectigalia
1352 2393 1420 2421 solvi
1446 2397 1599 2420 cessarunt.
1620 2391 1693 2419 The-

902 2453 979 2481 sauri
1003 2453 1087 2488 igitur
1104 2452 1208 2486 ubique
1220 2455 1353 2479 terrarum
1364 2455 1392 2478 et
1410 2449 1486 2479 nullo
1501 2457 1555 2476 non
1569 2453 1696 2483 tempore

903 2509 931 2536 in
955 2509 1105 2536 manifesto.
1115 2513 1143 2536 et
1156 2508 1186 2536 in
1198 2508 1308 2536 occulto
1327 2514 1390 2535 esse
1406 2510 1521 2542 possunt
1541 2505 1613 2541 apud
1631 2513 1693 2533 om-

903 2573 960 2592 nes.
975 2564 1146 2592 Thesaurum
1172 2565 1264 2598 itaque
1288 2563 1423 2591 incertum
1440 2562 1502 2598 quis
1528 2562 1562 2589 ad
1589 2562 1694 2595 bonum.

899 2629 1047 2649 commune
1064 2620 1198 2656 prolicere
1211 2620 1362 2648 declarabit
1375 2620 1386 2647 τ
1400 2619 1460 2654 Quo
1472 2624 1551 2655 pacto
1568 2619 1630 2646 dein
1642 2626 1695 2649 eos

899 2677 1002 2712 quisic
1019 2684 1048 2705 se
1072 2676 1185 2711 habent,
1211 2677 1318 2705 bonum
1346 2678 1487 2713 publicum
1514 2677 1644 2713 adjuvare
1659 2680 1690 2704 et

899 2734 1006 2762 civibus
1022 2734 1080 2761 suis
1097 2734 1178 2761 utiles
1202 2741 1263 2761 esse
1278 2734 1398 2762 dixerit?
1411 2735 1533 2763 Minime.
1561 2734 1614 2762 Sed
1646 2733 1691 2762 {ae

900 2796 930 2820 ut
953 2791 1020 2819 illud
1037 2791 1127 2819 facere
1140 2790 1259 2826 possint,
1287 2799 1353 2819 num
1371 2799 1433 2820 cum
1451 2792 1523 2820 bona
1542 2800 1591 2828 spe
1611 2792 1686 2827 jnste

899 2854 927 2877 et
943 2849 1029 2885 probe
1044 2849 1149 2884 agendo
1164 2848 1327 2884 procedent,
1358 2857 1393 2878 an
1417 2849 1596 2886 iniustissima
1612 2857 1683 2886 quo-
