1890 3062
202 108 256 141 195

232 533 358 561 50.lllud
379 542 490 570 quoque
519 535 632 570 insuper
661 535 776 563 dixerim
808 536 881 571 quod
911 536 982 563 bona

199 589 301 617 malave
320 599 372 625 qua
388 591 505 618 fruimur
530 591 600 618 fama
616 599 700 626 penes
728 600 776 620 nos
791 593 864 628 ipsos
877 598 916 621 est
931 601 939 627 ;
954 601 983 621 re

196 644 270 671 enim
290 652 355 671 vera
367 644 500 672 alterutra
519 645 600 672 nobis
614 645 738 681 obtinget
755 651 836 680 prout
851 647 981 674 virtutem

198 705 245 728 aut
262 701 455 736 amplectimur
471 709 520 730 seu
532 709 692 730 aversamur
704 711 712 735 ;
722 710 801 737 quam
820 707 880 730 utut
893 711 922 731 se
937 711 981 732 ΓΕΒ

200 758 342 786 habebunt
360 758 434 793 apud
450 765 546 786 omnes
558 758 665 786 obviam
680 758 780 787 habere
794 759 982 787 desideramus

195 815 311 842 honoris
321 823 352 842 ac
364 815 504 850 dignitatis
513 815 609 850 gratia.
619 815 754 843 Virtutem
764 815 837 842 enim
846 820 981 850 quatenus

196 871 243 899 Dei
258 871 326 899 socii
340 879 355 898 a
369 870 504 906 principio
519 878 627 904 sumus,
646 878 695 906 per
712 876 795 899 totam
810 872 892 899 vitam
904 878 983 898 exer-

195 935 257 955 cere
279 927 422 960 debemus,
454 931 483 955 ut
510 931 636 954 naturam
659 935 719 962 quae
730 927 758 955 in
773 927 854 955 nobis
868 931 910 955 est
938 927 981 954 di-

195 983 286 1011 vinam
301 991 514 1019 regeneremus,
530 985 624 1019 sicque
635 985 720 1012 Deum
750 992 829 1020 quem
855 984 980 1012 indolen-

194 1045 237 1069 ter
255 1046 366 1074 agentes
380 1042 561 1077 perdidimus,
578 1042 606 1070 in
622 1043 703 1070 nobis
719 1047 873 1070 restaurare
891 1041 982 1069 valea-

198 1105 269 1124 mus.
289 1097 357 1124 Cum
370 1097 453 1132 igitur
469 1098 558 1125 virtus
574 1097 724 1132 unicuique
748 1097 903 1124 necessaria
933 1097 980 1131 sit,

195 1160 251 1182 tum
265 1163 312 1182 rex
324 1156 436 1183 miinine
449 1163 481 1183 ea
500 1163 594 1182 carere
607 1155 716 1190 poterit,
734 1155 780 1190 qui
797 1155 867 1182 sicut
884 1154 978 1182 habitu

191 1217 307 1241 externo
315 1212 453 1247 praecellit,
468 1212 504 1241 ita
517 1212 617 1240 virtute
626 1211 748 1239 eminere
758 1211 850 1238 debet.
863 1210 897 1238 Ut
906 1210 979 1238 enim

193 1269 315 1295 omnium
332 1268 485 1296 ditissimus
497 1272 550 1301 est,
567 1268 607 1295 sic
632 1268 752 1303 optimus
777 1274 886 1302 quoque
916 1274 977 1294 esse

192 1324 252 1360 ejus
271 1324 334 1357 erit,
348 1324 393 1359 qui
407 1328 536 1352 caeterum
559 1323 648 1362 ips-um
661 1323 824 1358 exemplaris
839 1323 925 1350 instar
939 1322 980 1349 in-

194 1385 307 1408 tuentur
322 1387 353 1407 ac
380 1387 472 1407 mores
501 1379 651 1407 secundum
678 1378 767 1413 ipsum
796 1381 978 1412 componunt.

195 1437 290 1471 Qualis
304 1438 386 1473 igitur
402 1443 429 1464 tu
444 1437 503 1472 ipse
517 1437 583 1469 eris,
597 1436 666 1464 tales
679 1435 770 1463 caeteri
789 1442 897 1470 quoque
919 1434 979 1460 imi-

192 1495 274 1522 tando
288 1502 350 1522 esse
362 1495 465 1522 volent.
487 1494 547 1521 Non
560 1493 633 1521 enim
646 1492 786 1520 modestus
799 1497 916 1524 tantum,
931 1491 978 1518 sed

190 1553 311 1588 optimus
321 1559 382 1580 esse
393 1559 444 1580 nec
455 1558 539 1586 pravo
554 1549 680 1585 exemplo
698 1549 781 1576 urbes
793 1548 852 1576 solo
870 1554 978 1582 :equare

190 1616 349 1644 pra'sumes.
370 1607 398 1635 Si
418 1607 490 1635 enim
508 1614 604 1634 verum
625 1611 666 1633 est
700 1605 772 1640 quod
802 1604 878 1631 Plato
895 1602 975 1634 dixit.

188 1672 217 1693 et
237 1673 303 1694 sane
316 1672 411 1692 verum
439 1668 491 1696 est,
508 1663 581 1699 quod
596 1663 722 1691 civitates
739 1662 810 1688 bene
829 1668 858 1687 se
890 1659 978 1687 habe-

190 1724 259 1750 bunt
272 1723 320 1750 ubi
332 1727 380 1750 aut
399 1721 559 1757 philosophi
590 1723 714 1756 regnant,
736 1723 784 1746 aut
800 1725 878 1753 reges
906 1720 972 1744 sunt

189 1777 359 1814 philosophi.
382 1777 497 1805 infitiari
525 1784 579 1804 non
598 1782 742 1811 possumus
769 1774 836 1810 quin
852 1773 897 1801 ubi
925 1781 973 1800 rex

190 1842 291 1869 pravus
303 1838 355 1866 est,
367 1834 492 1862 civitates
502 1840 610 1869 quoque
627 1831 783 1860 necessario
796 1830 867 1858 male
880 1837 909 1858 se
924 1829 973 1857 ha-

189 1891 289 1920 biturae
301 1892 367 1920 sint.

811 114 1007 144 THEODULI
1024 114 1199 145 MONACHI

995 174 1015 201 Α
1030 172 1242 208 διορθώσασθαι.
1261 173 1290 199 Εἰ
1310 172 1361 208 γὰρ
1376 172 1404 199 τὸ
1419 172 1472 198 τῶν
1487 171 1646 207 κατηγόρων
1659 172 1755 207 χρῆμα
1769 181 1822 206 μι-

1735 92 1823 146 ἰπ

1036 220 1122 245 σεῖται
1135 219 1179 245 διὰ
1203 219 1252 252 τὴν
1269 219 1376 254 αἵρεσιν
1391 218 1438 245 καὶ
1458 218 1488 245 τὺ
1506 218 1556 253 τῆς
1578 218 1691 253 γνώμης
1709 217 1821 252 οὒκΙεῦ,

1035 263 1103 290 ἀλλὰ
1116 264 1164 290 καὶ
1177 263 1232 290 τῶν
1245 264 1336 295 κακῶς
1355 264 1514 298 ἀκηκοότων
1528 263 1602 290 ἐστιν
1619 260 1659 294 οἷς
1675 263 1747 290 τοῦτ’
1759 263 1822 289 ἔστι

1035 310 1103 344 πρὸς
1114 310 1236 343 κέρδους,
1251 310 1330 345 εἴπερ
1346 310 1428 342 ἔστιν,
1439 310 1476 342 ὡς
1491 310 1580 343 λόγος,
1595 310 1642 336 καὶ
1657 309 1702 336 ὑπ’
1713 309 1821 344 ἐχθρῶν

1036 356 1216 391 ὠφελεῖσθαι·
1244 358 1308 388 τούς
1323 366 1352 384 τε
1373 357 1427 392 γὰρ
1455 356 1581 391 ἀσέμνως
1599 355 1724 390 βιοῦντας
1765 356 1823 381 σώ-

1037 410 1138 436 φρονας
1152 403 1198 429 καὶ
1210 404 1340 437 κοσμίους
1356 403 1418 433 τοὺς
1435 403 1578 433 πλείστους
1598 401 1721 428 ἐντεῦθεν
1743 401 1823 427 ἔστιν

1036 449 1115 475 ἰδείνσ
1132 448 1194 480 τούς
1213 457 1242 474 τε
1266 449 1428 480 σπουδαίους
1462 448 1689 483 ἀσφαλεστέρους,
1711 448 1823 482 ὑφορω-

1034 495 1131 529 μένους
1143 494 1178 520 τὰ
1190 494 1301 520 τοιαῦτα
1319 494 1451 529 στόματα.

1070 539 1103 567 λ’.
1123 539 1201 573 Παρὰ
1214 539 1302 566 πάντα
1317 540 1344 566 δὲ
1359 539 1445 566 ταῦτα
1465 539 1553 566 ἐκεῖνο
1567 539 1648 573 λέγω,
1672 538 1710 569 ὡς
1723 537 1753 564 τὺ
1769 545 1822 564 κα-

1034 584 1117 621 λῶςῆ
1145 586 1237 616 κακῶς
1254 585 1363 612 ἀκούειν
1392 585 1438 611 καὶ
1460 585 1608 619 τυγχάνειν
1633 583 1778 618 εὐφημιῶν
1803 583 1821 618 ἢ

1036 632 1073 668 μὴ
1101 633 1247 666 παρ’ήμίν
1270 631 1387 666 μάλιστα
1412 632 1519 658 κεῖται·
1538 631 1584 657 καὶ
1606 630 1709 657 τούτων
1735 630 1820 664 ἡμεῖς

1034 677 1112 704 αὐτοὶ
1125 676 1223 711 κύριοι,
1240 675 1460 711 ἀντιποιούμενοι
1474 685 1505 702 τε
1521 675 1631 711 ἀρετῆς,
1652 676 1700 701 καὶ
1714 675 1821 708 ταύτης

1034 723 1068 750 αὖ
1085 722 1256 757 ἀλογοῦντες,
1286 722 1319 758 ἢν
1342 722 1532 755 ἀπαιτούμεθα
1558 723 1607 757 μὲν
1631 721 1751 752 ἅπαντες
1771 721 1821 748 ἆν-

1034 770 1138 804 θρωποι
1164 769 1207 796 διὰ
1227 769 1276 804 τὴν
1289 769 1338 804 τῆς
1362 770 1466 801 εἰκόνος
1489 769 1611 802 ἀξίωσιν,
1637 769 1683 795 καὶ
1698 769 1729 795 τὸ
1744 776 1821 794 τετι-

995 834 1018 864 B
1036 816 1137 851 μῆσθαι
1150 824 1158 832 ο
1189 815 1249 842 καθ’
1269 816 1302 851 ἣν
1324 815 1356 850 δὴ
1373 816 1419 842 καὶ
1437 817 1559 847 κοινωνοὶ
1581 815 1650 842 Θεοῦ
1675 816 1820 849 γεγονότες

1032 860 1191 896 τοεξαρχῆς,
1217 861 1339 895 ἀνάγκην
1355 860 1453 896 ἔχομεν
1477 861 1562 896 δήπου
1577 861 1621 888 διὰ
1643 860 1701 895 βίου
1717 861 1819 892 παντὸς

1032 909 1144 941 ταυτηνὶ
1172 907 1312 941 μετιέναι·
1328 908 1376 934 καὶ
1400 907 1545 942 πειρᾶσθαι
1572 907 1615 933 διὰ
1639 907 1757 939 πάντων,
1777 907 1819 939 ὡς

1031 951 1087 979 οἷόν
1101 961 1141 984 τε,
1168 953 1197 979 τὺ
1211 953 1240 979 ὲν
1264 954 1329 988 ἡμῖν
1343 953 1413 980 θεῖον
1438 954 1549 988 ἀνάγειν
1573 954 1619 981 ἐπὶ
1642 954 1819 988 πρωτόγονον

1032 999 1117 1025 θεῖον·
1131 999 1163 1025 ἵν’
1180 999 1208 1025 ὃν
1224 999 1267 1026 διὰ
1282 999 1418 1035 ῥᾳθυμίας
1435 1000 1616 1035 ἀπωλέσαμεν
1631 1000 1704 1035 οἴμοι
1716 1001 1722 1027 l
1735 1001 1816 1034 Θεὸν,

1031 1044 1125 1071 τοῦτον
1151 1044 1183 1072 αὖ
1200 1045 1244 1071 διὰ
1269 1046 1386 1081 σπουδῆς
1412 1046 1500 1080 εὑρεῖν
1524 1046 1702 1081 δυνηθῶμεν·
1728 1046 1817 1078 οὕτως

1032 1091 1132 1126 ἀρετῆς
1163 1091 1316 1126 ὲξανάγκης
1335 1093 1420 1119 ἅπασι
1443 1093 1503 1119 δεῖν
1523 1092 1630 1127 βασιλεῖ
1655 1092 1747 1127 μέντοι
1768 1093 1818 1119 καὶ

1032 1137 1123 1173 πολλῷ
1140 1137 1232 1165 πλέον.
1249 1138 1333 1166 ὀσον
1357 1140 1412 1174 γὰρ
1427 1139 1554 1166 ἁπάντων
1569 1139 1640 1166 κατὰ
1665 1139 1695 1166 τὸ
1720 1139 1817 1173 σχῆμα

1031 1183 1155 1218 προέχει,
1171 1183 1283 1210 τοσοῦτο
1298 1185 1357 1211 κατ’
1369 1184 1468 1220 ἀρετὴν
1478 1185 1559 1211 αὐτὴν
1571 1185 1700 1220 προῦχειν
1714 1185 1815 1220 χρεών·

1031 1231 1078 1257 καὶ
1095 1229 1131 1264 μὴ
1146 1230 1186 1256 ὅτι
1214 1230 1303 1256 πάντα
1316 1230 1349 1257 τὰ
1373 1231 1482 1258 πάντων
1497 1231 1578 1258 αὐτὸν
1605 1231 1687 1265 μόνον
1713 1233 1816 1266 κεκτῆ-

1032 1276 1105 1309 σθαι,
1123 1276 1190 1303 ἀλλὰ
1202 1276 1248 1303 καὶ
1260 1277 1367 1304 πάντων
1379 1277 1406 1303 ἐν
1420 1277 1504 1305 ἅπασι
1521 1277 1658 1312 βέλτιστον
1670 1276 1751 1311 εἶναι,
1767 1279 1816 1306 ἅτε

1032 1322 1140 1349 πάντων
1152 1323 1192 1354 εἰς
1221 1323 1301 1349 αὐτὸν
1325 1323 1363 1354 ὼς
1390 1324 1429 1355 εἰς
1457 1324 1614 1358 ἀρχέτυπον
1637 1325 1814 1360 ἀφορώντων,

1032 1369 1159 1396 κάκεῖθεν
1174 1369 1207 1396 τὰ
1234 1369 1341 1405 σφέτερ’
1364 1369 1454 1396 αὐτῶν
1481 1371 1677 1399 καθιστάντων.
1698 1371 1742 1403 Ὠς
1767 1371 1815 1399 οὖν

1030 1415 1120 1446 ὁποῖός
1137 1415 1196 1441 ποτ’
1210 1415 1242 1442 ἂν
1259 1413 1292 1450 ἧς
1312 1415 1405 1448 αὐτὸς,
1423 1415 1552 1442 τοιούτων
1567 1416 1599 1443 ἄν
1618 1425 1658 1443 σοι
1683 1418 1730 1444 καὶ
1748 1418 1816 1444 πάν-

1031 1470 1084 1487 των
1100 1460 1316 1495 καθεστηκότων,
1333 1462 1380 1487 καὶ
1399 1461 1435 1492 ὡς
1452 1461 1502 1496 οὐχ
1517 1462 1588 1496 ὑπὲρ
1613 1462 1695 1494 αὐτὸς
1713 1463 1814 1489 σαυτοῦ

991 1515 1015 1545 C
1034 1506 1136 1540 μᾶλλον
1159 1506 1175 1541 ἢ
1191 1507 1243 1532 τῶν
1263 1506 1350 1533 ἄλλων
1372 1507 1499 1533 ἁπάντων
1518 1508 1595 1541 λόγον
1619 1508 1738 1542 ὑφέξων,
1755 1508 1815 1534 ἑθε-

1028 1552 1121 1587 λήσεις
1129 1551 1160 1579 εὖ
1173 1551 1221 1579 οἷδ’
1232 1553 1273 1578 ὅτι
1285 1553 1331 1579 καὶ
1344 1552 1425 1584 αὐτὸς
1440 1553 1484 1579 διὰ
1498 1553 1607 1580 πάντων
1622 1554 1759 1588 βέλτιστος
1772 1552 1814 1581 εἷ-

1028 1607 1083 1630 ναι,
1095 1598 1217 1630 καὶτοὺς
1233 1599 1330 1630 ἄλλους
1344 1599 1479 1630 τοιούτους
1497 1599 1527 1634 δή
1547 1608 1622 1631 τινας
1638 1600 1736 1635 ἴσχειν,
1753 1601 1812 1627 ἀλλ’

1028 1646 1059 1672 οὗ
1073 1645 1157 1681 κακίᾳ
1185 1645 1275 1677 συζῶν
1299 1645 1489 1681 διεφθαρκέναι
1511 1648 1560 1678 τὰς
1577 1647 1680 1678 πόλεις.
1709 1648 1740 1674 Εἰ
1759 1649 1814 1683 γὰρ

1028 1692 1131 1727 ἀληθής
1145 1693 1217 1719 ἐστιν
1235 1692 1249 1718 ὁ
1263 1691 1308 1719 τοῦ
1321 1692 1462 1724 Πλάτωνος
1478 1693 1566 1727 λόγος,
1577 1693 1671 1729 ὥσπερ
1683 1692 1730 1721 οὖν
1742 1696 1814 1728 ἑτι-τι²

1027 1738 1058 1764 τδ
1077 1737 1126 1769 τὰς
1149 1738 1240 1769 πόλεις
1258 1737 1328 1771 ἄγαν
1344 1738 1562 1773 εὐδαιμονήσειν,
1584 1740 1647 1765 ὅταν
1665 1739 1680 1773 ἢ
1705 1739 1814 1774 φιλόσο-

1029 1793 1074 1819 φοι
1090 1785 1296 1820 βασιλεύσωσιν,
1312 1784 1328 1820 ἢ
1346 1784 1465 1819 βασιλεῖς
1487 1785 1700 1820 φιλοσοφήσωσι,
1719 1787 1814 1813 τουτέ-

1030 1839 1072 1856 στι
1091 1829 1249 1864 θαυμαστοῦ
1264 1839 1336 1862 τινος
1358 1830 1390 1856 ἂν
1407 1830 1450 1857 διὰ
1471 1831 1579 1857 πάντων
1595 1832 1815 1866 προστατοῦντος

1030 1875 1175 1910 λαχούσας,
1197 1873 1270 1910 ἦπου
1289 1884 1319 1910 γε
1341 1876 1394 1902 πᾶν
1419 1876 1583 1909 τούναντίον,
1610 1877 1674 1902 ὅταν
1700 1877 1714 1903 ὁ
1733 1877 1814 1911 βασι-

1027 1921 1113 1948 λεύων
1129 1921 1230 1956 φαῦλός
1251 1931 1292 1953 τις
1309 1920 1336 1957 ᾖ,
1360 1923 1406 1948 καὶ
1423 1913 1525 1955 ταύτας
1545 1922 1583 1954 ὡς
1604 1922 1722 1949 κάκιστα
1742 1923 1814 1956 ἕξειν

1028 1971 1102 1996 πᾶσα
1119 1970 1237 2004 ἀνάγκη.
1458 1969 1463 1973 ’

749 2036 1790 2049 _________.___.___——____.______

835 2110 948 2154 ΤΟΥ
988 2107 1173 2151 ΑΥΤΟΥ

648 2203 846 2269 ΠΕΡΙ
886 2193 1351 2264 ΠΟΛΙΤΕΙΑΣ

909 2308 1106 2352 ΛΟΓΟΣ.

875 2444 1138 2490 EJUSDEM

924 2534 1071 2566 ORATlO

307 2564 470 2693 ‘DE
537 2564 1149 2695 SUBDIToRUM
1214 2609 1644 2688 OFFICIIS.

225 2788 251 2815 1.
271 2787 444 2822 Qumcunquc
459 2785 492 2812 de
518 2785 682 2821 imperatore
699 2786 802 2820 optimo
819 2789 843 2809 «ιι
860 2791 968 2810 summe

189 2832 346 2862 venerando
361 2833 413 2861 dici
438 2833 618 2861 conveniebat
632 2853 638 2865 ,
657 2832 765 2867 qualem
792 2839 888 2863 nempe
912 2838 971 2856 esse

1063 2784 1097 2808 α’.
1111 2781 1150 2806 -Ἃ
1172 2780 1220 2814 μὲν
1237 2778 1283 2806 οὖν
1302 2780 1417 2814 ἀρίστου
1439 2780 1502 2814 πέρι
1521 2780 1568 2805 καὶ
1586 2779 1744 2813 θαυμαστοῦ
1762 2777 1808 2812 βει-

1024 2829 1120 2859 517.31»;
1137 2828 1218 2861 φάναι
1236 2827 1367 2862 προσῆκε,
1385 2828 1431 2853 καὶ
1447 2825 1502 2853 οἷον
1515 2827 1586 2858 εἰκὸς
1598 2825 1666 2854 εἶναι
1682 2828 1726 2853 τὸν
1742 2828 1806 2852 τεάν-
