1890 3062
179 157 232 188 539
791 156 994 186 TIIEODULI

977 221 998 247 Α

207 302 254 330 25.
269 302 439 337 Pauperibus
457 301 521 328 dein
539 306 567 328 et
581 301 714 329 divitibus
736 306 832 328 auctor
846 309 907 329 sum
933 310 968 330 ne

174 359 245 386 ﬁlios
263 359 289 386 in
309 358 467 393 arte‘aliqua
483 357 660 385 instrnendos
678 357 786 385 tradant
807 358 967 392 priusquam

175 423 190 441 a
207 420 300 442 tenera
316 419 394 441 aetate
417 413 536 441 Litteras
549 421 644 442 sacras
654 413 801 441 didicerint
817 418 846 441 et
858 415 898 442 sic
909 415 968 442 ani-

176 477 250 496 mum
263 469 443 504 spiritualiter
458 470 634 497 nutriverint.
660 470 705 497 Sic
722 469 795 497 enim
822 470 901 497 bonae.
927 471 968 497 in-

173 526 243 553 dolis
262 526 395 553 beneﬁcio
408 526 478 554 bene
494 526 528 553 (le
544 526 578 553 iis
593 533 704 561 sperare
721 531 851 560 poterunt
869 534 967 561 paren-

175 585 226 612 tes,
235 581 383 608 dmumodo
396 580 446 615 ipsi
460 585 643 616 coopercntur
652 582 723 608 idem
736 583 814 616 quasi
827 587 966 610 certamen

174 636 302 664 ineuntes
325 641 355 664 ut
370 638 452 663 tinem
469 637 636 664 laudabilem
647 638 850 672 attingant-,sin
864 638 966 670 minus,

174 690 272 718 saltem
289 690 316 717 in
331 690 428 717 litteris
445 694 473 717 et
492 691 598 718 artibus
623 691 758 719 elementa
783 692 966 727 dogustarint,

174 744 246 772 bene
260 746 382 780 persuasi
398 746 472 780 quod
487 747 582 774 isthme
594 747 626 774 ad
643 747 711 775 bene
724 747 869 775 vivendum
883 749 968 783 pluri-

175 808 250 828 mum
267 802 467 835 contribuunt,
488 803 639 838 prtesertim
660 803 707 830 ubi
729 803 881 831 litterarum
909 811 967 832 stu.

176 856 252 883 dium
276 856 382 884 artibus
410 858 572 885 associatur.
603 858 649 886 Sic
675 858 858 887 Athenienses
893 860 963 887 lilins

176 912 245 939 mari
263 913 466 947 assuescebant,
491 919 520 941 ut
547 915 615 942 artis
643 916 779 943 maritimi:
809 903 1004 950 peritissimiB

177 969 283 996 ﬂerent.
292 968 346 996 Nos
356 969 492 1005 praecipue
505 978 570 998 vero
585 971 632 1006 qui
643 971 746 999 Christi
758 972 856 999 fratres
872 980 967 1000 sumus

178 1026 207 1050 et
222 1023 268 1058 qui
285 1025 444 1059 praclarum
460 1034 492 1053 ac
516 1026 671 1054 mirandmn
681 1035 782 1054 nomen
792 1027 967 1055 Christiano-

179 1087 242 1107 rum
258 1088 460 1116 nuncupamus.
483 1091 537 1110 non
553 1088 657 1111 tantum
674 1084 768 1111 istbmc
785 1089 848 1112 ante
878 1084 969 1112 omnia

178 1137 269 1165 facere
279 1143 307 1165 et
322 1138 391 1166 ﬁlios
401 1144 511 1167 nostros
527 1148 685 1168 assuescere
708 1141 852 1175 debemus,
871 1142 919 1169 sed
935 1146 964 1168 ut

180 1195 289 1223 initium
302 1200 329 1223 et
355 1196 435 1224 linem
451 1198 644 1232 operationum
666 1202 822 1226 nostrarum
847 1198 960 1226 intueri.

182 1252 229 1279 Sic
243 1253 316 1280 enim
334 1253 507 1288 potissimum
531 1262 728 1290 cognoscemus
742 1256 789 1291 qui
805 1256 892 1283 simus
907 1265 915 1289 ;
930 1257 972 1284 sic

180 1311 312 1339 virtutem
337 1312 532 1347 amplectemur
554 1318 582 1340 et
608 1313 798 1341 exercebimus
821 1313 972 1341 secundum

181 1368 282 1395 excelsi
296 1367 419 1396 doctoris
439 1369 609 1396 mandatum.
626 1368 678 1401 Qui
703 1369 788 1400 enim,
806 1373 836 1395 ut
858 1369 972 1406 debent,

182 1426 288 1452 artibus
302 1425 458 1454 ediscendis
477 1433 588 1460 operam
609 1430 711 1453 navant
728 1430 756 1453 et
778 1425 894 1453 feliciter
909 1433 974 1460 pro-

182 1482 354 1517 grediuntur.
388 1482 421 1509 iis
433 1483 527 1509 datum
551 1487 593 1509 est
608 1482 642 1508 ad
666 1489 804 1509 summum
832 1481 973 1516 fastigium

183 1538 334 1566 ascendere
349 1542 377 1565 et
391 1538 497 1566 caeteris
512 1538 640 1565 omnibus
654 1537 747 1573 gloria:
764 1538 884 1572 palmam
900 1545 974 1571 prae-

183 1597 286 1631 ripere.
299 1596 369 1629 Quia
388 1595 462 1622 enim
488 1595 514 1622 in
532 1595 609 1622 libris
622 1595 766 1622 historiam
789 1598 977 1630 cognoverunt
990 1585 1013 1615 (ἶ

184 1650 220 1677 de
247 1655 399 1684 temporum
431 1655 458 1677 et
483 1650 606 1677 locorum
632 1650 837 1685 opportunitate
865 1649 977 1685 quando

185 1707 257 1734 bella
279 1711 343 1734 sunt
370 1706 486 1742 gerenda
509 1711 680 1742 cognoscunt
708 1708 866 1742 optimeque
886 1707 977 1734 sciunt

185 1768 282 1791 contra
297 1772 366 1799 quos
390 1764 591 1797 dimicandum,
603 1770 631 1792 et
645 1769 740 1792 contra
757 1772 827 1798 quos
851 1771 906 1791 non
924 1768 975 1795 est,

185 1826 214 1848 et
230 1821 303 1856 quod
324 1821 450 1850 faciendo
467 1827 514 1848 aut
531 1822 649 1848 victores
671 1825 720 1848 aut
734 1820 904 1848 vietiernut.
923 1819 975 1853 Qui

187 1887 289 1911 autem.
311 1880 402 1908 minus
416 1880 488 1907 bene
500 1880 632 1911 instituti,
653 1879 691 1906 nil
709 1878 761 1906 nisi
783 1886 857 1905 arma
875 1877 977 1909 sciunt.

187 1938 206 1965 ii
220 1938 338 1964 ferarum
350 1937 431 1964 modo
445 1936 471 1963 in
484 1935 730 1964 deliberationibus
745 1939 773 1962 et
786 1935 814 1962 in
831 1933 979 1969 pugnando

187 2003 264 2030 aeque
277 1994 481 2030 praecipitanter
495 1998 587 2028 agunt.
600 1998 628 2020 et
643 1997 734 2020 tamen
749 1992 850 2026 sacpius
861 1990 979 2017 victores

188 2053 333 2084 recedunt.
355 2053 382 2079 in
402 2059 467 2085 pace
485 2051 578 2078 rudes.
594 2050 744 2085 Eurydices
755 2049 911 2083 exemplum
929 2047 981 2074 mi-

191 2109 318 2140 randum,
333 2109 387 2135 imo
403 2108 563 2134 imitandum
578 2107 710 2141 reperias,
726 2113 788 2140 qua),
804 2112 866 2131 cum
878 2103 982 2131 liberos

189 2176 256 2196 suos
278 2168 377 2194 mirum
413 2166 440 2193 in
469 2165 580 2192 modum
603 2153 730 2194 amaret,
761 2160 983 2194 sapientiamque

190 2232 286 2252 eorum
311 2223 410 2251 animis
438 2221 582 2250 infundere
599 2224 724 2256 cuperet,
741 2219 871 2253 magistro
891 2222 983 2244 amoto

190 2282 248 2315 ipsa
264 2280 330 2315 ipsis
351 2279 481 2313 magistra
498 2284 558 2305 esse
589 2276 686 2307 voluit,
702 2275 775 2310 quod
794 2281 856 2301 cum
880 2281 929 2308 per
942 2273 983 2300 fe-

191 2337 293 2364 minam
311 2336 442 2372 illyricam
470 2334 672 2368 barbaramque
691 2331 785 2366 perﬁci
801 2338 854 2357 non
882 2335 983 2364 posset,

193 2401 246 2420 una
263 2399 325 2419 cum
341 2392 411 2418 natis
424 2389 615 2418 adolescentiae
629 2388 718 2416 studia
735 2386 894 2419 renovavit;
911 2386 983 2421 quod

193 2449 304 2483 quidem
319 2447 388 2475 adeo
403 2447 472 2474 bene
491 2446 585 2478 cessit,
603 2450 631 2472 ut
663 2444 749 2471 musis
765 2444 849 2470 hocce
871 2450 984 2469 carmen

195 2503 327 2532 obtulerit
343 2509 372 2531 ut
384 2509 411 2532 et
427 2511 477 2538 pro
490 2511 518 2530 se
533 2503 590 2537 ipsa
609 2502 710 2537 gratias
724 2506 815 2536 ageret
830 2505 858 2528 et
870 2506 984 2528 cmtcros

197 2566 324 2589 moneret
340 2565 370 2588 ut
391 2567 497 2588 summo
509 2566 572 2586 cum
597 2559 695 2586 ardore
709 2559 859 2586 liberornm
883 2558 986 2585 educa-

199 2619 267 2648 tioni
287 2618 488 2646 incumberent.
504 2616 554 2644 Est
571 2621 663 2645 autent
682 2615 874 2652 hujuscemodi
889 2623 895 2641 :

1015 157 1143 189 MONAC
1149 159 1190 188 HI
1761 157 1824 190 560

1014 217 1173 251 ἀποκλίνας,
1208 218 1312 254 ὑπέρου
1342 217 1510 253 γυμνότερος
1539 218 1569 245 ὲν
1599 217 1696 253 βραχεῖ
1723 225 1823 244 κατα-

1022 264 1114 298 σταίη,
1137 265 1173 299 μὴ
1196 265 1275 299 λόγον
1296 266 1379 300 ἴσχων
1397 264 1599 300 σωφρονιστὴν.

1031 311 1035 314 ’
1059 311 1111 345 κγ’.
1130 311 1214 337 Ταῦτ’
1227 311 1282 346 ἄρα
1297 314 1344 339 καὶ
1359 313 1458 346 πένησι
1475 311 1523 338 καὶ
1546 311 1687 341 πλουσίοις
1707 309 1824 336 κελεύω

1021 359 1058 394 μὴ
1076 359 1208 394 πρότερον
1230 358 1270 389 είς
1292 359 1391 393 τέχνας
1414 358 1446 393 δή
1464 365 1540 389 τινας
1556 358 1621 388 τοὺς
1637 357 1705 388 υἱεῖς
1722 365 1822 390 παρα-

1019 405 1152 439 πέμπειν,
1168 403 1232 438 πρὶν
1248 404 1281 430 ἂν
1297 404 1397 435 αὐτοὺς
1413 403 1495 438 ἄχρις
1511 403 1594 438 ἥϐης,
1609 403 1624 437 ἢ
1641 403 1688 429 καὶ
1710 402 1821 437 μικρὸν

1021 453 1074 484 πρὸ
1094 451 1144 485 τῆς
1168 451 1249 486 ἥῦης,
1264 451 1430 485 γράμμασιν
1451 450 1532 485 ἱεροῖς
1562 449 1749 480 ἐκπαιδεύειν,
1766 450 1823 475 καὶ

1019 497 1090 524 οὕτω
1106 497 1156 532 τὴν
1181 497 1256 532 σφῶν
1277 497 1368 532 ψυχὴν
1393 496 1609 531 καταρτίζοντας
1634 496 1682 522 καὶ
1707 503 1821 530 προκα-

1019 543 1179 574 ϐιστάντας,
1203 543 1251 569 ἐὰν
1281 542 1331 577 μὲν
1359 542 1390 569 εὖ
1413 542 1495 576 ἔχωσι
1519 542 1639 576 φύσεως,
1668 542 1717 568 καὶ
1744 542 1822 569 θαυ-

1021 589 1128 626 μαστάς
1141 597 1216 620 τινας
1230 589 1356 615 ἐντεῦθεν
1385 589 1548 615 ὑποτείνωσι
1573 588 1622 620 τὰς
1641 588 1766 619 ἐλπίδας,
1784 588 1821 615 οὐ

1021 636 1102 670 μόνον
1116 635 1214 666 αὐτοὺς
1231 635 1278 669 ὲᾷν
1289 633 1393 668 ταύτην
1406 635 1446 665 εἰς
1459 633 1538 664 τέλος
1550 633 1648 665 σώζειν
1659 633 1709 668 τὴν
1722 634 1820 666 τάξιν,

1019 682 1086 708 ἀλλὰ
1110 682 1156 708 καὶ
1180 682 1230 712 ἓως
1255 680 1344 713 ἔξεστι
1361 681 1510 715 ξυμπονεῑν
1536 681 1584 706 καὶ
1610 680 1820 714 ξυμπράττειν,

1019 731 1065 754 καὶ
1080 727 1158 754 πάντ’
1183 727 1274 758 αὐτοῖς
1300 725 1534 759 συναγωνίζεσθαι
1555 727 1658 760 τρόπον
1671 733 1678 741 ·
1694 726 1732 756 ὡς
1751 725 1821 759 μέγ’

1019 773 1120 807 ἀγαθὸν
1143 773 1283 807 ἐσομένοις
1305 772 1345 806 τῷ
1368 772 1418 807 βίῳ
1446 771 1557 806 φύσεώς
1577 780 1606 798 τε
1640 770 1739 807 ῥώμης
1766 771 1823 797 καὶ

1020 819 1149 853 σπουδῆς,
1165 820 1214 845 καὶ
1233 817 1271 845 ὧν
1300 818 1373 850 sine;
1399 818 1604 845 συνελθόντων·
1631 819 1680 851 ὲΙὰν
1705 817 1733 843 δὲ
1763 817 1820 852 μὴ,

1018 867 1072 892 τότ’
1087 866 1137 901 ήδη
1160 867 1208 892 καὶ
1222 866 1254 892 τδ
1275 865 1331 892 τῶν
1345 865 1449 900 τεχνῶν
1466 866 1495 892 ὲν
1517 864 1618 900 καιρῷ,
1639 865 1676 895 ὡς
1692 864 1725 891 ἃν
1741 865 1811 890 ἑκα-

1020 913 1138 947 τέρωθεν
1160 912 1207 939 τοῦ
1233 921 1263 938 τε
1283 912 1355 945 λόγῳ
1383 913 1431 938 καὶ
1455 911 1567 946 παιδείᾳ
1593 910 1820 945 στοιχειωθῆντιιν

1022 956 1067 982 τοῦ
1081 965 1109 982 τε
1126 956 1159 982 τὰ
1174 957 1242 991 πρὸς
1255 956 1362 983 δίαιταν
1375 954 1403 982 εὖ
1424 956 1497 991 μάλα
1510 955 1604 989 σφίσιν
1616 956 1711 986 αὐτοῖς
1730 956 1822 981 ἐκπο-

1024 1002 1109 1037 ρίζειν
1134 1002 1246 1034 εἰδέναι,
1261 1002 1394 1029 κάλλιστα
1415 1002 1463 1029 καὶ
1477 1002 1515 1033 ὡς
1533 1002 1617 1037 ἐχρῆν
1643 1001 1765 1036 χρῶνται
1778 1001 1824 1036 τῷ

1024 1049 1074 1083 βίῳ
1087 1056 1094 1064 ·
1111 1049 1159 1075 καὶ
1175 1048 1287 1082 μάλισθ’
1309 1049 1374 1075 ὅταν
1398 1050 1465 1082 μετὰ
1479 1048 1529 1082 τὴν
1545 1048 1599 1074 τῶν
1612 1047 1718 1081 τεχνῶν
1733 1047 1822 1080 ἀσχο-

1023 1095 1084 1121 λίαν
1106 1096 1305 1130 ὲνασχολῶνται
1334 1095 1457 1130 βιϐλίοις.
1485 1094 1581 1121 Καίτοι
1607 1095 1631 1120 εἰ
1650 1094 1726 1125 ὅπως
1749 1094 1824 1126 κρά-

1023 1142 1111 1168 τιστοί
1135 1150 1209 1174 τινες
1224 1139 1278 1168 εἷεν
1299 1141 1438 1175 Ἀθηναῖοι
1465 1141 1500 1167 τὰ
1528 1141 1655 1172 ναυτικὰ,
1670 1140 1749 1165 πλεῖν
1765 1139 1824 1173 πρὸ

1024 1187 1079 1215 τῶν
1101 1188 1190 1215 ἄλλων
1215 1187 1278 1219 τοὺς
1308 1188 1405 1219 παῖδας
1423 1187 1581 1219 ἐδίδασκον,
1606 1186 1655 1212 καὶ
1680 1186 1824 1212 θάλατταν

1025 1234 1172 1268 προοίμιον
1188 1234 1326 1260 ποιεῖσθαι
1340 1233 1388 1260 τοῦ
1402 1233 1461 1267 βίου
1477 1240 1484 1247 ·
1511 1231 1529 1268 ἦ
1548 1232 1595 1259 τοῦ
1610 1241 1642 1267 γε
1660 1232 1729 1258 πολὺ
1748 1232 1824 1266 μᾶλ-

1024 1280 1071 1306 λον
1086 1281 1166 1314 ἡμεῖς
1192 1280 1217 1305 οἱ
1239 1280 1287 1305 τοῦ
1304 1279 1425 1314 Χριστοῦ
1446 1279 1583 1312 κοινωνοὶ,
1599 1279 1645 1305 καὶ
1669 1277 1719 1313 τὴν
1741 1277 1826 1312 μεγί-

1027 1334 1093 1360 στην
1105 1327 1153 1352 καὶ
1168 1326 1332 1360 θαυμαστὴν
1349 1326 1453 1360 ταύτην
1467 1325 1551 1352 αὐτοῦ
1564 1326 1719 1359 πρόσρησιν
1738 1332 1825 1358 περι-

1026 1372 1160 1406 κείμενοι,
1174 1372 1323 1407 ὐφείλομεν
1347 1372 1395 1398 καὶ
1421 1372 1521 1398 δίκαιοι
1539 1372 1650 1402 πάντως
1667 1370 1764 1405 ἐσμὲν,
1782 1370 1824 1404 μὴ

1028 1418 1109 1452 μόνον
1127 1418 1344 1453 προύργιαίτερα
1366 1417 1502 1444 ποιεῖσθαι
1518 1418 1553 1444 τὶ
1575 1417 1683 1447 τούτου,
1697 1416 1745 1442 καὶ
1762 1417 1825 1446 τοῖς

1029 1464 1107 1489 παισὶ
1126 1463 1180 1497 πρὸ
1195 1463 1250 1489 τῶν
1265 1463 1353 1489 ἄλλων
1379 1461 1457 1488 ταῦτ’
1481 1462 1664 1497 εἰσηγεῖσθαι,
1680 1461 1750 1488 ἀλλὰ
1771 1462 1826 1487 καὶ

1029 1508 1127 1544 πρῶτα
1139 1509 1193 1535 τῶν
1206 1508 1293 1535 ἄλλων
1307 1507 1447 1539 ἁπάντων,
1461 1509 1510 1534 καὶ
1526 1509 1597 1542 μέσα
1610 1508 1658 1534 καὶ
1674 1507 1825 1532 τελευταῖα

1028 1555 1116 1582 ταῦτα
1142 1553 1302 1581 ποιεῖσθαι·
1330 1555 1359 1580 ἐν
1388 1554 1477 1588 τούτῳ
1502 1554 1556 1588 γὰρ
1574 1553 1632 1579 ἐστι
1657 1552 1705 1578 καὶ
1728 1552 1760 1578 τὸ
1777 1561 1826 1586 γι-

1028 1601 1142 1630 νώσκειν
1166 1602 1298 1637 ἀκρισῶς,
1325 1602 1394 1636 ὅπερ
1406 1601 1502 1635 ἐσμὲν,
1518 1601 1566 1626 καὶ
1583 1600 1653 1634 πρὸς
1672 1599 1776 1634 ἀρετὴν
1791 1599 1824 1626 εὖ

1027 1646 1190 1678 διακεῖσθαι,
1206 1646 1255 1672 καὶ
1269 1646 1373 1679 ταύτης
1393 1645 1503 1680 μάλιστ’
1521 1644 1722 1670 ἀντιποιεῖσθαι
1746 1644 1824 1670 κατᾶ

1027 1694 1058 1720 τὸ
1078 1693 1182 1719 ἐκείνου
1205 1692 1334 1718 κελεῦον·
1359 1692 1421 1718 ἐπεὶ
1442 1691 1490 1718 καὶ
1513 1691 1569 1722 τοῖς
1588 1690 1623 1716 τὰ
1636 1690 1756 1716 τακτικὰ
1769 1698 1825 1723 με-

1028 1737 1143 1769 τιοῦσιν,
1158 1735 1199 1768 οἷς
1226 1738 1275 1772 μὲν
1288 1737 1430 1772 ἁπῆρχθαι
1445 1735 1550 1762 τούτων
1576 1735 1667 1762 αὐτῶν
1691 1735 1824 1761 ἐντεῦθεν

1029 1784 1144 1819 ὑπῆρξε,
1157 1783 1263 1815 τούτοις
1292 1783 1341 1817 μὲν
1365 1783 1489 1817 ἀρίστοις
1519 1780 1590 1808 εἶναι
1618 1781 1742 1815 περίεστι
1772 1784 1825 1808 καὶ

1029 1832 1141 1865 κρατεῖν
1170 1829 1332 1865 ἑκασταχοῦ.
1349 1829 1390 1855 Δι’
1411 1826 1448 1856 ὦν
1471 1829 1525 1863 γὰρ
1549 1827 1678 1854 ἑκάστοτε
1704 1827 1825 1861 βιϐλίοις

1030 1878 1076 1904 καὶ
1092 1877 1212 1911 γραφαῖς
1229 1876 1383 1910 ὁμιλοῦσιν,
1402 1875 1475 1901 ἴσασι
1492 1875 1562 1901 πάνυ
1583 1874 1698 1909 καιροὺς
1713 1874 1762 1899 καὶ
1778 1875 1825 1899 τά-

1031 1931 1098 1954 πους
1127 1922 1256 1956 πολέμου,
1274 1921 1322 1949 καὶ
1344 1921 1399 1948 τίσι
1425 1921 1465 1947 δεῖ
1491 1920 1678 1955 μεμαχῆσθαι,
1695 1919 1744 1946 καὶ
1765 1920 1824 1945 τίσι

1032 1970 1080 2005 μὴ.
1095 1969 1142 1996 καὶ
1155 1969 1192 2000 ὡς
1210 1969 1244 1995 τὰ.
1257 1970 1304 1995 καὶ
1321 1968 1356 1994 τὰ
1373 1967 1526 1998 ποιοῦντες,
1547 1967 1595 1993 νῦν
1612 1966 1661 2001 μὲν
1676 1966 1825 1999 περιέσον-

1029 2025 1086 2048 τιι,
1098 2016 1146 2042 νῦν
1162 2015 1183 2042 δ’
1197 2016 1377 2050 ὴττήσονται·
1393 2014 1455 2045 τοὺς
1469 2014 1497 2040 δὲ
1514 2013 1551 2048 μὴ
1572 2014 1660 2048 ταύτῃ
1681 2013 1823 2046 διακειμέ-

1030 2071 1103 2094 νουςε
1120 2061 1167 2088 καὶ
1191 2061 1272 2087 πλέον
1301 2060 1378 2086 οὐδὲν
1410 2059 1502 2086 ὅπλων
1529 2060 1645 2090 εἰδότας,
1666 2058 1725 2084 ἀλλ’
1750 2059 1824 2091 aitth

1031 2107 1107 2133 ταῦτ’
1123 2107 1234 2141 ἔχοντας
1249 2106 1339 2140 μόνον,
1357 2105 1422 2136 ἴδοις
1440 2104 1473 2131 ἂν
1489 2104 1580 2139 ἀλόγῳ
1597 2105 1695 2140 θράσει
1714 2105 1826 2139 χρωμέ-

1032 2161 1094 2183 νους
1115 2153 1162 2178 καὶ
1180 2151 1240 2186 περὶ
1268 2150 1366 2185 βουλάς
1394 2159 1424 2176 τε
1441 2150 1488 2177 καὶ
1505 2150 1621 2185 πράξεις
1645 2149 1694 2175 τοῦ
1719 2149 1825 2180 δέοντος

1034 2200 1231 2235 ὑστεροῦντας·
1258 2198 1288 2231 ἐξ
1310 2195 1347 2224 ὦν
1370 2198 1408 2229 ὡς
1432 2199 1468 2225 τὰ
1485 2197 1571 2224 πολλὰ
1593 2197 1760 2230 σφάλλεσθαι
1778 2198 1826 2223 καὶ

1001 2256 1022 2283 ι)
1036 2245 1162 2272 νικᾶσθαι
1187 2244 1331 2278 ξυμϐαίνει
1345 2251 1351 2258 '
1369 2245 1393 2270 εἰ
1410 2244 1437 2270 δὲ
1457 2244 1504 2270 καὶ
1527 2243 1679 2277 κατορθοῦν
1704 2243 1824 2278 ἔχουσιν,

1035 2291 1102 2318 ἀλλὰ
1126 2290 1219 2324 μεῖζον
1241 2290 1274 2316 ἂν
1297 2288 1332 2325 ἦν
1354 2290 1447 2321 αὐτοῖς
1465 2289 1737 2326 παρεσκευασμένοις
1753 2290 1826 2316 ὲκεί-

1035 2338 1147 2369 νω;.Τὸ
1171 2338 1200 2364 δὲ
1228 2339 1277 2372 τῆς
1298 2337 1452 2372 Εὐρυδίκης
1469 2337 1518 2364 καὶ
1544 2338 1637 2371 μεῖξον
1657 2337 1824 2371 ἁτεχνῶ;,ῆ

1035 2385 1105 2412 ὥστε
1125 2384 1275 2418 θαυμάζειν
1292 2385 1366 2419 ἔχειν
1386 2384 1480 2416 ἀξίως,
1502 2385 1538 2419 μή
1561 2384 1588 2410 τί
1611 2393 1642 2418 γε
1665 2385 1714 2411 καὶ
1735 2385 1827 2418 μιμεῖ-

1036 2433 1118 2458 σθαι·
1142 2432 1251 2464 λέγεται
1279 2431 1334 2466 γὰρ
1360 2431 1397 2462 ὡς
1425 2432 1519 2465 ἐπειδὴ
1545 2431 1718 2464 φιλοτεκνίας
1741 2430 1826 2459 οὕτως

1035 2477 1117 2512 εἶχεν,
1142 2478 1179 2508 ὡς
1207 2479 1252 2504 καὶ
1269 2478 1367 2512 σοφίαν
1397 2479 1456 2508 ταῖς
1478 2477 1568 2503 αὐτῶν
1592 2477 1712 2503 ἐνθεῖναι
1727 2476 1827 2511 ila-412i;

1037 2526 1102 2558 περὶ
1116 2523 1242 2550 πλείστου
1255 2524 1400 2557 ποιεῖσθαι,
1414 2524 1540 2550 ὲὸούλετο
1555 2523 1604 2558 μὲν
1621 2523 1651 2549 οὐ
1664 2523 1825 2556 διδάξασθαι

1036 2570 1159 2602 τούτους,
1173 2570 1230 2595 ἀλλ’
1248 2571 1318 2605 αὑτὴ
1333 2571 1420 2604 δήπου
1436 2571 1470 2596 τὰ
1485 2570 1600 2596 τοιαῦτα
1613 2569 1720 2602 διδάξαι
1731 2577 1740 2585 ⁶
1756 2570 1827 2604 ἁμή-

1037 2626 1118 2653 χανοι
1139 2618 1168 2644 δὲ
1188 2619 1363 2644 παντάπασιν
1388 2617 1422 2654 ἦν
1454 2619 1586 2653 Ἰλλυρίδα
1615 2618 1663 2645 καὶ
1688 2617 1826 2652 βάρϐαρον

1037 2663 1131 2696 οὖσαν,
1145 2664 1195 2699 ὀψὲ
1218 2664 1269 2699 τῆς
1290 2665 1399 2700 ἡλικίας
1414 2663 1502 2700 ἧφθαι
1528 2665 1652 2696 παιδιίας
1666 2672 1672 2679 ·
1695 2667 1746 2691 καὶ
1759 2664 1827 2691 οὕτω

1038 2710 1068 2737 τὸ
1099 2710 1319 2745 σπουδαζόμενον
1349 2710 1471 2737 κάλλιστ’
1501 2711 1610 2742 ἀνῦσαι,
1633 2710 1671 2741 ὡς
1695 2710 1744 2736 καὶ
1771 2711 1827 2740 ταῖς

1042 2755 1157 2791 μούσαις
1178 2756 1254 2782 ταῦτ’
1281 2756 1422 2784 ἀναθεῖναι
1444 2756 1479 2783 τὰ
1497 2756 1561 2792 ἔπη,
1578 2755 1648 2791 ὁμοῦ
1668 2756 1718 2790 μὲν
1733 2756 1827 2786 αὑταῖς

1040 2802 1120 2839 χάριν
1133 2803 1228 2836 εἰδυῖα,
1242 2803 1311 2838 ὁμοῦ
1325 2803 1353 2830 δὲ
1373 2804 1420 2830 καὶ
1435 2804 1629 2838 προτρέπουσα
1649 2803 1713 2834 τοὺς
1731 2802 1827 2832 ἄλλους

1039 2848 1132 2876 πᾶσαν
1148 2849 1218 2883 ὑπὲρ
1235 2849 1289 2875 τῶν
1303 2849 1405 2875 παίδων
1420 2849 1556 2884 εἰσφέρειν
1572 2847 1702 2883 σπουδήν.
