1890 3062
200 162 250 193 567

810 170 1021 201 NICEPHORI
1051 173 1224 204 (IALLISTI

1779 173 1833 204 568

199 224 273 245 ctum
291 220 338 247 libi
351 222 453 256 optime
467 229 550 254 esset,
562 224 595 251 ad
610 224 716 258 imperii
731 225 888 258 praesidium
903 226 942 253 sol

1085 229 1181 255 tt-csiav
1197 229 1354 264 γενόμενος,
1370 229 1412 256 ἆτ’
1431 229 1537 256 οίκοοεν
1552 227 1716 264 ἀποχρώσας
1736 236 1831 261 παρα-

200 265 329 299 pietatem
359 272 386 294 et
412 269 448 297 rei
464 270 563 297 divinae
574 271 698 298 sedulum
714 272 818 298 cultum
848 272 984 303 sufﬁcere.

202 311 304 345 reliqua
326 318 415 340 autem
430 322 490 341 cum
509 315 550 342 his
564 322 719 351 comparata
734 317 802 344 nihil
826 325 899 349 esse,
917 317 986 346 divi-

201 365 262 384 nam
276 359 354 393 plane
362 364 389 386 et
400 361 629 395 sapientissimam
645 364 793 396 concepisti
808 364 985 391 sententiam.

200 402 319 430 Proinde
349 412 398 438 per
422 405 556 437 ejusmodi
586 416 677 435 rerum
706 408 984 440 administrationem,

202 456 326 483 magnam
343 458 357 478 a
374 451 430 485 Deo
445 453 529 480 iniisti
545 453 678 488 gratiam:
691 458 719 481 et
738 462 752 483 a
764 454 850 490 teipso
867 455 905 482 illi
918 455 986 486 satis

200 494 341 528 praebuisti
363 504 461 529 causae,
486 503 516 530 ut
529 499 658 533 perfacile
674 501 797 534 precanti
824 501 872 528 tibi
889 497 984 530 aurem

199 547 277 567 suam
306 540 464 575 inclinaret,
482 544 637 577 actionibus
653 545 781 576 omnibus
798 546 851 575 tuis
866 548 985 581 praeiret,

199 585 400 622 imperiumque
411 589 459 622 tibi
476 589 596 622 firmaret
608 595 690 625 atque
699 592 895 623 constitueret:
910 592 987 622 vide-

199 630 471 669 licetutrcctissime,
484 641 565 670 atque
582 637 678 669 Ordine
694 637 797 671 optimo
812 637 986 665 administra-

198 678 238 705 tio
253 680 311 714 (‘jus
328 681 500 714 procederet,
521 682 547 717 in
559 683 640 710 rebus
657 683 787 715 omnibus
801 688 827 711 te
844 683 986 717 aptissime

200 724 336 761 dirigens,
348 732 442 761 atque,
458 733 487 754 ut
506 729 606 763 aliquis
618 728 702 762 dicat,
718 730 806 756 vivam
828 730 984 765 imaginem,

200 774 228 801 et
240 774 358 799 statuam
370 773 478 807 imperii
489 774 630 808 pulchram
638 775 750 802 omnino
762 780 789 803 et
804 776 985 810 imperialem,

201 816 235 842 ad
261 816 451 852 incredibilem
478 825 506 846 et
534 821 792 849 excellentissimam
814 826 985 858 venustatem

203 863 355 897 expoliens.
373 863 417 892 Sic
434 865 506 895 enim
523 871 600 900 puto.
623 867 669 898 Dei
683 867 878 902 benignitatem
896 868 986 898 homi-

201 909 285 941 nibus
299 917 353 937 nou
383 912 552 947 contingere.
572 913 625 943 nisi
652 913 757 948 scipsos
779 913 858 940 factis
884 913 988 941 suisea

200 953 298 990 dignos
311 955 509 995 exliibtterint:
532 965 592 992 qua:
616 962 655 991 tu,
673 958 746 993 quod
763 959 865 993 optima
883 959 988 993 praesti-

202 999 269 1032 tisti.
284 1001 313 1032 in
330 1001 426 1036 primis
444 1007 474 1035 ut
498 1004 635 1038 gratiosus
651 1003 724 1039 apud
741 1004 826 1031 Deum
846 1005 895 1035 sis.
923 1013 988 1032 con-

201 1052 315 1082 secutus
326 1056 366 1078 es.
383 1048 556 1084 Quapropter
567 1057 680 1082 cernere
689 1055 761 1082 erat,
769 1050 902 1085 quidquid
915 1055 988 1078 esset

201 1093 309 1129 mali,id
319 1102 335 1121 e
346 1094 436 1122 medio
445 1094 502 1123 tolli
516 1096 599 1123 :bona
609 1101 699 1129 autem
710 1097 837 1130 universa
848 1098 881 1124 ad
891 1105 988 1129 manus

202 1147 276 1171 esse.
291 1141 436 1173 utilitatem
458 1142 596 1176 publicam
623 1150 678 1176 non
700 1144 850 1177 morat-bet
865 1148 989 1180 tempora

203 1187 262 1222 ipsa
276 1187 326 1219 sub
354 1193 379 1215 te
387 1195 458 1218 novo
474 1192 556 1223 atque
568 1190 712 1220 commodo
724 1190 892 1224 imperatore
908 1198 989 1218 reno-

203 1234 260 1261 vari
272 1234 498 1269 etrepubescere.
513 1236 602 1270 Atque
616 1236 744 1271 equidem
752 1244 843 1264 rerum
854 1237 988 1264 bonarum

201 1280 339 1315 pleraeque
349 1288 397 1310 sua
406 1286 503 1315 sponte
513 1282 639 1314 aderant,
649 1283 784 1317 pleraeque
793 1290 856 1310 mox
865 1284 990 1311 aﬂ'uturte

200 1329 291 1352 erant.
302 1325 421 1352 Accessit
430 1334 493 1360 spes
504 1327 587 1355 rebus
597 1328 777 1362 praesentibus
789 1329 869 1364 longe
880 1331 988 1358 melior.

202 1369 268 1397 Nam
278 1370 358 1402 sicuti
366 1372 448 1406 jubar
455 1373 591 1407 quoddam
600 1381 615 1401 e
625 1374 735 1402 sublimi
743 1375 880 1409 relucens,
888 1376 990 1412 ubique

202 1421 351 1449 terrarum.
373 1417 532 1448 aﬂluentem
557 1419 605 1447 tibi
615 1420 751 1454 divinitus
757 1422 871 1456 gratiam
881 1423 990 1451 abunde

202 1462 351 1496 demisisti,
363 1471 481 1498 eantque
498 1471 613 1500 propter
622 1467 777 1496 cmlestium
801 1471 935 1496 donorum
946 1477 991 1496 va-

180 1528 182 1531 .
203 1507 330 1542 rietatctn
349 1510 465 1544 perinde
478 1515 562 1547 atque
572 1512 990 1551 ﬂumencopiosumprofudisti.

1038 274 1110 308 σχὼν
1126 275 1225 309 ἐκείνῳ
1240 275 1288 306 τὰς
1304 276 1449 310 ἀφορμάς·
1466 274 1531 302 ὥστ’
1542 274 1682 309 εὖχομένῳ
1699 283 1743 300 σοι
1760 282 1831 308 προ-

1037 321 1136 355 χείρως
1158 321 1314 347 ὑποκλίνειν
1345 321 1419 355 ἔχειν
1444 321 1474 347 τὸ
1492 320 1550 353 οὓς,
1568 322 1624 350 τοῖς
1642 329 1671 346 τε
1694 320 1739 345 σοὶ
1755 327 1830 354 πρα-

1037 367 1126 398 κτέοις
1145 367 1230 394 ἆπασι
1251 367 1449 402 προηγεῖσθαι,
1472 368 1520 394 καὶ
1549 367 1582 394 τὰ
1599 366 1649 400 τῆς
1674 366 1832 401 ἡγεμονίας

1036 413 1217 447 ἑγκαθιστᾷν·
1233 414 1270 444 ὡς
1285 413 1319 439 ἃν
1334 413 1434 446 ἄριστά
1456 421 1487 446 γε
1507 414 1556 440 καὶ
1568 413 1596 440 ὲν
1612 412 1709 447 κόσμῳ
1723 412 1758 438 τὰ
1777 412 1832 445 τῆς

1035 459 1123 494 ἀρχῆς
1147 458 1296 492 διεξάγοιτο
1325 458 1459 493 ῥυθμίαας
1476 458 1517 492 ἐρ’
1535 458 1632 490 ἅπασι,
1653 458 1701 484 καὶ
1725 457 1765 488 ὡς
1796 456 1831 482 ἂν

1037 513 1079 535 τις
1095 503 1169 531 εἴποι
1183 523 1190 536 ,
1217 504 1272 536 ζῶν
1300 503 1423 539 ἄγαλμα,
1445 504 1493 530 καὶ
1511 503 1651 538 βασιλείας
1666 503 1829 538 ἀνδριάντα,

1036 550 1150 584 κόσμιον
1171 550 1211 585 τῷ
1246 550 1305 576 ὄντι
1329 550 1377 576 καὶ
1395 549 1537 584 βασιλικὸν
1557 550 1597 580 είς
1613 549 1711 580 κάλλος
1732 549 1830 582 ἄφρα-

1037 604 1100 622 στον
1119 596 1167 622 καὶ
1189 595 1331 630 ἀμήχανον
1351 595 1499 627 ἀποζέσας.
1521 595 1620 629 υῐομαι
1647 594 1719 629 γὰρ,
1740 593 1779 628 μὴ
1795 594 1831 620 ἄν

1037 640 1099 667 ποτ’
1118 640 1277 676 ἀνθρώποις
1298 640 1328 667 τὺ
1345 640 1470 674 θεοφιλὲς
1494 639 1696 675 παραγίνεσθαι
1708 659 1717 672 ,
1735 639 1770 673 ἦν
1789 640 1830 674 μὴ

1038 690 1108 723 σφᾶς
1129 689 1221 721 ἀξίους
1246 689 1348 723 ταύτης
1375 690 1475 715 ἐκεῖνοι
1499 689 1543 715 διὰ
1560 689 1615 716 τῶν
1631 689 1721 724 ἔργων
1739 689 1830 724 παρέ-

1037 743 1133 769 χωσιν.
1151 731 1201 761 Ὧν
1222 735 1253 760 σὺ
1271 735 1306 760 τὰ
1322 735 1458 769 κράτιστα
1474 734 1637 770 παρασχὼν,
1651 734 1682 760 τὸ
1701 733 1762 768 Θεῷ
1781 742 1831 761 κε-

1038 781 1204 816 χαρισμένος
1218 778 1289 807 εἶναι
1307 782 1360 816 πρὸ
1375 781 1477 811 παντὸς
1494 781 1657 815 ὴληρώσω.
1683 779 1831 806 Ἐντεῦθεν

1037 826 1072 864 ἧν
1092 829 1154 855 ἰδεῖν
1180 827 1292 863 σύμπαν
1318 829 1419 861 φαῦλον
1443 829 1493 862 μὲν
1519 827 1651 860 ἐκποδὼν,
1666 827 1788 862 χρηστὸν
1804 826 1829 852 δ’

1038 873 1111 900 ἅπαν
1133 875 1161 900 ὲν
1175 874 1267 908 χεροῖν
1292 873 1428 908 κείμενον.
1451 874 1489 899 Τὸ
1510 873 1532 900 δ’
1547 873 1580 900 αὖ
1600 873 1752 908 συμφέρον,
1774 873 1830 898 οὐχ

1038 920 1068 946 ἒν
1091 919 1241 950 ἀναϐολαῖς
1259 919 1291 954 δή
1313 927 1379 951 τισι,
1397 919 1528 951 νεάζοντα
1543 919 1565 945 δ’
1581 919 1677 954 ὥσπερ
1694 918 1743 944 καὶ
1757 918 1829 951 ἀνη-

1040 965 1131 992 εῶντα
1153 964 1200 991 τὸν
1217 965 1314 999 χρόνον
1335 965 1388 992 ὑπὸ
1406 965 1448 991 σοὶ
1467 964 1507 1000 τῷ
1524 965 1575 999 νέῳ
1590 965 1637 991 καὶ
1653 963 1764 999 χρηστῷ
1780 963 1830 998 βει-

1039 1012 1119 1039 σιλεϊ.
1138 1012 1194 1038 Καὶ
1217 1011 1252 1037 τὰ
1272 1011 1320 1046 μὲν
1341 1011 1396 1037 τῶν
1412 1011 1504 1038 καλῶν
1529 1011 1626 1038 ἑκόντα
1640 1010 1743 1046 παρῆν,
1754 1010 1790 1037 τὰ
1805 1010 1829 1036 δ’

1038 1057 1162 1092 ἔμελλεν
1172 1058 1188 1091 ἡ
1203 1058 1225 1084 δ’
1241 1057 1318 1088 ἐλπὶς
1339 1057 1387 1084 καὶ
1403 1057 1504 1091 μείζων
1518 1057 1590 1092 ἥπερ
1610 1056 1646 1083 τὰ
1660 1057 1828 1091 πράγματα.

1044 1103 1153 1130 Ὠσανεὶ
1175 1104 1221 1131 καὶ
1240 1103 1294 1139 γάρ
1319 1112 1363 1135 τις
1389 1104 1496 1138 πυρσὸς
1511 1103 1686 1138 ἀναλάμψας.
1702 1103 1831 1130 ἁπαντα-

1039 1149 1088 1184 χοῦ
1116 1150 1166 1184 τῆς
1190 1150 1253 1184 γῆς,
1281 1149 1331 1181 τὰς
1362 1149 1466 1177 ἄνωθεν
1489 1149 1682 1184 ὲπεισρυείσας
1708 1156 1750 1174 σοι
1773 1147 1830 1174 τῶν

1039 1195 1161 1230 χαρίτων
1178 1195 1302 1228 ἀφθόνως
1321 1195 1511 1229 κατέπεμπες,
1532 1192 1576 1221 οἷά
1596 1194 1687 1225 τιναςὲ
1701 1193 1828 1227 δαψιλεῖς

1040 1239 1147 1275 ῥύακας
1163 1239 1287 1275 προχέων
1307 1239 1346 1274 τῷ
1364 1239 1481 1274 ποικίλῳ
1499 1239 1553 1266 τῶν
1577 1238 1700 1274 δωρεῶν.
1718 1237 1829 1267 Meno;

1040 1285 1095 1321 γὰρ
1111 1285 1149 1312 ὢν
1164 1285 1241 1320 δόξης
1254 1305 1261 1318 ,
1288 1286 1319 1312 οὐ
1342 1285 1412 1320 πρὸς
1433 1286 1464 1311 τὸ
1487 1286 1588 1319 ῥᾷστον
1603 1284 1766 1312 ἀναπίπτων
1782 1283 1831 1309 καὶ

1039 1332 1071 1359 τὺ
1085 1332 1132 1359 τοῦ
1150 1331 1209 1366 βίου
1235 1331 1439 1366 μαλακώτερον,
1459 1332 1524 1366 περί
1546 1340 1572 1358 τι
1595 1331 1649 1357 τῶν
1662 1330 1830 1368 ’σπουδαίων

1040 1378 1159 1405 διέκεισο
1170 1399 1177 1411 ,
1194 1378 1251 1404 οὐδ’
1273 1378 1369 1412 ἄρχειν
1385 1377 1484 1404 ἑαυτοῦ
1507 1376 1641 1404 ιπε).ἀοου
1661 1377 1712 1410 τὴν
1728 1377 1830 1410 ἁλουρ-

1040 1423 1104 1458 γίδα
1132 1423 1375 1459 περιὸαλλόμενος.
1401 1422 1510 1458 Χαλινῷ
1529 1423 1553 1450 δ’
1568 1422 1662 1457 ὥσπερ
1687 1422 1728 1456 τῷ
1758 1422 1831 1457 λόγῳ

1041 1470 1181 1504 χρώμενος
1192 1490 1200 1502 ,
1216 1469 1266 1504 τὴν
1282 1468 1370 1504 ἀρχὴν
1391 1469 1531 1504 φιλοσόφῳ
1557 1469 1648 1503 διαίτῃ
1666 1467 1829 1503 ἀνέκρουες,

1042 1515 1162 1551 φρουρὸν
1182 1515 1214 1550 δή
1232 1524 1293 1550 τινα
1306 1515 1354 1541 καὶ
1369 1515 1550 1550 παραστάτην
1564 1515 1610 1548 τὸν
1623 1513 1670 1540 τοῦ
1691 1514 1762 1540 Θεοῦ
1783 1514 1832 1546 φό-

203 1554 237 1581 Εἰ
245 1562 330 1589 quum
343 1555 429 1596 gloria
440 1557 608 1589 abundares.
617 1567 789 1595 nequaquam
808 1561 841 1587 ad
853 1561 949 1588 desidi:

1085 1570 1089 1585 ν
1103 1561 1158 1597 πρὸ
1178 1561 1279 1591 παντὸς
1292 1561 1360 1596 αὐτῇ
1376 1561 1536 1597 ἐπιστήσας.
1553 1560 1589 1590 Οὐ
1610 1560 1663 1595 μὴν
1675 1559 1734 1585 ἀλλ’
1751 1557 1831 1590 εἰδὼς

203 1604 231 1628 et
246 1601 328 1628 vitam
345 1602 499 1631 molliorem
515 1609 540 1631 te
557 1604 703 1638 demisisli,
723 1607 771 1634 sed
788 1607 871 1634 rebus
903 1607 990 1634 Itone-

203 1645 254 1672 stis
265 1646 405 1674 dedidisti.
424 1647 518 1682 Neque
533 1656 653 1684 purpura
668 1655 789 1686 sumpta,
805 1651 950 1686 imperium
961 1651 989 1678 in

205 1691 324 1725 teipsum
354 1700 484 1720 exercere
500 1694 640 1723 omisisti:
665 1701 693 1723 et
720 1697 828 1724 ratione
861 1702 989 1731 tanquam

205 1737 284 1765 freno
301 1745 376 1769 usus,
391 1739 498 1773 imperii
512 1740 779 1770 administrationem
791 1743 991 1777 pliilosophicis

205 1784 341 1811 institutis
365 1787 645 1820 temperasti,timore
660 1788 708 1815 Dei
720 1788 760 1816 illi
791 1794 920 1823 tanquam
944 1797 993 1816 cu-

206 1830 287 1861 stode
300 1836 327 1858 et
339 1832 367 1866 6
381 1832 546 1866 opitulatore
569 1833 707 1868 imposito.
721 1835 808 1863 Porro
829 1842 891 1862 cuin
906 1836 991 1869 probe

206 1877 255 1911 tibi
273 1878 413 1916 cognitum
429 1883 513 1909 esset,
528 1879 665 1914 principes
681 1881 755 1913 viros
764 1888 817 1907 non
838 1880 917 1914 facile
942 1881 991 1908 ad-

206 1925 311 1952 moueri
328 1932 356 1951 se
374 1925 442 1964 pati,
460 1933 548 1960 neque
565 1928 717 1954 doctrinam
740 1932 822 1962 atque
838 1927 991 1954 institutio‘

205 1980 268 2010 nem
284 1973 447 2007 admittere;
471 1982 531 2001 eam
545 1979 572 2013 tu
602 1975 627 2002 in
661 1975 759 2013 primis
786 1975 835 2002 tibi
866 1975 892 2002 in
923 1983 991 2002 con-

205 2018 299 2045 silium
316 2018 479 2058 adhibuisti!
502 2025 530 2047 ct
556 2021 664 2065 imperii
692 2020 742 2053 tul,
768 2021 883 2057 perinde
909 2026 992 2056 atque

207 2064 307 2092 domus
323 2065 475 2098 custodem,
488 2072 516 2094 et
530 2067 689 2102 magistrum
714 2067 858 2102 optimum,
889 2067 993 2094 consti-

207 2111 296 2138 tuisti.
310 2112 380 2143 Quin
397 2112 488 2146 potius
502 2112 550 2139 tibi
565 2113 615 2140 hac
634 2113 746 2140 tninime
761 2121 831 2147 opus
847 2112 907 2139 fuit.
920 2111 992 2145 Quid

204 2159 279 2185 enim
297 2158 368 2192 apud
388 2163 412 2185 te
430 2163 481 2188 est.
499 2157 572 2191 quod
590 2158 701 2185 aliunde
721 2159 863 2190 didiceris,
878 2163 926 2185 aut
943 2159 993 2184 im—

205 2209 345 2239 portatum
361 2204 522 2239 acceperis?
541 2204 588 2238 qui
619 2204 721 2238 ingenii
754 2210 914 2237 naturaeque
940 2208 992 2230 tuae

1042 1606 1163 1641 ἀκριϐῶς
1177 1628 1183 1638 ,
1209 1607 1248 1637 ὡς
1271 1606 1482 1640 δυσνουθέτητον
1514 1605 1625 1639 σύμπαν
1657 1604 1742 1639 ἄρχον
1756 1624 1763 1635 ,
1784 1604 1833 1629 καὶ

1042 1653 1166 1682 παιδείας
1182 1652 1279 1687 ῥᾳδίως
1295 1652 1344 1678 οὐκ
1360 1652 1534 1686 ἀνεχόμενον,
1556 1651 1695 1685 συμϐουλή
1711 1658 1755 1676 σοι
1775 1650 1832 1684 πρδ

1041 1698 1095 1724 τῶν
1115 1698 1203 1724 ἄλλων
1222 1695 1266 1733 ἦν,
1279 1696 1324 1725 οἷά
1341 1706 1383 1728 τις
1403 1697 1528 1732 οἰκουρὸς
1545 1697 1760 1730 προϐεϐλημένη
1783 1697 1831 1721 καὶ

1042 1744 1200 1776 διδάσκαλος
1223 1744 1344 1778 ἄριστος.
1363 1744 1472 1771 Μᾶλλον
1497 1743 1519 1770 δ’
1534 1743 1636 1778 ἥκιστά
1662 1751 1703 1768 σοι
1724 1742 1833 1768 τούτων

1042 1788 1116 1814 ἔδεισ
1133 1789 1159 1814 τί
1182 1788 1236 1823 γὰρ
1257 1789 1333 1823 παρὰ.
1352 1790 1394 1815 σοὶ
1425 1788 1552 1815 διδακτὸν
1574 1787 1623 1813 καὶ
1647 1786 1829 1816 ἐπείσακτον,

1043 1836 1074 1861 ὲκ
1099 1835 1209 1869 φύσεως
1234 1835 1313 1862 πάντ’
1328 1835 1468 1866 ὠδίνοντι,
1487 1835 1535 1860 καὶ
1556 1833 1676 1866 τάγαθὸν
1698 1832 1776 1858 ἅπαν
1791 1832 1832 1862 είς

1043 1882 1101 1917 φῶς
1116 1882 1243 1915 καθάπαξ
1259 1882 1406 1916 προάγοντι
1423 1881 1497 1907 καθά
1511 1889 1573 1906 τινα
1589 1879 1668 1905 τόκον
1688 1877 1788 1911 εὐγενῆ
1802 1885 1832 1902 τε

1042 1928 1090 1955 καὶ
1114 1928 1234 1962 ἄιριμον;
1269 1928 1340 1954 Ἀλλ’
1367 1927 1421 1954 οὐδ’
1444 1928 1564 1962 ἄκρατος
1586 1923 1832 1961 ὲγχειρισθξνειτὺ

1042 1974 1143 2006 κράτος
1161 1973 1243 2007 φόὸος
1259 1974 1292 1999 ὲκ
1307 1973 1360 1999 τῶν
1376 1973 1428 1999 ὑπὸ
1440 1973 1521 2007 χεῖρά.
1537 1971 1577 1997 τοι
1592 1971 1621 2004 τί
1632 1968 1829 1999 ἐσπουδάζετο.

1043 2019 1188 2054 Συμμιγὴς
1208 2019 1236 2045 δὲ
1254 2018 1326 2053 μάλα
1341 2019 1388 2045 καὶ
1409 2018 1491 2048 πόθος
1507 2015 1552 2052 ἦν·
1568 2017 1615 2042 καὶ
1630 2015 1744 2050 ἠγάπας
1763 2013 1832 2047 μᾶλ-

1042 2065 1087 2091 λον
1115 2065 1164 2091 σὺν
1183 2064 1304 2097 θαύματι
1329 2064 1522 2098 ἀγαπώμενος,
1550 2062 1599 2087 οὐκ
1625 2062 1656 2086 ὲκ
1674 2059 1760 2094 μόνου
1784 2057 1831 2084 τοῦ

1043 2110 1158 2145 φοϐερὸς
1174 2110 1264 2137 δοκεῖν
1290 2110 1336 2137 καὶ
1355 2109 1535 2139 αὐθέκαστος.
1560 2108 1616 2134 Καὶ
1634 2104 1669 2141 ἧς
1684 2106 1747 2136 ταῖς
1761 2104 1830 2139 ἀλη-

1043 2157 1131 2188 θείαις
1156 2156 1255 2190 πατὴρ
1279 2156 1319 2188 ὥς
1341 2155 1441 2190 ἤπιος,
1458 2155 1530 2181 κατὰ
1549 2153 1595 2180 τὸν
1612 2152 1727 2179 εἰπόντα
1739 2159 1746 2166 ·
1765 2150 1781 2185 ἢ
1798 2151 1830 2176 τό

1043 2212 1075 2236 γε
1091 2204 1244 2238 πρόσφορον
1255 2224 1263 2237 ,

206 2251 329 2279 bonitate
356 2253 448 2280 omnia
467 2253 612 2287 producas,
639 2256 666 2278 et
686 2251 820 2286 quidquid
847 2251 911 2278 boui
937 2255 991 2284 est.
1011 2251 1095 2279 veluti
1111 2252 1230 2280 fructum
1262 2253 1417 2288 quempiam
1455 2258 1618 2286 generosum
1635 2253 1664 2276 et
1682 2252 1832 2274 maturum.

205 2298 233 2325 in
247 2298 336 2326 lucem
351 2299 492 2333 proferas?
517 2298 571 2325 Sed
583 2306 634 2326 nec
646 2298 714 2325 illud
727 2297 978 2332 imperiosuseepto
997 2299 1077 2333 egisti
1109 2304 1136 2326 ut
1148 2303 1174 2326 te
1190 2299 1265 2327 cives
1293 2305 1321 2326 et
1335 2299 1438 2326 subditi
1472 2298 1511 2326 tui
1529 2299 1686 2323 metuerent
1702 2298 1809 2320 tantum
1825 2300 1832 2318 :

204 2353 301 2372 verum
317 2346 443 2376 timorem
465 2353 527 2372 eum
543 2345 676 2372 etiaritate
692 2349 875 2378 temperatum
899 2353 960 2372 esse
980 2345 1100 2372 voluisti.
1112 2345 1230 2374 Proinde
1244 2354 1308 2373 cum
1324 2351 1349 2373 te
1372 2345 1500 2373 homines
1529 2344 1640 2371 tuicum
1648 2340 1833 2368 admiratione

204 2392 341 2424 dilexere,
359 2391 434 2426 quod
469 2391 563 2419 minus
584 2399 645 2419 esse
669 2391 813 2423 terribilis,
847 2397 937 2426 neque
969 2392 1086 2419 arbitrio
1114 2397 1161 2420 tuo
1186 2393 1289 2425 vivere,
1310 2397 1338 2420 et
1371 2394 1501 2426 pleraque
1530 2391 1622 2418 Omnia
1649 2392 1774 2415 statuere
1792 2386 1834 2413 vi-

204 2437 317 2467 derere.
334 2442 390 2464 tum
404 2437 462 2471 ipse
477 2444 525 2464 eos
549 2436 637 2471 magis
650 2437 733 2464 etiam
762 2436 902 2464 dilexisti:
929 2438 1029 2471 quibus
1063 2446 1158 2467 revera
1183 2439 1315 2467 exstitisti
1351 2438 1432 2466 veluti
1447 2442 1523 2474 pater
1551 2436 1684 2470 optimus;
1701 2433 1836 2470 quemad-

204 2482 317 2510 modum
335 2483 380 2509 iile
392 2483 477 2510 dixit:
504 2487 562 2515 aut,
576 2483 649 2517 quod
662 2483 749 2518 magis
761 2483 788 2510 in
807 2488 832 2511 te
846 2485 987 2518 competit,

238 2541 295 2568 Rea:
309 2541 400 2574 bonus,
415 2546 494 2577 atque
509 2542 577 2570 idem
588 2543 662 2577 fortis
674 2542 786 2570 bellator
803 2543 832 2570 in
844 2544 927 2571 armis
944 2544 982 2580 (l)

1086 2544 1246 2580 μφότερον,
1270 2542 1420 2575 ,βασιλεὺς
1444 2543 1469 2568 τ’
1495 2541 1617 2575 ἀγαθὸς,
1640 2542 1787 2580 ’κρατερός
1807 2543 1832 2568 τ’

203 2632 272 2667 Nam
307 2632 380 2667 quod
404 2638 541 2668 sceptrum
570 2634 711 2669 imperiale
734 2634 871 2670 splendidi
901 2635 995 2670 cujus-

205 2677 269 2704 dam
290 2677 396 2705 servitii
413 2679 520 2714 signant
537 2687 608 2712 esse,
625 2685 653 2708 et
673 2687 804 2708 coronam
830 2681 992 2715 pretiosissi-

205 2731 288 2755 niazn,
309 2723 379 2750 nihil
393 2731 406 2750 a
425 2724 538 2759 lapillis,
557 2733 618 2759 qua:
636 2725 663 2751 in
691 2725 784 2752 littore
808 2724 892 2751 maris
916 2729 992 2757 sunt,

206 2769 316 2797 tlin‘crre
327 2774 456 2804 putares:
473 2771 675 2806 quamvisliaec,
686 2771 786 2798 divina:
797 2771 920 2805 quaedam
935 2779 991 2806 res,

205 2819 234 2844 et
246 2815 443 2849 immensnrum
459 2825 695 2853 arcanorumque
708 2816 903 2853 mysteriorum
921 2817 991 2844 ima-

1640 2576 1813 2611 [αἰχμητής.

1041 2634 1171 2661 Δουλείαν
1194 2633 1241 2660 καὶ
1263 2633 1317 2668 γὰρ
1333 2632 1438 2664 ἔνδοξον
1454 2632 1485 2658 τὺ
1505 2632 1646 2667 σκῆπτρον
1664 2631 1832 2667 ἡγούμενος,

1041 2680 1089 2707 καὶ
1103 2680 1149 2706 τὶν
1172 2679 1363 2714 περιμάχητον
1389 2679 1521 2713 στέφανον
1537 2678 1592 2704 τῶν
1613 2677 1679 2712 παρ’
1697 2678 1834 2711 αἰγιαλοῖς

1040 2726 1165 2763 ψηφίδων
1189 2724 1329 2759 διαφέρειν
1354 2724 1446 2758 μηδὲν,
1470 2723 1523 2750 κᾶν
1546 2723 1632 2754 ἄλλως
1657 2723 1717 2750 θεῖα
1732 2723 1833 2756 ταῦτα,

1041 2773 1089 2799 καί
1105 2780 1187 2798 τινων
1208 2770 1367 2805 μυστηρίων
1383 2770 1548 2805 ἀπορρήτων
1568 2769 1737 2804 εἰκάσματα,
1757 2770 1833 2804 ὅμως

1041 2816 1150 2848 εὐτελές
1162 2825 1188 2842 τι
1204 2816 1288 2851 ῥάκος
1301 2816 1352 2850 τὴν
1363 2814 1510 2850 πορφύραν
1523 2812 1606 2850 εἶχες,
1619 2816 1668 2841 καὶ
1679 2816 1711 2841 τὺ
1722 2815 1829 2851 ταύτης

243 2884 283 2927 (ι)
310 2885 389 2916 llunc
410 2893 519 2914 versum
549 2884 704 2913 Alexander
722 2884 838 2919 Magnus
863 2883 987 2911 omnium
1007 2882 1214 2911 llomcricorum
1235 2881 1388 2910 carminum
1405 2880 1539 2916 judicavit
1557 2888 1619 2910 esse
1633 2880 1785 2916 optimum.
