1890 3062
98 106 115 115 .1

79 106 132 137 573
788 110 825 139 [Π

971 111 1003 141 Ο,
1659 115 1710 145 574

75 163 236 190 τελευταίαν
262 162 389 196 ἄγκυραν
405 163 482 199 ἱερὰν
508 164 546 199 τῷ
570 164 626 192 ὄντι
643 165 694 191 κάν
709 166 765 196 τοῖς
792 166 821 199 ξε]

964 166 1097 197 1edentes,
1113 167 1192 194 liberi
1209 173 1291 202 atque
1305 168 1404 203 integri
1419 169 1589 196 discessere:
1609 172 1710 205 quippe

77 210 126 236 καὶ
138 208 225 239 ἄλλως
240 209 345 243 ἔχουσι,
361 210 391 235 σὲ
405 211 566 245 παρασχώνο
580 211 613 236 ἵν’
627 212 656 236 ἐν
669 211 711 237 σοι
722 219 782 237 τινα
796 211 820 237 ἴδ

965 212 968 238 i
994 212 1027 239 ad
1054 220 1187 240 summam
1227 215 1518 249 accuratissimamque
1547 217 1711 243 valetudinis

79 264 122 282 σιν
137 256 253 287 καὶτοῖς
273 256 366 286 ἄλλοις
386 257 451 291 περὶ
469 257 498 284 σὲ
519 257 638 292 μάλιστα
652 258 723 292 δοίη.
743 257 798 284 Καὶ
812 257 825 283 δ

964 257 1030 283 :uda:
1049 258 1183 284 rationem
1199 259 1370 292 perveneris.
1383 259 1418 285 Et
1434 267 1522 294 neque
1539 261 1637 287 medici
1661 262 1710 293 tui.

77 302 141 336 ἔσχε
161 302 296 336 μεγίστην
318 301 399 337 ἕδραν
412 311 441 328 τε
467 303 514 335 καὶ
532 303 692 337 ἀσφάλειαν,
711 304 750 334 εἰς
767 304 823 336 κός]

965 310 1013 336 me
1028 303 1066 330 illi
1087 304 1138 337 ipsi
1155 305 1200 338 qui
1218 305 1257 331 eis
1271 305 1337 331 artis
1354 313 1410 332 suae
1427 311 1562 340 praecepta
1581 312 1711 342 tanquam

78 348 188 382 εἰρήνης
208 347 269 380 ἕνα,
284 349 332 374 καὶ
349 347 448 375 κύκλον
473 349 639 384 ὀρθοδοξίας,
660 351 748 376 εῖτουν
764 350 824 384 inre;

967 350 1043 383 gistri
1059 355 1085 377 ct
1096 350 1180 378 duces
1195 351 1223 385 9
1240 351 1422 383 tradiderunt,
1437 361 1549 386 prorsus
1563 355 1712 389 quidquam

80 394 140 424 νὶας
154 393 308 420 ἄπταιστόν
327 403 357 420 σε
378 395 566 429 περιαγόμεναι
585 395 632 422 καὶ
650 396 822 430 περιφερὸμε

967 401 1090 427 )ueruut,
1117 398 1189 431 quod
1215 398 1347 425 adversus
1366 400 1558 433 prmscriptum
1585 401 1713 435 degenda!

79 440 134 467 Καί
148 441 174 473 γ’
190 440 362 472 imo-$6261;
377 441 514 473 ἐντεῡοεν,
537 443 587 468 οὐκ
604 443 632 467 ὲν
649 442 758 477 σώματι
785 442 825 476 μάν

984 442 1176 469 salubritatem
1189 443 1249 470 vitze
1264 448 1339 469 tuum
1353 450 1535 478 apponerent.
1551 446 1713 473 Plutarchus

80 486 149 512 ἀλλὰ
161 494 194 517 γε
206 486 240 517 δὴ
256 487 306 513 καὶ
319 488 347 512 ὲν
363 488 396 522 τῇ
411 487 484 522 ψυχῇ
501 487 698 522 περιϐαλέσθαι
714 487 763 522 τὴν
774 488 826 514 ἀλοε

963 488 1032 515 idem
1047 489 1215 516 Chaeroneus
1241 491 1394 516 Romanum
1414 491 1560 526 imperium
1581 493 1709 520 lattdibus

78 532 150 564 γεδα.
167 532 203 558 Σὺ
221 532 278 566 γάρ
303 540 346 558 τοι
368 533 417 558 καὶ
444 533 525 567 μόνος
543 534 597 559 τῶν
615 533 711 568 πρώην
736 533 824 567 βασιλι

966 542 1036 566 lens,
1054 535 1171 569 pulchre
1196 536 1275 567 dixit,
1302 544 1348 563 cas
1374 544 1435 570 qute
1465 538 1582 564 antehae
1609 538 1712 566 dudutn

40 579 43 581 ’
78 579 173 612 σχεδὸν
185 579 318 606 ἁπάντων
333 579 432 607 ἑαυτοῦ
449 580 659 615 βεδασίλευκας’
675 582 723 607 καὶ
737 582 786 607 αὐτ

959 589 971 607 r
987 588 1084 615 graves
1114 586 1206 608 motus
1230 586 1257 608 et
1286 583 1437 609 certamina
1455 583 1528 609 inter
1547 591 1575 610 se
1594 585 1704 611 dissen-

76 634 134 659 τωρ
148 625 187 660 τῷ
209 626 268 652 ὁντι
290 627 451 661 γενόμενος,
472 627 522 661 τὴν
538 627 588 660 μὲν
604 627 658 654 τῶν
677 627 772 653 παθῶν
793 628 822 662 ὁχ

967 632 1031 657 sent.
1060 627 1190 654 virtutem
1211 631 1239 654 et
1250 628 1399 659 fortunam,
1418 628 1461 655 vix
1479 629 1628 664 aliquando
1650 635 1713 657 tan-

77 673 209 706 κράτειαν
224 671 277 706 τῆς
301 673 405 703 οἰκείας
426 673 546 699 ἀπεώσω
569 673 756 708 Ξενηλατήσας
769 673 823 708 ψυχ

968 681 993 702 η,
1011 680 1121 707 propter
1137 674 1232 700 urbem
1250 674 1402 702 Romanam
1431 676 1528 708 solam,
1548 677 1635 710 pactis
1650 683 1714 703 con-

76 719 134 749 τοῖς
145 718 173 744 δὲ
189 718 293 745 σαυτοῦ
306 719 448 753 λογισμοῖς
463 720 679 754 ἀριστοκρατίαν
695 729 819 755 καταστη

968 719 1011 746 itis
1034 727 1083 753 per
1099 719 1190 746 foedus
1218 720 1317 746 initum
1343 721 1370 747 in
1387 722 1501 755 gratiam
1528 721 1657 752 rediisse,
1683 726 1714 748 ut

77 773 170 797 μενος,
188 764 245 795 ζῶν
270 766 373 799 ἀρετῆς
393 765 505 799 ἄγαλμα
528 767 643 793 σεαυτὸν
664 766 813 801 παρέσχες,

970 765 1046 791 nium
1060 764 1242 792 humanarum
1271 773 1363 792 rerum
1391 767 1470 801 longe
1499 767 1713 801 pulcherrimum

76 810 176 844 ἀκριϐῆ
196 811 318 845 μίμησιν
340 811 370 837 τὸ
399 812 518 846 ὑπήκοον
541 812 723 840 ὲκπαιδεύων.
739 812 791 838 Τὸν
816 821 822 829 ε

968 819 992 838 ts
1007 811 1263 846 absolverintatque
1274 813 1451 846 perfecerint.
1464 814 1529 840 Mihi
1559 821 1625 840 vero
1641 817 1714 839 recte

76 857 202 890 ἐγκρατῆ
219 856 353 891 λογισμὸν
377 857 523 889 ἀντιτάξας
543 859 576 892 τῇ
594 859 735 894 ῥαστώνῃ,
754 859 822 884 εικότ

967 864 1032 891 aque
1054 857 1212 885 existimare
1229 858 1255 884 in
1272 863 1392 884 mentem
1409 859 1495 889 venit.
1520 859 1546 886 in
1578 864 1604 886 te
1631 861 1713 886 etiam

76 902 107 928 οὗ
120 902 202 936 μόνον
215 902 371 936 ἀνθρώπων
386 903 565 939 αὐτοκράτωρ
581 904 689 940 νομίζῃ,
708 905 776 931 ἀλλά
789 913 820 938 γε

967 911 989 935 3,
1006 903 1157 939 imperator
1169 904 1284 937 optime,
1299 912 1392 931 veram
1406 905 1536 938 pietatem
1551 905 1713 939 cultumque

76 950 125 974 καὶ
145 948 244 974 παθῶν
268 949 409 981 ἁπάντων,
430 950 480 976 ὅσα
495 950 587 985 ψυχῆς
608 959 638 976 τε
657 951 703 976 καὶ
729 950 822 985 σώματ

968 950 982 983 i,
1001 955 1084 984 atque
1100 957 1166 984 opes
1184 950 1401 985 felicitatemque
1413 950 1576 980 humanam.
1594 959 1656 984 quzc
1670 951 1714 977 in-

77 994 133 1019 Καὶ
144 993 177 1027 δὴ
193 993 260 1027 γοῦν
279 995 345 1020 ἰδεῖν
357 995 431 1021 ἔστιν
447 997 475 1027 ἐς
491 996 646 1032 ὑπερϐολὴν
660 997 691 1023 τὺ
708 997 760 1032 τῆς
776 997 822 1031 φιλ

974 1004 1003 1023 se
1019 1003 1128 1030 semper
1144 995 1347 1031 depugnarunt,
1369 996 1453 1023 semel
1479 996 1512 1022 ad
1539 996 1713 1023 concordiam

77 1039 202 1072 ορωπίας
219 1047 261 1066 σοι
275 1041 382 1074 περιόν.
399 1042 547 1076 ’Λντικρυς
563 1042 617 1077 γὰρ
635 1044 682 1069 καὶ
704 1044 735 1069 τὸ
755 1044 820 1069 πολε

968 1042 1048 1068 iactas
1073 1049 1151 1069 csse:
1179 1049 1212 1068 eo
1237 1041 1311 1076 quod
1336 1041 1424 1076 pictas
1453 1041 1612 1068 felicitatem
1629 1042 1714 1068 veluti

76 1085 125 1112 κὸν
140 1094 187 1112 σου
204 1086 409 1121 φιλάνθρωπον,
425 1088 471 1115 καὶ
484 1089 517 1114 τὸ
532 1090 620 1124 πρᾶον
636 1089 782 1124 Mpr
797 1090 822 1116 τί

967 1087 1077 1122 ιιηάειητ
1090 1087 1123 1114 ad
1133 1095 1162 1115 se
1172 1088 1346 1122 pertraxerit,
1358 1095 1473 1121 eamque
1483 1088 1713 1122 omnino‘pessum

74 1132 127 1165 τῆς
141 1131 307 1166 εὐεργεσίας
330 1132 367 1163 ὡς
386 1133 504 1167 μάλιστα
529 1134 713 1169 οἰκονομικόν
730 1134 760 1160 τὺ
784 1135 812 1161 δέ

978 1140 1031 1160 non
1047 1132 1162 1160 siverit:
1179 1133 1236 1159 sive
1245 1133 1348 1167 potius.
1361 1138 1390 1159 ut
1405 1132 1533 1165 equidem
1550 1137 1626 1167 puto,
1642 1133 1714 1166 quod

76 1175 194 1209 ουμικὸν
208 1175 412 1203 εὐδιάλλακτον.
431 1177 531 1212 Στείρα
543 1178 608 1212 γὰρ,
626 1178 663 1209 ὼς
678 1178 712 1204 ἄν
725 1187 767 1209 τις
784 1179 822 1205 εῖτ

969 1186 994 1205 ιε
1004 1177 1113 1205 tandem
1130 1177 1323 1204 necessitatem
1338 1178 1379 1204 eis
1392 1177 1559 1211 inposuerit,
1591 1182 1620 1203 ut
1632 1176 1715 1204 simul

76 1221 146 1255 πρὸς
170 1221 289 1256 ὀργὴνή
309 1221 343 1257 σὴ
360 1222 480 1257 κατέστη
497 1223 581 1259 ψυχή·
604 1223 652 1251 καὶ
671 1223 740 1260 πρὸς
763 1224 813 1259 τὴν

969 1225 1506 1259 Ijungerenturatquecontempcrarentu
1515 1232 1527 1249 r
1539 1232 1545 1250 :
1556 1223 1618 1255 etjut
1629 1223 1715 1256 illelab

77 1267 166 1301 Ευμοῦ
195 1267 295 1302 φλόγα,
325 1269 418 1303 σχεδδν
447 1270 644 1301 ἀσυνδύαστος,
673 1270 776 1305 καίπερ
799 1279 821 1296 π

967 1278 1048 1304 aque,
1058 1277 1091 1297 eo
1102 1269 1175 1304 quod
1187 1270 1330 1304 utriusque
1338 1274 1413 1297 esset
1427 1270 1571 1304 proprium
1589 1274 1713 1303 recepto.

77 1315 153 1340 ἆπαν
165 1314 220 1340 τῶν
231 1313 345 1347 ἀγαθῶν
360 1316 473 1350 γόνιμος
487 1313 556 1342 οὖσα
570 1315 619 1342 καὶ
630 1316 780 1351 ἔγκαρπκ.
793 1315 823 1342 Ti

967 1316 1083 1344 minibus
1099 1315 1229 1342 omnibus
1241 1322 1342 1342 novum
1368 1319 1396 1342 et
1420 1323 1485 1342 vere
1518 1315 1713 1341 admirandum

76 1361 126 1394 τῆς
141 1360 285 1395 εὐνομίας.
305 1361 367 1387 ὅσον
383 1361 432 1393 τὰς
446 1361 501 1387 τῶν
517 1362 620 1388 ἀδίκων
639 1362 727 1397 ὁρμὰς
739 1363 798 1393 ταῖς
814 1371 822 1388 1

968 1361 1067 1389 ticeret
1081 1361 1300 1388 emolumentum
1309 1364 1339 1387 et
1353 1360 1495 1391 auxilium,
1511 1359 1714 1386 firmamentum

75 1407 192 1433 δικαίων
221 1407 393 1443 ὑφηγήσεσιν
423 1407 626 1440 ἀναστέλλοντι,
657 1409 706 1434 καὶ
735 1409 786 1443 τῆς
816 1417 821 1424 '

969 1408 1053 1434 tirum
1071 1406 1212 1441 quoddam
1251 1405 1361 1436 stabile,
1374 1409 1402 1432 et
1427 1406 1607 1436 elementum,
1635 1410 1665 1431 ut
1680 1406 1715 1432 ita

78 1453 239 1487 ἁπανταχοῦ
255 1453 377 1486 τάγαθὸν
391 1455 613 1489 κατασπείρουτι,
630 1455 678 1490 οὐχ
699 1452 780 1490 ἦττον
795 1455 824 1490 ἧι

970 1461 1022 1484 am,
1041 1457 1149 1480 sextum
1176 1456 1205 1479 et
1220 1451 1432 1485 sempiternum,
1456 1451 1483 1477 in
1509 1451 1612 1477 divinis
1635 1451 1716 1477 rebus

76 1498 90 1523 ὁ
106 1497 311 1532 Θρυλλούμενος
336 1499 436 1529 ἐκεῖνος
461 1498 663 1533 Τριπτόλεμος,
681 1501 713 1534 τῇ
735 1500 770 1534 γῇ
783 1508 822 1525 κα

968 1499 1135 1529 ascentibus,
1150 1503 1174 1525 et
1189 1506 1236 1532 per
1251 1497 1426 1531 naufragium
1453 1497 1714 1530 pessumeuntilms.

78 1543 188 1570 ϐάλλων
200 1544 235 1570 τὰ
254 1543 413 1578 σπέρματα.
430 1544 478 1575 Τίς
499 1542 545 1571 οὖν
567 1545 689 1571 ἀδικοῦσι
705 1545 805 1579 μᾶλλον
821 1556 824 1569 ι

970 1545 1142 1572 tborrendae
1170 1543 1357 1571 fluctuationis
1384 1547 1412 1570 et
1433 1543 1536 1570 erroris
1564 1543 1716 1577 ingentem.

78 1589 287 1623 λυπηρότερος
312 1589 484 1624 ἧδυστυχῶς
510 1590 619 1625 ἔχουσιν
641 1591 818 1626 ἡμερώτερός

971 1599 1091 1624 tremum,
1110 1598 1230 1625 vereque
1253 1597 1359 1617 sacram
1385 1591 1535 1617 anchoram
1568 1593 1604 1622 te,
1631 1589 1717 1616 sacris

78 1634 127 1660 καὶ
154 1635 392 1669 προσηνέστεροςς
424 1637 440 1670 ἢ
467 1636 607 1670 δεομένοις
634 1637 794 1671 εὐγνώμων,

970 1638 1007 1665 tul
1022 1637 1188 1672 ct.profanis
1211 1636 1357 1668 exhibens,
1379 1641 1408 1663 ut
1425 1637 1450 1663 in
1471 1642 1496 1663 te
1517 1636 1579 1663 aliis
1605 1643 1716 1671 quoque

81 1681 150 1715 ’πρὸς
171 1679 266 1707 οἶκτον
278 1682 534 1717 ἐπιῤῥεπὲστερος;
551 1682 621 1708 ὥστε
637 1683 669 1716 δὴ
684 1684 731 1710 καὶ
745 1683 780 1718 μή
799 1692 825 1709 τι

969 1685 972 1710 i
987 1687 1077 1710 tecum
1094 1688 1169 1715 sunt,
1191 1683 1307 1710 solidam
1324 1682 1506 1709 stabilitatem
1537 1684 1715 1716 representa-

78 1728 205 1761 ἀνάγκης
229 1727 358 1760 ἐμποδὼν
381 1729 572 1763 καθεστώσης,
590 1729 638 1755 καὶ
655 1729 823 1764 προφθάνειν

973 1750 979 1756 .
1000 1729 1035 1756 Et
1045 1729 1170 1764 profecto
1187 1736 1219 1756 ea
1237 1736 1299 1763 qua:
1319 1729 1372 1755 huc
1389 1733 1472 1763 atque
1487 1728 1552 1755 illuc
1578 1729 1717 1755 circuma-

77 1773 117 1808 τῷ
132 1775 210 1808 τάχει
223 1774 274 1808 τὴν
289 1774 392 1809 δέησιν.

971 1779 1065 1801 )antur
1083 1780 1112 1802 et
1136 1775 1414 1807 circutuferebantur,
1428 1775 1572 1801 maximam
1591 1779 1616 1802 te
1636 1775 1717 1802 tntis-

78 1821 236 1855 simamque
255 1820 373 1856 perfugii
385 1821 489 1854 sedem,
502 1822 530 1849 in
541 1822 676 1849 mundum
706 1823 782 1857 pacis
801 1829 886 1849 unum
906 1827 935 1849 et
951 1822 1083 1850 rectioris
1111 1822 1174 1848 fidei
1197 1821 1386 1856 professionis,
1419 1829 1467 1847 seu
1491 1829 1582 1847 rerutn
1601 1820 1719 1847 admini-

77 1870 234 1903 strationis,
262 1870 373 1897 minime
408 1871 620 1898 hallucinantem
651 1877 699 1898 aut
728 1871 867 1898 labantem
882 1871 977 1898 orbem
991 1870 1125 1898 habuere.
1162 1870 1231 1903 Quin
1267 1870 1334 1897 illud
1352 1870 1432 1897 etiam
1451 1869 1591 1899 studuisti,
1618 1874 1645 1895 nt
1663 1876 1717 1895 non

80 1917 194 1950 corpori
216 1916 310 1947 modo,
328 1924 423 1943 verum
456 1918 539 1945 etiam
574 1918 667 1944 animo
688 1925 838 1952 purpuram
865 1917 1063 1944 circumdat-es.
1082 1916 1227 1951 Siquidem
1257 1921 1284 1943 tu
1301 1916 1423 1942 omnium
1440 1923 1523 1950 prope
1537 1915 1585 1948 qui
1602 1919 1627 1940 te
1644 1922 1717 1948 pra:—

80 1966 239 1995 cesserunt,
255 1963 454 1998 imperatorum
485 1965 641 1998 unus,-ipsi
673 1965 723 1991 tibi
751 1965 909 1999 imperasti:
930 1969 957 1990 et
991 1971 1087 1990 revera
1136 1970 1250 1989 summa:
1278 1962 1421 1996 potestatis
1459 1961 1619 1996 imperator,
1653 1967 1717 1986 cum

79 2011 198 2038 vitiosas
231 2011 461 2039 tumultuantium
497 2017 581 2047 atque
608 2013 755 2047 imperium
790 2012 843 2040 sibi
877 2011 1080 2039 vindicantium
1109 2010 1257 2037 affectuum
1287 2009 1508 2044 perturbationes
1534 2017 1549 2036 e
1576 2007 1717 2036 domicilio

80 2057 166 2084 animi
183 2057 223 2084 lui
236 2058 363 2092 eiecisti:
391 2063 448 2085 tum
464 2059 566 2086 rationi
592 2059 708 2094 imperio
740 2066 774 2086 eo
798 2058 872 2094 quod
891 2066 976 2093 penes
1006 2064 1107 2092 paucos
1119 2056 1265 2091 optimates
1295 2061 1336 2083 est
1360 2056 1475 2087 tradito,
1490 2056 1579 2082 vivant
1598 2056 1716 2090 teipsum

82 2106 197 2134 virtutis
234 2106 394 2142 imaginem,
419 2108 452 2134 ad
470 2112 572 2135 certam
588 2109 663 2136 cives
697 2113 759 2136 tuos
784 2107 965 2134 imitationem
992 2105 1150 2135 instituens.
1182 2104 1359 2140 proposuisti.
1383 2104 1451 2132 Nam
1469 2104 1552 2131 animi
1588 2104 1716 2130 modera-

82 2155 161 2182 tione
177 2155 206 2182 in
240 2154 300 2181 acie
332 2159 429 2181 contra
453 2154 589 2189 ignaviam
626 2155 763 2191 opposiza,
787 2155 842 2190 ιο
871 2162 926 2181 non
946 2153 1036 2181 solum
1061 2153 1217 2185 hominum,
1239 2160 1334 2179 verum
1368 2152 1450 2179 etiam
1477 2151 1716 2186 perturbationum

81 2200 167 2227 animi
181 2200 265 2227 simul
281 2205 309 2228 et
327 2200 450 2235 corporis
463 2201 585 2228 omnium
618 2201 769 2237 imperator
789 2201 887 2228 merito
906 2201 1038 2229 censeris.
1076 2200 1257 2233 Quamobrem
1281 2200 1439 2234 conspicere
1469 2199 1542 2230 licet,
1580 2199 1708 2225 humaui-

82 2251 169 2274 tatem
186 2251 262 2273 tuam
290 2247 321 2273 ad
355 2254 493 2274 summum
522 2247 693 2282 pervenisse.
719 2248 787 2275 Nam
806 2247 877 2274 bella
897 2255 1008 2283 quoque
1041 2255 1101 2282 qua:
1116 2247 1200 2282 geris,
1228 2246 1396 2281 perltumana
1411 2251 1474 2273 sunt
1487 2256 1493 2272 :
1507 2252 1533 2273 et
1546 2246 1718 2280 placabilitas

84 2293 195 2320 virilem
213 2300 269 2328 prae
280 2300 311 2320 se
327 2293 378 2320 fert
392 2293 594 2322 fortitudinem.
616 2295 702 2322 Porro
717 2294 872 2330 benignitas
889 2300 917 2322 et
951 2294 1140 2322 munificentia
1171 2302 1252 2329 quam
1271 2294 1388 2321 maxime
1403 2293 1436 2320 ad
1460 2293 1605 2320 utilitatem
1622 2293 1716 2327 publi-

81 2349 144 2369 cam
159 2344 297 2375 spectant.
313 2340 356 2367 ira
379 2345 472 2367 autem
497 2341 644 2369 admodum
663 2346 704 2369 est
720 2342 872 2376 placabilis.
892 2342 1009 2369 Animus
1018 2349 1137 2377 namque
1172 2346 1235 2369 tuus
1266 2341 1298 2368 ad
1317 2341 1496 2372 iracundiam,
1514 2341 1591 2368 utita
1612 2339 1714 2369 dicam.

83 2389 190 2417 sterilis
201 2380 213 2419 .i
223 2393 251 2415 et
275 2387 309 2414 ad
323 2387 449 2416 ardorem
465 2397 528 2416 eum
545 2389 592 2424 qui
625 2397 657 2416 ex
689 2390 814 2423 flagranti
847 2390 1019 2418 vehementia
1046 2390 1185 2425 provenit,
1206 2389 1305 2417 etclcbs
1322 2393 1350 2416 et
1360 2388 1508 2416 immobilis
1534 2393 1586 2420 est,
1619 2395 1719 2422 quam-

83 2437 127 2464 vis
156 2436 295 2463 bonorum
324 2436 414 2462 omnis
433 2437 542 2470 generis
570 2437 645 2464 ferax
674 2442 702 2465 et
727 2437 871 2466 fecundus.
912 2438 1031 2473 Legibus
1055 2446 1120 2466 vero
1163 2437 1297 2471 ferendis,
1327 2437 1506 2471 moribusth
1545 2435 1719 2471 corrigendis

83 2490 166 2518 quam
190 2488 266 2508 recta
283 2481 355 2516 apud
371 2486 396 2509 te
410 2481 535 2509 instituta
548 2488 590 2510 est
600 2483 687 2514 ratio,
704 2484 752 2518 qui
778 2484 967 2518 improborum
985 2485 1116 2519 impetum
1151 2484 1281 2518 legitimis
1311 2484 1426 2519 iustitia:
1461 2482 1606 2517 prrreeptis
1635 2482 1716 2509 cobi~

83 2530 147 2557 bes:
185 2533 213 2555 et
235 2528 338 2562 ubique
363 2531 497 2554 terrarum
532 2528 680 2557 honestum
706 2530 874 2565 bonumque,
913 2531 986 2558 haud
1008 2530 1087 2558 aliter
1115 2538 1196 2564 qttam
1228 2531 1388 2558 decantatus
1405 2529 1450 2557 ille
1480 2529 1666 2563 Triptolemus
1688 2528 1721 2555 in:

84 2581 186 2603 terram
203 2575 310 2601 semina
323 2574 449 2608 coniecit,
466 2575 556 2602 seriS?
579 2575 648 2608 Quis
664 2576 749 2611 igitur
762 2577 920 2604 hominibus
953 2577 1085 2612 improbis
1106 2581 1133 2604 te
1159 2581 1202 2604 est
1220 2577 1457 2609 formidalibilior,
1492 2581 1539 2603 aut
1552 2575 1719 2603 aerumnosis

84 2621 250 2656 placabilior
277 2625 360 2655 atque
387 2621 573 2649 clementior?
603 2623 670 2655 Quis
705 2624 927 2659 supplicantibus
945 2623 1101 2658 benignior,
1135 2628 1162 2650 et
1185 2623 1219 2650 ad
1243 2624 1457 2651 misericordiam
1473 2621 1651 2658 propensior?
1669 2622 1721 2655 qui:

83 2667 180 2699 etiam,
199 2666 254 2694 nisi
268 2666 404 2700 quarpiam
422 2666 514 2694 obstet
528 2668 688 2702 necessitas,
700 2671 873 2705 precantium
894 2675 988 2705 optata
1004 2670 1157 2705 praevenire
1172 2669 1271 2697 solitus
1287 2677 1327 2697 es.

126 2725 196 2751 Ἀλλ’
211 2725 242 2750 οὺ
262 2724 330 2759 πρὸς
346 2724 464 2752 θωπείαν
481 2735 526 2760 μοι
540 2727 626 2755 ταῦτα
644 2731 692 2757 καὶ
707 2730 776 2764 πρὸς
792 2731 872 2766 χάριν

973 2731 1052 2765 ieque
1075 2737 1143 2757 vero
1156 2737 1180 2757 va
1204 2737 1247 2756 me
1260 2729 1312 2757 ista
1331 2729 1363 2756 ad
1380 2729 1506 2764 gratiam,
1524 2735 1572 2757 aut
1585 2737 1634 2763 per
1647 2729 1719 2758 adlv-r

85 2771 222 2806 εἰρημένα
251 2771 360 2802 πάντως
373 2772 442 2798 ἐστί.
471 2773 531 2804 Ηῶς
556 2771 662 2809 γὰρ,ᾦ
687 2775 754 2810 μηδὲ
769 2777 831 2802 τάλτ

971 2778 1055 2804 ionem
1078 2784 1192 2811 prorsus
1216 2777 1289 2804 dicta
1319 2781 1394 2803 sunt.
1423 2776 1566 2809 Quomodo
1586 2777 1659 2804 enim
1686 2776 1717 2804 id

87 2818 178 2850 λέγειν
195 2817 297 2848 ἔξεστι,
309 2819 556 2853 καταγωνιζομένῳ
572 2820 632 2851 ταῖς
646 2821 810 2856 ὑπερϐολαῖς
820 2831 833 2849 τ

963 2824 1035 2857 riam,
1063 2831 1125 2851 cum
1151 2831 1240 2858 neque
1256 2831 1299 2851 res
1314 2823 1395 2858 ipsas,
1415 2827 1445 2850 ut
1459 2828 1533 2855 sunt,
1549 2830 1612 2850 vcrc
1623 2829 1709 2857 expo-
