1890 3062
189 123 220 151 δ’
226 124 241 153 5

789 124 997 155 NlCEl‘llORl
1024 123 1198 155 CAllLlS'l'l

1765 120 1821 151 576

190 188 254 204 tu-rr
267 187 377 212 queam,
408 179 550 206 excellenti
563 179 775 213 pulchritudinis
792 188 885 207 earum
910 189 974 215 prae

1031 181 1121 208 καλῶν
1135 190 1141 213 ;
1164 181 1244 207 Ἀλλὰ
1258 180 1312 215 γὰρ
1325 179 1410 210 οὕτως
1422 177 1494 214 ἔχειν
1505 175 1590 204 ταῦτα
1605 176 1767 212 παρίστησι,
1784 178 1819 204 τά

192 225 294 251 stantia
317 225 424 251 victus?
454 226 550 252 Verum
579 225 635 252 lucc
654 226 690 252 ita
721 234 750 253 sc
773 226 884 257 habere.
918 231 975 253 tum

190 271 403 305 ditinaqumlibi
419 271 538 302 obtigere
554 271 634 303 dona,
654 276 708 297 tum
722 272 854 302 actiones,
867 279 936 306 quas
947 272 975 299 in

192 317 338 350 impcriutn
355 322 430 343 tuutu
445 316 595 347 contulisti,
611 324 707 343 omnes
719 318 908 350 comprobant.
922 318 977 345 Nec

195 362 287 388 minus
305 361 330 388 id
344 369 398 395 quo
410 370 452 394 pte
471 361 514 388 illa
531 362 598 388 satis
615 362 765 389 declarant.
782 363 848 395 Quis
863 363 974 395 ctenim,

192 415 275 442 quam
295 411 333 438 tu,
350 407 481 441 religione
514 415 579 441 pura
608 412 636 434 et
660 409 843 436 simulationis
873 410 975 439 nescia.

194 454 237 479 vel
269 453 351 480 Deum
385 452 471 487 magis
498 453 669 487 gloriﬁcavit.
701 455 742 481 vel
774 454 975 489 ﬂagrantiorem

194 505 245 532 pro
259 505 292 524 eo
307 498 432 525 ardorem
459 499 600 526 ostendit?
616 499 682 532 Quis
699 501 878 528 sinceriorem
896 501 975 528 ﬁdem

195 543 222 568 in
242 543 390 570 discrimen
414 544 577 578 coniectam,
597 549 672 571 tanta
688 545 860 572 aemulatione
874 553 901 572 et
933 554 976 573 ze-

192 588 294 624 Iotypia
309 594 462 616 ιιεεεοιιιιιιδ
486 595 537 620 (fil,
556 594 603 616 aut
618 598 721 617 sacratn
749 599 870 618 mensam
883 600 978 626 repur-

191 634 288 668 gavit?
314 635 382 667 Quis
398 635 491 667 etiam,
505 641 534 662 ut
544 635 664 662 eruditio
673 636 761 663 omnis
775 645 882 664 summa
898 645 977 672 cape-

193 683 234 706 ret
252 679 433 711 incrementa,
450 680 562 707 ell‘ecit?
579 679 645 712 Quis
671 681 706 708 ita
721 682 850 708 virtutem
868 683 975 714 extulit,

191 730 239 752 aut
255 726 372 759 optimos
388 734 511 760 quosque
542 726 693 754 honoribus
725 728 818 754 auxit?
847 728 912 761 Quis
930 729 977 756 Dei

193 772 339 804 ministris,
350 772 465 805 aliisque
480 772 542 798 item
557 772 603 806 qui
618 772 642 798 ei
660 773 737 800 chari
751 777 827 805 sunt,
840 778 869 800 et
884 774 957 800 omni
969 788 976 794 ~

193 818 246 846 bus
263 825 358 851 prope,
377 825 426 851 pro
441 818 571 852 cujusque
592 818 734 852 dignitate,
749 818 872 846 debitum
890 819 977 846 hono-

194 870 253 895 rent
265 863 457 896 tribuit?Quis
472 871 553 898 porro
569 868 644 890 tanta
670 865 832 896 attentione,
862 865 976 900 insigni-

192 917 249 944 que
272 909 416 943 religiOne,
431 915 458 936 et
472 909 578 936 decenti
598 909 795 940 moderatione.
811 915 842 937 ut
866 911 978 946 imperi-

193 957 246 984 alis
258 956 318 983 aula
331 956 398 983 nihil
414 956 448 983 ab
464 957 609 988 asccterio,
637 957 802 991 pietatisque
817 958 978 985 exercenda:

191 1001 285 1032 schola
298 1001 430 1033 diﬂ‘erret,
444 1002 601 1036 procuravit
611 1002 622 1027 ἶ)
632 1001 696 1036 quis
717 1001 758 1029 sic
770 1010 847 1037 aequa
869 1006 977 1030 staterae

193 1046 271 1076 lance
311 1048 506 1081 rempublicam
536 1047 726 1082 gubernavit?
756 1049 805 1082 ιι
831 1048 897 1082 Quis
940 1049 977 1077 ita

193 1093 235 1119 vel
255 1093 311 1127 juri
338 1093 456 1120 dicetth
473 1093 584 1125 institit,
609 1093 651 1120 vel
672 1094 804 1121 maleﬁcia
836 1095 978 1122 coercuit?

194 1146 281 1173 usque
297 1138 375 1170 adeo,
390 1144 419 1166 ut
436 1140 548 1166 multam
573 1146 601 1166 se
622 1139 671 1166 tibi
689 1139 789 1167 debere
812 1141 923 1175 gratiam
938 1141 977 1169 illi

191 1186 275 1212 etiam
293 1185 500 1220 proﬁterentur,
517 1186 563 1219 qui
589 1193 604 1212 e
620 1185 723 1219 judicio
740 1186 817 1218 victi,
831 1191 859 1214 et
871 1187 977 1214 calculo

192 1235 240 1256 tuo
251 1229 371 1257 damnati
386 1229 491 1256 abiere.
508 1229 592 1264 Cujus
617 1234 691 1257 tanta
717 1231 770 1257 fuit
786 1239 848 1258 cum
879 1232 977 1266 peritia

192 1276 366 1310 simplicitas.
383 1281 411 1303 et
441 1283 503 1303 cutn
527 1275 672 1303 clementia
694 1277 858 1310 prudentia?
878 1278 977 1312 quibus

192 1321 342 1349 virtutibus
361 1330 415 1349 una
443 1329 505 1349 cum
532 1323 704 1353 humanitate
733 1326 850 1354 maxime
875 1327 976 1360 enites,

193 1367 331 1402 ingentem
349 1369 496 1402 quamdam
512 1372 689 1397 serenitatem
705 1371 731 1398 in
745 1372 838 1399 animo
853 1372 934 1400 simul
949 1378 977 1400 et

193 1412 271 1439 vultu
290 1413 449 1447 praeferens,
465 1415 566 1442 sensim
580 1416 745 1451 quandoque
774 1424 824 1444 ceu
849 1417 977 1446 ﬂuctibus

189 1458 356 1492 quibusdam
375 1460 594 1492 borrescentem,
609 1465 760 1489 nectaan
775 1463 856 1490 ullam
871 1468 976 1499 tempe-

193 1504 273 1531 statis
297 1505 526 1540 signilicationem
552 1507 731 1541 prtebentem.
759 1508 894 1536 Cmterum
910 1517 974 1536 ora-

193 1550 277 1577 tionis
313 1552 557 1585 opportunitatem,
594 1553 696 1580 stlentii
738 1555 974 1590 commoditatem,

198 1596 296 1630 linguae
324 1596 457 1630 leporem,
486 1597 663 1624 familiarium
678 1598 875 1634 colloquiorum
890 1602 976 1629 instar

192 1641 248 1668 olei
260 1648 373 1675 prorsus
387 1647 414 1668 et
430 1642 518 1669 mellis
531 1641 711 1676 profluentem
729 1645 901 1678 suavitatem,
929 1651 975 1674 aut

193 1687 340 1713 verborum
370 1691 478 1714 tuorum
513 1689 646 1715 musicum
681 1689 761 1723 plane
799 1697 974 1724 concentum.

193 1731 256 1765 quis
269 1739 334 1766 rogo
347 1732 511 1766 cloquatur?
534 1732 737 1760 Sententiarum
765 1740 855 1762 autem
884 1735 975 1763 densi-

193 1781 260 1808 tate,
282 1783 413 1812 praeterea
441 1777 587 1806 verborum
621 1779 816 1814 perspicuitate
845 1786 873 1807 et
896 1781 974 1815 copia

195 1823 314 1854 (Hiberni
340 1832 412 1851 vocer
435 1825 509 1859 ﬂuuii
537 1825 569 1850 de
596 1833 667 1851 mare
695 1831 810 1859 ruentes,
839 1826 974 1854 Homerus

168 1869 330 1904 'dixisset),
351 1870 413 1903 quis
429 1874 454 1896 te
474 1869 606 1897 divinitus
629 1870 793 1905 locupletior
812 1871 883 1898 fuit?
903 1872 975 1905 Qua-

192 1920 304 1950 propter
318 1915 420 1947 evenit,
438 1919 467 1942 ut
484 1920 510 1942 te
524 1916 606 1943 verba
622 1915 748 1948 faciente,
769 1923 865 1944 omnes
892 1925 972 1951 pror-

189 1969 239 1992 sus
259 1961 336 1995 quasi
363 1961 475 1988 numine
493 1961 585 1996 aliquo
609 1961 747 1993 amentur,
777 1961 973 1997 moderataquc

191 2006 298 2037 insania
319 2007 513 2040 pcrccllantur,
529 2010 557 2034 et
568 2007 696 2034 bacchari
713 2007 856 2040 incipiant,
876 2007 973 2036 simul-

190 2060 245 2090 que
257 2052 298 2084 vel
313 2052 389 2079 inviti
407 2052 545 2085 cxsiliant,
571 2057 599 2080 et
629 2053 743 2081 vocibus
757 2054 811 2081 tuis
824 2053 904 2088 rapti,
936 2054 973 2083 ita

191 2098 339 2129 ducantur,
360 2104 388 2125 ut
402 2099 577 2126 retrocedere
606 2099 704 2132 nolint,
723 2099 770 2126 sed
795 2100 879 2127 veluti
900 2099 972 2126 aﬂixi

192 2143 241 2170 tibi
256 2144 409 2175 videantur,
429 2144 544 2178 perinde
562 2153 679 2179 prorsus
701 2150 783 2179 atque
796 2153 811 2171 a
826 2145 972 2173 Sirenibus

190 2189 308 2216 dctnulsi
337 2189 419 2217 llccte
450 2198 515 2217 sane
539 2191 674 2224 quispiam
704 2195 728 2217 te
757 2198 832 2217 mare
859 2191 971 2223 dixerit,
989 2180 1011 2207 Β

190 2235 264 2270 quod
296 2235 364 2262 alios
386 2243 467 2270 super
497 2236 564 2263 alios
594 2236 740 2263 verborum
769 2236 866 2263 ﬂuctus
888 2236 974 2265 dense

189 2282 301 2314 excitet,
315 2286 363 2308 aut
378 2287 450 2309 certe
469 2282 606 2316 ingentem
624 2282 742 2316 aliquant
752 2290 884 2316 aquarum
900 2283 973 2310 vim:

189 2337 262 2367 quin,
279 2329 301 2356 si
322 2329 349 2355 in
362 2336 421 2356 eam
439 2329 565 2358 alicunde
588 2328 697 2362 lapillus
731 2328 844 2359 incidat.
871 2336 903 2356 ex
924 2329 975 2356 ob-

189 2381 273 2401 scuro
291 2378 398 2406 centro,
411 2381 458 2400 seu
478 2373 569 2407 potius
582 2373 697 2404 circinol
711 2380 809 2408 eoque,
829 2373 850 2400 si
869 2373 906 2400 ita
922 2373 973 2406 vis,

189 2419 305 2454 liquido,
323 2419 406 2446 alium
428 2426 510 2453 super
527 2418 610 2445 alium
634 2418 780 2450 circulum,
804 2419 904 2446 sensim
925 2419 974 2446 ad-

190 2465 302 2492 modum
320 2464 562 2495 intumescentcm,
581 2471 611 2490 ac
626 2463 725 2490 deinde
753 2469 864 2498 propter
889 2464 973 2490 aliutu

190 2511 364 2541 inﬂuentem,
381 2510 522 2544 paulatim,
540 2510 628 2537 donec
647 2510 681 2536 ad
709 2517 845 2537 summum
875 2517 974 2544 pervc-

190 2559 258 2589 niat,
279 2556 452 2584 deiicientem
469 2561 549 2590 atque
564 2560 783 2587 evanescentem,
807 2555 974 2583 mirabiliter

189 2602 421 2631 circumscribat:
456 2603 629 2637 potissimum
666 2611 741 2634 vero,
766 2609 828 2630 cum
859 2602 908 2629 tibi
940 2601 974 2629 de

190 2650 273 2678 rebus
287 2648 388 2675 divinis
405 2654 447 2675 est
458 2657 558 2677 sermo.
575 2650 642 2683 Quis
655 2657 772 2684 namque
805 2649 875 2676 alius
892 2649 974 2675 habet

189 2697 232 2723 vel
248 2701 367 2722 mentem
382 2700 410 2722 ct
430 2696 593 2723 sententiam
623 2696 746 2723 oratione
775 2701 856 2730 atque
881 2695 973 2730 lingua

191 2742 344 2774 meliorem,
358 2742 400 2768 vel
415 2744 564 2770 orationem
578 2751 639 2777 rpite
659 2743 712 2769 illis
728 2744 834 2769 ratione
854 2742 972 2768 meliore

189 2787 356 2820 subserviat,
377 2788 419 2814 vel
438 2787 558 2823 linguam
573 2789 725 2823 etiamquae
739 2788 808 2814 bene
825 2787 973 2813 admodum

189 2839 310 2868 etacute
336 2835 466 2870 (rotunde
485 2835 648 2864 ctsuavitcr
663 2839 744 2870 poeta
768 2834 894 2868 dixisset)
916 2841 975 2861 vcr-

1026 227 1051 254 τ’
1065 229 1095 254 ἐκ
1111 227 1177 254 Θεοῦ
1195 236 1234 254 σοι
1249 227 1433 262 δεδωρημένα,
1451 226 1485 252 τά
1501 225 1524 251 τ’
1543 226 1572 251 ἐν
1601 225 1675 260 πάσῃ
1692 224 1820 258 ξυνενεχ-

1027 275 1107 302 θέντα
1124 283 1165 300 σοι
1187 276 1219 309 τῇ
1244 276 1326 308 ἀρχῇ.
1350 274 1405 308 Οὐχ
1424 271 1505 308 ἧττόν
1526 280 1557 305 γε
1583 271 1636 306 μὴν
1658 271 1706 297 καὶ
1726 268 1819 297 ταῦτα

1028 323 1122 354 σαφῶς
1147 321 1336 356 παραδείξειε·
1353 322 1394 350 τις
1408 321 1462 354 γὰρ
1490 319 1538 345 σοῦ
1556 319 1637 345 πλέον
1663 319 1721 352 μετ’
1735 317 1818 343 εὐλα-

1029 368 1104 398 ϐείας
1121 367 1303 401 ἀνυποκρίτου
1318 367 1334 400 ἢ
1350 365 1417 392 Θεὸν
1438 364 1573 397 ἐδόξασεν,
1592 364 1608 398 ἢ
1626 363 1707 397 ζῆλον
1722 361 1818 396 ἐμπυ-

1029 421 1074 447 ρον
1088 413 1158 446 ὑπὲρ
1171 413 1251 438 αὐτοῦ
1265 411 1430 442 ὲνεδείξατο;
1446 410 1495 440 Τίς
1505 409 1553 443 τὴν
1564 408 1703 443 ἀκραιςονῆ
1718 408 1816 433 πίστιν

1026 458 1113 489 οὕτως
1128 457 1314 492 ἐζηλοτύπησε
1327 454 1545 486 κινδυνεύουσαν,
1560 453 1576 488 ἢ
1595 453 1643 488 τὴν
1657 453 1734 487 ἱερὰν
1748 453 1817 478 ἑκά-

1028 503 1094 538 θηρε
1108 503 1267 537 τράπεζαν;
1291 501 1338 532 Τίς
1362 501 1385 527 δ’
1403 499 1437 526 αὖ
1455 500 1546 534 λόγοις
1564 497 1650 529 οὕτως
1671 497 1815 524 ἐπιδοῦναι

1028 549 1165 583 παρέσχεν
1182 550 1220 580 εἰς
1236 548 1374 582 μέγιστον,
1388 547 1435 572 καὶ
1448 544 1615 581 τὴνάρετὴν
1627 545 1815 579 διαφερόντως

1028 594 1198 629 ἔτίμησεν,ἥ
1214 595 1276 624 τοὺς
1301 594 1428 628 ἀρίστους
1453 591 1644 627 προὺτῐμησε;
1671 590 1721 621 Τις
1743 589 1814 615 Θεοῦ

1029 640 1206 675 λειτουργοῖς,
1224 640 1272 666 καὶ
1287 640 1374 670 ἄλλως
1390 639 1422 674 δὴ
1436 638 1645 672 κεχαρισμένοις
1659 636 1744 670 αὐτῷ,
1766 636 1814 662 καὶ

1029 687 1121 720 σχεδὸν
1145 687 1243 718 ἅπασι,
1265 686 1295 712 τὸ
1311 685 1449 720 προσῆκον
1466 685 1551 718 γέρας
1573 683 1633 709 κατ’
1648 682 1726 715 ἀξίαν
1743 683 1815 708 άπε-

1028 733 1177 766 χαρισατος
1195 733 1241 763 Τίς
1258 732 1286 758 δὲ
1302 732 1383 758 πάλιν
1399 731 1431 757 τὰ
1451 730 1575 764 βασίλεια
1588 729 1647 756 κατ’
1662 728 1739 754 οὐδὲν
1753 728 1817 754 δια-

1028 779 1122 813 φέρειν
1146 778 1315 813 ἁσκητηρῖου
1347 778 1573 811 παρεσκευάσατο
1597 777 1630 810 τῇ
1659 784 1689 802 τε
1716 775 1815 810 μακρᾷ

1029 826 1148 858 προσοχῇ
1169 824 1216 850 καὶ
1238 825 1270 858 τῇ
1294 823 1398 855 ὲσάγαν
1421 822 1550 856 εὐλαὸείᾳ
1566 821 1610 848 καὶ
1631 820 1812 855 κοσμιότητις

1029 870 1107 900 Ποῑος
1120 870 1142 895 δ’
1156 869 1240 900 οὕτως
1256 869 1373 904 ἁρῤεπεῖ
1386 868 1470 900 ζυγοῦ
1483 868 1590 902 στάθμη
1606 866 1641 892 τὰ
1654 865 1733 892 κοινᾶ
1749 865 1816 899 διῳ-

1028 915 1148 948 κήσατος
1172 913 1188 948 ῆ
1212 913 1302 943 δίκαις
1322 913 1488 947 ἐπέστησενι,
1506 912 1523 947 ἢ
1542 911 1642 938 κακίαν
1664 910 1812 943 ἑκόλασενς

1027 960 1064 990 ὡς
1078 959 1164 985 πλείω
1192 959 1273 994 χάριν
1299 959 1373 993 ἔχειν
1390 958 1492 993 μᾶλλον
1518 957 1618 984 ειδέναι
1634 965 1674 983 σοι
1702 956 1748 983 τὸν
1762 955 1814 990 τὴν

1027 1005 1102 1040 ἥττω
1120 1005 1211 1039 ψῆφον
1229 1005 1464 1038 ἀπενεγκαμένου.
1493 1004 1573 1034 Τίνος
1594 1005 1610 1037 ἡ
1635 1003 1704 1036 μετὰ
1734 1003 1816 1028 συνέ-

1028 1059 1097 1081 σεως
1120 1050 1240 1086 ἁπλότης
1263 1051 1311 1076 καὶ
1338 1051 1408 1085 μετὰ
1425 1050 1580 1084 πραότητος
1603 1048 1751 1083 φρόνησις;
1768 1045 1814 1078 αἷς

1030 1097 1100 1131 μετὰ
1115 1097 1321 1132 φιλανθρωπίας
1336 1096 1442 1127 μάλιστ’
1456 1096 1620 1131 ὲμπρέπεις,
1637 1095 1708 1128 μέγα
1724 1102 1752 1120 τι
1764 1095 1815 1129 βά-

1028 1142 1073 1173 θος
1090 1142 1214 1177 γαλήνης
1228 1142 1341 1177 ἐνψυχῇ
1357 1142 1405 1168 καὶ
1420 1141 1498 1175 ὂψεσι
1526 1140 1698 1175 προδεικνὺς,
1720 1140 1815 1174 ἡρέμα

1027 1188 1152 1223 φρίσσον,
1173 1188 1220 1214 καὶ
1237 1188 1321 1221 ζάλην
1341 1187 1372 1212 οὐ
1398 1186 1596 1221 παρεχόμενον.
1616 1185 1697 1212 Ἀλλὰ
1717 1185 1749 1211 τὺ
1765 1184 1814 1211 τοῦ

1027 1234 1107 1267 λόγου
1120 1233 1238 1268 καίριον,
1256 1233 1323 1259 ἀλλὰ
1343 1233 1373 1259 τὸ
1395 1232 1444 1267 τῆς
1460 1231 1566 1265 σιωπῆς
1587 1231 1709 1264 εὔλογον,
1723 1231 1775 1266 τὴν
1790 1231 1815 1258 δ’

1027 1279 1176 1314 ἀφροδίτην
1197 1279 1249 1312 τῆς
1270 1278 1404 1312 γλώττης,
1423 1278 1470 1304 καὶ
1489 1277 1518 1304 τὸ
1532 1278 1581 1312 τῆς
1602 1277 1713 1311 ὁμιλίας
1733 1277 1815 1311 δίκην

1027 1325 1116 1352 ελαίου
1134 1326 1181 1352 καὶ
1207 1325 1313 1359 μέλιτος
1333 1324 1463 1359 ἄντικρυς
1483 1323 1586 1357 ῥέον,ἦ
1607 1323 1656 1357 τὴν
1676 1323 1816 1357 ἁρμονίαν

1026 1369 1074 1396 καὶ
1091 1369 1223 1404 μουσικὴν
1241 1369 1295 1395 τῶν
1308 1369 1396 1401 λόγων
1416 1368 1474 1399 πῶς
1493 1367 1526 1394 ἄν
1540 1376 1582 1399 τις
1597 1368 1695 1401 φράσοι
1708 1375 1716 1400 ;
1732 1367 1769 1394 Τὸ
1784 1367 1814 1394 δὲ

1026 1415 1081 1442 τῶν
1106 1416 1250 1449 νοημάτων
1275 1414 1389 1445 πυκνὸν,
1414 1413 1484 1448 πρὸς
1504 1413 1534 1439 δὲ
1549 1413 1580 1439 τὸ
1595 1413 1692 1444 διειδές
1705 1422 1737 1439 τε
1766 1414 1815 1440 καὶ

1027 1459 1152 1493 ἄφθονον,
1174 1459 1249 1486 ἔπεα
1273 1459 1455 1493 νιφάδεσσιν
1481 1458 1597 1486 ἐοικότα
1615 1458 1813 1493 χειμερίῃσιν,

987 1510 1010 1542 c
1026 1505 1103 1531 εἶπεν
1113 1505 1146 1532 ἂν
1157 1506 1293 1539 Ὅμηρος,
1309 1505 1351 1536 τις
1366 1505 1412 1531 σοῦ
1426 1505 1507 1531 πλέον
1520 1504 1611 1531 θεόθεν
1626 1504 1812 1539 ὲπλούτησεν;

1026 1550 1064 1581 ὡς
1080 1551 1197 1583 πάντας,
1216 1550 1340 1584 λέγοντός
1366 1558 1425 1582 σου,
1449 1549 1592 1584 ὲνθουσιᾷν
1606 1549 1750 1584 ἄντικρυς,
1765 1551 1814 1576 καὶ

1028 1597 1127 1632 μανίαν
1139 1597 1256 1632 πάσχειν
1269 1596 1318 1631 τὴν
1330 1595 1465 1630 σώφρονα,
1480 1596 1526 1622 καὶ
1539 1594 1684 1630 βακχεύειν
1695 1595 1813 1629 ἐθέλειν,

1026 1643 1073 1670 καὶ
1090 1642 1207 1674 ἄκοντας
1230 1641 1370 1674 ἅλλεσθαι,
1394 1642 1455 1672 ταῖς
1477 1649 1508 1666 τε
1533 1642 1635 1675 φωναῖς
1652 1641 1814 1677 συνεξαιρε-

1028 1687 1101 1719 σθαι,
1128 1688 1176 1715 καὶ
1201 1687 1262 1722 μηδ’
1290 1687 1441 1722 ἀναχωρεῖν
1467 1686 1623 1722 αἱρεῖσθαι·
1647 1686 1706 1713 ἀλλ’
1729 1688 1814 1713 οἱονεὶ

1025 1733 1218 1768 προσηλῶσθαι
1232 1733 1330 1765 δοκεῖν,
1346 1732 1375 1759 τὸ
1392 1733 1446 1760 τῶν
1463 1733 1601 1767 Σειρήνων
1625 1733 1748 1767 ἀτεχνῶς
1761 1734 1814 1761 πά-

1026 1788 1150 1814 σχοντας.
1166 1779 1310 1807 Θάλασσαν
1328 1779 1523 1814 προσηκόντως
1536 1780 1609 1806 εἴποι
1626 1787 1667 1811 τις
1681 1779 1755 1807 εἷναί
1769 1789 1813 1814 σε,

1025 1826 1094 1853 ἄλλα
1111 1825 1156 1852 ἐπ’
1175 1825 1267 1857 ἄλλοις
1284 1825 1396 1857 πυκνῶς
1416 1824 1579 1860 ἐγείρουσαν
1598 1826 1685 1860 λόγων
1702 1826 1736 1853 τὰ
1761 1826 1812 1853 κύς

1028 1880 1115 1906 ματα·
1133 1871 1150 1906 ἡ
1178 1881 1240 1898 τινα
1258 1872 1382 1906 μεγάλην
1399 1871 1503 1899 ὑδάτων
1530 1871 1670 1904 σύστασιν,
1693 1871 1813 1907 ψηφῖδος

1025 1918 1107 1944 ποθὲν
1126 1917 1311 1953 ἐμπεσούσης,
1333 1917 1424 1952 ἀδήλῳ
1445 1917 1560 1952 κέντρῳ,
1579 1918 1680 1952 μᾶλλον
1696 1918 1726 1944 δὲ
1752 1919 1811 1945 δια-

1024 1964 1105 2000 δήτῃ·
1119 1963 1184 1990 εἰδὲ
1201 1963 1292 1998 βούλει
1311 1963 1359 1992 καὶ
1374 1963 1501 1997 ὑδατίνῳ,
1514 1962 1594 1991 ἄλλον
1608 1963 1652 1990 ἐπ’
1666 1963 1742 1998 ἄλλῳ
1761 1964 1809 1990 κύ-

1024 2010 1098 2041 κλον,
1126 2009 1221 2044 πράως
1245 2007 1306 2043 μάλ’
1326 2008 1527 2042 ἀνοιδούμενον,
1554 2008 1653 2040 καινῶς
1677 2010 1814 2044 περιγρά-

1025 2061 1144 2089 φουσαν’
1172 2051 1223 2079 εἶθ’
1240 2052 1457 2088 ὑπεξιστάμενον
1472 2053 1561 2088 ἡσυχῆ
1582 2053 1621 2087 τῷ
1641 2054 1812 2089 ἐπεισρέοντι

1025 2100 1071 2129 καὶ
1081 2099 1267 2134 διαλυόμενον,
1293 2098 1393 2134 μέχρις
1407 2098 1440 2125 ἂν
1466 2098 1538 2127 ἔλθοι
1557 2098 1624 2134 πρὸς
1638 2099 1669 2125 τὸ
1691 2099 1812 2134 ἀκρότα-

1024 2155 1080 2173 τον.
1095 2146 1150 2173 Καὶ
1166 2145 1267 2180 μᾶλλον
1281 2145 1345 2172 ὅταν
1363 2145 1429 2178 περ)⁸
1450 2145 1529 2172 θεῑων
1544 2145 1718 2180 πραγμάτων
1770 2155 1812 2172 σοι

1024 2193 1053 2219 τὸ
1070 2192 1254 2228 διαλέγεσθαι.
1277 2193 1332 2219 Καὶ
1354 2193 1430 2223 ποῖος
1459 2191 1512 2227 γὰρ
1525 2192 1618 2226 ἕτερος
1632 2191 1649 2226 ἢ
1670 2190 1734 2219 »οὖν
1748 2193 1811 2227 ἔσχε

1024 2239 1103 2273 λόγον
1132 2240 1178 2268 καὶ
1205 2238 1331 2274 γλώσσης
1354 2239 1502 2274 ἀμείνονα,
1528 2239 1546 2274 ἢ
1567 2238 1645 2271 λόγον
1669 2239 1812 2271 ἀναλόγως

1024 2284 1130 2316 τούτοις
1146 2284 1411 2320 ὕπηρετούμενον,ἢ
1437 2284 1566 2318 γλῶσσαν
1582 2282 1662 2315 αὖθις
1683 2284 1714 2313 εὖ
1737 2285 1813 2320 μάλα.

1024 2332 1072 2358 καὶ
1088 2331 1274 2365 στρογγύλως,
1290 2330 1470 2365 ἐπιτροχάδην
1489 2330 1517 2358 δὲ
1541 2329 1589 2359 καὶ
1611 2329 1711 2363 λιγέως
1734 2329 1812 2357 εἶπεν

1025 2375 1059 2402 ἂν
1079 2375 1204 2410 ποιητὴς,
1226 2374 1462 2410 ἁποτορνεύουσαν
1476 2378 1505 2401 τὸ
1523 2375 1678 2407 νοούμενον,
1692 2375 1742 2402 καὶ
1755 2375 1812 2410 ἆμ-

1025 2430 1067 2456 φω
1083 2420 1199 2454 τούτοις,
1223 2421 1260 2453 ὥς
1281 2422 1308 2454 γ’
1327 2422 1422 2456 ἐχρῆν,
1440 2420 1618 2448 διακονοῦσαν
1637 2428 1665 2446 τε
1682 2421 1731 2447 καὶ
1752 2421 1812 2447 δια-

1024 2466 1234 2502 πορθμεύουσαν
1260 2467 1291 2495 τὸ
1316 2467 1519 2501 κρυπτόμενον;
1539 2465 1610 2500 Ἐγὼ
1630 2465 1710 2492 τοῦτο
1729 2467 1810 2501 μόνον

1024 2521 1072 2538 σου
1085 2512 1253 2547 διηγήσομαι
1263 2520 1270 2528 ο
1289 2513 1355 2539 ὅταν
1370 2511 1593 2548 δημηγοροῦντος
1608 2511 1711 2544 ἀκούω,
1730 2512 1811 2544 ἄλλος

1025 2559 1054 2592 ἐξ
1068 2558 1148 2587 ἄλλον
1177 2559 1297 2594 γίνομαι,
1314 2559 1361 2586 καὶ
1384 2559 1443 2589 ὅλος
1470 2558 1562 2590 ἔνθους
1578 2559 1636 2589 ταῖς
1650 2558 1705 2584 τῶν
1724 2558 1811 2592 λόγων

1024 2604 1193 2639 καθίσταμαι
1209 2604 1306 2638 ῑυγξιν,
1320 2605 1370 2631 οὐκ
1394 2604 1540 2639 ἀνθρώπου
1555 2602 1635 2638 δῆθεν
1649 2603 1812 2636 ὁμιλοῦντος

1024 2650 1161 2676 διακούειν
1185 2650 1282 2682 δοκῶν,
1301 2649 1361 2676 ἁλλ¹
1375 2649 1533 2684 ὑπερφυοῦς
1554 2650 1586 2683 δή
1606 2658 1679 2679 τινος
1695 2649 1815 2684 οὐρανό-

1026 2695 1072 2722 θεν
1095 2695 1309 2730 προκόπτοντος,
1329 2695 1376 2721 καί
1396 2703 1458 2722 τινα
1480 2694 1542 2727 ξένα
1565 2695 1611 2720 καὶ
1628 2694 1697 2726 θεῖα,
1715 2695 1815 2722 ἑνιῦαὶ-

1026 2749 1108 2767 νοντα
1126 2741 1176 2775 μὲν
1202 2741 1237 2767 τὰ
1261 2741 1350 2774 κοινὰ,
1370 2742 1507 2776 μυστήρια
1530 2740 1558 2767 δέ
1585 2749 1646 2766 τινα
1669 2741 1718 2766 καὶ
1731 2741 1815 2776 βάθος

1025 2788 1182 2823 ἀπόρρητον
1199 2787 1296 2822 ἔχοντα
1310 2787 1514 2821 ειαγγέλλοντος
1528 2795 1534 2802 ·
1551 2786 1621 2813 ὥστε
1639 2794 1673 2821 με
1690 2787 1740 2813 καὶ
1756 2787 1811 2813 δεῖς

1027 2832 1088 2861 σθαι
1116 2831 1184 2861 Θεοῦ
1213 2832 1371 2869 προσθεῖναι
1394 2833 1440 2860 καὶ
1467 2830 1513 2864 οὖς
1536 2832 1640 2867 ἕτερον,
1662 2832 1699 2863 ὡς
1724 2832 1760 2867 δὴ
1775 2832 1814 2868 τῷ
