1890 3062
171 96 220 127 631

777 94 987 125 NlCEPllORl
1009 94 1183 125 CALLISTI

1736 92 1803 124 63:2

171 154 230 180 ﬁeri
250 153 406 186 ilt'llliflllﬂln
424 160 514 186 posse,
531 156 560 178 ut
576 151 617 179 vis
636 155 663 178 et
685 151 772 177 virtus
795 152 848 185 typi
872 157 917 186 atq

1055 152 1111 183 ts'tc,
1128 151 1190 178 οὕτε
1215 151 1268 186 μὴν
1285 150 1428 186 προφήτης
1443 149 1480 181 ὡς
1493 150 1517 176 οε
1533 149 1616 177 πάλαι
1632 149 1801 185 γενόμενος,

171 198 299 232 imaginis
320 202 425 224 tantum
446 196 579 231 perﬁciat,
598 200 729 230 quantum
751 196 881 222 nimirum
905 204 951 222 ve-

172 244 259 270 ritatis
276 242 363 277 ipsius
378 241 583 275 reprzesentatio
599 246 625 267 et
640 240 784 272 exhibitio,
799 248 830 267 ea
847 248 908 275 quae
926 241 952 266 in

171 289 318 316 Scrvatore
343 294 436 315 nostro
463 291 505 314 est
533 291 675 322 perspecta
702 292 838 320 potestas,
866 286 952 312 mani-

170 334 303 361 festisime
321 333 481 368 comprobat
498 337 526 359 et
549 332 680 359 declarat.
698 332 750 364 Qui
767 332 875 366 quidem
892 339 952 358 cum

172 380 240 407 nihil
254 387 348 407 eorum
361 386 421 414 qua:
432 378 574 413 magnifica
589 383 615 404 et
628 379 792 413 praestabilia
806 378 952 411 habentur,

147 425 151 446 Γ
171 434 185 454 a
198 426 325 460 quopiam
342 425 495 458 accepisset
507 433 514 450 :
527 424 574 451 sed
587 431 677 458 neque
691 431 776 458 genus
791 424 907 451 fortasse
921 432 955 451 ex

169 471 342 499 sacerdotum
362 471 459 498 ordine
475 470 612 502 duxisset,
634 477 725 504 neque
743 470 842 504 opibus
858 470 955 504 aliqui-

169 517 221 544 bus
234 517 267 544 ad
282 524 395 552 regnum
411 521 522 544 evectus
535 520 609 543 esset
623 524 629 542 :
643 523 732 551 neque
746 523 794 550 pro
808 516 953 551 propheta,

169 567 200 590 ut
212 567 319 590 veteres
337 562 387 595 illi,
404 570 433 590 se
449 562 588 597 gessisset,
604 569 695 596 neque
715 561 847 596 dignitate
865 561 955 596 aliqua

169 618 183 636 a
197 609 299 636 Judacis
321 613 419 636 auctus
443 613 531 641 esset;
553 609 680 643 quamvis
695 615 744 642 per
760 615 788 635 se
809 608 896 642 ipsum
912 615 957 634 re-

169 662 233 681 vera
245 654 336 681 omnia
354 662 369 681 a
381 655 471 686 Patre,
487 658 515 681 et
530 661 585 680 non
601 661 650 688 per
661 653 783 689 symbola
796 657 844 680 aut
857 653 956 688 figuras

170 701 286 728 haberet
298 709 304 726 :
317 700 447 727 Christus
461 705 551 727 tamen
566 708 621 735 prze
634 700 764 727 omnibus
775 699 830 726 illis
841 699 957 730 maxime

170 751 213 773 cst
238 746 424 777 renuntiatus,
446 750 529 780 atque
554 745 710 773 declaratus
727 754 734 772 :
750 750 780 773 et
805 753 868 773 cum
891 743 957 772 orbe

1004 199 1062 226 ἀλλ’
1082 199 1142 225 οὐδέ
1158 207 1231 228 τινος
1247 197 1326 230 ἀξίας
1340 197 1415 232 παρὰ
1435 197 1574 228 Ἰουδαίοις
1591 197 1802 232 ὲνευπορὴσαςο

1005 246 1057 271 κᾶν
1073 245 1133 275 ταῖς
1145 244 1284 278 ἀληθείαις
1307 244 1393 271 πάντα
1413 241 1471 277 εἶχε
1493 243 1638 277 πατρόθεν,
1652 243 1675 268 εί
1690 243 1737 269 καὶ
1753 242 1803 278 μὴ

1005 289 1195 324 συμϐολικῶς,
1215 289 1330 322 Χριστὸς
1350 289 1449 323 μᾶλλον
1466 289 1578 314 ἐκεῖνων
1595 289 1706 315 πάντων
1723 289 1801 323 ἀνη-

1004 335 1141 370 γορεύθη·
1170 335 1217 361 καὶ
1244 335 1320 370 πάσῃ
1346 335 1379 369 τῇ
1404 334 1552 369 οἰκουμένῃ
1577 335 1628 369 τῆς
1656 335 1803 369 σφετέρας

1006 381 1191 416 προσηγορίας
1208 381 1318 416 καὶτῆς
1341 380 1443 415 σεμνῆς
1461 380 1598 411 πολιτείας
1622 381 1795 415 μετέδωκεν·

1005 428 1034 453 οὐ
1056 426 1134 457 σκιὰς
1151 425 1198 452 καὶ
1213 425 1314 457 τύπους
1340 426 1387 452 καὶ
1411 425 1531 457 εἰκόνας,
1549 425 1586 456 ὡς
1608 426 1718 459 τοπρὶν,
1734 425 1802 451 τῶν

1005 472 1107 504 καλῶν,
1122 471 1180 498 ἀλλ’
1197 472 1282 506 αὑτὰς
1297 471 1403 505 γυμνὰς
1424 471 1472 502 τὰς
1493 471 1595 505 ἀρετὰς
1619 468 1776 503 παρασλών
1790 476 1801 484 ο

1007 518 1063 553 βίον
1076 517 1105 544 τέ
1121 527 1181 544 τινα
1199 517 1344 552 διηρμένον
1358 518 1407 543 καὶ
1428 516 1554 551 οὐράνιον
1581 516 1651 550 μετὰ
1671 516 1728 541 τῶν
1743 516 1803 550 τῆς

1005 565 1134 604 ἀληθείας
1145 563 1288 598 δογμάτων
1305 564 1362 594 τοῖς
1381 563 1529 594 θιασώταις
1545 561 1718 594 καταλιπὼν,
1745 562 1802 588 ἁτε

1005 608 1043 636 ὢν
1058 609 1138 639 αὐτὸς
1153 609 1213 638 ταῖς
1228 607 1368 642 ἀληθείαις
1388 605 1514 642 Χριστὸς,
1537 607 1551 632 ὀ
1570 606 1617 632 τοῦ
1631 605 1702 631 Θεοῦ
1721 613 1803 632 παν-

1006 654 1108 685 τέλειος
1122 654 1218 687 Λόγος,
1235 655 1250 679 ὁ
1265 652 1303 687 μὴ
1317 651 1355 687 τῷ
1373 651 1636 687 σκευαστῷνῶσπερ
1652 652 1721 686 δῆτα
1745 651 1803 678 καὶ

1006 701 1031 728 οἱ
1048 700 1146 731 λοιποὶ,
1163 698 1231 725 ἀλλά
1244 698 1282 732 τῷ
1300 698 1364 732 θείῳ
1379 697 1488 732 φυσικῷ
1500 697 1624 732 χρισοεὶς
1640 696 1802 731 Πνεῦματι·

1007 748 1086 782 εἴπερ
1100 747 1185 773 ἐκεῖνο
1199 745 1246 772 τοῦ
1269 745 1382 771 Ἡσαΐου
1397 743 1445 779 τὴν
1468 744 1622 779 μαρτυρίαν
1640 743 1802 777 παρέχεται

172 791 314 818 habilabili
332 791 461 818 universo
485 799 634 826 cognomen
659 792 740 832 simul
762 798 856 823 suum,
874 790 918 818 sin

1059 794 1178 819 ὀπιστον·
1193 791 1314 825 Πνεῦμα
1335 791 1445 824 Κυρίου
1467 790 1514 816 ἐπ’
1529 789 1591 824 ἐμὲ,
1616 787 1651 815 οὗ
1676 789 1805 816 εἵνεκεν

171 842 199 864 ct
219 839 376 864 veneranda
403 842 432 865 et
454 842 547 865 sancta
572 837 698 865 instituta
722 845 867 872 moresque
892 845 958 865 suos

172 883 386 910 cmnmunicavit
402 892 408 910 :
425 891 479 911 non
496 884 617 917 umbras,
633 889 710 919 typos
725 889 752 911 et
767 884 909 918 imagines,
929 887 958 910 ut

173 934 254 956 antea
277 930 379 956 factum
402 930 502 962 fuerat,
522 938 614 957 rerum
635 930 894 964 pulcherrimarum,
909 930 957 956 sed

173 975 333 1002 manifestas
351 976 424 1010 ipsas
439 981 467 1003 et
483 983 562 1003 veras
575 977 691 1003 virtutes
705 976 847 1008 exhibens,
860 976 959 1003 vitam-

174 1028 227 1054 que
249 1021 395 1055 quamdam
418 1021 562 1048 sublimem
590 1026 617 1049 et
638 1021 795 1053 cmicstem,
819 1029 872 1048 una
896 1028 958 1048 cum

175 1067 298 1093 veritatis
319 1067 504 1102 dogmatibus,
520 1068 560 1094 eis
580 1067 647 1102 ipsis
664 1067 710 1101 qui
730 1067 817 1094 sacris
831 1067 891 1102 ejus
908 1067 960 1093 ini-

176 1113 234 1139 tiati
260 1118 364 1144 essent,
384 1113 552 1148 relinquens,
572 1112 727 1148 ipsissimus
750 1113 854 1140 scilicet
876 1117 902 1140 et
917 1120 962 1140 ve-

176 1159 304 1186 rissimus
329 1158 471 1192 Christus,
495 1159 726 1194 perfectissimum
750 1159 799 1186 Dei
823 1159 960 1192 Verbum,

178 1204 224 1237 qui
243 1211 297 1231 non
314 1204 420 1231 factitio
436 1204 549 1239 perinde
564 1208 646 1238 atque
670 1204 779 1239 reliqui,
802 1204 849 1232 sed
868 1204 962 1232 divino

178 1250 341 1277 naturaliter
359 1256 458 1278 unctus
480 1255 552 1278 esset
572 1250 687 1286 Spiritu.
709 1250 793 1286 Cujus
810 1251 849 1278 rei
867 1251 962 1278 certis-

177 1297 275 1324 simam
302 1296 382 1324 fidem
407 1297 471 1325 facit
495 1297 564 1324 illud
591 1297 667 1325 Isaia:
690 1297 805 1325 verbum
824 1307 831 1325 :
849 1297 963 1332 Spiritus

181 1343 289 1370 Domini
309 1351 388 1378 super
405 1351 455 1376 me,
472 1348 611 1379 propterea
627 1344 694 1378 quod
709 1344 785 1371 unxit
799 1353 847 1375 me,
862 1349 890 1371 ct
903 1351 963 1378 quas

179 1389 362 1422 ecquuntur’.
378 1389 484 1416 Rursus
499 1388 566 1416 illud
579 1389 662 1416 divini
676 1389 785 1416 Davidis
797 1397 805 1416 :
819 1389 963 1424 Propterea

1007 839 1111 875 ἕχρισέ
1133 847 1182 873 με,
1198 839 1245 865 καὶ
1272 839 1306 864 τὰ
1331 837 1406 871 ἑξῆς·
1423 836 1518 862 καὶτὸ
1541 836 1588 862 τοῦ
1615 835 1688 861 θείου
1713 835 1805 860 πάλιν

1008 887 1096 912 ἐκεῖνο
1112 885 1204 916 Δαΰὶδ,
1221 884 1271 910 Διὰ
1285 883 1373 909 τοῦτο
1390 882 1494 915 ἕχρισέ
1506 889 1542 908 σε
1561 883 1578 908 ὁ
1592 881 1674 912 Θεὸς,
1692 881 1708 906 ὀ
1725 879 1806 911 Θεός

1008 940 1077 963 σου,
1092 931 1194 958 ἔλαιον
1212 929 1422 964 ἀγαλλιάσεως
1451 928 1530 961 παρὰ
1552 927 1623 959 τοὺς
1647 926 1807 961 μετόχους

1010 985 1080 1006 σου.
1106 978 1150 1004 Ἐν
1165 975 1187 1012 ᾦ
1210 978 1257 1003 καὶ
1284 976 1315 1002 τὸ
1340 975 1400 1001 καθ’
1418 974 1573 1010 ὑπερΰολὴν
1597 975 1723 1008 κρεῖττον
1744 972 1806 998 τῶν

1010 1025 1095 1051 πάλαι
1110 1023 1254 1053 είκονικῶς
1268 1020 1456 1056 κεχρισμένων
1476 1019 1695 1054 καθυπογράφει.
1726 1018 1758 1045 Ὀ
1778 1016 1809 1044 δ’

1011 1071 1092 1102 αὐτὸς
1116 1070 1161 1097 καὶ
1183 1068 1310 1103 suavi
1330 1068 1372 1095 Σὺ
1394 1065 1422 1094 εἷ
1443 1067 1539 1101 ἱερεὺς
1567 1068 1610 1099 ηις
1635 1067 1689 1092 τὸν
1704 1065 1808 1092 αἰῶνα

1011 1116 1086 1143 κατὰ
1104 1115 1161 1149 τὴν
1186 1114 1274 1145 τάξιν
1297 1111 1495 1147 Μελχισεδέκ.
1519 1112 1568 1143 Ὃς
1586 1110 1740 1144 εἰσάγεται,
1765 1110 1810 1145 μὴ

1011 1162 1050 1197 τῷ
1078 1159 1217 1194 σκευαστῴ
1243 1159 1325 1193 ἐλαίῳ
1350 1159 1388 1189 εἰς
1411 1157 1460 1192 τὴν
1483 1157 1621 1192 ἱερατείαν
1652 1155 1803 1191 χρισθεὶς,

1012 1211 1069 1238 ἀλλ’
1090 1209 1149 1236 οὐδὲ
1168 1209 1201 1243 τῇ
1220 1207 1281 1234 καθ’
1308 1206 1453 1240 Ἐϐραίους
1478 1205 1610 1240 ἱερωσύνῃ
1638 1204 1811 1238 προσήκωνι

1012 1258 1062 1284 ὅσα
1079 1265 1110 1289 γε
1126 1257 1159 1290 τῇ
1174 1254 1221 1281 τοῦ
1239 1254 1334 1286 γένους
1361 1252 1440 1286 σειρᾷ
1456 1252 1666 1286 ἀναγέγραπται
1678 1259 1685 1266 ·
1706 1250 1809 1284 διόπερ

1014 1304 1085 1332 κατὰ
1098 1303 1146 1337 τὴν
1161 1300 1243 1327 αὐτοῦ
1258 1300 1343 1331 τάξιν,
1360 1299 1416 1325 ἀλλ’
1434 1299 1464 1325 οὐ
1481 1298 1551 1324 κατὰ
1570 1297 1619 1332 τὴν
1638 1297 1693 1323 τῶν
1706 1296 1802 1323 ἄλλων

1014 1348 1068 1374 τῶν
1083 1346 1205 1380 σὺμὸοὶα
1236 1344 1283 1370 καὶ
1309 1343 1412 1374 τύπους
1434 1343 1583 1378 εἰληφότων
1610 1341 1730 1376 Χριστὸς
1755 1341 1809 1367 καὶ

1015 1393 1159 1429 ἀρχιερεὺς
1177 1391 1244 1426 μετὰ
1258 1390 1439 1426 παραλήψεως
1459 1389 1547 1424 ὅρκων
1567 1389 1581 1415 ὁ
1603 1387 1699 1422 Σωτὴρ
1723 1387 1808 1422 ἡμῶν

179 1435 256 1461 unxit
271 1440 295 1460 te
305 1433 386 1467 Deus,
399 1434 469 1461 Deus
481 1439 551 1468 tuus,
562 1434 619 1462 oleo
632 1435 828 1468 exsultationis,
838 1443 894 1469 pra:
904 1443 925 1461 ct

1060 1440 1210 1474 ῃιόρευται.
1223 1438 1320 1464 Ἔνθεν
1337 1445 1378 1463 τοι
1389 1436 1449 1463 οὐδὲ
1464 1435 1609 1470 χρισθέντα
1625 1433 1806 1468 σωματικῶς,

179 1480 292 1508 sortibus
306 1481 357 1508 tuis
371 1481 405 1508 ¹⁰.
424 1481 473 1509 Ubi
496 1482 523 1509 id
544 1483 627 1510 etiam
652 1483 726 1517 quod
748 1483 905 1518 longissime
925 1483 966 1510 eis

180 1531 301 1561 praestet,
325 1527 373 1562 qui
397 1528 535 1563 quondam
561 1529 720 1564 imaginarie
744 1530 818 1556 uncti
845 1529 965 1561 fuerant.

181 1572 248 1600 satis
258 1572 418 1600 subindicat
430 1578 458 1600 et
470 1574 611 1602 describit.
628 1574 701 1601 Idem
717 1575 801 1602 David
815 1575 880 1602 alibi
896 1583 966 1610 quo.

180 1626 235 1654 que
252 1627 259 1645 :
276 1618 316 1646 Tu
331 1627 357 1646 es
369 1621 492 1647 sacerdos
507 1620 534 1647 in
547 1627 675 1648 wternum
689 1621 834 1648 serundum
848 1622 966 1648 ordinem

181 1664 367 1692 Melchisedech
381 1666 413 1693 υ.
429 1666 481 1699 Qui
498 1667 694 1700 introducitur,
708 1675 762 1694 non
779 1668 888 1695 facticio
904 1667 965 1695 oleo

182 1710 217 1738 ad
232 1718 372 1738 sacrorum
389 1712 572 1740 ministerium
587 1718 696 1747 unctus,
711 1721 800 1749 neque
815 1714 963 1749 quidquam

183 1757 219 1784 ad
235 1756 413 1785 Hebraeorum
430 1759 614 1787 sacerdotium
632 1761 773 1795 pertinens
789 1769 796 1788 :
816 1761 862 1796 qui
881 1762 907 1788 in
924 1769 969 1789 ca-

184 1803 307 1838 talogum
331 1808 358 1831 et
377 1805 486 1839 generis
505 1811 711 1834 concatenatam
732 1807 966 1834 continuationem

182 1849 345 1877 solemniter
361 1851 614 1885 perscribebantur.
630 1851 802 1887 Quapropter
815 1852 967 1879 secundum

183 1893 271 1929 ipsius
283 1895 419 1930 ordinem,
432 1904 487 1925 non
502 1902 592 1925 autem
608 1898 683 1933 juxta
700 1898 817 1925 aliorum
833 1898 879 1932 qui
894 1906 969 1933 sym-

183 1940 259 1974 bola,
276 1945 354 1977 typos
373 1947 400 1970 et
418 1942 519 1978 figuras
540 1948 714 1978 acceperant,
731 1944 824 1976 ritum,
842 1944 969 1971 Christus

185 1990 215 2014 et
233 1987 358 2016 Pontifex
381 1994 492 2024 recepto
513 1989 703 2025 jurejurando,
723 1991 852 2018 Servator
876 1996 970 2018 noster

186 2037 228 2060 est
248 2034 448 2069 promulgatus.
466 2035 517 2070 51
535 2036 611 2064 Unde
633 2036 708 2063 illum
735 2044 823 2071 neque
842 2032 983 2071 σοι-ᾗπερ,

185 2077 250 2105 liter
263 2074 387 2112 unctum,
399 2088 488 2115 neque
499 2089 532 2108 ex
544 2082 707 2109 sacerdotali
721 2083 793 2109 tribu
805 2087 911 2116 natum,
922 2084 972 2118 qui

1017 1486 1073 1513 οὐδ’
1088 1487 1119 1512 ὲκ
1146 1485 1232 1519 φυλῆς
1254 1484 1394 1519 ἱερατικῆς
1415 1483 1572 1517 γενόμενον,
1598 1479 1743 1515 προσεχῶς
1761 1488 1809 1511 τις

1018 1532 1094 1568 ε’ύροι
1120 1541 1171 1558 που
1195 1532 1245 1562 τὰς
1273 1530 1393 1564 ἱστορίας
1417 1528 1615 1562 ἀναλεγόμενος
1631 1535 1638 1542 ⁸
1660 1526 1691 1558 ἐξ
1719 1525 1809 1552 αὑτοῦ

1021 1579 1112 1615 μέντοι
1125 1578 1172 1604 τοῦ
1190 1578 1257 1604 Θεοῦ
1272 1577 1318 1603 καὶ
1331 1576 1436 1610 ﬂat-apo;
1454 1575 1506 1610 πρὸ
1520 1575 1575 1601 τῶν
1588 1573 1694 1600 αἰώνων
1707 1573 1810 1606 ἀγήρω

1019 1624 1191 1660 προαιωνίως
1204 1623 1250 1650 καὶ
1265 1622 1340 1648 ἐσαεὶ
1354 1621 1404 1656 τὴν
1418 1620 1568 1656 ἱερωσύνην
1580 1618 1673 1651 ὥσπερ
1682 1625 1708 1643 τι
1719 1618 1810 1651 γέρας

1019 1669 1223 1704 διακατέχοντα·
1241 1668 1289 1702 οὐχ
1306 1665 1386 1702 ἦττον
1403 1666 1431 1692 δὲ
1449 1665 1495 1691 καὶ
1510 1665 1560 1700 τὴν
1584 1664 1732 1697 ἀσωμάτου
1756 1663 1809 1689 καὶ

1020 1715 1112 1743 ἐνθέου
1129 1715 1245 1750 χρίσεως
1262 1713 1332 1748 μέγα
1348 1712 1509 1746 τεκμήριον,
1524 1710 1553 1736 τὶ
1566 1710 1614 1736 καὶ
1626 1709 1706 1743 μόνον
1720 1709 1812 1734 ἁπάν-

1020 1772 1074 1790 των
1099 1763 1140 1796 ἐφ’
1155 1762 1202 1796 ὅλῃ
1221 1762 1253 1796 τῇ
1269 1761 1316 1795 γῇ,
1340 1759 1368 1786 ἐν
1390 1768 1420 1786 τε
1445 1758 1594 1793 βαρϐάροις
1611 1757 1657 1782 καὶ
1678 1755 1811 1788 ἼΞλλησι,

1021 1809 1139 1844 Χριστὸν
1154 1807 1234 1834 αὑτὸν
1248 1805 1441 1841 ὀνομάζεσθαν
1457 1804 1504 1830 καὶ
1519 1805 1548 1836 ἐξ
1564 1801 1669 1829 ἐκείνου
1689 1802 1716 1832 ἐς
1728 1800 1813 1834 δεῦρο

1022 1854 1098 1890 παρὰ
1110 1855 1218 1886 τοῖςέῑς
1240 1854 1345 1879 ἐκεῖνον
1360 1850 1570 1881 πεπιστευκόσι,
1593 1850 1641 1875 καὶ
1663 1847 1701 1879 ὡς
1719 1847 1811 1881 ἀληθῆ

1022 1901 1088 1927 Θεὸν
1105 1900 1152 1927 καὶ
1166 1899 1284 1926 Βασιλέα
1300 1898 1347 1925 καὶ
1365 1898 1446 1932 μόνον
1459 1895 1590 1931 ἀρχιερέα
1602 1894 1670 1921 Θεοῦ
1682 1894 1730 1920 καὶ
1744 1901 1813 1927 προ-

1023 1948 1111 1982 φήτην
1126 1946 1257 1981 τιμᾶσθαι
1271 1954 1300 1972 τε
1317 1944 1362 1971 καὶ
1372 1942 1553 1973 ’σεὸἀζεσθαιι
1573 1941 1621 1968 καὶ
1635 1940 1666 1966 τό
1680 1947 1712 1973 γε
1728 1939 1812 1972 λόγου

1021 1993 1160 2025 ἐπέκεινα,
1175 1993 1213 2024 ὡς
1228 1992 1264 2026 μὴ
1280 1991 1382 2026 χείλεσι
1399 1991 1489 2024 μόνον,
1509 1987 1577 2023 μηδὲ
1592 1986 1692 2021 ψόφοις
1718 1986 1812 2020 ῥημά-

1023 2048 1076 2065 των
1104 2038 1167 2069 τοὺς
1194 2038 1244 2072 τὴν
1270 2036 1352 2063 αὑτοῦ
1379 2035 1476 2069 κλῆσιν
1502 2033 1696 2066 ἐνδεδυμένους
1727 2031 1813 2065 τιμᾷν

1024 2084 1177 2115 πείθεσθαι,
1196 2084 1264 2111 ἀλλὰ
1280 2083 1354 2118 πάσῃ
1373 2081 1493 2109 διαθέσει
1513 2080 1603 2115 ψυχῆς
1616 2087 1622 2095 ·
1648 2078 1687 2109 ὡς
1713 2079 1747 2104 ὲκ
1762 2077 1812 2103 τοῦ

187 2127 291 2152 attente
306 2130 334 2153 et
350 2126 495 2161 diligenter
514 2128 643 2155 historias
665 2128 781 2163 legendo
803 2129 933 2156 observar

1067 2140 1123 2157 ςτου
1149 2131 1251 2157 ἐνεῖναι
1267 2129 1374 2159 τούτοις
1390 2127 1424 2154 δι’
1442 2126 1525 2154 αὑτὸν
1544 2126 1593 2152 καὶ
1616 2124 1702 2159 αὐτὴν
1717 2123 1813 2158 προδι‹

188 2170 330 2199 inveniet:
348 2172 450 2207 quippe
473 2174 520 2206 qui
544 2173 579 2200 ab
599 2173 658 2208 ipso
683 2174 738 2200 Deo
758 2178 786 2200 et
805 2174 895 2206 Patre,
911 2182 934 2200 ai

621 2181 658 2200 DSO
683 2174 738 2200 Deo
758 2178 786 2200 et
805 2174 895 2206 Patre,
911 2179 974 2201 ante
1029 2176 1102 2202 ὄόναι
1117 2176 1206 2211 ψυχὴν
1222 2174 1367 2209 αἱρεῖσθαι.

189 2216 289 2244 saecula
302 2218 632 2254 condita,sempitcrnum
650 2219 684 2247 ab
703 2224 805 2247 aeterno
819 2227 847 2247 et
878 2221 904 2246 in
940 2226 1074 2249 internum
1098 2221 1298 2254 sacerdotium,
1338 2224 1468 2254 tanquam
1494 2225 1595 2245 munus
1622 2215 1763 2252 quoddam
1788 2219 1816 2242 et

189 2263 323 2292 honorem
349 2265 518 2300 prmeipuum
543 2266 677 2293 obtineat.
713 2266 782 2293 Illud
822 2274 931 2302 quoque
957 2276 1010 2294 non
1030 2270 1122 2297 minus
1153 2276 1195 2296 est
1226 2266 1609 2303 iucorporctedivinitusque
1638 2263 1816 2290 advenientis

191 2312 332 2340 unctionis
354 2313 461 2348 signum
474 2319 504 2340 et
523 2314 666 2346 indicium,
682 2315 754 2348 quod
776 2315 850 2342 hunc
869 2323 901 2342 ex
937 2316 1065 2344 omnibus
1093 2325 1188 2350 unum,
1209 2324 1257 2352 per
1282 2323 1390 2343 omnem
1412 2319 1526 2345 terram,
1543 2311 1655 2340 Barbari
1682 2311 1767 2338 simul
1788 2315 1817 2336 ct

191 2358 277 2387 Graeci
305 2359 446 2387 Christum
474 2361 629 2388 nominant.
663 2361 697 2387 Et
723 2361 779 2396 jam
808 2360 870 2388 inde
895 2370 910 2388 a
939 2364 1108 2397 temporibus
1140 2365 1199 2399 ejus
1227 2363 1261 2390 ad
1287 2363 1361 2390 hunc
1392 2369 1479 2397 usque
1510 2360 1583 2387 diem
1606 2359 1631 2385 in
1658 2365 1721 2384 eum
1754 2363 1816 2384 cre-

191 2407 272 2441 dunt,
286 2413 316 2435 ut
331 2415 426 2435 verum
443 2408 527 2435 Deum
545 2414 573 2436 et
587 2409 686 2443 Regem
712 2408 878 2443 unicumque
894 2410 1055 2438 Pontificem
1074 2410 1122 2438 Dei
1152 2415 1179 2438 ct
1198 2411 1364 2445 Prophetam
1395 2417 1458 2436 eum
1472 2408 1567 2435 colunt
1581 2411 1609 2433 et
1624 2409 1813 2432 venerantur:

192 2457 297 2492 quique
316 2458 400 2493 (quod
425 2457 578 2484 orationem
597 2460 624 2482 et
649 2455 781 2482 rationem
819 2464 927 2483 omnem
946 2457 1066 2492 excellit)
1101 2459 1213 2485 nomine
1246 2458 1473 2492 ejuscensentur,
1490 2460 1650 2489 persuasum
1680 2452 1747 2479 illud
1765 2452 1814 2479 ha-

192 2502 271 2536 bent,
289 2510 319 2532 ut
338 2512 391 2531 non
419 2503 500 2531 labiis
525 2507 629 2529 tantum
645 2506 673 2528 et
692 2502 838 2528 verborum
858 2504 971 2537 strepitu
995 2504 1082 2536 illum,
1115 2505 1163 2531 sed
1195 2504 1270 2531 omni
1284 2510 1396 2537 prorsus
1411 2500 1496 2528 animi
1512 2499 1657 2527 affectione
1671 2502 1699 2524 et
1715 2497 1816 2524 virtute

192 2553 307 2581 colant:
324 2558 411 2585 usque
428 2557 472 2582 eo,
488 2553 518 2576 ut
529 2548 562 2576 de
579 2547 649 2575 facili
667 2547 812 2575 consilium
844 2548 952 2583 capiant
985 2553 1013 2576 ct
1031 2554 1162 2582 statuant,
1177 2554 1204 2577 et
1218 2550 1305 2585 ipsam
1324 2552 1436 2584 propter
1450 2553 1512 2576 eum
1527 2552 1631 2582 ponere
1651 2544 1774 2572 animum
1788 2549 1816 2572 et

193 2601 289 2634 vitam.

250 2692 263 2710 ¹
277 2690 328 2719 lea.
343 2696 398 2722 ut.
412 2689 442 2722 l;
459 2687 525 2716 Luc.
543 2695 581 2722 iv,
597 2687 639 2716 18.

697 2688 719 2704 ⁸ο
735 2687 808 2715 Psal.
828 2693 900 2719 xuv,
918 2685 944 2712 8.
1006 2685 1025 2700 “
1046 2684 1120 2713 Psal.
1135 2691 1189 2714 cur.
1205 2684 1232 2711 4.
