1879 3061
74 119 125 150 717
544 113 848 148 ECCLESIASTlCrE
868 119 1064 149 HISTORLE
1088 119 1155 149 LIB.
1183 119 1205 148 l.
1642 121 1694 153 713

73 178 155 202 λιστα
183 176 281 211 Πέτρῳ
307 174 465 210 ο-ρμ.οτέρῳ
491 182 522 206 γε
541 173 598 200 ὂντι
611 173 666 199 τῶν
692 174 790 207 ἄλλων,
817 183 851 201 κα

958 175 1130 203 becillitatem
1162 174 1325 208 declarans,
1359 177 1534 209 precatione.
1562 176 1696 212 siqui-deut

74 221 310 257 ἐπαγγελλομένῳ
323 223 378 252 τοῖς
394 220 528 251 κινδύνοις
543 220 733 255 ἐγκαρτερ;ἴν.

958 221 988 247 tri
1005 221 1040 248 ita
1060 221 1148 248 visum
1173 227 1262 254 esset,
1283 226 1312 249 ut
1335 222 1368 249 ab
1391 230 1424 250 eo
1449 222 1545 249 mortis
1570 224 1697 257 poculum

74 271 173 302 abiret,
193 270 366 304 deprecatur.
387 268 516 302 Discipuli
530 276 594 294 sane
610 267 755 302 gravedine
769 267 858 295 somni
879 268 977 302 pressi,
1007 276 1104 303 segnes
1120 268 1266 296 admodum
1298 276 1376 300 esse,
1393 274 1419 297 et
1437 270 1698 305 quomodocunque,

75 318 120 344 ubi
147 325 209 344 sors
239 316 311 348 tulit,
339 315 527 348 concidentes,
553 315 669 350 quisque
685 314 861 347 obdormire;
882 315 940 349 ipse
972 322 1037 342 vero
1054 316 1183 349 magister
1199 324 1247 344 eos
1264 316 1469 350 reprehendens
1499 317 1656 353 obiurgare,
1673 322 1701 344 et

74 364 215 398 pra-cipue
233 364 359 395 Petrum,
375 362 437 400 aliis
470 361 664 388 ferventiorem
699 361 900 394 acrioremque,
921 366 948 388 et
961 361 1007 395 qui
1027 366 1184 389 censtanler
1204 369 1233 389 se
1251 361 1278 388 in
1297 361 1426 396 periculis
1442 362 1622 396 perstiturum
1638 371 1700 390 esse

75 405 172 438 [uisset
184 409 336 444 pollicitus.

370 464 497 492 ΚΕΦΑΛ.
516 465 581 492 KG’.

76 524 145 558 Περὶ
166 524 228 550 τῶν
243 522 405 557 ἀρχιερέων
419 524 512 549 Ἀννα
526 523 575 558 καὶ
590 522 706 556 Καιάφα
719 531 725 537 ·
741 522 788 548 καὶ
801 522 868 556 περὶ

111 557 165 586 ἰοῦ
182 560 297 593 χρόνου
317 558 371 592 τῆς
389 558 441 585 τοῦ
454 557 591 592 Σωτῆρος
607 558 817 590 διδασκαλίας.

111 619 222 645 Εἰδέναι
238 617 331 652 μέντοι
346 618 445 652 χρεὼν,
458 617 495 648 ὡς
507 617 598 652 ἠςθεία
611 616 706 652 Γραφὴ
720 617 766 643 τὸν
780 617 868 643 πάντα

76 665 126 698 τῆς
143 662 324 693 διδασκαλίας
347 664 445 696 χρόνον
473 663 581 688 τελέσαι
600 662 646 688 τὸν
664 662 778 696 Σωτῆρα
793 661 868 695 λέγει

79 712 124 737 ἐπὶ
139 710 296 745 ἀρχιερέως
319 710 403 734 Ἀννα
426 708 473 734 καὶ
496 708 602 742 Καϊφα,
627 708 741 742 ἐπείπερ
762 707 791 734 ὲν
813 708 868 737 τοῖς

79 757 185 791 μεταξὺ
200 755 306 782 τούτων
320 755 393 780 ἔτεσι
410 755 460 788 τῆς
482 754 655 788 λειτουργίας
675 754 689 778 ὁ
705 753 755 788 τῆς
777 752 866 788 Ἰησοῦ

77 801 258 832 διδασκαλίας
274 802 386 835 σύμπας
411 799 597 834 διεπεραιώθη
620 799 727 834 χρόνος,
749 799 870 834 ἀρξάμε-

78 857 122 879 νος
146 849 196 882 μὲν
210 847 284 874 κατὰ
310 847 359 882 τὴν
378 847 425 873 τοῦ
444 847 528 873 ’Ἄννα
539 845 758 881 ἀρχιερωσύνην,
775 853 870 872 συντε-

77 894 185 925 λεςθεὶς
199 893 229 919 δὲ
254 893 320 929 ἄχρι
337 893 368 928 δὴ
393 894 439 919 καὶ
463 893 511 927 τῆς
532 892 579 919 τοῦ
596 892 690 926 Καῑφα
712 893 812 927 ἀρχῆς.
840 892 869 918 Ὀ

78 941 107 966 δὲ
125 941 179 970 πᾶς
196 939 295 974 χρόνος
319 939 370 972 τῆς
386 938 433 965 τοῦ
458 938 585 973 Σωτῆρος
607 937 783 968 διδασκαλίας
809 936 869 962 οὐδὲ

78 985 231 1021 τετραετὴς
256 984 442 1019 περιίσταται.
461 983 522 1010 Τῶν
541 983 595 1018 γὰρ
622 983 742 1018 νομικῶν
760 983 871 1018 θεσμῶν

79 1033 173 1068 ἠρέμα
190 1040 250 1062 πως
267 1030 490 1064 καταλυομένων,
509 1029 605 1055 λέλυτο
621 1029 690 1063 πρὸς
711 1030 768 1060 τοῖς
780 1029 870 1060 ἄλλοις

78 1081 129 1105 καὶ
192 1078 237 1103 διὰ
265 1076 323 1111 βίου
347 1077 402 1102 κάκ
427 1077 476 1110 τῆς
500 1076 555 1101 τῶν
580 1075 723 1109 προγόνων
744 1074 871 1109 διαδοχῆς

79 1124 206 1158 διέφερεν
218 1124 235 1157 ἡ
254 1122 302 1148 ’τοῦ
318 1122 386 1148 Θεοῦ
400 1122 535 1157 θεραπεία
554 1122 601 1148 καὶ
617 1121 783 1155 λειτουργία.
805 1121 872 1148 Ὑπὸ

79 1171 137 1206 γὰρ
159 1169 214 1195 τῶν
235 1168 306 1195 κατὰ
329 1168 443 1203 καιροὺς
469 1168 658 1202 πεμπομένων
680 1167 824 1202 ἡγεμόνων
839 1168 872 1194 ἐκ

85 1217 197 1251 Ῥώμης
224 1215 322 1242 ἄλλοτε
350 1215 425 1241 ἄλλοι
451 1214 502 1249 τὴν
524 1214 705 1250 λειπουργίαν
731 1214 872 1250 χρήμασιν

81 1261 277 1295 ἐξωνούμενοι,
289 1260 320 1286 οὐ
345 1260 438 1286 πλεῖον
455 1260 531 1290 ἔτους
552 1260 611 1290 ἐνὸς
630 1259 673 1285 ἐπ’
688 1260 772 1294 αὐτὴν
787 1260 873 1286 διετέ-

82 1309 159 1336 λουν.
174 1309 237 1334 Ὀτι
259 1307 283 1333 δ’
300 1306 400 1341 ἀληθὲς
423 1306 454 1332 τὸ
472 1306 630 1341 λεγόμενον,
653 1306 779 1342 Ἰωσήπῳ
804 1307 873 1341 μάρ-

82 1365 145 1390 τυρι
161 1355 315 1390 χρήσομαι,
329 1354 398 1389 μετὰ
412 1355 458 1381 τδν
473 1355 573 1381 ’Λνναν
590 1355 724 1389 τέσσαρας
735 1355 805 1381 κατὰ
817 1354 874 1380 δια-

80 1402 164 1438 δοχὴν
174 1402 224 1428 ἐπὶ
236 1401 364 1435 Καϊάφαν
379 1401 520 1436 ἀρχιερεῖς
535 1400 718 1434 διαγενέσθαι,
738 1401 808 1427 κατὰ
822 1401 873 1435 τῆς

87 1449 318 1483 Ἀρχαιολογίας
351 1447 461 1483 γραφὴν
496 1448 660 1483 ἱστοροῦντι,
701 1448 748 1474 καὶ
773 1447 873 1474 οὑτωσὶ

83 1497 153 1521 κατὰ
169 1494 246 1526 λέξιν
272 1493 409 1525 διεξιόντι⁸
426 1502 436 1519 ι
461 1493 611 1528 Οὐαλέριος
628 1493 743 1528 Γρᾶτος,
764 1493 872 1524 παύσας

84 1541 210 1576 ἱερᾶσθαι
242 1541 367 1571 Ἀνανον,
400 1539 545 1574 Ἰσμάηλον
567 1540 700 1575 ἀρχιερέα
725 1540 872 1574 ἀποφαίνει

82 1587 129 1613 τὸν
138 1586 185 1613 τοῦ
197 1585 279 1612 Φαϐί.
297 1585 351 1612 Καὶ
369 1586 465 1612 τοῦτον
478 1585 506 1612 δὲ
524 1586 583 1620 μετ’
597 1586 628 1612 οὐ
644 1586 712 1612 πολὺ
734 1587 872 1621 psmn-ir

83 1642 144 1665 σας,
174 1632 342 1667 Ἐλεάζαρον
363 1632 410 1658 τὸν
440 1631 552 1658 Ἀνάνου
575 1631 622 1658 τοῦ
646 1632 799 1668 ἀρχιερέως
816 1632 871 1659 υἱὸν

82 1680 280 1708 ἀποδείκνυσιν
305 1679 449 1713 ἀρχιερέα.
472 1678 613 1704 Ἐνιαυτοῦ
629 1678 657 1705 δὲ
678 1679 870 1714 διαγενομένου

82 1727 129 1753 καὶ
144 1726 219 1752 τόνδε
237 1724 354 1757 παύσας,
375 1725 479 1758 Σίμωνι
500 1724 540 1760 τῷ
560 1724 688 1759 Καμέθου
713 1725 763 1760 τὴν
779 1726 872 1760 ἀρχιε-

84 1773 212 1808 ρωσύνην
226 1771 423 1806 παραδίδωσιν.
440 1771 478 1798 Οὐ
498 1771 578 1798 πλέον
594 1771 622 1798 δὲ
638 1771 684 1798 καὶ
698 1771 766 1806 τῷδε
779 1771 872 1798 ὲνιαυ-

83 1819 129 1845 τοῦ
142 1819 193 1853 τὴν
210 1817 296 1852 τιμὴν
311 1817 400 1851 ἔχοντι
416 1817 553 1851 διεγένετο
569 1818 676 1853 χρόνος,
700 1818 748 1844 καὶ
777 1818 872 1852 Ἰώση-

83 1872 143 1895 πος,
154 1865 168 1889 ὀ
183 1862 233 1888 καὶ
249 1862 370 1895 Καϊφας,
389 1861 513 1897 διάδοχος
534 1860 568 1898 ἦν
586 1862 673 1897 αὐτῷ.
689 1871 698 1888 ι
717 1863 871 1897 Συνάγεται

81 1909 173 1936 salvs-2
186 1909 220 1935 ὲκ
233 1907 339 1934 τούτων
355 1908 417 1943 μηδ’
431 1907 491 1939 ὅλος
512 1909 662 1943 τετραετὴς
679 1907 750 1935 εἶναι
767 1909 815 1944 τῆς
834 1910 873 1936 δι-

82 1954 236 1985 δασκαλίας
259 1953 308 1980 τοῦ
331 1954 459 1991 Σωῖῆρος
482 1955 495 1980 ὁ
520 1955 629 1989 χρόνος,
659 1956 803 1990 τεσσάρων
826 1957 872 1982 ἐπὶ

81 2001 234 2036 τέσσαρσιν
249 1999 341 2026 ἔτεσιν
357 2000 509 2035 ἀρχιερέων
526 2000 581 2027 ἀπὸ
594 2000 641 2026 τοῦ
658 2001 740 2028 Ἅννα
764 2001 811 2027 καὶ
825 2001 873 2028 ἐπὶ

83 2047 129 2073 τοῦ
143 2046 262 2080 Καῑάφα
278 2046 447 2072 κατάστασιν
461 2046 598 2072 ἐνιαύσιον
621 2046 793 2080 λειτουργίαν
815 2046 873 2072 δια-

81 2092 279 2119 τετελεκότων.
294 2091 347 2118 Τόν
370 2099 402 2123 γε
429 2091 482 2127 μὴν
509 2092 649 2126 Καϊάφαν,
679 2093 808 2127 ἀρχιερέα
824 2093 871 2119 τοῦ

81 2139 208 2166 ἐνιαυτοῦ
225 2137 287 2164 καθ’
301 2137 331 2164 ὃν
345 2138 380 2164 τὰ
393 2138 440 2164 τοῦ
465 2139 600 2173 σωτηρίου
619 2138 737 2165 ἐτελεῖτο
758 2140 871 2172 πάθους,

81 2185 97 2218 ἡ
114 2183 169 2209 τῶν
184 2182 363 2215 Εὐαγγελίων
378 2183 475 2218 γραφὴ
489 2184 622 2219 παριστᾷ’
640 2183 669 2215 ἐξ
684 2182 718 2218 ἧς
732 2185 777 2210 καὶ
791 2186 874 2217 αὐτὸς

82 2229 231 2263 σύμφωνος
254 2227 304 2262 τῆς
320 2228 508 2264 προκειμένης
525 2229 716 2265 ἑπιτηρήσεως
737 2231 750 2256 ὀ
765 2231 814 2264 τῆς
827 2231 873 2257 τοῦ

81 2274 204 2309 Χριστοῦ
234 2273 414 2306 διδασκαλίας
447 2275 543 2310 χρόνος
579 2275 672 2310 σαφῶς
709 2276 872 2303 ἀποδείκνυ-

83 2330 136 2348 ται.

117 2459 155 2493 (1)
172 2459 211 2486 De
231 2459 405 2493 quadriennii
424 2459 504 2487 istius
520 2459 714 2487 observatione
729 2459 870 2494 Nicepho—

82 2502 127 2521 rus
140 2495 291 2521 Eusebium
311 2495 358 2521 lib.
378 2503 397 2526 ι,
418 2502 479 2528 cap.
493 2494 537 2527 10,
556 2500 597 2521 est
614 2495 747 2522 imitatus.
768 2495 868 2521 Verum

81 2538 110 2556 ea
133 2537 195 2556 cum
214 2531 248 2557 18
272 2537 332 2564 cap.
361 2530 442 2564 hujus
456 2529 530 2561 libri,
545 2533 575 2556 et
591 2537 653 2556 cum
671 2529 738 2556 Luc.
761 2537 800 2562 ιιι,
816 2538 869 2557 ιιοιι

80 2564 220 2591 convenit.
240 2574 249 2589 ι
275 2565 310 2592 Ει
332 2564 455 2591 Valerius
480 2564 580 2591 Gratus
607 2569 671 2591 ante
699 2571 787 2591 annos
813 2565 870 2592 fere

79 2600 187 2630 decem,
200 2600 278 2634 prius
293 2607 374 2634 quam
387 2599 489 2626 Pilatus
502 2599 587 2625 Roma
599 2599 626 2625 in
641 2597 760 2626 Judaaam
772 2607 873 2634 pra-ses

81 2635 182 2661 missus
196 2639 251 2667 est,
269 2635 418 2668 provincia:
441 2635 502 2668 ejus
517 2635 663 2668 prml’ectus
681 2635 740 2661 fuit.
764 2644 773 2660 ι
799 2634 870 2667 Quid

80 2677 146 2695 vero
161 2670 261 2696 eodem
285 2675 406 2703 tempore
423 2669 620 2703 Hierosolymis
637 2669 738 2696 Gratus
752 2670 867 2700 faceret,

78 2712 142 2731 cum
159 2705 196 2732 ibi
207 2712 305 2732 eorum
321 2705 457 2732 obtineret
468 2704 734 2731 administrationem
749 2705 869 2732 Pilatus?

1194 462 1306 490 CAPUT
1327 462 1422 490 XXIX.

920 520 956 548 De
971 522 1048 548 Anna
1063 525 1086 546 et
1101 520 1200 554 Caiplta
1213 520 1419 555 pontiﬁcibus.et
1431 520 1462 546 de
1478 526 1592 554 tempore
1603 522 1700 548 doctri-

1200 563 1241 582 ιιιε
1254 555 1414 582 Serva/uris.

956 613 1034 641 Scire
1057 618 1148 640 autem
1168 613 1306 645 convenit,
1326 614 1446 640 divinam
1466 613 1634 648 Scripturam
1660 613 1702 640 in-

920 667 1017 690 nuere,
1042 660 1214 687 Servatorem
1242 660 1330 695 ipsum
1357 667 1465 686 omnem
1492 660 1622 686 doctrina:
1647 667 1702 686 sua:

922 714 1034 733 cursum
1046 707 1096 733 sub
1105 707 1183 733 Anna
1194 711 1220 733 ct
1230 706 1332 740 Caiplta
1347 705 1523 741 pontiﬁcibus
1535 706 1702 734 absolvisse:

922 752 1147 787 quandoquidem
1172 752 1243 779 intra
1265 753 1379 779 istortnn
1401 752 1578 787 pontiﬁcatus
1598 760 1706 779 rerum-

922 806 976 833 que
1003 798 1253 825 administrationis
1271 806 1357 826 annos
1379 803 1467 826 totum
1486 799 1549 826 Jesu
1572 798 1705 826 doctrina:

888 836 908 864 Β
923 849 1030 878 tempus
1047 843 1081 870 ad
1098 844 1178 870 ﬁnem
1195 851 1274 870 suum
1291 844 1425 877 pervenit.
1442 844 1552 872 Initium
1570 845 1642 871 enim
1657 844 1705 870 do-

921 890 1001 917 cendi
1017 889 1102 917 Anna:
1127 889 1288 924 pontificatu
1308 889 1379 921 fecit,
1399 894 1427 917 et
1452 897 1553 917 munus
1574 890 1600 916 id
1618 898 1706 924 usque

921 935 954 962 ad
972 935 1083 970 Caiphae
1105 935 1370 963 administrationem
1392 936 1605 962 consummavit.
1624 935 1706 962 Τιιιιιο

921 989 972 1016 pus
995 986 1086 1008 autem
1108 982 1240 1009 doctrina:
1263 982 1418 1009 Servatoris
1440 990 1521 1009 omne
1539 991 1593 1009 non
1618 988 1705 1010 totum

921 1027 1042 1062 explevit
1051 1027 1264 1062 quadriennium
1276 1028 1324 1063 (ι).
1333 1029 1400 1056 Cum
1412 1029 1486 1056 enim
1496 1029 1707 1056 constitutiones

923 1074 990 1108 legis
1023 1075 1153 1108 paulatim
1187 1075 1283 1101 solutrc
1323 1075 1486 1106 interirent,
1521 1079 1620 1110 prazter
1653 1076 1707 1103 alia

925 1120 1003 1155 106
1026 1120 1109 1147 etiam
1132 1120 1155 1147 is
1178 1120 1225 1154 qui
1248 1128 1280 1147 cx
1304 1121 1437 1156 majorum
1460 1122 1636 1149 successione
1659 1131 1708 1156 per

922 1166 1070 1193 sanctioris
1079 1166 1142 1193 vita:
1150 1175 1240 1193 mores
1248 1168 1402 1194 excellebat
1415 1167 1461 1194 [)ei
1476 1169 1576 1199 cultus,
1588 1176 1696 1196 sacrum
1705 1184 1711 1189 -

923 1219 977 1246 que
993 1212 1176 1239 ministerium
1199 1213 1351 1248 collapsum
1371 1213 1522 1240 intercidit.
1548 1214 1570 1240 A
1592 1213 1708 1241 ducibus

923 1258 996 1285 enim
1020 1263 1047 1285 et
1074 1258 1239 1294 prmsidibus
1258 1259 1308 1294 (2),
1324 1259 1370 1294 qui
1395 1260 1567 1294 temporibus
1589 1261 1709 1296 quisque

924 1304 982 1331 suis
996 1304 1082 1331 Roma
1099 1305 1287 1338 mittebantur,
1312 1306 1378 1332 alias
1394 1306 1440 1333 alii
1466 1307 1649 1334 ministerium
1666 1314 1710 1333 sa-

923 1358 1001 1378 crum
1016 1352 1130 1385 pecunia
1144 1356 1345 1386 con-parantes,
1362 1360 1416 1378 non
1434 1360 1488 1379 uno
1510 1353 1618 1387 longius
1635 1361 1709 1380 anno

924 1397 951 1423 in
967 1404 1001 1424 eo
1024 1401 1249 1432 perseverabant.
1273 1399 1349 1431 Quod
1375 1404 1465 1426 autent
1490 1399 1516 1427 id
1542 1407 1636 1426 verum
1662 1400 1707 1431 sit,

926 1449 995 1471 teste
1011 1444 1131 1479 .Ioseplis
1149 1450 1220 1478 utar,
1242 1446 1288 1480 qui
1314 1451 1376 1480 post
1399 1448 1502 1473 Annam
1525 1452 1645 1482 quatuor
1659 1456 1708 1482 per

926 1492 1127 1519 successionem
1148 1493 1290 1527 pontiﬁces
1315 1501 1401 1528 usque
1420 1494 1452 1520 ad
1471 1494 1600 1528 Caipbam
1624 1494 1709 1522 fuisse

928 1537 954 1563 in
971 1538 1180 1572 Antiquitatibus
1195 1540 1253 1566 suis
1271 1539 1345 1566 bisce
1364 1539 1454 1567 verbis
1475 1540 1567 1574 prodit
1582 1549 1588 1567 :
1606 1550 1614 1565 ι
1631 1541 1710 1568 Vale-

928 1583 987 1611 rius
1001 1583 1101 1612 Gratus
1120 1586 1214 1611 Anano
1232 1586 1390 1620 pontiﬁcatu
1406 1587 1546 1622 abrogato.
1566 1588 1708 1616 lsmaelum

927 1631 1084 1664 pontiﬁcem
1112 1635 1198 1664 creat,
1217 1631 1303 1658 Pbabi
1329 1633 1413 1660 lilium
1437 1634 1486 1668 (5).
1515 1634 1567 1662 Sed
1591 1640 1619 1662 et
1643 1635 1709 1663 buic

926 1683 988 1704 cum
1013 1677 1094 1711 paulo
1119 1683 1181 1711 post
1201 1678 1361 1714 dignitatem
1377 1687 1435 1707 eam
1451 1681 1609 1716 ademisset,
1629 1683 1710 1710 Elea-

927 1731 1020 1750 zarum
1036 1725 1120 1751 Anani
1141 1725 1281 1759 pontiﬁcis
1300 1726 1386 1753 ﬁlium
1402 1727 1557 1762 pontiﬁcem
1572 1728 1708 1764 designat.

925 1769 1005 1796 Anno
1022 1777 1103 1803 porro
1127 1775 1236 1803 exacto,
1260 1777 1288 1799 et
1313 1772 1367 1800 isto
1382 1780 1493 1808 quoque
1513 1782 1527 1801 a
1546 1774 1708 1809 pontiﬁcatu

927 1815 1040 1849 rejecto,
1053 1815 1156 1843 Simoni
1170 1817 1288 1844 Camitbi
1302 1818 1357 1844 ﬁlio
1369 1826 1507 1845 summum
1523 1820 1707 1847 sacerdotium

927 1860 1019 1887 tradit.
1047 1860 1147 1887 Verum
1175 1866 1203 1888 et
1229 1862 1293 1889 buic
1315 1862 1447 1890 honorem
1476 1872 1539 1891 eum
1559 1865 1708 1898 obtinenti,

927 1913 980 1932 non
993 1914 1085 1932 annuo
1099 1907 1206 1942 longius
1222 1912 1329 1942 tempus
1348 1909 1400 1936 fuit
1416 1918 1422 1936 :
1436 1910 1479 1936 cui
1495 1911 1644 1945 Josepbus,
1661 1913 1708 1946 qui

925 1957 953 1979 ct
972 1952 1089 1987 Caiplias
1110 1953 1202 1982 dictus
1219 1960 1270 1988 est,
1296 1959 1440 1984 successit.
1459 1966 1469 1983 ι
1495 1958 1531 1985 Ex
1558 1959 1600 1986 bis
1625 1959 1708 1994 igitur

926 1999 1116 2034 consequitur,
1133 2007 1187 2027 non
1206 2008 1320 2034 prorsus
1336 2003 1509 2036 quadriennii
1527 2005 1624 2040 integri
1643 2006 1709 2033 Ser-

926 2045 1028 2072 vatoris
1043 2047 1129 2074 nostri
1144 2047 1275 2075 doctrina:
1288 2048 1371 2076 fuisse
1384 2055 1502 2084 tempus,
1518 2059 1579 2078 cum
1592 2058 1711 2087 quatuor

926 2091 1005 2118 annis
1016 2097 1134 2126 quatuor
1149 2093 1302 2127 pontiﬁces,
1315 2095 1349 2122 ab
1360 2096 1436 2122 Anna
1450 2105 1536 2131 usque
1551 2098 1583 2125 ad
1599 2099 1710 2135 Caipba:

926 2137 1052 2164 ordinem
1070 2143 1096 2166 et
1109 2139 1289 2173 creationem,
1303 2148 1395 2169 annuo
1411 2143 1496 2171 functi
1514 2145 1569 2172 sint
1586 2147 1710 2175 ministe-

893 2183 978 2220 nrio.
1000 2183 1132 2220 Caipham
1156 2194 1221 2213 vero
1247 2187 1334 2221 ipsum
1360 2189 1516 2222 pontiﬁcem
1543 2192 1603 2226 ejus
1630 2195 1706 2225 anni,

928 2231 954 2257 in
972 2238 1051 2265 quem
1071 2231 1214 2260 salutifera
1241 2233 1339 2260 incidit
1362 2236 1463 2269 passio,
1489 2236 1585 2271 fuisse,
1607 2240 1708 2274 scripta

926 2278 1083 2312 evangelica
1100 2282 1273 2306 attestantur.
1292 2280 1370 2307 Unde
1392 2285 1420 2307 et.
1442 2281 1499 2308 haec
1521 2283 1571 2314 illi,
1592 2283 1625 2310 de
1643 2290 1710 2312 tem-

927 2330 994 2357 pore
1016 2323 1118 2350 Christi
1142 2324 1283 2356 doctrinas,
1310 2333 1371 2360 qua:
1390 2327 1471 2354 modo
1497 2329 1636 2362 proposita
1654 2335 1707 2362 est.

926 2374 1045 2395 consona
1063 2377 1123 2396 esse
1139 2371 1305 2404 observatio,
1322 2372 1427 2406 liquido
1438 2373 1602 2401 ostenditur.

925 2461 1038 2500 Dc'alio
1057 2460 1154 2500 itaque
1183 2467 1304 2498 tempore
1325 2463 1440 2500 VJoscpbi
1471 2467 1554 2494 verba
1578 2468 1629 2494 ista
1645 2475 1709 2497 sunt

922 2495 1093 2538 accipienda.
1109 2496 1141 2523 Et
1159 2495 1264 2538 aucto-ri
1280 2499 1331 2538 ipsi
1348 2500 1374 2526 in
1388 2495 1447 2538 cap.
1466 2501 1507 2538 18,
1521 2508 1603 2537 atque
1615 2495 1710 2538 praeui;

923 2538 976 2567 pue
990 2531 1148 2567 Luetcap.
1164 2532 1191 2564 5,
1217 2533 1267 2560 hac
1285 2531 1312 2559 in
1339 2541 1368 2560 re
1391 2531 1459 2564 ﬁdes
1487 2531 1624 2565 liabehda‘.
1651 2539 1708 2567 lloc

922 2566 1004 2592 etiam
1020 2565 1141 2592 declarat
1155 2573 1215 2600 cap.
1231 2567 1257 2599 4,
1283 2569 1332 2594 lib.
1353 2576 1385 2600 ιι,
1401 2570 1480 2598 infra.

959 2600 1125 2637 (ﬂictus-aris
1153 2608 1347 2635 procuratores
1381 2613 1429 2637 pro
1454 2614 1503 2634 sua
1535 2607 1650 2636 libidine
1681 2614 1709 2637 et

924 2635 1039 2696 agarit‘ip
1054 2636 1248 2696 )saeerdotium
1274 2635 1461 2668 conferebant.
1480 2641 1604 2678 (Eutrop.
1620 2635 1668 2672 lib.
1686 2635 1706 2677 ι,

924 2678 938 2696 c
958 2678 983 2696 ι).
1041 2689 1047 2695 .

923 2677 983 2704 cap.
1005 2675 1060 2703 ιι.)

959 2706 997 2739 (ὅ)
1015 2706 1065 2732 Alii
1080 2706 1184 2740 legunt,
1201 2706 1263 2733 Ιαὺὶ
1280 2708 1321 2741 ﬁl.
1336 2708 1458 2744 (Joscph.
1474 2712 1522 2740 lib.
1542 2721 1653 2747 xvul,c.
1667 2715 1705 2748 7.)
