1879 3061
68 164 120 195 749

525 158 828 190 ECCLESIASTICA’.
848 157 1045 187 HISTORL’E
1066 140 1140 187 LIB.
1160 157 1183 186 Ι.

1630 154 1682 184 Ἷ5Ί

67 219 176 253 αὐχένα,
204 218 241 249 ὡς
273 218 340 252 μηδὲ
364 218 434 244 πάνυ
467 216 559 251 ὄρθιον
593 215 640 242 καὶ
666 214 849 248 ἐντεταμένην

926 213 1014 240 mdam
1036 217 1082 240 aut
1100 215 1207 238 aculam
1227 209 1323 237 habuit
1337 209 1445 241 faciem,
1459 209 1506 237 sed
1523 209 1611 244 qualis
1626 218 1684 236 ma-

68 268 138 300 ἔχειν
157 266 206 299 τὴν
220 264 330 298 ἡλικίαν
348 263 396 289 τοῦ
417 262 554 297 σώματος.
588 260 732 294 Σιτόχροος
743 259 782 290 δὲ,
800 259 848 285 καὶ

66 313 93 338 οὐ
126 309 299 345 στρογγύλην
325 309 394 343 ἔχων
419 310 468 342 τὴν
498 307 560 340 Esi/tv
589 306 762 341 ἐτύγχανεν,
790 304 848 331 ἀλλ’

67 358 157 391 ὥσπερ
173 357 222 390 τῆς
242 356 344 390 μητρὸς
353 354 435 381 αξιτοῦ
450 354 548 388 μικρὸν
562 352 849 383 ὑποκαταϐαίνουσαν,

67 404 155 436 ὀλίγον
182 403 204 429 δ’
236 400 508 435 ὲπιφοινισσομένην,
541 401 603 426 ὅσον
630 398 791 432 ὑποφαίνειν
821 397 852 424 τδ

71 449 167 481 σεμνόν
192 457 222 474 τε
248 448 295 473 καὶ
316 446 427 473 συνετὸν
447 445 492 472 τοῦ
511 445 593 480 ἤθους
608 445 657 470 καὶ
673 444 788 478 ἥμερον,
802 443 851 471 καὶ

69 496 95 520 τὸ
128 492 260 524 καθάπαξ
283 492 428 527 ἀόργητον.
451 491 531 516 Κατὰ
556 490 646 520 πάντα
678 489 706 515 δὲ
739 487 773 523 ἦν
801 490 851 523 ὲμ-

69 541 150 575 ςερὴς
177 541 212 573 τῇ
245 538 306 572 θείᾳ
335 537 384 563 καὶ
415 535 577 570 πανασπίλῳ
606 534 713 561 ἐκείνου
755 533 849 567 μητρί.

67 585 156 610 Ταῦτα
175 584 225 617 μὲν
251 583 281 609 ὲν
303 582 419 613 τούτοις.
435 580 558 616 Περιέχει
577 579 605 606 δὲ
619 581 636 614 ἡ
658 578 784 613 παροῦσά
806 586 852 610 μοι

68 630 161 664 πρώτη
184 629 241 656 τῶν
261 628 389 662 ἱστοριῶν
418 627 512 662 χρόνον
536 625 604 652 ἐτῶν
629 625 712 660 τριῶν
734 624 803 659 πρὸς
817 623 851 655 λ’,

68 676 208 710 ἀρξαμένη
236 675 286 709 μὲν
310 674 363 701 ἀπὸ
394 674 440 700 τοῦ
468 672 692 707 τεασαρακοστηῦ
722 671 851 705 δευτέρου

68 722 141 752 ἔτους
156 721 206 756 τῆς
223 721 371 756 μοναρχίας
393 720 549 753 Αὐγούστου
566 718 718 753 Καίσαρος,
738 719 789 753 ἠδη
805 718 854 752 λή-

69 776 179 800 γοντος,
207 767 252 793 ὅτε
278 767 325 793 καὶ
348 768 362 793 ὁ
380 766 482 800 Κύριος
510 765 589 800 ἡμῶν
611 764 714 799 Ἰησοῦς
731 763 852 799 Χριστὸς

71 815 138 847 μετᾶ
168 814 272 848 σαρκὸς
304 814 336 839 ὲκ
358 814 408 848 τῆς
437 812 519 846 ἁγίας
545 810 665 846 προῆλθε
693 811 852 845 Παρθένου’

72 859 252 894 κλτιὶὴξαπσ.
272 859 302 885 δὲ
320 860 383 894 ἄχρι
399 859 447 885 καὶ
462 858 509 885 τοῦ
521 857 763 884 ὲννεαχαιδεκάτου
779 857 856 887 ἔτους

903 259 952 286 tris
964 259 1023 293 ejus
1035 263 1105 290 erat,
1118 257 1231 292 paulum
1248 257 1374 283 deorsum
1392 263 1501 283 versum
1514 260 1684 290 vergentem,

901 312 932 332 ac
948 304 1053 332 modice
1071 303 1252 332 rubicundam
1269 312 1276 329 :
1290 303 1452 338 gravitatem
1469 307 1551 337 atque
1567 302 1685 336 pruden-

904 350 969 376 tiam
992 358 1054 377 cum
1081 350 1191 376 lenitate
1213 349 1397 383 conjunctam.
1417 347 1685 382 placabilitatctnque

903 395 1054 422 iracundia:
1074 399 1214 429 expertem
1244 402 1300 428 pra:
1319 401 1348 421 se
1369 394 1512 420 ferentem.
1533 393 1686 420 Persintilis

903 441 1023 475 denique
1037 448 1086 475 per
1101 440 1192 467 omnia
1207 440 1255 467 fuit
1270 440 1367 466 divina
1385 443 1412 466 et
1433 440 1614 467 immaculatze
1630 447 1686 466 sua:

903 487 1046 514 Genitrici.
1064 488 1103 514 Ac
1117 487 1176 514 lucc
1193 487 1301 521 quidem
1319 486 1462 513 hactenus.
1486 485 1686 520 Complectitur

904 539 995 560 autem
1009 534 1115 568 primus
1129 533 1172 560 hic
1185 532 1361 560 historiarum
1375 532 1445 559 liber
1462 539 1548 558 annos
1573 532 1685 565 triginta

905 584 972 613 tres,
1005 580 1084 607 initio
1099 585 1207 614 sumpto
1227 587 1241 606 a
1259 579 1469 614 quadragesimo
1490 578 1611 606 secundo
1628 577 1686 605 Διι-

904 626 976 660 gusti
999 625 1115 653 Caesaris
1134 627 1188 660 jam
1213 626 1382 652 senescentis
1405 625 1511 659 imperii
1533 632 1615 655 anno,
1633 631 1687 658 quo

905 672 1038 699 Dominus
1066 677 1159 699 noster
1181 672 1261 699 Iesus
1284 671 1411 698 Christus
1451 678 1512 698 cum
1540 678 1621 698 carne
1656 677 1689 696 ex

905 724 998 747 sancta
1027 719 1158 752 processit
1178 719 1287 753 Virgine
1303 727 1310 745 :
1337 718 1389 744 line
1404 722 1495 744 autem
1509 717 1535 743 in
1552 717 1688 743 decimum

906 773 1008 792 nonum
1025 765 1062 799 (l)
1080 765 1182 792 Tiberii
1197 764 1313 792 Caesaris
1327 764 1488 798 imperantis
1503 771 1604 789 annum
1619 762 1691 789 desi-

905 814 998 837 nente.
1012 810 1062 843 Qui
1077 810 1188 845 quidem
1202 817 1217 837 a
1233 809 1335 836 mundo
1349 810 1461 837 condito
1482 809 1519 843 (2)
1544 808 1690 844 quinquies

906 856 1067 884 millesimus
1080 856 1319 892 quingentesimus
1333 855 1491 883 tricesimus
1505 863 1604 888 nonus,
1615 863 1629 882 a
1644 863 1692 881 na-

69 905 194 938 Τιϐερόυ
226 905 366 938 Καίσαρος
401 903 452 939 ήδη
477 903 705 938 καταρχομένου·
733 902 854 938 ὁπηνίκα

931 904 1013 930 vitate
1026 908 1117 930 autem
1132 903 1239 931 Domini
1256 902 1414 930 tricesimus
1429 903 1527 930 tertius
1544 901 1596 929 fuit
1612 902 1662 936 ('5).

68 953 170 987 κὸσμου
197 952 248 985 μὲν
285 953 344 984 ἔτος
372 952 466 987 ,εφλο¹,
496 951 551 978 ἀπὸ
579 951 608 978 δὲ
641 951 691 986 τῆς
720 951 797 983 θείας
822 951 869 978 τοῦ
907 953 1012 988 Κυρίου
1051 953 1205 988 γεννήσεως
1236 952 1328 987 τρίτον
1361 951 1429 987 πρὸς
1459 953 1515 983 τοῖς
1543 951 1691 986 τριάκοντα

68 999 243 1037 Exspatiatth

103 1110 141 1145 (Ι)
164 1109 345 1143 Nicephorius,
362 1114 444 1143 atque
464 1109 618 1145 aliiritidem
632 1113 771 1145 auctores.
794 1116 856 1144 pas-

70 1146 174 1172 sionem
186 1145 290 1171 Christi
306 1145 369 1172 Jesu
384 1144 534 1171 Salvatoris
552 1144 649 1175 nostri,
661 1145 689 1171 in
716 1145 855 1172 decimum

67 1188 170 1207 nonum
190 1179 353 1213 imperantis
379 1179 482 1207 Tiberii
505 1187 607 1206 annum
633 1179 781 1206 referunt:
800 1187 855 1213 quo

68 1223 139 1242 anno
150 1215 280 1241 consules
297 1214 372 1241 fuere
392 1215 457 1241 Fur.
473 1214 582 1242 Camill.
598 1214 730 1241 Aruntius
745 1214 856 1241 Scribo-

68 1250 177 1278 nianus.
190 1253 219 1275 et
235 1247 431 1276 Cn.'l)omitius
442 1249 628 1276 Ainobarbus.
638 1250 672 1276 At
684 1248 852 1281 Lactantius,

67 1284 158 1311 lnstt't.
174 1285 258 1311 divin.
275 1284 325 1312 lib.
350 1293 388 1316 xv,
409 1285 521 1315 Tiberii.
546 1285 652 1318 inquit,
678 1293 749 1311 anno
775 1285 856 1319 quin-

69 1320 190 1350 decimo,
212 1319 239 1346 id
252 1325 293 1347 est
304 1341 311 1352 ,
328 1320 438 1347 duobus
453 1320 576 1348 Geminis
593 1319 751 1347 consulibus
764 1340 771 1352 ,
789 1325 854 1346 ante

69 1355 141 1381 diem
151 1355 301 1388 septimum
312 1355 520 1389 Cal.Aprilium.
533 1355 616 1382 Judaei
626 1354 765 1382 Christum
778 1355 855 1382 cruci

68 1389 225 1417 aﬂixeruut.
247 1388 348 1417 Eorum
363 1388 509 1417 consulum
529 1390 633 1424 integra
656 1389 768 1424 nomina
795 1389 856 1416 fue-

69 1429 134 1460 runt
147 1434 153 1451 :
165 1424 197 1452 C.
213 1424 357 1452 Rubellius
369 1425 510 1457 Geminus,
522 1423 702 1460 ettCIFusius
712 1423 855 1452 Geminus.

70 1458 231 1486 Lactantius
247 1460 410 1487 Tertulliani
431 1458 595 1487 sententiam
609 1464 650 1486 est
666 1464 778 1486 secutus
788 1479 796 1490 ,
807 1466 856 1486 cu-

66 1494 111 1528 jus
129 1495 188 1522 haec
203 1496 287 1522 verba
303 1501 367 1522 sunt
383 1495 410 1522 in
428 1495 478 1522 lib.
496 1495 625 1522 Adversus
638 1493 746 1520 Judwos
759 1502 768 1520 :
786 1504 795 1519 ι
811 1494 856 1521 Ti-

68 1530 139 1556 berii
147 1530 354 1565 quintodecimo
362 1538 434 1557 anno
444 1529 550 1565 imperii
563 1537 660 1564 passus
670 1529 855 1565 estCltristus,

67 1571 157 1591 annos
183 1564 290 1592 habens
306 1566 383 1600 quasi
401 1565 435 1592 50
446 1584 453 1595 .
478 1572 539 1592 ctnn
560 1568 710 1599 pateretur,
726 1569 780 1591 etc.
792 1564 857 1600 Quas

68 1600 163 1631 passio
178 1600 300 1631 perfecta
314 1599 358 1627 Vest
378 1601 429 1627 sub
445 1599 555 1627 Tiberio
570 1600 688 1631 Caesare,
706 1606 778 1626 coss.
799 1599 855 1626 llu-

67 1635 153 1662 bellio
170 1634 299 1666 Gemino,
322 1639 351 1662 et
375 1635 476 1662 Rutino
492 1634 617 1664 Gemino.
641 1641 735 1661 mense
748 1635 856 1666 Martio,

67 1670 243 1704 temporibus
276 1669 405 1701 Pascltae.
425 1670 472 1697 die
492 1674 588 1697 octavo
610 1669 679 1700 Cal.|
696 1669 783 1704 April.
811 1671 856 1698 die

67 1705 158 1739 prima
170 1705 335 1740 Azymorum
346 1714 353 1732 :
364 1712 420 1739 quo
429 1712 529 1738 agnum
549 1709 578 1731 ut
589 1705 746 1733 occiderent
761 1704 795 1732 ad
810 1713 856 1734 ve-

67 1747 191 1774 Speram.
209 1739 224 1768 a
243 1739 316 1767 Mose
327 1740 414 1767 fuerat
434 1745 611 1774 praeceptum.
631 1750 641 1766 ι

105 1775 146 1810 (Ξ)
167 1775 299 1815 Hiemiln
312 1775 429 1815 ingenue
444 1775 585 1802 fatendum
608 1780 667 1808 est,
686 1783 747 1815 cum
762 1776 858 1815 ingen-

68 1813 126 1837 tetu
135 1817 198 1837 esse
207 1810 329 1848 viderem
339 1810 411 1838 inter
421 1815 529 1848 veteres
537 1814 565 1837 et
578 1818 664 1848 novos
675 1810 859 1848 chronolugos

66 1850 96 1872 et
113 1850 271 1880 temporum
286 1846 480 1873 observatores
503 1845 702 1873 dissonantiam
715 1866 724 1878 ,
749 1845 830 1874 anni}
843 1856 857 1876 a

67 1880 185 1916 condito
211 1880 315 1916 mundo
330 1880 473 1916 notandis,
489 1888 533 1908 me
548 1881 575 1908 in
595 1881 742 1916 Nicephori
770 1885 858 1911 nostri

67 1915 176 1950 pri0ris
191 1914 321 1943 editionis
343 1915 422 1942 libris
440 1915 544 1950 ubique
565 1916 640 1943 mille
663 1914 754 1944 annos
767 1917 860 1945 detra-

69 1951 157 1983 xisse,
176 1955 206 1979 ut
231 1950 337 1979 notatio
353 1951 413 1987 ejus
445 1955 475 1978 ct
498 1951 664 1987 computatio
688 1952 802 1988 propius
825 1953 858 1981 ad

1619 1100 1688 1108 n

907 1112 1093 1140 recentiorum
1107 1119 1175 1146 quas
1186 1118 1202 1137 e
1215 1111 1300 1138 sacris
1313 1110 1592 1146 Bibliis'racceperunt
1609 1111 1692 1138 ratio-

908 1154 967 1175 nes.
977 1145 1132 1174 aceederet.
1145 1146 1198 1173 Sed
1212 1146 1239 1172 in
1252 1146 1402 1180 posteriore
1417 1145 1468 1172 ista
1480 1151 1507 1173 et
1521 1146 1692 1173 accuratiore

908 1181 1041 1212 editione.
1058 1182 1184 1208 tnillenos
1196 1188 1245 1208 eos
1260 1188 1346 1208 annos
1357 1180 1459 1215 ubique
1473 1181 1594 1212 restitui,
1611 1181 1647 1208 ita
1663 1186 1694 1208 ut

907 1217 935 1243 in
952 1216 1046 1243 Gra-co
1063 1216 1211 1250 exemplari
1236 1215 1339 1249 positos
1356 1216 1457 1251 reperi.
1475 1215 1538 1251 Feci
1558 1216 1584 1243 id
1603 1224 1634 1243 ea
1646 1224 1694 1251 po-

909 1251 1044 1279 tissimum
1060 1251 1194 1278 adductus
1208 1250 1326 1282 ratione,
1344 1250 1416 1284 quod
1433 1256 1460 1277 et
1477 1250 1652 1278 Lactantiuni
1664 1256 1693 1278 et

907 1288 1090 1320 Augustinum
1108 1287 1227 1313 viderem
1247 1285 1402 1319 scripsisse,
1418 1290 1497 1313 :etate
1514 1293 1610 1313 eorum
1627 1293 1690 1314 sex-

907 1327 965 1348 tttm
985 1322 1079 1349 mundi
1107 1321 1290 1349 millenarium
1308 1321 1475 1348 cucurrisse.
1508 1321 1668 1348 Lactantius
1681 1343 1689 1354 ,

905 1357 955 1384 lib.
971 1357 1060 1384 quit.
1079 1365 1128 1389 vn,
1146 1364 1206 1390 cap.
1228 1356 1280 1382 H:
1305 1364 1321 1391 ς
1335 1354 1438 1386 Sciant,
1457 1356 1555 1391 inquit,
1571 1356 1680 1390 philoso

907 1392 966 1424 phi,
981 1392 1027 1426 qui
1042 1393 1076 1419 ab
1093 1391 1208 1419 exordio
1229 1390 1324 1417 mundi
1337 1391 1499 1426 szeculorum
1522 1392 1606 1418 millia
1621 1399 1694 1418 enu-

907 1425 1030 1458 merant,
1048 1427 1168 1454 nondum
1196 1429 1303 1454 sextum
1322 1425 1496 1452 millesimum
1511 1433 1613 1453 annum
1630 1434 1692 1453 esse

907 1462 1079 1493 conclusum,
1096 1469 1150 1496 quo
1164 1467 1280 1489 numero
1295 1460 1403 1495 expleto
1425 1461 1690 1488 consummationem

909 1496 968 1523 ﬁeri
986 1495 1167 1529 necesse’est,
1183 1501 1210 1524 et
1232 1495 1412 1522 humanarum
1434 1503 1525 1523 rerum
1547 1501 1646 1523 statum
1665 1497 1693 1524 in

908 1532 1009 1558 melius
1035 1531 1189 1559 reformari.
1207 1540 1216 1557 ι
1235 1532 1349 1565 August.
1364 1529 1400 1557 De
1416 1531 1488 1558 civil.
1504 1531 1553 1559 lib.
1570 1539 1613 1559 xx.
1627 1540 1651 1558 e.
1664 1532 1692 1563 7,

908 1566 942 1593 de
955 1567 1029 1594 mille
1037 1568 1117 1602 annis
1131 1567 1332 1602 Apocalypseos
1348 1565 1483 1602 scribens,
1508 1577 1517 1592 ι
1531 1567 1559 1594 lu
1578 1567 1693 1598 ultimis.

908 1601 1009 1636 inquit,
1027 1601 1108 1629 annis
1120 1600 1193 1629 tnille
1209 1600 1260 1628 ist-a
1276 1608 1320 1628 res
1335 1600 1435 1635 agitur,
1445 1601 1471 1628 id
1487 1607 1539 1634 est,
1556 1607 1633 1629 sexto
1646 1610 1694 1629 an-

907 1645 1007 1664 norum
1024 1637 1163 1670 milliario,
1182 1642 1311 1673 tanquam
1333 1641 1411 1662 sexto
1434 1636 1489 1669 die.
1515 1638 1596 1673 cujus
1620 1645 1696 1673 nunc

907 1673 996 1706 spatia
1011 1673 1164 1707 posteriora
1175 1672 1327 1703 ,volvuutur
1338 1691 1346 1703 ,
1362 1676 1492 1700 secuturo
1507 1673 1608 1700 deinde
1620 1672 1692 1700 Sab-

908 1708 984 1739 bato,
1007 1707 1081 1743 quod
1103 1715 1159 1735 non
1176 1707 1260 1743 habet
1275 1713 1427 1743 yesperam,
1451 1717 1462 1734 ι
1480 1708 1502 1735 Α
1517 1716 1571 1743 ψη
1588 1708 1695 1735 ratione

910 1751 965 1805 [seu
981 1741 1098 1770 multum
1119 1742 1260 1770 auuotatio
1273 1741 1423 1776 Nicephori
1446 1741 1582 1772 annorum
1600 1743 1696 1771 mundi

931 1783 1061 1805 iscreuat.

931 1783 1061 1808 ιδθτειιθι.
1584 1804 1588 1808 .

948 1787 1140 1848 ἱξὸεῗῖῗεζιοτίοἰ
1163 1814 1324 1849 chronologi
1353 1814 1500 1842 admodum
1516 1821 1531 1841 a
1555 1804 1697 1849 veteribus

910 1848 1078 1882 discrepant.
1100 1849 1223 1882 Quorum
1237 1848 1348 1884 quidam
1369 1850 1444 1884 hunc
1469 1857 1570 1876 annum
1600 1848 1695 1884 mundi

911 1884 1153 1947 cultdftiofﬁnsmt
1176 1892 1236 1913 esse
1247 1883 1331 1914 3995.
1355 1883 1518 1913 Theodorus
1537 1883 1697 1912 Bibtiander

912 1927 975 1947 DOlll
1076 1940 1082 1947 .

912 1919 988 1954 ponit
1002 1919 1082 1947 £0“.
