1879 3061
51 153 106 185 765

359 205 487 242 etimit.
510 216 546 244 ε’.

51 273 121 307 Περὶ
137 271 300 313 Στεφάνου
314 272 642 313 τοῦιπρωτομάσρτυροςέ
659 277 709 303 καὶ
725 277 847 304 Παύλου

231 309 286 334 τοῦ
305 309 437 341 σκεύους
454 309 510 342 τῆς
528 310 669 345 ἐκλογῆς.

84 366 220 401 Στεφάνῳ
238 366 354 401 πλείστη
371 367 454 402 χάρις
465 369 514 395 τοῦ
538 369 701 404 Πνεύματος
721 367 767 405 ἦν,
783 371 850 397 πολ-

50 413 105 440 λῶν
119 421 152 440 τε
166 413 324 449 αὐτουργὸς
338 415 449 448 ἐγένετο
463 416 627 451 τεραστίων.
655 416 734 444 Ἐπεὶ
756 417 784 444 δὲ
801 417 848 444 καὶ

51 459 132 493 λόγου
157 459 278 493 δυνάμει
302 460 412 495 κρατῶν
432 460 600 497 δημηγορῶν
623 462 673 489 οὐκ
688 463 768 495 ἀνίει,
786 463 848 489 πεί-

53 506 105 532 θων
116 505 227 538 πάντας
244 505 334 533 σέϐειν
344 506 389 533 τὸν
402 507 519 542 Σωτῆρα
532 510 580 535 καὶ
594 508 698 542 Κύριον
710 516 718 524 ”
735 509 848 542 ἐξάπτει

54 553 103 586 μὲν
123 553 166 584 εις
183 552 286 587 μανίαν
301 553 334 580 τὸ
365 553 525 581 Ἰουδαϊκόν·
546 555 594 581 καὶ
616 555 747 590 ἀφθόνοις
762 555 850 587 λίθοις

52 597 119 632 παρ’
138 597 256 624 ἐκείνων
281 597 402 633 βληθεὶς,
426 599 536 634 πρῶτος
559 600 606 626 τὺν
631 599 702 634 ὑπὲρ
728 600 847 635 Χριστοῦ

52 641 207 676 ἀνεδήσατο
236 642 383 677 στέφανον.
413 643 476 671 Ἔτι
502 644 524 670 δ’
546 642 595 672 οῦν
620 645 759 678 ἰμπνέων,
783 645 848 681 δόξῃ

54 686 116 723 θείᾳ
142 689 363 722 καταυγασθεὶς,
387 690 576 727 διερῤωγότας
605 691 658 726 μὶν
683 691 758 728 ἑώρα
783 691 847 725 τοὺς

52 735 202 769 οὐρανοὺς,
226 735 274 762 τὸν
297 736 326 762 δὲ
348 736 464 772 Σωτῆρα
480 738 512 764 ἑκ
530 737 626 770 δεξιῶν
643 737 750 765 ἑστῶτα
766 737 847 772 Θεοῦ,

51 780 268 816 ἑπιρῤωννύντα
289 781 372 817 δῆθεν
385 783 478 810 αὐτόν.
509 783 630 816 Ἐκεῖνος
654 783 693 816 δι,
708 783 757 820 δλῃ
775 783 848 819 ψυχῇ

53 827 125 861 πρὸς
142 828 189 854 τὸν
202 827 372 863 ποθούμενον
384 829 540 862 διαϐαίνων,
559 830 630 865 ὑπὲρ
642 830 697 857 τῶν
710 829 848 864 φονευτῶν

53 874 168 908 ηῦχετο,
186 875 254 908 μήτι
267 874 317 910 τὴν
335 876 479 911 ἁμαρτάδα
499 876 602 903 τούτων
619 878 649 903 ἐν
668 876 743 911 λόγῳ
763 877 851 902 ποιιῐο

53 920 119 946 σθαι
147 920 226 947 Θεόν.
249 920 280 947 '0
305 921 356 955 μὲν
382 919 429 949 οὖν
453 922 527 949 οὕτω
551 922 671 950 διέϐαινε
686 923 755 958 πρὸς
771 921 848 949 Θεόν.

52 967 196 1001 Μιγίστου
210 968 233 994 δ’
246 967 374 994 ιντιῦθεν
385 969 433 995 καὶ
450 968 561 1004 πρώτου
577 968 699 1003 διωγμοῦ
716 968 787 1004 προς
803 968 852 996 civ

53 1013 110 1040 τῶν
131 1013 274 1041 Ἰουδαίων
290 1014 362 1041 κατὰ
381 1014 431 1050 τῆς
459 1015 489 1041 ὲν
511 1015 712 1050 Ἰεροσολύμοις
733 1014 850 1049 Ἐκκλη-

53 1061 118 1092 σίας
132 1060 334 1095 γεγενημένου,
355 1062 402 1087 καὶ
418 1061 474 1088 τῶν
489 1061 621 1097 μαθητῶν
635 1061 766 1088 ἁπάντων
780 1060 852 1095 πλὴν

55 1108 111 1133 τῶν
125 1106 235 1133 δώδεκα
249 1107 302 1133 ἀνά
311 1114 342 1133 τε
358 1107 408 1141 τὴν
425 1107 556 1134 Ἰουδαίαν
568 1107 618 1134 καὶ
632 1107 682 1141 τὴν
693 1106 851 1142 Σαμάρειαν

54 1151 277 1187 διασπαρέντων,
303 1151 379 1183 τινὲς
401 1151 508 1179 τούτων
528 1153 576 1179 καὶ
590 1152 642 1183 ἕως
660 1153 788 1183 Φοινίκης
803 1151 852 1178 καὶ

56 1197 175 1231 Κύπρου
187 1198 236 1224 καὶ
263 1198 431 1233 ’Δντιοχείας
443 1195 524 1234 ἦχον.
540 1198 619 1226 οὔπω
636 1199 684 1234 μὲν
697 1198 852 1233 τολμῶντες

55 1243 114 1274 τοῖς
130 1243 222 1270 ἔθνεσι
237 1242 284 1269 τοῦ
296 1243 346 1277 τῆς
360 1244 482 1275 πίστεως
501 1244 583 1278 λόγου
599 1244 781 1279 μεταδιδόναι·
802 1244 853 1279 μό-

57 1298 114 1320 νοις
130 1297 163 1323 γε
178 1288 233 1324 μὴν
255 1289 394 1321 Ἰουδαίοις
407 1290 502 1317 τοῦτον
519 1290 701 1326 κατήγγειλαν.
716 1290 853 1325 Τηνικάδε

56 1335 105 1361 καὶ
119 1335 228 1366 Παῦλος
239 1335 272 1361 ὲκ
285 1334 395 1371 Ταρσοῦ
413 1334 464 1370 μὲν
479 1336 529 1370 τῆς
545 1335 650 1367 πόλεως
673 1335 722 1366 ὢν,
735 1335 776 1369 τῷ
798 1343 852 1361 πα-

58 1381 127 1416 τρίῳ
142 1380 172 1406 δὲ
195 1380 282 1415 νόμῳ,
303 1380 454 1416 Φαρισαῖος
478 1381 534 1415 γὰρ
557 1378 603 1417 ἦν,
623 1381 676 1407 ὑπὸ
697 1381 854 1416 διδασκάλῳ

58 1427 204 1462 Γαμαλιήλ
217 1428 246 1458 ἐς
261 1428 408 1463 ἀκρίϐειαν
430 1428 597 1460 παιδευθεὶς,
620 1429 668 1456 καὶ
683 1427 723 1462 τῷ
748 1427 854 1463 νομικῷ

59 1474 133 1508 ζήλῳ
148 1473 353 1507 διακαιόμενος,
371 1474 442 1509 ὀρῶν
465 1473 561 1500 τοῦτον
577 1474 628 1510 ἤδη
651 1475 711 1506 ταῖς
734 1475 853 1501 ἀποστο-

58 1521 150 1552 λικαῖς
181 1521 400 1555 κατασειύμενον
427 1521 578 1556 ἐμϐολαῖς,
605 1522 655 1556 τὴν
688 1521 854 1556 Ἐκκλησίαν

537 161 847 193 ECCLESIASTICI
870 165 1066 196 HISTORL‘E
1086 167 1162 197 LIB.
1188 167 1228 197 ll.

1189 171 1228 197 ιι.
1642 171 1696 203 766

1172 223 1252 258 139
1272 223 1386 252 canor
1405 224 1437 252 v.

955 277 995 305 De
1010 277 1146 313 Stephano
1162 280 1246 307 primo
1262 285 1396 314 martyre,
1419 285 1445 307 et
1471 280 1558 308 Paulo
1579 291 1641 309 vase

1229 315 1376 342 electionis.

941 369 1084 406 Stephano
1096 370 1215 405 plurima
1231 371 1348 406 Spiritus
1362 372 1448 408 gratia
1464 378 1535 404 erat,
1551 373 1695 408 multaque

901 416 926 444 is
948 415 1085 451 fprodigia
1108 416 1207 444 edebat
1227 425 1234 443 :
1259 422 1287 445 et
1313 425 1373 445 cum
1393 418 1549 452 eloquentia
1574 419 1694 446 multum

900 462 1016 495 valeret,
1036 462 1252 497 concionarique
1269 470 1323 490 non
1336 467 1466 495 cessaret,
1481 463 1609 491 omnibus
1627 463 1694 491 Ser-

900 508 1004 535 vatoris
1026 513 1053 535 et
1076 508 1184 535 Domini
1206 508 1309 536 cultum
1335 508 1467 540 suadens,
1486 508 1582 536 furore
1599 509 1688 536 Judaei

903 554 1107 583 accenduntur.
1129 555 1152 582 Α
1167 555 1268 589 quibus
1289 555 1393 589 ingenti
1419 555 1445 582 vi
1470 554 1590 590 lapidum
1607 554 1694 581 obru-

902 606 955 634 tus,
970 602 1078 637 primus
1105 601 1163 636 ipse
1181 608 1231 636 pro
1253 601 1364 628 Christo
1387 607 1521 634 mortuus,
1547 601 1694 635 στέφανον,

900 649 953 677 hoc
985 653 1028 676 est
1052 655 1184 676 coronam
1214 647 1332 682 accepit.
1355 647 1491 674 Caeterum
1516 653 1580 674 cum
1603 646 1695 674 adhuc

900 695 1029 731 spiraret,
1061 694 1156 722 divina
1177 693 1330 721 illustratus
1349 693 1445 727 gloria.
1467 692 1553 720 caelos
1571 696 1692 727 apertos.

900 746 929 769 et
943 741 1118 768 Servatorem
1130 738 1164 766 ad
1179 739 1306 767 dextram
1319 738 1366 766 Dei
1379 742 1511 771 stantem,
1526 744 1613 772 seque
1629 744 1696 764 cou-

901 787 1057 814 ﬁrmantem
1072 785 1150 812 vidit.
1167 785 1261 820 itaque
1277 785 1335 820 ipse
1351 784 1442 812 anima
1458 788 1514 812 tota
1527 785 1560 811 ad
1581 783 1696 811 deside-

901 838 990 861 ratmu
1012 832 1088 859 illum
1113 831 1257 862 anhelans,
1271 838 1320 866 pro
1340 830 1552 865 percussoribus
1567 829 1634 861 suis.
1660 837 1694 857 ne

902 886 998 906 eorum
1012 882 1122 913 peccata
1137 877 1210 904 Deus
1237 877 1264 903 in
1287 876 1422 903 rationem
1440 876 1562 910 aliquam
1581 883 1696 910 compu-

904 929 986 958 taret,
1006 931 1100 957 orans,
1124 924 1160 951 ita
1177 923 1209 950 ad
1227 923 1312 950 Deum
1335 923 1473 958 migravit.
1497 922 1613 949 Maxima
1630 929 1696 948 vero

901 971 966 998 inde
980 975 1008 998 et
1025 970 1113 1004 prima
1127 977 1142 996 ιι
1156 969 1258 996 ιυᾱλλὶε
1286 967 1414 995 Ecclesiae
1439 966 1695 1002 llicrosolymitunae

902 1020 996 1043 coorta
1011 1020 1053 1042 est
1067 1014 1234 1050 persecutio.
1250 1013 1337 1040 Porro
1348 1012 1476 1047 discipuli
1494 1019 1599 1042 omnes,
1616 1017 1695 1039 extra

902 1061 1048 1089 duodecim
1062 1061 1133 1093 illos,
1151 1068 1200 1095 per
1211 1059 1334 1087 Iudaeam
1348 1064 1376 1086 et
1387 1058 1547 1094 ,Samariam
1570 1057 1694 1091 dispersi

902 1112 977 1137 sunt.
1000 1106 1116 1140 Quidam
1133 1107 1217 1134 etiam
1231 1112 1329 1134 eorum
1351 1105 1383 1132 ad
1405 1104 1579 1134 thnicem.
1601 1109 1629 1130 et
1643 1102 1696 1138 Cy-

903 1161 996 1188 prum,
1009 1157 1037 1180 et
1049 1151 1225 1180 Antiochiam
1238 1158 1325 1186 usque
1333 1157 1500 1186 pervenere,
1515 1149 1636 1177 nondum
1655 1149 1694 1177 illi

903 1200 1031 1236 gentibus
1047 1199 1114 1234 ipsis
1127 1199 1190 1227 ﬁdei
1206 1198 1320 1226 verbum
1343 1197 1549 1226 communicare
1563 1197 1636 1228 ausi,
1649 1204 1696 1223 so-

903 1246 993 1280 lisque
1008 1250 1112 1272 tautum
1128 1243 1233 1272 Iudaeis
1246 1244 1272 1271 id
1286 1243 1494 1271 annuntiantes.
1511 1242 1580 1269 Tum
1594 1243 1696 1269 Paulus

903 1299 1025 1327 quoque,
1046 1291 1133 1319 Tarso
1159 1291 1271 1319 civitate
1291 1294 1379 1322 ortus,
1395 1297 1457 1317 cum
1480 1289 1507 1316 in
1528 1289 1587 1324 lege
1608 1289 1696 1322 patria

905 1339 1075 1374 (Pharisa‘us
1100 1337 1172 1364 enim
1196 1336 1265 1370 erat)
1291 1341 1421 1363 accurate
1447 1339 1475 1362 et
1504 1335 1650 1369 diligenter
1680 1341 1696 1360 α

904 1389 1075 1419 praeceptore
1091 1383 1240 1411 Gamaliele
1255 1382 1382 1409 eruditus
1405 1385 1491 1413 esset.
1518 1381 1693 1408 mmolatione

904 1432 973 1466 legis
990 1431 1117 1466 ﬂagrans,
1134 1437 1250 1464 eamque
1267 1428 1419 1464 apostolico
1438 1432 1524 1455 marte
1546 1427 1696 1454 admodum

906 1478 1016 1505 concuti
1032 1477 1137 1509 videns,
1152 1476 1268 1502 multum
1282 1474 1440 1502 detrimenti
1454 1474 1585 1501 Ecclesiis
1599 1473 1697 1500 affch-

906 1522 963 1550 bat.
979 1522 1018 1549 Ac
1043 1522 1162 1556 primum
1188 1519 1299 1554 quidem
1332 1519 1415 1546 caedis
1443 1517 1575 1552 Stephani
1599 1525 1696 1545 suasor

60 1566 185 1602 σφοδρῶς
198 1566 372 1602 ἐλυμαίνετο.
390 1567 444 1594 Καὶ
458 1567 490 1602 δὴ
506 1567 603 1602 πρῶτα
620 1567 670 1603 μὲν
692 1569 724 1602 τῇ
745 1568 850 1602 ἀναιρέ-

941 1573 977 1600 at,
997 1574 1150 1600 eorumque
1168 1570 1269 1596 vestes.
1289 1565 1336 1600 qui
1353 1564 1459 1598 lapides
1481 1565 1508 1591 in
1533 1564 1608 1591 illum
1621 1565 1695 1599 iece-

61 1622 102 1641 σει
128 1613 268 1648 Στεφάνου
292 1613 448 1648 σύμϐουλος
471 1612 520 1646 ὢν,
539 1614 574 1640 τὰ
594 1613 648 1640 τῶν
670 1612 756 1645 λίθοις
772 1613 854 1640 αὐτὸν

60 1660 197 1695 βαλόντων
213 1660 310 1694 ἱμάτια
322 1660 455 1694 διετήρει·
470 1660 528 1691 τοῖς
543 1660 628 1692 οἴκοις
643 1659 673 1686 δὲ
688 1659 742 1686 τῶν
751 1659 855 1685 πιστῶν

59 1707 255 1743 προσϐάλλων,
277 1703 322 1732 οἴά
342 1715 385 1738 τις
401 1706 454 1742 θὴρ
471 1706 546 1742 ὠμός
563 1714 594 1733 τε
612 1706 660 1733 καὶ
683 1707 790 1741 ἄγριος,
808 1707 855 1733 ἀν-

61 1754 127 1790 δρας
152 1762 182 1780 τε
211 1753 260 1779 καὶ
283 1755 417 1788 γυναῖκας
443 1751 531 1785 εἷλκε,
560 1754 608 1779 καὶ
625 1752 749 1788 φυλακῆς
769 1753 856 1783 οίκοις

63 1800 223 1834 παρεδίδου,
239 1799 292 1826 κᾶν
307 1800 336 1831 ἐς
360 1799 474 1834 ὕστερον
489 1799 539 1834 ὀψέ
553 1807 620 1826 ποτε
636 1799 758 1834 σφοδρῶς
775 1799 856 1824 ἐπαι-

64 1847 160 1881 γίζων,
186 1845 334 1877 ἐπιστολὰς
361 1847 430 1880 πρὸς
447 1846 503 1872 τῶν
532 1845 628 1880 ἱερέων
654 1845 739 1872 αἰτῶν
762 1844 856 1872 ἄδειαν

62 1894 153 1926 τούτῳ
171 1891 348 1926 ἑπαφιείσας,
364 1891 396 1918 τὸ
412 1892 480 1926 πρὸς
495 1891 594 1926 βουλῆς
610 1891 695 1918 κακὸν
714 1892 747 1926 τῇ
764 1892 792 1917 ὲν
807 1892 855 1916 Δα-

65 1938 164 1974 μασκῷ
188 1937 338 1972 Ἐκκλησία
361 1937 595 1972 διαπράττεσθαι·
621 1937 738 1971 ἐκλογῆς
759 1936 856 1968 σκεῦος

63 1983 113 2010 οὐκ
126 1983 156 2015 ἐξ
172 1981 339 2016 ἀνθρώπων,
358 1981 419 2008 οὐδὲ
434 1981 469 2008 δι’
482 1981 648 2015 ἀνθρώπων,
662 1981 730 2008 ἀλλὰ
744 1981 776 2008 δι’
790 1982 857 2008 ἀπο-

64 2029 210 2063 καλύψεως
230 2028 321 2063 Ἰησοῦ
345 2027 477 2063 Χριστοῦ,
507 2030 556 2055 καὶ
578 2028 646 2054 Θεοῦ
675 2028 793 2064 Πατρδς,
808 2027 856 2054 τοῦ

64 2076 224 2111 ἐγείραντος
241 2075 324 2101 αὑτὸν
346 2075 378 2101 ὲκ
405 2076 523 2110 νεκρῶν,
548 2077 594 2101 καὶ
610 2075 762 2106 ἀπόστολος
779 2076 858 2109 μέγιο

67 2131 128 2152 στος
141 2121 346 2152 ἀναδείκνυται,
361 2121 483 2156 οὐρανίῳ
499 2123 568 2155 φωτὶ
584 2122 634 2157 τὴν
646 2121 708 2156 θέμιν
721 2120 858 2148 κατασϐεο

67 2169 206 2201 σθεὶς,καὶ
218 2170 293 2204 φωνῇ
307 2169 413 2194 ἐκεῖθεν
424 2168 610 2201 ἀνελκυσθεὶς,
623 2168 734 2198 Σαοὺλ,
746 2167 856 2199 Σαοὺλ,

66 2215 193 2251 λεγούσῃ,
217 2214 248 2240 τί
270 2223 305 2246 με
326 2213 461 2246 (Sub/(etc;
479 2212 519 2246 ὃς,
545 2213 668 2240 Ἀνανίου
694 2213 745 2245 τὰς
762 2214 857 2248 χεῖρας

67 2249 245 2291 ἐπιϐαλύντος
263 2260 296 2286 ίι¹
320 2259 533 2294 ἀποκαλύψεως,
556 2257 627 2286 εἶδεν
652 2258 743 2291 αὖθις·
761 2258 808 2285 καὶ
823 2258 856 2284 τὰ
870 2249 897 2280 Ῑ)

67 2308 140 2334 ἔνδον
156 2307 259 2342 μᾶλλον
278 2306 492 2340 καταυγασθεὶς,
516 2305 615 2332 αὐτίκα
631 2303 687 2336 οἷος
701 2304 763 2332 καθ’
778 2305 857 2340 ἡμῶν

67 2355 156 2388 ἔπνει,
183 2353 306 2384 τοιοῦτος
320 2353 391 2387 ὑπὲρ
416 2352 495 2387 ἡμῶν
510 2349 554 2387 ἦν·
584 2353 621 2384 ὼς
644 2352 760 2387 τάχιστα
777 2352 859 2378 παντὶ

66 2401 105 2435 τῷ
133 2399 318 2435 προστυχόντι
345 2400 482 2434 παριστᾷν
502 2399 574 2433 ἐχειν
591 2400 623 2425 ἐκ
646 2398 701 2425 τῶν
728 2399 856 2434 Γραφῶν,

67 2447 155 2482 ἀληθῆ
168 2446 236 2472 Θεὸν
251 2444 322 2472 εἶναι
338 2446 467 2480 Χριστόνυ
483 2446 510 2476 ἔς
527 2445 656 2472 τοσοῦτον
667 2445 695 2471 δὲ
712 2446 791 2480 μῖσος
801 2445 858 2476 τοῖς

69 2493 218 2528 ὁμοφύλοις
237 2491 335 2524 ἐλθεῖν,
361 2493 420 2523 ταῖς
438 2492 492 2518 τῶν
504 2491 592 2524 λόγων
608 2491 774 2523 πλεκτάναις
790 2492 859 2525 ἄφυ-

69 2549 129 2567 κτον
145 2539 241 2574 ἔχουσι
256 2538 304 2573 τὴν
319 2538 482 2572 ἀπολογίαν,
508 2538 545 2568 ὡς
565 2538 612 2564 καὶ
626 2537 718 2572 κρύφα
744 2537 859 2564 Θάνατον

69 2586 141 2620 αὐτῷ
168 2584 314 2619 βούλεσθαι
339 2585 497 2617 σκαιωρεῐν·
514 2584 664 2620 ὲιρήδρευόν
679 2592 708 2611 τε
730 2585 790 2615 ταῖς
806 2584 860 2610 πύ-

68 2632 125 2663 λαις
150 2633 201 2667 τῆς
224 2631 329 2662 πόλεως
353 2630 502 2666 Δαμασκοῦ
524 2639 531 2645 ·
559 2631 612 2657 κᾶν
640 2631 812 2666 οῑ-μαθηταὶ
829 2631 859 2656 τὸ

68 2679 160 2713 δρᾶμα
174 2677 366 2710 διεγνωκότες,
384 2678 511 2712 καθῆκαν
527 2677 571 2704 διὰ
594 2677 642 2704 τοῦ
656 2677 763 2712 τείχους
776 2677 860 2712 χαλά-

70 2734 163 2756 σαντες
177 2726 206 2751 ἐν
218 2725 338 2759 σπυρίδι·
354 2725 383 2757 ὃς
399 2726 446 2752 καὶ
462 2726 490 2751 ὲν
519 2724 717 2760 Ἰεροσολύμοις
743 2723 857 2758 γενόμε-

71 2780 124 2802 νος,
141 2773 240 2806 πεῖραν
255 2771 394 2806 προσῆγεν
407 2773 435 2803 ἐς
452 2771 534 2797 suos?)
550 2772 670 2798 συνιέναι
693 2772 750 2803 τοῖς
771 2770 859 2805 μαοη-

70 2819 138 2850 ταῖς.
152 2818 233 2844 Δόλον
247 2818 270 2843 δ’
283 2819 381 2845 ἐκεῖνοι
402 2819 435 2845 τὰ
452 2818 558 2845 Παύλου
587 2817 718 2853 οἰόμενοι,
745 2817 856 2852 ἑξετρὲ-

107 2892 129 2908 ²⁸
150 2891 211 2917 Act.
239 2898 277 2920 Ix,
306 2890 330 2916 ί.

906 1620 978 1648 rant,
1005 1618 1172 1642 servaverat.
1190 1612 1294 1640 Deinde
1307 1612 1335 1639 in
1351 1613 1446 1638 domos
1463 1611 1583 1638 lidelium
1609 1611 1697 1645 impc-

907 1667 975 1692 tum,
1004 1665 1133 1694 tanquam
1147 1658 1263 1693 agrestis
1293 1658 1425 1693 quaepiam
1438 1663 1467 1684 ct
1484 1656 1612 1684 immanis
1627 1656 1695 1686 fera.

906 1706 1018 1737 faricns,
1035 1705 1112 1733 viros
1131 1704 1212 1731 simul
1227 1708 1254 1730 ct
1266 1703 1381 1730 feminas
1396 1703 1502 1730 vinctas
1518 1702 1653 1731 trahebat.
1669 1707 1696 1728 ct

907 1754 933 1780 in
953 1759 1091 1779 carcerem
1103 1751 1282 1786 cenjicicbat.
1309 1749 1362 1778 Sed
1377 1749 1399 1777 is
1411 1755 1516 1785 postea,
1540 1749 1629 1777 serius
1645 1749 1696 1775 ali-

909 1803 1023 1832 quanto,
1040 1797 1164 1832 ingentes
1180 1796 1328 1824 admodum
1347 1796 1435 1823 minas
1456 1791 1695 1831 spirans,'epistov

906 1843 1002 1876 lasque
1014 1850 1027 1869 a
1044 1842 1246 1873 sacerdotibus.
1264 1843 1374 1876 impune
1389 1841 1413 1868 ei
1431 1841 1489 1868 fore
1502 1841 1635 1876 quidquid
1651 1841 1699 1867 ad-

906 1889 990 1920 versi,
1003 1888 1118 1915 arbitrio
1136 1896 1195 1917 suo.
1216 1887 1244 1914 in
1260 1887 1413 1915 Ecclesiam
1426 1888 1621 1914 Damascenatn
1632 1895 1698 1914 cou-

909 1935 1026 1967 tulisset,
1042 1939 1148 1969 pelens,
1180 1933 1328 1960 Electionis
1341 1940 1399 1965 vae,
1415 1940 1469 1960 non
1479 1940 1511 1960 ex
1527 1933 1695 1966 hominibus,

908 1990 997 2017 neque
1014 1989 1063 2016 per
1091 1981 1229 2014 homines,
1263 1981 1311 2008 sed
1334 1988 1383 2016 per
1402 1980 1596 2008 revelationem
1631 1981 1697 2008 Jcsu

907 2029 1010 2058 Christi
1035 2028 1115 2064 ιω
1130 2033 1158 2055 et
1173 2028 1220 2055 Dei
1236 2027 1325 2055 Patris
1338 2048 1345 2059 ,
1368 2027 1416 2062 qui
1432 2027 1508 2054 illum
1525 2035 1559 2054 ex
1578 2029 1698 2054 mortuis

908 2076 1062 2107 suscitavit,
1075 2075 1264 2108 maximusque
1286 2075 1434 2108 Apostolus
1451 2074 1621 2109 designatur,
1631 2079 1697 2103 cum

909 2122 1020 2157 quidem
1043 2121 1148 2148 caelesti
1172 2120 1275 2148 lumine
1290 2121 1362 2148 oculi
1374 2121 1435 2155 ejus
1454 2121 1591 2155 pcrstricti
1615 2126 1698 2156 atque

910 2168 1051 2201 exstincti,
1067 2173 1095 2195 et
1129 2175 1197 2195 voce
1215 2168 1324 2195 C(elitus
1346 2168 1379 2194 ab
1398 2167 1524 2194 instituto
1539 2175 1589 2195 suo
1610 2174 1699 2194 reti-an

910 2222 975 2243 ctus
988 2220 1072 2248 esset,
1091 2214 1168 2246 Saul.
1183 2214 1258 2248 Saul,
1276 2215 1385 2242 dicente
1397 2235 1405 2247 ,
1424 2215 1486 2250 quid
1506 2223 1545 2241 me
1561 2222 1699 2250 persequco

910 2263 947 2289 ris
969 2262 1015 2288 "7
1038 2261 1098 2293 Hic,
1123 2261 1223 2288 cumei
1239 2261 1357 2288 Ananias
1378 2269 1428 2296 per
1445 2269 1570 2288 arcanam
1590 2260 1699 2287 revela-

911 2310 1015 2336 tionem
1039 2316 1138 2336 manus
1161 2308 1348 2343 imposuisset,
1368 2307 1457 2334 visum
1482 2307 1644 2342 rccipiuct
1670 2307 1698 2333 in

909 2356 1003 2383 animo
1014 2363 1064 2382 suo
1081 2348 1160 2390 longe
1175 2355 1257 2382 etiam
1273 2354 1359 2388 magis
1373 2354 1534 2383 illustratus.
1550 2352 1700 2380 confestim

910 2410 991 2438 quam
1022 2407 1103 2429 antea
1125 2408 1219 2430 contra
1250 2409 1300 2429 nos
1323 2401 1452 2428 ferociter
1481 2399 1613 2436 spirabat,
1643 2404 1700 2425 tam

910 2449 1011 2477 acriter
1034 2455 1083 2483 pro
1105 2449 1185 2476 nobis
1214 2454 1286 2476 stare
1313 2448 1420 2482 incipit,
1447 2447 1484 2473 ita
1509 2451 1538 2473 ut
1553 2446 1699 2473 celerrime

911 2495 1039 2522 omnibus
1050 2494 1096 2528 qui
1110 2502 1172 2521 cum
1186 2502 1219 2521 eo
1230 2502 1385 2522 sermonem
1399 2499 1534 2524 sererent,
1551 2497 1698 2525 astrueret,

911 2546 993 2576 atque
1011 2548 1043 2568 cx
1060 2540 1208 2576 Scripturis
1225 2542 1366 2575 probaret,
1378 2541 1517 2568 Christum
1532 2548 1626 2568 verum
1639 2548 1699 2567 esse

912 2589 1009 2616 Deum.
1028 2587 1057 2614 ln
1073 2592 1175 2614 tantam
1194 2592 1285 2615 autem
1303 2589 1375 2623 apud
1399 2588 1545 2623 populares
1559 2595 1634 2616 suos.
1651 2587 1698 2622 qui

914 2634 942 2660 in
967 2633 1140 2668 perplexibili
1164 2633 1288 2660 oratione
1302 2641 1436 2660 summam
1460 2639 1488 2662 et
1512 2632 1709 2660 inevitabilem-

912 2679 1101 2706 defcnsionem
1130 2678 1311 2710 collocabant,
1338 2680 1464 2713 pervenit
1492 2679 1634 2711 invidiam,
1670 2683 1700 2705 ut

912 2734 961 2760 per
977 2725 1069 2752 dolum
1090 2725 1197 2752 occulte
1214 2725 1315 2752 caedem
1331 2725 1357 2751 ei
1387 2731 1536 2755 struerem,
1553 2734 1641 2760 eaque
1665 2725 1698 2752 de

912 2778 993 2797 causa
1009 2771 1041 2796 ad
1058 2774 1149 2804 portas
1166 2769 1285 2796 civitatis
1300 2769 1422 2797 Damasci
1442 2770 1471 2798 in
1490 2770 1597 2798 insidiis
1614 2778 1699 2797 excu-

913 2817 1019 2844 barent.
1039 2817 1091 2844 Sed
1118 2816 1190 2844 cnim
1217 2815 1354 2850 discipuli,
1372 2821 1451 2843 tct‘ua
1471 2824 1503 2843 ea
1539 2817 1667 2852 cognita,
1683 2825 1712 2843 ε·
