1879 3061
87 143 136 173 ’ῑῖ3
567 140 869 170 ECCI.ESIAST[C.‘E
891 140 1084 171 lliSTOll1:E
1102 142 1174 172 Llll.
1198 143 1236 172 ΙΙ.

1659 145 1711 178 7M-

86 199 224 234 δυσχερῶν
239 197 456 231 ἀπηλλάττοντο.
479 198 541 224 Ἐπὶ
560 198 587 224 δὲ
604 198 708 224 τούτοις
726 197 775 231 τὴν
795 200 828 223 πό

967 199 1024 232 ipse
1042 199 1115 225 brevi
1131 205 1280 231 momento.
1296 201 1382 234 qualis
1396 206 1458 228 ante
1473 202 1597 229 morbum
1609 203 1709 235 fuerat.

87 247 196 273 ἃπασαν
209 245 408 278 ἐκκλησιάσας,
422 244 472 278 τὴν
488 245 557 270 κατᾶ
571 244 615 269 τὸν
629 244 743 278 Σωτῆρα
757 244 874 278 Χριϐτὸν

85 292 247 326 οἰκονομίαν
270 291 380 317 ἅπασαν
397 292 411 317 ὁ
425 291 574 320 ἀπόστολος
599 290 712 325 διεξῄει·
728 290 761 316 τὰ
775 290 874 317 τελεώ-

85 347 150 373 τερα
172 338 201 363 δὲ
225 337 332 367 τούτοις
353 337 469 371 μυήσας,
490 336 537 362 τοῦ
560 345 588 362 τε
608 336 681 362 θείου
700 335 875 368 καταξιώσας

85 383 214 419 λουτροῦ,
232 383 322 417 ἱερέας
346 391 375 408 τε
400 383 646 417 καταστησάμενος
668 382 715 412 οὓς
735 390 767 414 γε
785 381 875 417 χρεὼν

84 429 128 465 ἦν,
152 431 203 456 καὶ
230 430 315 456 τᾶλλα
347 429 438 456 πάντα
465 429 554 460 καλῶς
586 429 759 463 διαθέμενος,
784 430 876 455 πᾶσαν

84 478 192 511 ἐκείνην
205 477 343 510 ἀφιέρωσε
382 475 420 510 τῷ
444 476 513 511 Θεῷ.
531 476 689 511 Χρημάτων
711 476 734 501 δ’
750 475 876 502 ἐντεῦθεν

83 525 124 550 διὰ
138 523 229 550 ταῦτα
241 523 280 556 τῷ
294 523 438 556 ἀποστόλῳ
450 522 518 557 πρὸς
531 522 658 556 Λὺγάρου
673 522 875 557 κομιζομένων,

83 570 224 597 ἀπείπατο
240 569 379 600 δέξασθαι.
401 577 409 593 ι
426 568 457 595 El
474 569 507 595 τὰ
528 569 659 603 ἡμέτερα,
676 568 774 600 εἰπὼν,
795 577 876 594 κατε-

83 617 230 651 λειψαμεν,
247 615 305 645 πῶς
320 614 465 649 ληψόμεθα
482 615 515 640 τά
533 614 678 649 άλλότρια;
695 624 704 639 ι
724 614 760 640 ’Ἡ
776 622 808 648 γε
822 615 875 648 μὴν

82 662 129 689 τοῦ
140 661 271 696 Δὺγάρου
286 660 415 695 ἐπιστολὴ
429 660 497 695 πρὸς
510 660 637 695 Χριστὸν,
651 661 685 695 ἢν
697 660 732 687 δι’
752 660 875 686 ’Λνανίου

82 708 258 743 ταχυδρόμου
282 707 331 733 καὶ
363 707 521 741 κούρσωρος
547 706 749 739 ἐξαπέστειλεν,
784 707 822 737 ὡς
846 707 875 732 ὲν

83 755 162 790 τύπῳ
193 754 344 785 διαλαϐεῖν,
378 754 441 780 τάδε
474 752 580 785 λέξεσιν
612 753 710 784 αὑταῖς
740 754 874 788 περιεῖχε·

88 811 98 828 ι
116 802 185 836 Περὶ
202 801 252 827 σοῦ
269 801 315 827 καὶ
334 800 390 826 τῶν
405 800 462 826 σῶν
483 800 582 826 ἰάσει-,ιν
599 799 735 836 ἀκηκοὼς,
754 801 791 831 ὡς
807 809 876 834 φαρ-

86 847 184 882 μάκων
198 847 265 873 ἄνευ
280 846 327 873 καὶ
343 845 474 880 βοτανῶν,
486 845 558 880 λόγῳ
570 845 598 873 δὲ
612 847 686 881 μόνῳ
700 846 812 880 τυφλοῖς
825 847 874 880 μὲν

84 893 115 920 τὸ
130 893 255 927 βλέπειν,
270 893 366 927 χωλοῖς
382 893 411 918 δὲ
427 893 457 918 τὸ
473 893 643 927 περιπατεῖν,
659 892 770 927 λεπροῖς
783 893 810 919 δὲ
824 893 873 927 τὴν

85 939 234 973 κάθαρσιν,
263 939 311 964 καὶ
342 937 398 968 τοῖς
428 939 548 972 μακραῖς
585 938 674 969 νόσοις
702 937 875 971 πιεζομένοις

84 985 257 1019 κατάλληλον
269 984 319 1019 τὴν
331 984 454 1019 ἰατρείαν
465 984 563 1019 ἀμισθὶ
576 983 719 1011 καὶταῦτα
733 984 873 1018 παρέχεις,

85 1032 134 1057 καὶ
154 1030 222 1058 ἄλλα
242 1029 328 1056 πολλὰ
345 1029 432 1064 μείζω
448 1030 494 1055 καὶ¹
514 1029 668 1064 ὑπερτέρας
684 1030 700 1064 ἦ
722 1029 784 1056 καθ’
800 1030 875 1064 ἡμᾶς

83 1077 230 1110 δυνάμεως
254 1076 322 1111 ἔργα
342 1076 443 1107 ποιεῖς,
457 1075 529 1101 κατὰ
549 1075 611 1101 νοῦν
628 1075 741 1110 ἐθέμην,
761 1075 876 1110 θάτερον

85 1123 142 1149 τῶν
159 1123 206 1149 δύο
221 1120 293 1148 εἶναι
307 1130 336 1148 σε
349 1121 518 1155 λογίζεσθαιθ
531 1121 546 1156 ἢ
563 1122 604 1148 ὃτι
621 1122 652 1147 σὺ
669 1119 694 1147 εἴ
706 1122 719 1147 ὁ
737 1121 813 1154 Θεὸς,
828 1121 876 1147 καὶ

85 1168 177 1195 λιπὼν
200 1168 264 1199 τοὺς
288 1167 422 1202 οὐρανοὺς
449 1167 643 1202 ὲπεχωρίασας
671 1167 739 1201 πρὸς
756 1167 841 1202 ἡμᾶς·
858 1167 875 1201 ἢ

85 1215 152 1245 Υἱὸς
164 1212 192 1240 εἴ
209 1213 255 1240 τοῦ
273 1213 351 1244 Θεοῦ,
375 1213 490 1240 τοιαῦτα
515 1214 655 1248 παράδοξα
677 1213 876 1248 ἐργαζόμενος,

84 1260 120 1286 δι’
134 1260 154 1287 ἃ.
168 1268 211 1286 τοι
223 1260 272 1286 καὶ
288 1258 406 1293 γράψας,
420 1258 517 1293 δέομαί
533 1266 580 1285 σου
597 1258 730 1292 σκυλῆναι
746 1259 813 1293 πρός
831 1268 875 1293 με,

85 1307 136 1331 καὶ
150 1305 200 1332 τοῦ
225 1305 311 1331 πάλαι
336 1314 369 1339 με
397 1304 537 1336 πιέζοντος
562 1304 745 1332 ἀπαλλάττειν
761 1305 876 1336 πάθους.

85 1352 247 1386 Πέπεισμαι
270 1351 299 1378 δὲ
322 1351 365 1378 δτι
385 1351 433 1377 καὶ
461 1351 582 1377 Ἰουδαῖοι
605 1351 731 1386 πονήρως
750 1351 819 1385 πρὸς
848 1350 878 1377 σὲ

85 1397 270 1432 διακείμενα.
294 1398 324 1424 οὑ
347 1397 418 1424 καλὰ
441 1397 505 1431 περὶ
527 1396 575 1423 σοῦ
594 1396 750 1432 φρονοῦσιν·
773 1396 837 1432 ἐμοὶ
854 1397 876 1423 δ’

87 1445 148 1471 ἐστι
166 1444 255 1476 πόλις,
273 1444 360 1480 μιγρά
373 1452 401 1470 τε
420 1443 467 1470 καὶ
485 1443 602 1478 ἄσημος·
624 1442 695 1478 πλὴν
723 1443 770 1470 καὶ
786 1443 877 1478 ἀμφο-

87 1492 181 1526 τὲροις
192 1490 317 1525 ἀρκέσει.
331 1499 340 1516 ι
359 1490 434 1517 Ἐπεὶ
446 1489 474 1516 δὲ
485 1490 499 1516 ό
510 1488 586 1522 Λῦγα
592 1497 636 1524 ρος
648 1490 763 1524 γράφων
775 1480 877 1524 ἥκιστα

926 247 1095 277 agnoscitur.
1114 248 1152 273 Ac
1168 255 1219 273 non
1232 248 1290 281 ipsc
1304 248 1396 279 modo,
1411 256 1506 275 verum
1518 249 1600 276 etiam
1618 250 1712 277 Audus

926 290 1001 317 [ilius
1017 292 1087 326 ejus,
1104 293 1203 326 pedum
1221 293 1318 320 morbo
1332 293 1469 326 laborans,
1496 295 1630 329 multique
1644 303 1712 327 pra:-

928 341 1001 363 tcrca
1017 337 1063 363 alii
1077 337 1195 364 civitatis
1212 338 1281 372 ejus,
1294 338 1377 365 variis
1393 338 1583 367 eontlictantcs
1599 340 1712 372 morbis,

926 383 1050 409 oratione
1063 383 1142 409 simul
1157 388 1186 410 et
1199 388 1300 411 attactu
1328 385 1454 412 celeriter
1469 387 1627 420 gravamiue
1638 387 1714 413 omni

925 428 1092 456 liberantur.
1111 430 1176 457 Post
1192 430 1260 463 haec,
1275 437 1426 458 convocata
1447 433 1480 459 ad
1498 433 1659 459 concionem
1677 434 1715 459 ci-

926 476 1010 503 vitate
1026 477 1101 503 omni
1116 496 1123 508 ,
1140 478 1280 511 apostolus
1296 478 1398 505 obitam
1417 479 1514 506 salutis
1532 484 1634 506 nostra:
1650 480 1715 507 Ser-

926 523 1012 549 vatori
1029 523 1141 550 Christo
1170 523 1340 551 iunctionem
1358 533 1466 552 omnem
1485 526 1608 560 exponit.
1626 527 1716 560 perfe-

927 570 1060 598 ctioribus
1076 578 1122 598 eos
1140 571 1226 598 sacris
1238 571 1346 603 imbuit,
1365 572 1397 598 ad
1414 579 1522 598 sacrum
1537 572 1658 598 admittit
1673 572 1713 598 lu-

927 624 1051 648 vacrum,
1074 619 1244 649 sacerdotes,
1282 625 1352 652 quos
1378 625 1446 651 opus
1469 622 1539 648 erat,
1556 622 1641 648 creat,
1660 617 1714 644 alia

926 664 1019 690 omnia
1032 664 1083 691 rite
1100 670 1128 691 et
1145 665 1243 691 ordine
1259 664 1413 696 constituit,
1431 665 1582 699 urbemque
1604 673 1713 692 onmem

927 710 983 737 Deo
1000 715 1153 738 consecrat.
1175 710 1242 738 Cum
1257 718 1321 738 vero
1334 711 1368 736 ab
1386 711 1494 745 Abguro
1511 711 1543 737 ad
1558 711 1712 745 apostolum

927 756 1028 783 deinde
1042 757 1168 791 pecunia!
1185 757 1378 787 numerentur,
1396 757 1521 790 accipere
1534 765 1581 784 eas
1600 758 1691 784 renuit
1707 767 1713 783 :

926 801 954 829 Si
972 802 1057 834 enim,
1086 802 1224 836 inquiens.
1255 807 1349 829 nostra
1376 802 1551 836 reliquimus,
1576 804 1716 836 quomodo

926 848 1093 883 accipiemus
1107 848 1216 875 aliena?
1230 848 1314 875 Porro
1329 848 1427 882 Abgari
1447 849 1562 882 epistola
1588 848 1621 875 ad
1636 848 1716 875 Chri-

931 899 1017 927 stum,
1037 902 1118 929 quam
1146 902 1194 929 per
1218 894 1352 920 Ananiam
1376 894 1535 928 expeditum
1561 899 1588 921 et
1598 894 1714 921 celerem

926 948 1066 968 cursorem
1081 940 1165 972 misit,
1182 940 1270 974 quoad
1287 940 1422 967 crassiore
1438 940 1520 967 modo
1537 940 1645 975 concipi
1667 947 1716 974 po—

927 987 978 1014 ttiit
991 1008 998 1020 ,
1019 987 1111 1014 verbis
1136 987 1194 1014 suis
1220 986 1291 1014 hanc
1306 986 1447 1021 complexa
1463 991 1506 1014 est
1520 987 1685 1014 sententiam
1706 994 1713 1012 :

928 1043 937 1059 ι
957 1033 1024 1061 Cum
1045 1033 1078 1060 de
1091 1038 1118 1060 te
1132 1033 1376 1067 eurationibusque
1391 1033 1446 1060 luis
1461 1033 1593 1066 audirem,
1613 1038 1639 1059 te
1656 1031 1716 1059 sine

927 1078 1054 1106 remediis
1069 1083 1096 1106 et
1108 1079 1212 1111 herbis,
1225 1079 1284 1105 solo
1299 1079 1394 1109 verbo,
1410 1079 1490 1105 caecis
1500 1079 1600 1108 visum.
1615 1077 1717 1105 c‘ausis

926 1124 1011 1158 pedes
1030 1131 1105 1155 suos,
1126 1122 1245 1157 leprosis
1259 1130 1360 1158 corpus
1379 1123 1512 1150 mundum
1524 1144 1531 1155 ,
1550 1127 1578 1150 et
1594 1122 1641 1156 qui
1656 1122 1718 1149 diu-

928 1169 1018 1196 turnis
1038 1175 1204 1203 premuntur
1229 1169 1334 1196 morbis
1355 1173 1552 1204 congruentem
1582 1168 1717 1196 valetudi-

926 1224 1002 1248 nem,
1028 1220 1055 1242 et
1077 1215 1188 1250 quidem
1211 1216 1332 1250 gratuito
1355 1216 1488 1250 pnebcre,
1505 1217 1613 1251 aliaque
1631 1217 1716 1243 multa

927 1261 1033 1287 viribus
1061 1261 1162 1287 nostris
1178 1261 1279 1295 majora
1299 1260 1408 1287 edicere
1425 1268 1520 1295 opera,
1544 1262 1571 1287 in
1596 1265 1716 1288 mentem

928 1307 994 1334 mihi
1010 1307 1095 1337 venit.
1108 1308 1224 1334 alterum
1242 1312 1267 1334 te
1279 1307 1396 1334 duorum
1423 1307 1540 1334 istorum
1559 1315 1620 1335 esse
1644 1307 1718 1334 arbi-

929 1353 994 1380 trari
1013 1363 1019 1380 ι
1035 1353 1076 1380 vel
1095 1353 1190 1385 Deum,
1204 1353 1250 1387 qui
1274 1353 1350 1380 cmlis
1364 1353 1464 1380 relictis
1482 1353 1515 1380 ad
1526 1361 1577 1380 nos
1592 1361 1718 1381 secesse-

928 1398 978 1431 ris,
993 1399 1034 1426 vel
1049 1398 1145 1425 saltem
1162 1398 1207 1425 Dei
1223 1398 1334 1429 Filium,
1355 1400 1399 1425 res
1415 1402 1506 1425 tantas
1529 1406 1611 1433 supra
1633 1399 1714 1426 ﬁdem

927 1448 955 1471 et
969 1444 1127 1478 opinionem
1156 1451 1266 1470 omnem
1297 1447 1450 1478 gerentem.
1481 1443 1576 1478 itaque
1609 1449 1635 1470 te
1663 1444 1716 1471 hoc

928 1490 1032 1524 scripto
1045 1497 1105 1521 oro,
1123 1494 1154 1515 ut
1170 1489 1291 1516 laborem
1306 1489 1439 1523 suscipias
1449 1488 1482 1515 ad
1496 1496 1539 1516 me
1554 1489 1715 1523 accedendi,

87 1536 149 1572 εἶχε
162 1537 279 1568 πείθειν,
295 1537 407 1570 ἀπέγνω
422 1537 478 1572 γὰρ
498 1536 548 1571 τὴν
568 1536 656 1571 Ἰησοῦ
677 1535 829 1570 παρουσίαν

976 1543 1040 1570 que,
1056 1535 1103 1570 qui
1118 1536 1172 1571 jam
1192 1535 1296 1562 dudum
1314 1534 1433 1570 al‘ﬂigitl,
1447 1536 1601 1563 inveterato
1620 1536 1717 1563 morbo

88 1583 284 1618 ἀντεπιστολῇ,
315 1583 408 1610 λοιπὸν
435 1584 465 1610 ὲν
495 1582 631 1618 ἀμηχάνῳ
661 1581 812 1613 καθεστὼς,
839 1581 878 1616 τῷ

88 1630 160 1665 πρὸς
184 1630 303 1665 Χριστὸν
324 1629 347 1655 δ’
370 1630 444 1664 ὅμως
465 1628 633 1664 βεϐλημένος
656 1628 741 1664 meo.
762 1629 879 1664 γράφειν

88 1674 120 1702 εὖ
136 1676 229 1702 εἰδότα
247 1675 333 1710 ἄνδρα
352 1675 498 1710 διέπεμπε·
519 1675 568 1702 καὶ
586 1675 633 1701 τὸν
656 1674 705 1701 τοῦ
731 1673 878 1708 προσώπου

89 1721 179 1748 τύπον
198 1720 324 1755 ἀκριϐῶς
339 1719 456 1754 γράφειν
475 1721 621 1752 ἐπέταττε,
635 1719 682 1746 καὶ
699 1719 775 1754 αὑτῷ
793 1720 879 1746 ἐκεῖνο

88 1767 120 1794 τὸ
136 1765 208 1796 εἶδος
223 1766 286 1793 ἀντὶ
310 1765 357 1793 τοῦ
382 1766 549 1800 ποθουμένου
566 1766 702 1799 κομίζειν.
719 1766 774 1792 Καὶ
794 1766 808 1791 ὁ
828 1765 879 1800 μὲν

90 1811 155 1848 ἧκε,
174 1813 222 1839 καὶ
235 1811 302 1844 στάς
316 1812 363 1838 ἐπὶ
379 1811 531 1847 μετεώρου,
547 1811 665 1847 γράφειν
679 1812 716 1843 ὡς
728 1811 801 1843 elato;
816 1813 880 1838 επε-

90 1861 190 1895 χεὶρει·
217 1860 279 1886 ἐπεὶ
302 1858 326 1885 δ’
343 1858 392 1885 οὐκ
409 1859 547 1893 ὶφικνεῖτο
563 1858 611 1885 τοῦ
635 1858 728 1894 ἔργου,
752 1858 879 1893 ἐμποδὼν

90 1903 300 1937 καθισταμένης
314 1902 410 1938 ἐκείνῳ
424 1903 474 1937 τῆς
489 1903 595 1929 ἐκεῖθεν
614 1903 825 1938 ἁστραπτούσης
840 1902 879 1938 τῷ

90 1950 234 1985 προσώπῳ
249 1949 324 1980 θείας
345 1949 443 1984 αἴγλης
465 1950 513 1976 καὶ
538 1950 661 1984 χάριτος,
684 1949 714 1976 τὸ
738 1949 879 1984 δρώμενον

89 1997 173 2030 γνοὺς
185 1995 199 2021 ὸ
214 1995 320 2030 Σωτὴρ,
338 1995 452 2030 ὕφασμα
466 1996 499 2021 ἐκ
510 1995 584 2022 λίνον
597 1995 785 2030 πεποιημένον
797 1995 878 2022 αίτετδ

90 2043 242 2077 νιψάμενος
257 2041 285 2067 δὲ
298 2041 345 2067 καὶ
361 2041 410 2075 τὴν
425 2040 495 2067 ίδίαν
507 2039 569 2075 ὄψιν
582 2042 614 2076 τῇ
628 2041 709 2076 ὀθόνῃ
724 2041 880 2076 ἀπομορξά-

91 2096 186 2123 pavos,
205 2087 245 2122 τῷ
265 2087 385 2123 Mum
402 2085 561 2113 ἀπέστειλε.
580 2086 666 2121 Λόγος
686 2094 718 2120 γε
735 2086 789 2122 μὴν
811 2086 878 2120 ἔχει,

90 2136 140 2162 καὶ
151 2135 199 2161 τὸν
214 2133 327 2169 Περσῶν
346 2133 470 2169 βασιλέα,
483 2133 573 2168 εὐφυᾶ
589 2133 639 2164 τὰς
658 2133 753 2168 χεῖρας
773 2132 881 2167 ζωγρά-

90 2189 142 2215 φον
157 2179 395 2214 διαπεμψάμενον,
411 2178 494 2205 αὐτοῦ
512 2186 542 2206 τι
560 2178 682 2214 Χριστοῦ
698 2179 730 2205 τὸ
747 2176 818 2210 εἶδος
832 2179 881 2206 καὶ

929 1583 1040 1610 liberes.
1059 1582 1224 1610 Persuasum
1247 1589 1329 1616 porro
1354 1582 1452 1613 habeo,
1467 1589 1530 1609 cum
1553 1581 1639 1610 Judtei
1661 1582 1716 1609 lni-

929 1635 983 1662 quo
998 1635 1061 1663 erga
1082 1632 1108 1655 te
1128 1627 1184 1655 sint
1198 1627 1300 1658 animo.
1318 1634 1374 1654 non
1395 1627 1500 1661 optima
1512 1634 1560 1654 eos
1580 1627 1614 1655 de
1629 1631 1656 1655 te.
1671 1635 1721 1655 ειη

929 1681 995 1708 pere
1011 1674 1138 1701 consilia.
1156 1673 1222 1700 Mihi
1240 1681 1306 1700 vero
1322 1673 1419 1700 civitas
1433 1678 1474 1701 est
1487 1673 1592 1701 modica
1604 1673 1720 1708 quidem

930 1726 980 1746 nec
1023 1718 1170 1746 admodum
1219 1718 1354 1750 celebris,
1391 1719 1502 1754 utrique
1541 1723 1630 1746 tamen
1667 1727 1719 1745 no—

931 1768 1019 1792 strum
1043 1763 1245 1799 percommodl.
1267 1772 1277 1790 ι
1305 1765 1453 1800 Postquam
1473 1769 1566 1792 autem
1593 1765 1717 1801 Abgarus

930 1811 1036 1845 scripto
1061 1817 1113 1838 suo
1128 1810 1296 1845 persuadere
1311 1810 1335 1838 ei
1353 1811 1426 1845 quod
1445 1811 1579 1839 voluisset
1596 1819 1650 1839 non
1670 1819 1724 1847 po.

931 1858 994 1889 tuit,
1010 1856 1158 1891 desperato
1173 1857 1249 1888 Jesu,
1264 1861 1380 1892 propter
1396 1864 1573 1892 responsum,
1587 1858 1717 1889 adventu.

932 1902 1010 1938 15,5
1025 1902 1090 1938 quid
1106 1906 1217 1937 caperet
1233 1902 1340 1930 consilii
1360 1903 1491 1933 incertus,
1508 1909 1541 1930 eo
1557 1907 1647 1930 tamen
1662 1911 1724 1938 quo;

930 1948 959 1976 in
972 1948 1112 1975 Christum
1127 1947 1274 1975 tenebatur
1295 1947 1436 1974 desiderio
1457 1947 1611 1982 perculsus,
1631 1949 1718 1983 picto-

930 2002 987 2021 rem
1003 1993 1134 2021 eximium
1152 1994 1185 2020 ad
1202 2001 1265 2020 eum
1279 1993 1363 2025 misit.
1387 1993 1468 2028 eique
1483 1998 1513 2020 ut
1528 1993 1673 2028 diligenter
1688 2000 1717 2022 et

931 2045 1058 2068 accurate
1080 2040 1176 2067 facient
1196 2040 1257 2075 ejus
1276 2040 1303 2066 in
1321 2040 1435 2074 ‘pictura
1451 2039 1601 2074 efﬁngeret.
1619 2039 1717 2075 imagi-

930 2093 1049 2120 nemque
1062 2093 1112 2120 pro
1123 2085 1280 2113 desiderato
1296 2085 1343 2112 illo
1354 2085 1405 2112 sibi
1419 2085 1541 2117 afferret,
1558 2085 1716 2120 imperavit.

930 2131 964 2160 Et
987 2132 1033 2159 ille
1059 2131 1170 2166 quidem
1195 2130 1281 2163 venit,
1312 2135 1396 2165 atque
1424 2130 1529 2158 inloco
1556 2130 1718 2158 sublimiore

930 2182 1006 2206 stans
1034 2177 1147 2213 pingere
1161 2176 1264 2205 Christi
1280 2177 1398 2210 vultum,
1412 2181 1443 2204 ut
1455 2176 1579 2207 decebat.
1597 2175 1719 2204 conaba-

88 2229 139 2263 τῆς
150 2227 236 2253 αὑτὸν
248 2225 393 2260 ὑπερφυῶς
403 2224 547 2255 τετοκυίας
559 2223 650 2257 ζέοντι
662 2224 782 2257 πίστεως
793 2225 828 2251 πό

976 2232 987 2250 ·.
1013 2222 1081 2250 Cum
1096 2230 1162 2250 vero
1178 2227 1299 2257 emptum
1317 2229 1388 2257 opus
1402 2229 1457 2250 non
1483 2221 1644 2251 succederet
1665 2221 1718 2256 (di-

89 2275 131 2301 ὂτι
159 2273 278 2307 τάχιστα
305 2271 410 2306 γράψαι
440 2271 488 2298 καὶ
516 2270 664 2298 ἀπολαϐεῖν
695 2271 879 2306 κτησάμενον.

89 2319 186 2345 Ταῦτα
200 2317 223 2344 δ’
238 2318 271 2344 ἐκ
283 2317 338 2344 τῶν
355 2316 408 2344 άνὰ
423 2317 473 2352 τὴν
488 2316 622 2344 Ἔδεσσαν
637 2316 789 2352 τηνικαῦτα
803 2317 881 2352 βασι-

89 2364 245 2399 λευομένην
271 2363 349 2389 πόλιν
371 2362 681 2397 γραμματοφυλακείων
699 2363 816 2397 ἐλήφθη·
833 2363 882 2398 δη.

91 2412 200 2446 pou-loc;
215 2410 268 2443 γὰρ
283 2406 354 2444 ἦσαν
369 2409 484 2443 χάρταις
498 2408 764 2444 ἐμπεριειλημμένα.
775 2408 815 2434 Τά
827 2409 881 2444 γὰρ

89 2457 164 2483 xui
184 2456 231 2482 τὸν
246 2454 373 2490 Αὗγαρον
394 2455 551 2490 πραχθέντα
568 2453 660 2489 βιϐλία
676 2455 724 2481 καὶ
743 2454 830 2482 ταῦτα
848 2454 882 2490 δὴ

92 2503 243 2538 περιεῖλον,
261 2503 293 2527 ἐκ
305 2501 355 2536 τῆς
369 2500 465 2535 Σύρων
485 2500 697 2535 μεταληφθέντα
711 2500 848 2535 γλώσσης·
863 2499 882 2526 ἃ

91 2551 140 2576 καὶ
157 2547 354 2583 προσηκόντως
368 2547 486 2574 ἐνταῦθά
504 2555 550 2582 μοι
567 2546 712 2573 τέθεινται.

933 2270 1015 2297 vinus
1037 2269 1140 2304 quippe
1166 2269 1297 2303 splendor
1318 2273 1346 2296 et
1364 2269 1451 2302 gratia
1469 2267 1496 2296 in
1511 2268 1588 2296 vultu
1600 2268 1720 2303 ejusco-

933 2322 1048 2342 ruscans
1065 2314 1262 2349 impedimento
1272 2317 1353 2346 erat),
1372 2320 1401 2339 re
1417 2320 1449 2340 ea
1469 2313 1576 2347 cognita
1592 2312 1719 2340 Salvator

932 2366 1037 2389 textum
1064 2361 1166 2388 liueum
1196 2360 1274 2395 petit,
1293 2359 1320 2386 in
1341 2367 1429 2394 eoque
1451 2359 1527 2393 prius
1550 2359 1607 2385 loto
1621 2358 1722 2385 facient

933 2415 1011 2435 suam
1025 2408 1167 2442 exprimit,
1178 2412 1206 2434 el
1222 2406 1255 2434 ad
1268 2405 1406 2441 Abgarum
1422 2405 1517 2432 mittit.
1536 2405 1641 2432 Dicitur
1651 2411 1724 2439 quo-

932 2460 985 2488 que
1006 2454 1151 2480 Persarum
1175 2460 1222 2480 rex
1249 2459 1331 2479 manu
1359 2450 1526 2486 ingenioque
1561 2454 1723 2489 promptum

934 2499 1069 2533 pictorem
1088 2498 1208 2530 misisse,
1222 2503 1250 2525 et
1272 2505 1321 2532 per
1334 2497 1416 2528 hunc,
1431 2495 1546 2523 ferventi
1562 2494 1624 2522 iidei
1643 2495 1719 2522 desi-

933 2545 1023 2577 derio,
1039 2545 1120 2571 simul
1141 2549 1167 2572 et
1183 2545 1270 2579 ipsius
1294 2543 1414 2575 Christi,
1428 2547 1456 2570 et
1469 2550 1530 2577 quae
1546 2550 1608 2570 eum
1626 2541 1724 2570 divino

91 2597 174 2623 modo
193 2595 300 2630 genuit,
327 2595 434 2626 matris.
451 2601 534 2629 quam
552 2594 695 2621 Celerrime
717 2593 864 2628 imaginem
887 2592 1023 2627 depictam
1041 2591 1191 2626 accepisse.
1207 2593 1297 2626 Atque
1319 2591 1375 2618 haec
1392 2590 1500 2625 quidem
1521 2597 1553 2617 ex
1579 2589 1727 2617 tabulariis

90 2650 117 2671 ct
150 2642 275 2670 arebivis
293 2641 413 2668 civitatis
431 2640 553 2672 Edessee,
569 2647 629 2674 quae.
643 2645 699 2667 tum
723 2639 794 2673 regia
812 2638 1054 2666 administrabatur
1076 2641 1221 2672 potestate,
1246 2643 1310 2665 sunt
1333 2639 1488 2672 desumpta.
1510 2636 1629 2663 Fuerant
1648 2636 1724 2662 enim

92 2691 116 2716 in
131 2689 243 2725 publica
265 2688 399 2714 librorum
425 2691 601 2714 monumenta
616 2687 710 2713 relata.
727 2685 761 2712 Et
773 2685 835 2712 libri
851 2685 885 2711 de
909 2683 1008 2719 Abgari
1039 2684 1122 2710 rebus
1144 2683 1290 2717 conscripti
1303 2683 1363 2710 haec
1377 2690 1486 2718 quoque
1501 2680 1727 2715 complccteban—

91 2742 145 2768 tur,
160 2744 194 2764 ex
219 2734 351 2769 Syrorum
370 2733 464 2767 linqua
481 2733 622 2760 translata.
637 2733 701 2765 Qua.-
716 2740 730 2758 u
755 2739 796 2758 mc
826 2735 900 2757 recte
928 2731 981 2757 hoc
1001 2730 1062 2757 loco
1077 2730 1176 2764 opinor
1197 2737 1258 2757 esse
1279 2730 1417 2764 exposita.
