1879 3061
121 77 166 109 813

582 75 884 107 ECtZLESIASTleE
905 76 1099 107 HISTORIE
1123 77 1193 107 LIB.
1223 76 1263 105 ΙῘ.

1677 77 1730 108 8Ἰὶ

122 133 202 168 κύκὶῳ
216 132 261 167 τὴν
286 132 382 166 κλίνην
403 131 584 166 διειληφότες,
599 133 722 164 εὐλαϐῶς
748 142 864 168 κατησπ‹

989 133 1128 161 minerun.
1146 141 1188 159 tne
1204 134 1305 159 inultus
1320 133 1437 168 hymnos
1450 138 1477 160 et
1493 138 1584 168 partes
1596 135 1728 168 quasdam

121 180 204 210 ζοντο·
230 178 375 212 θαυμάτων
391 177 419 204 δὲ
438 178 517 212 χύσις
543 177 631 214 έρῤει.
657 178 759 212 Τυφλοὶ
784 179 890 214 ὄμμασι

122 224 268 260 παραδόξοις
288 223 382 258 ἑώρων
404 223 451 250 τὸν
476 223 554 254 ἥλιον
566 230 574 239 '
593 225 696 259 κωφοῖς
710 225 726 260 ἡ
739 225 890 260 άκουστικὴ

119 270 220 303 δύναμις
232 269 390 304 ἐπορίζετο·
410 269 493 304 χωλοὶ
517 270 567 301 τὰς
594 270 689 305 βάσεις
718 271 887 306 ήδράζοντο·

119 317 159 344 καὶ
174 316 201 343 τὸ
217 315 274 343 ὂλον
289 316 385 348 εἰπεῖν,
400 315 511 350 σύμπαν
530 316 635 351 νόσημα
663 318 697 351 τῇ
726 317 793 349 θίξει
811 317 890 352 μόνον

120 361 242 397 ὑπεχώρει
267 361 365 396 ἀθρόον
393 362 441 388 καὶ
468 362 599 389 διελύετο.
614 362 722 389 Ἔπειθ’
738 363 790 389 ὑπὸ
821 364 890 398 λαμ-

118 408 177 435 πάσι
191 408 235 434 καὶ
253 407 346 442 μύρων
363 406 484 440 ἄνθεσιν,
497 407 622 442 ἀγγέλων
637 408 688 443 μὲν
704 409 808 435 ἄνωθεν
821 418 888 444 προ-

119 454 230 486 θεόντων,
253 454 486 489 περιῖπταμένων,
499 454 689 489 ὲφεπομένων,
701 455 781 481 θείων
793 454 821 481 δὲ
835 455 889 482 [Ια-

117 499 192 533 τέρων
207 499 252 526 καὶ
266 499 425 525 ἀποστόλων
440 498 514 534 ᾠδάς
529 507 608 531 τινας
623 500 746 532 ἑξαισίας
759 500 888 535 ᾀδόντων.

119 546 131 578 ἡ
143 544 216 580 νοητή
230 544 346 576 meme;
361 545 393 570 ὲκ
407 544 475 571 Σιὼν
487 545 555 580 πρὸς
572 544 735 580 Γεθσημανὴ
750 545 809 575 ταῖς
820 545 888 572 ἀπο-

119 591 244 622 στολικαῑς
257 590 430 626 ἐποχουμένη
446 591 541 626 χερσὶν
552 589 708 625 ἐκομίζετο.
724 591 763 625 Τῇ
779 590 807 616 δὲ
822 599 889 625 χαρ-

118 638 177 672 μονῇ
197 637 280 672 ταύτῃ
298 637 346 664 καί
364 645 390 664 τι
415 636 534 672 χαλεπὸν
561 636 717 670 ἐπιγίνεται
734 636 820 672 λήθης
844 636 890 662 οὑ-

117 682 198 715 δαμῶς
215 682 301 714 ἀξιον.
317 682 369 708 Τοῦ
396 684 451 716 γὰρ
471 682 544 708 θείου
562 681 690 717 σκήνους,
705 682 744 714 ὡς
768 681 888 717 εἴρηται,

117 727 177 761 πρὸς
189 728 352 763 Γεθσημανὴ
373 727 639 763 μετακομιζομένου,
651 727 719 754 ὅπου
734 728 766 762 δὴ
784 727 830 754 καὶ
842 735 890 753 τα-

116 773 164 808 φῆς
176 774 306 809 ἠξιῶσθαι
320 774 337 809 ἡ
355 773 507 809 Θιομήτωρ
524 774 711 808 ἐπέσκηπτεν,
722 773 747 800 οί
767 774 888 800 Ἰουδαῖοι

942 178 1076 205 divinitus
1092 178 1286 212 inspiratarum
1308 178 1417 205 illarum
1433 179 1555 208 laudum.
1572 184 1597 206 te
1614 187 1729 207 canente

941 223 1053 250 audire?
1073 223 1157 250 ilhc
1181 224 1337 258 Dionysius.
1362 224 1485 259 Apostoli
1509 230 1613 254 autem.
1638 231 1665 252 et
1683 226 1730 260 qni

943 273 1074 302 praeterea
1099 269 1133 296 ibi
1152 270 1282 301 aderant,
1307 270 1356 296 viri
1374 271 1489 305 egregii,
1506 272 1607 298 lectum
1631 280 1731 298 corona

942 315 1164 344 circumdantcs.
1194 320 1353 342 reverenter
1380 317 1456 343 illum
1486 318 1730 344 exosculalmntur.

941 359 981 384 Ad
997 367 1078 394 quem
1096 360 1196 386 deinde
1211 368 1293 394 qualn
1315 362 1432 395 plurima
1454 362 1557 389 fiebant
1578 363 1709 390 miracula
1725 373 1730 390 :

943 406 1024 440 170
1052 406 1116 433 ca'ci
1148 415 1285 441 namque,
1315 413 1414 441 praeter
1442 416 1517 443 spem
1547 410 1730 444 exspectatio-

942 460 1060 487 nemque
1086 460 1215 482 omnem,
1247 453 1334 479 OCIIllS
1362 454 1420 481 suis
1451 454 1536 482 solem
1569 456 1732 486 cernebant,

941 498 1033 524 surdis
1052 497 1164 524 auditus
1187 506 1254 525 suus
1272 499 1400 532 dabatur,
1417 500 1507 527 claudi
1530 509 1642 535 gressus
1661 501 1731 528 reci-

941 543 1073 577 piebant:
1095 548 1123 570 et
1147 549 1175 570 ut
1195 544 1280 571 semel
1304 545 1413 578 dicam,
1435 554 1517 573 ontne
1533 547 1621 574 morbi
1645 555 1732 581 genus

941 593 1045 616 attactu
1059 590 1119 617 solo
1132 598 1245 625 prorsus
1256 591 1372 618 cedebat
1383 597 1411 619 et
1425 593 1609 627 profugiebat.
1626 594 1730 621 Deinde

941 635 1031 662 cereis
1043 635 1205 664 ardentilms
1218 637 1351 672 praelatis,
1365 629 1392 664 et
1403 639 1550 673 unguentis
1561 639 1731 675 ﬂoribusque

940 681 1060 715 sparsis,
1087 687 1170 716 atque
1195 683 1302 717 angelis
1324 683 1450 716 coalitus,
1478 685 1608 712 feretrum
1625 686 1664 721 (l)
1688 687 1732 714 \el

941 727 1140 762 prmeuntibus,
1155 729 1199 755 vel
1213 729 1390 764 stipantibus,
1405 731 1447 758 vel
1462 731 1544 758 etiam
1560 740 1732 767 consequen-

942 773 1025 803 tibus.
1040 774 1141 801 divinis
1153 774 1280 802 Patribus
1291 779 1318 802 et
1329 777 1460 810 apostolis
1474 777 1586 805 miriﬁca
1600 779 1724 813 quedam

116 821 196 855 φθόνῳ
214 821 400 853 διατακέντες,
415 820 494 855 μύειν
511 820 561 847 οὐκ
578 820 750 855 ἀνεχόμενοι,
772 820 802 846 τὸ
820 821 858 847 ὲνι

992 819 1064 846 mina
1096 820 1331 854 concinentibus,
1361 821 1556 851 intellectualis
1580 824 1625 852 illa
1652 830 1734 859 atque

116 867 220 902 κουροῦν
242 867 293 902 τῆς
318 867 468 902 βασκανίας
488 866 576 899 πάθος
593 867 770 903 ἐξέρῤησσον.
787 868 842 893 Καὶ
857 867 889 901 δή

115 919 151 943 τις
166 912 217 939 τῶν
232 912 322 940 ἄλλων
339 912 506 948 θρασύτερός
519 920 549 938 τε
564 912 612 939 καὶ
627 912 827 948 μανικώτερος,
843 912 890 938 τοῦ

116 959 259 993 καταλόγου
274 959 303 986 δὲ
320 958 375 985 τῶν
394 959 490 995 ἱερέων
505 957 551 994 ἦν,
564 958 611 985 τοῦ
625 958 699 994 ίεροῦ
715 960 830 993 σκήνους
844 967 892 984 κο-

118 1006 266 1040 μιζομένου,
289 1007 375 1040 φορᾶς
408 1006 506 1040 ἀλόγου
524 1006 656 1041 πλησθεὶς
675 1006 735 1037 ὅλος
749 1005 838 1041 ἐπῄει,
853 1005 893 1036 είς

117 1050 164 1085 τῆν
179 1050 354 1087 καταρῤάξαι
370 1050 402 1076 τὸ
420 1050 493 1086 ἱερὸν
515 1051 604 1077 ὲκεῖνο
629 1050 729 1085 σκῆνος
753 1050 893 1085 πρόθυμος

118 1095 160 1123 ὤν.
182 1096 213 1123 Ἦ
226 1097 253 1123 δὲ
270 1097 333 1132 δίκη
349 1096 485 1131 μέλλουσα
497 1094 531 1132 ἦν
545 1096 682 1131 οὐδαμῶς.
701 1095 746 1128 Ἐξ
760 1096 893 1130 ἀγκώνων

116 1141 164 1178 γὰρ
173 1143 200 1169 αί.
211 1144 303 1179 χεῖρες
318 1143 414 1178 ἐκείνῳ
427 1143 613 1174 σιακοπεῖσαι,
625 1142 665 1178 τῷ
681 1142 813 1177 σκίμποδι
824 1142 895 1177 ἀπῃ-

117 1187 225 1223 ὡρηντο.
244 1189 365 1224 Ἔμελλε
380 1189 409 1215 δὲ
426 1188 481 1223 ἄρα
496 1189 513 1223 ὴ
530 1188 573 1215 διὰ
591 1188 638 1215 τοῦ
658 1189 731 1215 θείου
749 1189 829 1215 τόκου
845 1197 894 1223 χα-

116 1234 160 1268 ρᾶς
172 1234 219 1269 τὴν
234 1234 403 1269 οἰκουμένην
416 1234 585 1269 πληρώσασα
601 1234 630 1260 ὲν
641 1233 680 1268 τῷ
698 1232 827 1268 θνήσκειν
842 1242 894 1269 μη-

114 1280 166 1307 δενὶ
180 1281 305 1316 λυπηροῦ
330 1289 406 1312 τινος
423 1281 498 1307 αίτία
514 1280 653 1314 γενέσθαι.
671 1279 726 1306 Καὶ
742 1280 803 1305 ἐπεὶ
814 1280 829 1305 ὁ
844 1287 897 1306 πα,

114 1326 163 1353 θὼν
179 1328 299 1364 πονηρὸς
317 1328 368 1362 μὲν
383 1325 427 1362 ἦν,
444 1327 545 1362 ἥκιστα
561 1326 590 1353 δὲ
607 1326 727 1358 ἀνίατος,
741 1326 771 1352 τὸ
783 1326 833 1361 τῆς
847 1334 896 1360 μευ

116 1374 217 1405 τανοίας
233 1373 418 1410 προϐάλλεται
434 1373 594 1408 φάρμακον.
609 1372 665 1399 Καὶ
680 1374 774 1407 χεῖρας
787 1373 835 1406 μὲν
852 1373 898 1398 ἐκ-

117 1419 211 1446 τείνειν
225 1420 278 1447 οὐκ
306 1417 363 1455 εἶχε
376 1427 382 1436 ·
400 1419 587 1454 προὺὁάλλετο
601 1418 631 1445 δὲ
649 1419 684 1445 τὰ
700 1418 804 1452 δάκρυα
815 1426 823 1434 ·
851 1418 897 1444 καὶ

116 1465 171 1500 ἅμα.
184 1468 217 1502 τῇ
232 1466 348 1502 παιδείᾳ
361 1465 407 1493 καὶ
423 1466 440 1501 ή
457 1464 592 1500 θεραπεία
610 1464 726 1499 προσῆν.
745 1464 832 1498 Ἕστη
847 1464 897 1499 μὲν

114 1509 156 1538 οὖν
170 1513 186 1547 ἡ
204 1513 284 1545 κλίνη
307 1512 355 1539 τοῦ
381 1512 475 1546 πρόσω
490 1510 622 1546 φέρεσθαι
634 1518 642 1526 ·
654 1511 703 1538 καὶ
715 1509 769 1536 τῶν
783 1511 894 1545 τμημά-

114 1566 165 1584 των
183 1559 467 1595 προσαρμοσθέντων,
488 1558 549 1584 ὅθεν
575 1557 726 1594 ὲρῤύησαν,
744 1556 850 1592 Πέτρου
865 1556 894 1582 δὲ

115 1602 142 1628 τὺ
159 1603 301 1637 ἑπίταγμα
318 1600 363 1637 ἦν,
393 1602 553 1638 παραυτίκα
568 1601 606 1633 ὡς
621 1601 652 1627 τὸ
667 1600 799 1636 πρότερον
812 1597 893 1635 ἦσαν.

120 1647 159 1678 Ὠς
179 1647 207 1674 δὲ
225 1649 275 1675 καὶ¹
299 1647 349 1682 τὴν
373 1646 538 1682 Γεθσημανὴ
558 1646 722 1678 κατέλαϐον,
746 1646 825 1680 τάφῳ
845 1645 896 1680 μὲν

114 1693 156 1720 τὸν
172 1693 234 1720 Υἱδν
252 1694 415 1728 μιμουμένη
429 1693 551 1720 δέδοται·
565 1692 598 1719 δι’
617 1692 721 1718 ἐκείνου
736 1691 765 1717 δὲ
783 1691 850 1726 πρὸς
862 1691 897 1717 τὰ

115 1737 170 1765 θεῖα
198 1738 371 1774 σκηνώματα
398 1737 585 1773 μετατίθεται,
612 1736 702 1770 λόγοις
728 1733 769 1767 οἷς
797 1735 867 1763 οἶδεν
884 1737 898 1762 ὁ

114 1783 196 1811 ταῦτα
219 1784 327 1820 δράσας
352 1784 419 1816 Θιός
429 1791 436 1798 ·
461 1784 490 1809 ἐν
505 1783 579 1816 αὑτῷ
593 1782 634 1818 τῷ
647 1782 712 1818 θείῳ
733 1781 833 1816 δηλαδὴ
846 1790 897 1808 πα-

115 1829 238 1866 ραδείσῳ,
264 1831 333 1857 ὅπου
356 1829 389 1865 δὴ
416 1829 463 1856 καὶ
487 1829 519 1855 τὸ
545 1828 623 1860 ξύλον
650 1827 822 1862 πεφύτευται
849 1827 898 1862 τῆς

115 1874 196 1910 ζωῆς.

941 865 1093 899 spiritualis
1109 873 1183 898 arca,
1205 874 1239 893 ex
1257 867 1322 894 Sion
1340 868 1368 894 in
1384 867 1552 903 Getsemani,
1572 871 1735 905 apostolicis

941 917 1001 936 eam
1031 910 1205 945 gestantibus
1232 912 1362 939 manibus
1386 913 1474 941 fertur
1491 915 1540 950 (2).
1563 915 1599 942 At
1614 917 1687 943 cuitu
1707 917 1734 945 iu

943 955 1013 983 banc
1025 961 1127 983 tantam
1144 957 1277 990 laetitiam,
1290 959 1434 987 molestum
1447 965 1474 987 et
1486 961 1584 988 durum
1599 963 1731 997 quiddam

944 1001 1050 1034 incidit,
1069 1003 1142 1037 quod
1160 1003 1270 1031 silentio
1285 1007 1507 1038 praatereundum
1535 1015 1589 1034 non
1607 1009 1652 1035 sit.
1665 1008 1733 1036 Cum

943 1047 1018 1074 enim
1040 1048 1163 1076 divinum
1181 1049 1249 1077 illud
1267 1057 1386 1086 corpus,
1404 1051 1440 1079 ita
1460 1057 1490 1079 ut
1509 1052 1614 1080 dictum
1633 1059 1685 1086 est,
1700 1054 1735 1081 ad

944 1092 1102 1121 Gctsemani
1122 1100 1290 1130 porlaretur,
1307 1098 1353 1124 ubi
1371 1098 1417 1125 Dei
1433 1098 1558 1126 Genitrix
1574 1099 1686 1134 sepeliri
1705 1107 1735 1127 se

945 1140 1136 1175 mandaverat,
1150 1142 1237 1177 Judrei
1253 1143 1353 1170 invidia
1369 1144 1551 1176 tabescentes,
1565 1152 1627 1172 cum
1643 1146 1737 1172 occul-

947 1191 1005 1213 tare
1032 1195 1086 1214 non
1112 1193 1241 1222 possent,
1266 1198 1328 1216 eum
1351 1190 1397 1223 qui
1425 1191 1452 1217 in
1479 1190 1618 1217 mentibus
1640 1198 1735 1217 corutn

947 1233 1109 1265 fovebatur,
1136 1234 1231 1262 livoris
1252 1235 1381 1263 aﬂ'ectum
1406 1236 1536 1271 produnt.
1566 1237 1639 1263 Inter
1665 1245 1735 1271 quos

947 1280 1009 1307 aliis
1037 1280 1148 1315 quidam
1176 1281 1378 1314 conﬁdentior,
1402 1282 1626 1316 l'uribundusque
1650 1282 1736 1316 magis

948 1325 1019 1359 (erat
1037 1330 1128 1352 autent
1149 1333 1182 1353 ex
1202 1327 1377 1353 sacerdotum
1402 1327 1522 1360 ordine),
1539 1335 1602 1354 cttm
1621 1335 1734 1354 sacrum

949 1372 1156 1399 tabernaculum
1180 1377 1348 1407 portaretur,
1367 1373 1471 1407 impetu
1493 1373 1612 1407 quodam
1637 1378 1733 1407 praeter

950 1417 1083 1445 rationem
1099 1416 1231 1452 percitus,
1248 1418 1274 1445 iu
1292 1418 1317 1444 id
1334 1419 1489 1450 ferebatur,
1508 1418 1586 1444 humi
1610 1424 1736 1452 proster-

950 1471 1015 1490 nere
1038 1470 1146 1490 sacrum
1167 1463 1234 1490 illud
1258 1471 1377 1498 corpus,
1399 1469 1481 1498 atque
1505 1463 1684 1499 pessumdare
1709 1465 1735 1490 in

947 1508 1039 1535 animo
1051 1508 1163 1536 habens.
1174 1508 1226 1536 Sed
1234 1509 1308 1536 enim
1321 1509 1440 1537 vindicta
1450 1517 1621 1544 nequaquam
1632 1514 1736 1537 morata

948 1559 1003 1581 est.
1019 1554 1143 1589 Namque
1158 1555 1191 1582 ab
1210 1555 1282 1582 ulnis
1296 1563 1393 1582 manus
1411 1555 1485 1582 illius
1501 1555 1604 1587 recisae,
1617 1563 1650 1582 ex
1664 1555 1738 1582 fere-

951 1605 993 1627 tro
1016 1600 1220 1635 dependerunt.
1242 1602 1277 1629 At
1302 1609 1363 1635 qua:
1387 1601 1480 1628 divina
1504 1601 1650 1628 nativitate
1677 1609 1738 1636 sua,

951 1646 1045 1674 laetitia
1065 1646 1245 1674 habitabilem
1267 1647 1362 1675 orbem
1387 1654 1497 1674 omnem
1521 1647 1687 1682 repleverat,
1704 1655 1740 1674 ne

949 1692 977 1720 in
1000 1692 1076 1720 obitu
1101 1693 1213 1728 quidem
1240 1694 1362 1729 cuipiam
1385 1695 1518 1721 molestia:
1537 1697 1586 1720 aut
1610 1701 1739 1721 aerumna:

948 1737 1067 1773 alicujus
1083 1746 1165 1766 causa
1180 1738 1273 1766 futura
1293 1743 1360 1765 erat.
1378 1739 1465 1766 Porro
1482 1739 1505 1767 is
1520 1740 1564 1767 cui
1583 1739 1636 1766 hoc
1651 1739 1740 1767 conti-

949 1788 1035 1818 gerat,
1053 1792 1115 1812 cum
1138 1784 1225 1811 malus
1239 1785 1368 1819 quidem,
1386 1784 1435 1812 sed
1450 1788 1540 1812 tamen
1554 1793 1609 1812 non
1625 1793 1741 1820 prorsus

949 1829 1112 1863 desperatus
1137 1835 1167 1857 et
1191 1830 1354 1857 iucurubilis
1379 1835 1464 1862 esset,
1478 1831 1651 1865 poenitentiae
1683 1830 1739 1858 rite

950 1875 1097 1909 prtetendit
1113 1876 1265 1903 remedium
1279 1885 1285 1903 :
1301 1881 1329 1903 et
1345 1876 1477 1910 quoniam
1491 1884 1588 1903 manus
1603 1884 1670 1911 quas
1682 1883 1739 1903 non

113 1921 247 1956 habebat,
272 1921 440 1957 protendere
454 1920 567 1955 nequit,
585 1920 719 1955 lacrymas
737 1919 852 1954 profert,
870 1925 898 1948 et
916 1921 998 1948 simul
1031 1930 1093 1956 eum
1113 1922 1304 1958 castigatione,
1320 1929 1386 1949 cura
1419 1930 1530 1957 quoque
1545 1922 1624 1950 adest
1653 1922 1724 1949 Fere

113 1971 182 1996 trum
204 1969 283 1997 enim
307 1968 451 2000 constitit,
473 1972 502 1996 et
524 1975 622 1994 manus
643 1966 677 1993 ad
720 1966 914 1999 resectionem,
954 1967 1027 1994 unde
1051 1967 1228 2001 deciderant,
1251 1967 1465 1996 accommodatae
1490 1967 1582 2002 (Petri
1607 1967 1634 1995 id
1660 1969 1738 2004 jussu

112 2013 226 2050 factum)
242 2014 390 2043 confestim
410 2014 556 2049 pristinum
575 2017 676 2041 statum
706 2019 784 2039 suum
815 2018 989 2047 recuperant.
1020 2013 1178 2042 Ubi'autem
1198 2014 1231 2041 ad
1247 2013 1403 2041 Getsemani
1425 2019 1588 2049 perventum
1606 2019 1658 2045 est.
1692 2022 1740 2042 se-

112 2062 227 2098 pulturae
243 2063 357 2098 quidem
374 2063 431 2096 illa,
446 2062 546 2090 Filium
561 2061 677 2093 imitata,
692 2061 813 2088 traditur
825 2069 833 2089 :
846 2069 895 2096 per
914 2061 990 2089 illum
1010 2067 1102 2089 autem
1141 2062 1175 2089 ad
1197 2061 1291 2089 divina
1331 2061 1510 2090 tabernacula
1527 2062 1576 2098 (3),
1596 2063 1630 2090 ad
1648 2063 1738 2098 ipsum

115 2109 220 2137 scilicet
239 2109 415 2146 paradisum,
435 2108 483 2137 ubi
502 2113 530 2136 et
546 2108 609 2135 vita:
626 2107 709 2135 arbor
726 2107 832 2135 consita
849 2113 901 2142 est,
922 2109 1030 2136 ratione
1048 2115 1091 2143 ea,
1122 2116 1204 2144 quam
1218 2109 1268 2144 qui
1298 2109 1356 2136 haec
1369 2108 1446 2142 fecit,
1462 2110 1532 2136 Deus
1547 2109 1634 2143 novit,
1651 2114 1739 2138 trans-

110 2156 206 2184 fertur.

144 2242 184 2276 (ι)
204 2250 215 2268 ι
231 2240 401 2268 Monstratur
414 2239 833 2276 sepulcrumrejusﬁeernentibus
850 2246 900 2276 no-
913 2242 941 2272 D
988 2239 1030 2276 (ὄλ
1044 2248 1053 2265 ι
1065 2238 1241 2276 rQuod,‘quia
1263 2238 1319 2276 Deo
1334 2237 1404 2266 nihil
1416 2243 1464 2276 est
1481 2237 1671 2276 impossibile,
1689 2246 1740 2266 nec

109 2273 153 2303 bis
166 2273 257 2311 usque
280 2276 313 2303 ad
339 2273 470 2311 praesens,
487 2275 514 2301 in
532 2273 610 2311 vallis
635 2274 769 2308 Josaphat
795 2273 898 2311 medio,

109 2319 168 2345 quae
176 2309 257 2339 vallis
269 2316 313 2338 est
325 2309 396 2337 inter
407 2314 526 2336 montem
539 2309 606 2337 Sion
623 2315 651 2336 et
665 2314 785 2345 montem
800 2309 901 2345 Oliveti

109 2344 208 2380 posita,
228 2348 256 2373 in
274 2353 328 2380 qua
345 2345 449 2380 sepulta
467 2345 552 2372 fuisse
564 2345 740 2379 praedicatur.
755 2344 809 2371 Sed
827 2351 901 2371 nunc

108 2379 227 2408 vacuum
254 2379 316 2409 esse
340 2379 509 2407 mausoleum
535 2380 716 2407 cernentibus
732 2379 899 2406 ostenditur.

109 2415 170 2444 llaec
188 2416 296 2444 ideirco
311 2415 438 2448 dixerim,
454 2415 518 2450 quia
538 2415 615 2442 multi
639 2419 798 2442 nostrorum
816 2414 899 2441 dubi<

111 2456 178 2482 tant,
208 2456 302 2478 utrum
319 2455 458 2485 assumpta
479 2450 563 2477 luerit
588 2449 672 2476 simul
691 2457 754 2477 cum
772 2456 899 2484 corpore,

107 2493 142 2513 an
160 2487 265 2514 abierit
284 2486 380 2513 relicto
393 2492 518 2519 corpore.
536 2485 722 2520 (Hieronym.)

146 2522 186 2555 (2)
203 2521 341 2556 Epiphan.
363 2520 497 2547 adversus
521 2519 823 2556 Antidieomarianitas,
843 2527 899 2546 non

110 2563 139 2592 se
155 2554 241 2592 posse
256 2554 392 2592 atlirmare
415 2560 444 2582 et
466 2555 559 2592 dicere
574 2554 683 2586 scribit,
701 2555 734 2592 de
760 2554 899 2592 Genitrice

110 2590 169 2624 Dei,
191 2592 236 2618 vel
264 2590 339 2626 quod
356 2590 521 2618 immortalis
539 2590 735 2627 permanserit,
759 2590 802 2618 vel
828 2590 902 2625 quod

110 2627 195 2654 vitam
209 2632 301 2655 morte
313 2627 500 2654 commutavit.

951 2273 1002 2301 nos
1014 2274 1049 2302 de
1064 2275 1143 2302 beata
1169 2273 1251 2304 Maria
1279 2274 1381 2301 factum
1402 2273 1562 2301 abnuimus.
1577 2274 1740 2308 Quanquam

950 2314 1063 2344 propter
1087 2309 1223 2337 cautelam
1239 2309 1315 2336 salva
1340 2309 1409 2340 lide,
1426 2309 1470 2343 pio
1499 2309 1587 2343 magis
1603 2308 1741 2336 desiderio

951 2343 1059 2378 opinari
1079 2349 1215 2379 oporteat,
1242 2351 1323 2378 quam
1352 2343 1507 2379 inconsulte
1521 2344 1637 2379 delinire
1665 2344 1740 2378 quod

951 2377 1011 2406 sine
1041 2377 1166 2414 peri—culo
1184 2377 1315 2407 nescitur.
1335 2388 1344 2404 ι
1371 2377 1553 2413 (Hieronym.)
1571 2387 1579 2414 ι
1594 2377 1741 2411 Quomodo

951 2414 1033 2441 Maria
1042 2413 1142 2441 sancta
1159 2422 1211 2441 una
1228 2423 1289 2441 cum
1302 2421 1386 2441 carne
1400 2421 1514 2448 regnum
1530 2413 1662 2441 ctelurum
1682 2421 1737 2440 non

951 2454 1063 2482 cernat,
1094 2457 1155 2483 quae
1180 2457 1271 2484 neque
1301 2449 1459 2482 lascivierit,
1488 2456 1578 2483 neque
1604 2448 1740 2484 fornicata

954 2485 1046 2517 luerit,
1076 2492 1165 2519 neque
1189 2484 1357 2511 adulterium
1387 2485 1568 2517 commiserit,
1588 2483 1634 2510 sed
1651 2491 1741 2518 neque

955 2519 1066 2553 aliquod
1083 2519 1224 2546 infandum
1240 2519 1335 2554 carnis
1351 2527 1420 2554 opus
1441 2519 1608 2554 patraverit,
1626 2518 1673 2545 sed
1687 2519 1742 2554 int-

956 2554 1059 2594 pultuta
1076 2553 1276 2590 permanserit?
1292 2563 1302 2580 ι
1314 2553 1508 2590 (Epiphanius,
1523 2554 1654 2582 Adversus
1665 2553 1742 2581 Mur-

957 2591 1040 2624 dou.)
