  <div class='ocr_page' id='page_1' title='image "/cluster/home/n/w/nwhite01/storage/ocr_20150623/145/njp.32101077773149/524.png"; bbox 0 0 1879 3061; ppageno 0'>
   <div class='ocr_carea' id='block_1_1' title="bbox 114 77 159 109">
    <p class='ocr_par' dir='ltr' id='par_1_1' title="bbox 114 77 159 109">
     <span class='ocr_line' id='line_1_1' title="bbox 114 77 159 109; baseline -0.044 0"><span class='ocrx_word' id='word_1_1' title='bbox 114 77 159 109; x_wconf 71' lang='grc' dir='ltr'><strong>8ί3</strong></span> 
     </span>
    </p>
   </div>
   <div class='ocr_carea' id='block_1_2' title="bbox 575 75 1256 107">
    <p class='ocr_par' dir='ltr' id='par_1_2' title="bbox 575 75 1256 107">
     <span class='ocr_line' id='line_1_2' title="bbox 575 75 1256 107; baseline -0.001 -2"><span class='ocrx_word' id='word_1_2' title='bbox 575 75 877 106; x_wconf 59' lang='lat' dir='ltr'><strong>ECCLESIASTlClE</strong></span> <span class='ocrx_word' id='word_1_3' title='bbox 898 75 1093 107; x_wconf 63' lang='lat' dir='ltr'><strong>HlSTQlllE</strong></span> <span class='ocrx_word' id='word_1_4' title='bbox 1116 76 1187 106; x_wconf 77' lang='lat' dir='ltr'><strong>LIB.</strong></span> <span class='ocrx_word' id='word_1_5' title='bbox 1216 75 1256 105; x_wconf 83' lang='lat' dir='ltr'><strong>ll.</strong></span> 
     </span>
    </p>
   </div>
   <div class='ocr_carea' id='block_1_3' title="bbox 1671 77 1723 107">
    <p class='ocr_par' dir='ltr' id='par_1_3' title="bbox 1671 77 1723 107">
     <span class='ocr_line' id='line_1_3' title="bbox 1671 77 1723 107; baseline -0.019 0"><span class='ocrx_word' id='word_1_6' title='bbox 1671 77 1723 107; x_wconf 72' lang='lat' dir='ltr'><strong>8H</strong></span> 
     </span>
    </p>
   </div>
   <div class='ocr_carea' id='block_1_4' title="bbox 115 131 857 168">
    <p class='ocr_par' dir='ltr' id='par_1_4' title="bbox 115 131 857 168">
     <span class='ocr_line' id='line_1_4' title="bbox 115 131 857 168; baseline 0 -9"><span class='ocrx_word' id='word_1_7' title='bbox 115 133 196 167; x_wconf 74' lang='grc' dir='ltr'>κύκὶῳ</span> <span class='ocrx_word' id='word_1_8' title='bbox 209 132 255 166; x_wconf 86' lang='grc' dir='ltr'>τὴν</span> <span class='ocrx_word' id='word_1_9' title='bbox 280 131 375 166; x_wconf 84' lang='grc' dir='ltr'>κλίνην</span> <span class='ocrx_word' id='word_1_10' title='bbox 397 131 578 166; x_wconf 69' lang='grc' dir='ltr'><strong>διειληφότες,</strong></span> <span class='ocrx_word' id='word_1_11' title='bbox 592 132 716 164; x_wconf 77' lang='grc' dir='ltr'>εὐλαὸῶς</span> <span class='ocrx_word' id='word_1_12' title='bbox 741 141 857 168; x_wconf 86' lang='grc' dir='ltr'>κατησπ‹</span> 
     </span>
    </p>
   </div>
   <div class='ocr_carea' id='block_1_5' title="bbox 979 131 1721 168">
    <p class='ocr_par' dir='ltr' id='par_1_5' title="bbox 982 133 1721 167">
     <span class='ocr_line' id='line_1_5' title="bbox 982 133 1721 167; baseline 0.001 -8"><span class='ocrx_word' id='word_1_13' title='bbox 982 133 1121 160; x_wconf 85' lang='lat' dir='ltr'><strong>minerun.</strong></span> <span class='ocrx_word' id='word_1_14' title='bbox 1140 140 1181 158; x_wconf 89' lang='lat' dir='ltr'><strong>me</strong></span> <span class='ocrx_word' id='word_1_15' title='bbox 1198 133 1298 159; x_wconf 81' lang='lat' dir='ltr'><strong>multos</strong></span> <span class='ocrx_word' id='word_1_16' title='bbox 1314 133 1430 167; x_wconf 81' lang='lat' dir='ltr'><strong>hymnos</strong></span> <span class='ocrx_word' id='word_1_17' title='bbox 1443 138 1470 160; x_wconf 85' lang='lat' dir='ltr'><strong>et</strong></span> <span class='ocrx_word' id='word_1_18' title='bbox 1487 138 1578 167; x_wconf 84' lang='lat' dir='ltr'><strong>partes</strong></span> <span class='ocrx_word' id='word_1_19' title='bbox 1590 135 1721 167; x_wconf 78' lang='lat' dir='ltr'><strong>quasdam</strong></span> 
     </span>
    </p>
   </div>
   <div class='ocr_carea' id='block_1_6' title="bbox 114 177 884 214">
    <p class='ocr_par' dir='ltr' id='par_1_6' title="bbox 114 177 884 214">
     <span class='ocr_line' id='line_1_6' title="bbox 114 177 884 214; baseline 0.003 -10"><span class='ocrx_word' id='word_1_20' title='bbox 114 179 198 210; x_wconf 76' lang='grc' dir='ltr'>ζοντο’</span> <span class='ocrx_word' id='word_1_21' title='bbox 224 178 368 212; x_wconf 69' lang='grc' dir='ltr'>θαυμάτων</span> <span class='ocrx_word' id='word_1_22' title='bbox 385 177 413 204; x_wconf 69' lang='grc' dir='ltr'><strong>δὲ</strong></span> <span class='ocrx_word' id='word_1_23' title='bbox 431 177 510 212; x_wconf 85' lang='grc' dir='ltr'>χύσις</span> <span class='ocrx_word' id='word_1_24' title='bbox 537 177 625 213; x_wconf 56' lang='lat' dir='ltr'><strong>Epp“.</strong></span> <span class='ocrx_word' id='word_1_25' title='bbox 651 178 753 212; x_wconf 68' lang='grc' dir='ltr'>’τυφλοὶ</span> <span class='ocrx_word' id='word_1_26' title='bbox 778 179 884 214; x_wconf 79' lang='grc' dir='ltr'><strong>ὄμμασι</strong></span> 
     </span>
    </p>
   </div>
   <div class='ocr_carea' id='block_1_7' title="bbox 115 223 883 260">
    <p class='ocr_par' dir='ltr' id='par_1_7' title="bbox 115 223 883 260">
     <span class='ocr_line' id='line_1_7' title="bbox 115 223 883 260; baseline 0 -10"><span class='ocrx_word' id='word_1_27' title='bbox 115 223 262 259; x_wconf 73' lang='grc' dir='ltr'><strong>παραδόξοις</strong></span> <span class='ocrx_word' id='word_1_28' title='bbox 283 223 376 258; x_wconf 78' lang='grc' dir='ltr'>ἐώρων</span> <span class='ocrx_word' id='word_1_29' title='bbox 398 223 445 250; x_wconf 74' lang='grc' dir='ltr'><strong>τὸν</strong></span> <span class='ocrx_word' id='word_1_30' title='bbox 469 223 547 253; x_wconf 72' lang='grc' dir='ltr'>ἥλιον</span> <span class='ocrx_word' id='word_1_31' title='bbox 560 230 567 238; x_wconf 95' lang='grc'><strong>·</strong></span> <span class='ocrx_word' id='word_1_32' title='bbox 586 225 689 258; x_wconf 78' lang='grc' dir='ltr'><strong>κωφοῖς</strong></span> <span class='ocrx_word' id='word_1_33' title='bbox 703 225 720 260; x_wconf 81' lang='grc' dir='ltr'>ἡ</span> <span class='ocrx_word' id='word_1_34' title='bbox 733 225 883 259; x_wconf 81' lang='grc' dir='ltr'>άκουστικὴ</span> 
     </span>
    </p>
   </div>
   <div class='ocr_carea' id='block_1_8' title="bbox 112 269 881 305">
    <p class='ocr_par' dir='ltr' id='par_1_8' title="bbox 112 269 881 305">
     <span class='ocr_line' id='line_1_8' title="bbox 112 269 881 305; baseline 0 -9"><span class='ocrx_word' id='word_1_35' title='bbox 112 269 213 303; x_wconf 73' lang='grc' dir='ltr'>δύναμις</span> <span class='ocrx_word' id='word_1_36' title='bbox 226 269 384 304; x_wconf 70' lang='grc' dir='ltr'>ἐπορίζετο·</span> <span class='ocrx_word' id='word_1_37' title='bbox 404 269 486 304; x_wconf 76' lang='grc' dir='ltr'>χωλοὶ</span> <span class='ocrx_word' id='word_1_38' title='bbox 512 269 561 301; x_wconf 77' lang='grc' dir='ltr'>τὰς</span> <span class='ocrx_word' id='word_1_39' title='bbox 588 270 683 305; x_wconf 82' lang='grc' dir='ltr'><strong>βάσεις</strong></span> <span class='ocrx_word' id='word_1_40' title='bbox 711 270 861 305; x_wconf 69' lang='grc' dir='ltr'>ἠδράζοντο</span> <span class='ocrx_word' id='word_1_41' title='bbox 875 278 881 284; x_wconf 75' lang='grc'><strong><em>⁸</em></strong></span> 
     </span>
    </p>
   </div>
   <div class='ocr_carea' id='block_1_9' title="bbox 112 315 883 351">
    <p class='ocr_par' dir='ltr' id='par_1_9' title="bbox 112 315 883 351">
     <span class='ocr_line' id='line_1_9' title="bbox 112 315 883 351; baseline 0.001 -9"><span class='ocrx_word' id='word_1_42' title='bbox 112 317 152 343; x_wconf 77' lang='grc' dir='ltr'><strong>καί</strong></span> <span class='ocrx_word' id='word_1_43' title='bbox 167 316 195 342; x_wconf 77' lang='grc' dir='ltr'>τὸ</span> <span class='ocrx_word' id='word_1_44' title='bbox 211 315 268 342; x_wconf 83' lang='grc' dir='ltr'>ὅλον</span> <span class='ocrx_word' id='word_1_45' title='bbox 283 316 379 348; x_wconf 78' lang='grc' dir='ltr'>εἰπεῖν,</span> <span class='ocrx_word' id='word_1_46' title='bbox 394 315 505 349; x_wconf 83' lang='grc' dir='ltr'><strong>σύμπαν</strong></span> <span class='ocrx_word' id='word_1_47' title='bbox 523 316 628 350; x_wconf 71' lang='grc' dir='ltr'>νόσημα</span> <span class='ocrx_word' id='word_1_48' title='bbox 657 318 691 351; x_wconf 78' lang='grc' dir='ltr'>τῇ</span> <span class='ocrx_word' id='word_1_49' title='bbox 720 316 787 348; x_wconf 74' lang='grc' dir='ltr'><strong>θίξει</strong></span> <span class='ocrx_word' id='word_1_50' title='bbox 804 317 883 351; x_wconf 83' lang='grc' dir='ltr'>μόνον</span> 
     </span>
    </p>
   </div>
   <div class='ocr_carea' id='block_1_10' title="bbox 112 360 883 398">
    <p class='ocr_par' dir='ltr' id='par_1_10' title="bbox 112 360 883 398">
     <span class='ocr_line' id='line_1_10' title="bbox 112 360 883 398; baseline 0 -9"><span class='ocrx_word' id='word_1_51' title='bbox 112 360 236 397; x_wconf 80' lang='grc' dir='ltr'><strong>ὑπεχώρει</strong></span> <span class='ocrx_word' id='word_1_52' title='bbox 261 361 359 396; x_wconf 83' lang='grc' dir='ltr'>ἀθρόον</span> <span class='ocrx_word' id='word_1_53' title='bbox 387 362 435 388; x_wconf 79' lang='grc' dir='ltr'>καὶ</span> <span class='ocrx_word' id='word_1_54' title='bbox 462 362 593 389; x_wconf 79' lang='grc' dir='ltr'>διελύετο.</span> <span class='ocrx_word' id='word_1_55' title='bbox 608 362 716 389; x_wconf 75' lang='grc' dir='ltr'>Ἔπειθ’</span> <span class='ocrx_word' id='word_1_56' title='bbox 731 363 784 389; x_wconf 72' lang='grc' dir='ltr'>ὑπὸ</span> <span class='ocrx_word' id='word_1_57' title='bbox 815 363 883 398; x_wconf 76' lang='grc' dir='ltr'>λαμ.-</span> 
     </span>
    </p>
   </div>
   <div class='ocr_carea' id='block_1_11' title="bbox 111 406 882 443">
    <p class='ocr_par' dir='ltr' id='par_1_11' title="bbox 111 406 882 443">
     <span class='ocr_line' id='line_1_11' title="bbox 111 406 882 443; baseline 0.003 -10"><span class='ocrx_word' id='word_1_58' title='bbox 111 408 171 434; x_wconf 75' lang='grc' dir='ltr'>πάσι</span> <span class='ocrx_word' id='word_1_59' title='bbox 184 407 229 434; x_wconf 81' lang='grc' dir='ltr'><strong>καί</strong></span> <span class='ocrx_word' id='word_1_60' title='bbox 246 406 340 442; x_wconf 82' lang='grc' dir='ltr'><strong>μύρων</strong></span> <span class='ocrx_word' id='word_1_61' title='bbox 357 406 478 439; x_wconf 71' lang='grc' dir='ltr'>ἄνθεσιν,</span> <span class='ocrx_word' id='word_1_62' title='bbox 490 407 615 442; x_wconf 84' lang='grc' dir='ltr'>ἀγγέλων</span> <span class='ocrx_word' id='word_1_63' title='bbox 631 408 682 442; x_wconf 82' lang='grc' dir='ltr'>μὲν</span> <span class='ocrx_word' id='word_1_64' title='bbox 698 408 802 435; x_wconf 81' lang='grc' dir='ltr'>ἄνωθεν</span> <span class='ocrx_word' id='word_1_65' title='bbox 815 417 882 443; x_wconf 84' lang='grc' dir='ltr'>προ-</span> 
     </span>
    </p>
   </div>
   <div class='ocr_carea' id='block_1_12' title="bbox 111 453 883 489">
    <p class='ocr_par' dir='ltr' id='par_1_12' title="bbox 111 453 883 489">
     <span class='ocr_line' id='line_1_12' title="bbox 111 453 883 489; baseline 0.003 -10"><span class='ocrx_word' id='word_1_66' title='bbox 111 453 223 487; x_wconf 82' lang='grc' dir='ltr'><strong>θεόντων,</strong></span> <span class='ocrx_word' id='word_1_67' title='bbox 247 453 480 488; x_wconf 84' lang='grc' dir='ltr'>περιῖπταμένων,</span> <span class='ocrx_word' id='word_1_68' title='bbox 492 454 682 489; x_wconf 71' lang='grc' dir='ltr'>ἐφεπομένων,</span> <span class='ocrx_word' id='word_1_69' title='bbox 694 455 775 481; x_wconf 79' lang='grc' dir='ltr'>θείων</span> <span class='ocrx_word' id='word_1_70' title='bbox 787 454 815 481; x_wconf 80' lang='grc' dir='ltr'>δὲ</span> <span class='ocrx_word' id='word_1_71' title='bbox 829 455 883 481; x_wconf 89' lang='grc' dir='ltr'><strong>Πα-</strong></span> 
     </span>
    </p>
   </div>
   <div class='ocr_carea' id='block_1_13' title="bbox 110 498 882 535">
    <p class='ocr_par' dir='ltr' id='par_1_13' title="bbox 110 498 882 535">
     <span class='ocr_line' id='line_1_13' title="bbox 110 498 882 535; baseline 0.001 -10"><span class='ocrx_word' id='word_1_72' title='bbox 110 499 185 533; x_wconf 77' lang='grc' dir='ltr'>τέρων</span> <span class='ocrx_word' id='word_1_73' title='bbox 201 499 245 525; x_wconf 79' lang='grc' dir='ltr'><strong>καί</strong></span> <span class='ocrx_word' id='word_1_74' title='bbox 259 498 419 525; x_wconf 75' lang='grc' dir='ltr'><strong>ἀποστόλων</strong></span> <span class='ocrx_word' id='word_1_75' title='bbox 433 498 507 534; x_wconf 77' lang='grc' dir='ltr'><strong>ᾠδάς</strong></span> <span class='ocrx_word' id='word_1_76' title='bbox 522 507 602 530; x_wconf 82' lang='grc' dir='ltr'>τινας</span> <span class='ocrx_word' id='word_1_77' title='bbox 616 499 740 532; x_wconf 72' lang='grc' dir='ltr'>ἐξαισίας</span> <span class='ocrx_word' id='word_1_78' title='bbox 753 500 882 535; x_wconf 80' lang='grc' dir='ltr'>ᾀδόντων,</span> 
     </span>
    </p>
   </div>
   <div class='ocr_carea' id='block_1_14' title="bbox 111 544 882 580">
    <p class='ocr_par' dir='ltr' id='par_1_14' title="bbox 111 544 882 580">
     <span class='ocr_line' id='line_1_14' title="bbox 111 544 882 580; baseline 0 -10"><span class='ocrx_word' id='word_1_79' title='bbox 111 545 124 578; x_wconf 87' lang='grc' dir='ltr'><strong>ἡ</strong></span> <span class='ocrx_word' id='word_1_80' title='bbox 136 544 210 579; x_wconf 84' lang='grc' dir='ltr'>νοητὴ</span> <span class='ocrx_word' id='word_1_81' title='bbox 224 544 340 576; x_wconf 71' lang='grc' dir='ltr'>κιϐωτὸς</span> <span class='ocrx_word' id='word_1_82' title='bbox 355 545 387 570; x_wconf 75' lang='grc' dir='ltr'>ὲκ</span> <span class='ocrx_word' id='word_1_83' title='bbox 400 544 468 571; x_wconf 87' lang='grc' dir='ltr'>Σιὼν</span> <span class='ocrx_word' id='word_1_84' title='bbox 481 544 548 580; x_wconf 71' lang='grc' dir='ltr'>πρὸς</span> <span class='ocrx_word' id='word_1_85' title='bbox 565 544 729 579; x_wconf 85' lang='grc' dir='ltr'>Γεθσημανὴ</span> <span class='ocrx_word' id='word_1_86' title='bbox 744 545 802 574; x_wconf 67' lang='grc' dir='ltr'>ταῖς</span> <span class='ocrx_word' id='word_1_87' title='bbox 813 545 882 571; x_wconf 82' lang='grc' dir='ltr'>ἁπο-</span> 
     </span>
    </p>
   </div>
   <div class='ocr_carea' id='block_1_15' title="bbox 111 589 882 626">
    <p class='ocr_par' dir='ltr' id='par_1_15' title="bbox 111 589 882 626">
     <span class='ocr_line' id='line_1_15' title="bbox 111 589 882 626; baseline 0 -10"><span class='ocrx_word' id='word_1_88' title='bbox 111 590 237 622; x_wconf 83' lang='grc' dir='ltr'>στολικαῖς</span> <span class='ocrx_word' id='word_1_89' title='bbox 250 590 423 626; x_wconf 77' lang='grc' dir='ltr'>ἐποχουμένη</span> <span class='ocrx_word' id='word_1_90' title='bbox 440 591 534 626; x_wconf 72' lang='grc' dir='ltr'>χερσὶν</span> <span class='ocrx_word' id='word_1_91' title='bbox 546 589 701 625; x_wconf 75' lang='grc' dir='ltr'>ἐκομίζετο.</span> <span class='ocrx_word' id='word_1_92' title='bbox 718 590 757 625; x_wconf 82' lang='grc' dir='ltr'><strong>Τῇ</strong></span> <span class='ocrx_word' id='word_1_93' title='bbox 773 590 801 616; x_wconf 83' lang='grc' dir='ltr'>δὲ</span> <span class='ocrx_word' id='word_1_94' title='bbox 816 598 882 624; x_wconf 80' lang='grc' dir='ltr'>χαρ-</span> 
     </span>
    </p>
   </div>
   <div class='ocr_carea' id='block_1_16' title="bbox 111 636 883 672">
    <p class='ocr_par' dir='ltr' id='par_1_16' title="bbox 111 636 883 672">
     <span class='ocr_line' id='line_1_16' title="bbox 111 636 883 672; baseline -0.001 -10"><span class='ocrx_word' id='word_1_95' title='bbox 111 637 170 672; x_wconf 79' lang='grc' dir='ltr'><strong>μονῇ</strong></span> <span class='ocrx_word' id='word_1_96' title='bbox 190 637 273 672; x_wconf 83' lang='grc' dir='ltr'>ταύτῃ</span> <span class='ocrx_word' id='word_1_97' title='bbox 292 637 340 663; x_wconf 75' lang='grc' dir='ltr'><strong>καί</strong></span> <span class='ocrx_word' id='word_1_98' title='bbox 357 645 384 663; x_wconf 80' lang='grc' dir='ltr'>τι</span> <span class='ocrx_word' id='word_1_99' title='bbox 408 636 527 672; x_wconf 83' lang='grc' dir='ltr'>χαλεπὸν</span> <span class='ocrx_word' id='word_1_100' title='bbox 555 636 711 669; x_wconf 73' lang='grc' dir='ltr'>ἐπιγίνεται</span> <span class='ocrx_word' id='word_1_101' title='bbox 728 636 813 671; x_wconf 80' lang='grc' dir='ltr'><strong>λήθης</strong></span> <span class='ocrx_word' id='word_1_102' title='bbox 838 636 883 661; x_wconf 83' lang='grc' dir='ltr'><strong>οὺ-</strong></span> 
     </span>
    </p>
   </div>
   <div class='ocr_carea' id='block_1_17' title="bbox 109 681 881 717">
    <p class='ocr_par' dir='ltr' id='par_1_17' title="bbox 109 681 881 717">
     <span class='ocr_line' id='line_1_17' title="bbox 109 681 881 717; baseline -0.001 -9"><span class='ocrx_word' id='word_1_103' title='bbox 109 681 191 714; x_wconf 77' lang='grc' dir='ltr'>δαμῶς</span> <span class='ocrx_word' id='word_1_104' title='bbox 208 682 294 714; x_wconf 74' lang='grc' dir='ltr'>ἄξιον.</span> <span class='ocrx_word' id='word_1_105' title='bbox 311 681 363 708; x_wconf 88' lang='grc' dir='ltr'>Τοῦ</span> <span class='ocrx_word' id='word_1_106' title='bbox 389 683 445 716; x_wconf 78' lang='grc' dir='ltr'>γὰρ</span> <span class='ocrx_word' id='word_1_107' title='bbox 464 681 538 708; x_wconf 79' lang='grc' dir='ltr'>θείου</span> <span class='ocrx_word' id='word_1_108' title='bbox 555 681 683 717; x_wconf 82' lang='grc' dir='ltr'>σκήνους,</span> <span class='ocrx_word' id='word_1_109' title='bbox 699 681 737 713; x_wconf 84' lang='grc' dir='ltr'>ὡς</span> <span class='ocrx_word' id='word_1_110' title='bbox 761 681 881 716; x_wconf 71' lang='grc' dir='ltr'>εἴρηται,</span> 
     </span>
    </p>
   </div>
   <div class='ocr_carea' id='block_1_18' title="bbox 110 726 883 763">
    <p class='ocr_par' dir='ltr' id='par_1_18' title="bbox 110 726 883 763">
     <span class='ocr_line' id='line_1_18' title="bbox 110 726 883 763; baseline 0 -10"><span class='ocrx_word' id='word_1_111' title='bbox 110 727 170 761; x_wconf 80' lang='grc' dir='ltr'>πρὸς</span> <span class='ocrx_word' id='word_1_112' title='bbox 182 727 346 763; x_wconf 78' lang='grc' dir='ltr'>Γεθσημανὴ</span> <span class='ocrx_word' id='word_1_113' title='bbox 366 726 633 762; x_wconf 74' lang='grc' dir='ltr'>μετακομιζομένου,</span> <span class='ocrx_word' id='word_1_114' title='bbox 644 727 713 754; x_wconf 82' lang='grc' dir='ltr'>ὅπου</span> <span class='ocrx_word' id='word_1_115' title='bbox 728 727 760 761; x_wconf 82' lang='grc' dir='ltr'><strong>δὴ</strong></span> <span class='ocrx_word' id='word_1_116' title='bbox 777 727 824 754; x_wconf 77' lang='grc' dir='ltr'>καὶ</span> <span class='ocrx_word' id='word_1_117' title='bbox 836 735 883 753; x_wconf 87' lang='grc' dir='ltr'>τα-</span> 
     </span>
    </p>
   </div>
   <div class='ocr_carea' id='block_1_19' title="bbox 109 772 881 809">
    <p class='ocr_par' dir='ltr' id='par_1_19' title="bbox 109 772 881 809">
     <span class='ocr_line' id='line_1_19' title="bbox 109 772 881 809; baseline -0.001 -9"><span class='ocrx_word' id='word_1_118' title='bbox 109 772 156 808; x_wconf 73' lang='grc' dir='ltr'>φῆς</span> <span class='ocrx_word' id='word_1_119' title='bbox 169 774 299 809; x_wconf 74' lang='grc' dir='ltr'><strong>ἠξιῶσθαι</strong></span> <span class='ocrx_word' id='word_1_120' title='bbox 313 774 331 808; x_wconf 83' lang='grc' dir='ltr'>ἡ</span> <span class='ocrx_word' id='word_1_121' title='bbox 349 773 500 809; x_wconf 82' lang='grc' dir='ltr'>Θεομήτωρ</span> <span class='ocrx_word' id='word_1_122' title='bbox 517 773 705 807; x_wconf 72' lang='grc' dir='ltr'><strong>ἐπέσκηπτεν,</strong></span> <span class='ocrx_word' id='word_1_123' title='bbox 716 773 741 799; x_wconf 77' lang='grc' dir='ltr'>οι</span> <span class='ocrx_word' id='word_1_124' title='bbox 761 773 881 800; x_wconf 83' lang='grc' dir='ltr'>Ἰουδαῖοι</span> 
     </span>
    </p>
   </div>
   <div class='ocr_carea' id='block_1_20' title="bbox 935 177 1723 211">
    <p class='ocr_par' dir='ltr' id='par_1_20' title="bbox 935 177 1723 211">
     <span class='ocr_line' id='line_1_20' title="bbox 935 177 1723 211; baseline -0.001 -6"><span class='ocrx_word' id='word_1_125' title='bbox 935 178 1069 205; x_wconf 86' lang='lat' dir='ltr'><strong>divinitus</strong></span> <span class='ocrx_word' id='word_1_126' title='bbox 1086 178 1279 211; x_wconf 80' lang='lat' dir='ltr'><strong>iuspiratarum</strong></span> <span class='ocrx_word' id='word_1_127' title='bbox 1302 177 1410 204; x_wconf 88' lang='lat' dir='ltr'><strong>illarum</strong></span> <span class='ocrx_word' id='word_1_128' title='bbox 1426 178 1549 207; x_wconf 84' lang='lat' dir='ltr'><strong>laudum.</strong></span> <span class='ocrx_word' id='word_1_129' title='bbox 1566 184 1591 206; x_wconf 84' lang='lat' dir='ltr'><strong>te</strong></span> <span class='ocrx_word' id='word_1_130' title='bbox 1608 187 1723 206; x_wconf 57' lang='lat' dir='ltr'><strong>canente</strong></span> 
     </span>
    </p>
   </div>
   <div class='ocr_carea' id='block_1_21' title="bbox 935 223 1723 259">
    <p class='ocr_par' dir='ltr' id='par_1_21' title="bbox 935 223 1723 259">
     <span class='ocr_line' id='line_1_21' title="bbox 935 223 1723 259; baseline 0.003 -10"><span class='ocrx_word' id='word_1_131' title='bbox 935 223 1047 250; x_wconf 82' lang='lat' dir='ltr'><strong>audire?</strong></span> <span class='ocrx_word' id='word_1_132' title='bbox 1066 233 1074 247; x_wconf 75' lang='grc' dir='ltr'>ι</span> <span class='ocrx_word' id='word_1_133' title='bbox 1090 223 1151 250; x_wconf 69' lang='grc' dir='ltr'><strong>Η.νο</strong></span> <span class='ocrx_word' id='word_1_134' title='bbox 1174 223 1331 258; x_wconf 73' lang='lat' dir='ltr'><strong>Dionysius.</strong></span> <span class='ocrx_word' id='word_1_135' title='bbox 1356 224 1479 258; x_wconf 84' lang='lat' dir='ltr'><strong>Apostoli</strong></span> <span class='ocrx_word' id='word_1_136' title='bbox 1503 229 1606 254; x_wconf 61' lang='lat' dir='ltr'><strong>autem.</strong></span> <span class='ocrx_word' id='word_1_137' title='bbox 1632 230 1659 251; x_wconf 87' lang='lat' dir='ltr'><strong>et</strong></span> <span class='ocrx_word' id='word_1_138' title='bbox 1677 226 1723 259; x_wconf 89' lang='lat' dir='ltr'><strong>qui</strong></span> 
     </span>
    </p>
   </div>
   <div class='ocr_carea' id='block_1_22' title="bbox 936 269 1724 304">
    <p class='ocr_par' dir='ltr' id='par_1_22' title="bbox 936 269 1724 304">
     <span class='ocr_line' id='line_1_22' title="bbox 936 269 1724 304; baseline 0.003 -9"><span class='ocrx_word' id='word_1_139' title='bbox 936 273 1068 302; x_wconf 63' lang='lat' dir='ltr'><strong>praeterea</strong></span> <span class='ocrx_word' id='word_1_140' title='bbox 1092 269 1127 295; x_wconf 74' lang='grc' dir='ltr'>ίίιί</span> <span class='ocrx_word' id='word_1_141' title='bbox 1146 269 1276 300; x_wconf 82' lang='lat' dir='ltr'><strong>aderant,</strong></span> <span class='ocrx_word' id='word_1_142' title='bbox 1300 270 1350 295; x_wconf 53' lang='lat' dir='ltr'><strong>\‘iri</strong></span> <span class='ocrx_word' id='word_1_143' title='bbox 1367 271 1483 304; x_wconf 78' lang='lat' dir='ltr'><strong>egregii,</strong></span> <span class='ocrx_word' id='word_1_144' title='bbox 1499 271 1600 297; x_wconf 70' lang='lat' dir='ltr'><strong>lectum</strong></span> <span class='ocrx_word' id='word_1_145' title='bbox 1625 279 1724 298; x_wconf 74' lang='lat' dir='ltr'><strong>romna</strong></span> 
     </span>
    </p>
   </div>
   <div class='ocr_carea' id='block_1_23' title="bbox 935 315 1723 344">
    <p class='ocr_par' dir='ltr' id='par_1_23' title="bbox 935 315 1723 344">
     <span class='ocr_line' id='line_1_23' title="bbox 935 315 1723 344; baseline 0.004 -4"><span class='ocrx_word' id='word_1_146' title='bbox 935 315 1157 344; x_wconf 81' lang='lat' dir='ltr'><strong>circumdantcs,</strong></span> <span class='ocrx_word' id='word_1_147' title='bbox 1187 320 1347 342; x_wconf 85' lang='lat' dir='ltr'><strong>reverenter</strong></span> <span class='ocrx_word' id='word_1_148' title='bbox 1374 316 1449 342; x_wconf 90' lang='lat' dir='ltr'><strong>illum</strong></span> <span class='ocrx_word' id='word_1_149' title='bbox 1479 318 1723 344; x_wconf 81' lang='lat' dir='ltr'><strong>exosculabaulur.</strong></span> 
     </span>
    </p>
   </div>
   <div class='ocr_carea' id='block_1_24' title="bbox 935 359 1723 395">
    <p class='ocr_par' dir='ltr' id='par_1_24' title="bbox 935 359 1723 395">
     <span class='ocr_line' id='line_1_24' title="bbox 935 359 1723 395; baseline 0.006 -11"><span class='ocrx_word' id='word_1_150' title='bbox 935 359 974 384; x_wconf 86' lang='lat' dir='ltr'><strong>Ad</strong></span> <span class='ocrx_word' id='word_1_151' title='bbox 990 366 1071 393; x_wconf 85' lang='lat' dir='ltr'><strong>quem</strong></span> <span class='ocrx_word' id='word_1_152' title='bbox 1089 359 1190 386; x_wconf 75' lang='lat' dir='ltr'><strong>deinde</strong></span> <span class='ocrx_word' id='word_1_153' title='bbox 1205 368 1286 394; x_wconf 81' lang='lat' dir='ltr'><strong>quam</strong></span> <span class='ocrx_word' id='word_1_154' title='bbox 1308 361 1425 395; x_wconf 84' lang='lat' dir='ltr'><strong>plurima</strong></span> <span class='ocrx_word' id='word_1_155' title='bbox 1447 361 1550 388; x_wconf 84' lang='lat' dir='ltr'><strong>fiebant</strong></span> <span class='ocrx_word' id='word_1_156' title='bbox 1571 363 1702 389; x_wconf 79' lang='lat' dir='ltr'><strong>miracula</strong></span> <span class='ocrx_word' id='word_1_157' title='bbox 1718 373 1723 389; x_wconf 94' lang='lat'><strong><em>:</em></strong></span> 
     </span>
    </p>
   </div>
   <div class='ocr_carea' id='block_1_25' title="bbox 937 405 1723 443">
    <p class='ocr_par' dir='ltr' id='par_1_25' title="bbox 937 405 1723 443">
     <span class='ocr_line' id='line_1_25' title="bbox 937 405 1723 443; baseline 0.006 -12"><span class='ocrx_word' id='word_1_158' title='bbox 937 405 1017 440; x_wconf 78' lang='lat'><strong>170</strong></span> <span class='ocrx_word' id='word_1_159' title='bbox 1045 406 1110 432; x_wconf 59' lang='lat' dir='ltr'><strong>ca&#39;ci</strong></span> <span class='ocrx_word' id='word_1_160' title='bbox 1142 414 1279 441; x_wconf 83' lang='lat' dir='ltr'><strong>namque,</strong></span> <span class='ocrx_word' id='word_1_161' title='bbox 1308 412 1408 440; x_wconf 61' lang='lat' dir='ltr'><strong>prteler</strong></span> <span class='ocrx_word' id='word_1_162' title='bbox 1435 416 1510 442; x_wconf 83' lang='lat' dir='ltr'><strong>spem</strong></span> <span class='ocrx_word' id='word_1_163' title='bbox 1540 410 1723 443; x_wconf 75' lang='lat' dir='ltr'><strong>exspectatio-</strong></span> 
     </span>
    </p>
   </div>
   <div class='ocr_carea' id='block_1_26' title="bbox 934 452 1725 486">
    <p class='ocr_par' dir='ltr' id='par_1_26' title="bbox 934 452 1725 486">
     <span class='ocr_line' id='line_1_26' title="bbox 934 452 1725 486; baseline 0.004 -9"><span class='ocrx_word' id='word_1_164' title='bbox 934 459 1053 486; x_wconf 84' lang='lat' dir='ltr'><strong>nemque</strong></span> <span class='ocrx_word' id='word_1_165' title='bbox 1079 459 1208 482; x_wconf 86' lang='lat' dir='ltr'><strong>omnem,</strong></span> <span class='ocrx_word' id='word_1_166' title='bbox 1240 452 1328 479; x_wconf 84' lang='lat' dir='ltr'><strong>oculis</strong></span> <span class='ocrx_word' id='word_1_167' title='bbox 1355 453 1414 480; x_wconf 88' lang='lat' dir='ltr'><strong>suis</strong></span> <span class='ocrx_word' id='word_1_168' title='bbox 1444 453 1529 480; x_wconf 86' lang='lat' dir='ltr'><strong>solem</strong></span> <span class='ocrx_word' id='word_1_169' title='bbox 1562 455 1725 485; x_wconf 81' lang='lat' dir='ltr'><strong>cernebant,</strong></span> 
     </span>
    </p>
   </div>
   <div class='ocr_carea' id='block_1_27' title="bbox 934 497 1724 534">
    <p class='ocr_par' dir='ltr' id='par_1_27' title="bbox 934 497 1724 534">
     <span class='ocr_line' id='line_1_27' title="bbox 934 497 1724 534; baseline 0.005 -11"><span class='ocrx_word' id='word_1_170' title='bbox 934 497 1027 523; x_wconf 82' lang='lat' dir='ltr'><strong>surdis</strong></span> <span class='ocrx_word' id='word_1_171' title='bbox 1045 497 1158 524; x_wconf 88' lang='lat' dir='ltr'><strong>auditus</strong></span> <span class='ocrx_word' id='word_1_172' title='bbox 1180 505 1247 524; x_wconf 86' lang='lat' dir='ltr'><strong>suus</strong></span> <span class='ocrx_word' id='word_1_173' title='bbox 1265 498 1393 531; x_wconf 75' lang='lat' dir='ltr'><strong>dabatur,</strong></span> <span class='ocrx_word' id='word_1_174' title='bbox 1411 499 1501 526; x_wconf 93' lang='lat' dir='ltr'><strong>claudi</strong></span> <span class='ocrx_word' id='word_1_175' title='bbox 1523 507 1636 534; x_wconf 74' lang='lat' dir='ltr'><strong>gressus</strong></span> <span class='ocrx_word' id='word_1_176' title='bbox 1654 501 1724 527; x_wconf 83' lang='lat' dir='ltr'><strong>reci-</strong></span> 
     </span>
    </p>
   </div>
   <div class='ocr_carea' id='block_1_28' title="bbox 934 543 1726 580">
    <p class='ocr_par' dir='ltr' id='par_1_28' title="bbox 934 543 1726 580">
     <span class='ocr_line' id='line_1_28' title="bbox 934 543 1726 580; baseline 0.005 -11"><span class='ocrx_word' id='word_1_177' title='bbox 934 543 1067 576; x_wconf 85' lang='lat' dir='ltr'><strong>piebant:</strong></span> <span class='ocrx_word' id='word_1_178' title='bbox 1089 547 1117 570; x_wconf 84' lang='lat' dir='ltr'><strong>et</strong></span> <span class='ocrx_word' id='word_1_179' title='bbox 1141 548 1170 570; x_wconf 92' lang='lat' dir='ltr'><strong>ut</strong></span> <span class='ocrx_word' id='word_1_180' title='bbox 1189 543 1274 570; x_wconf 83' lang='lat' dir='ltr'><strong>semel</strong></span> <span class='ocrx_word' id='word_1_181' title='bbox 1297 544 1406 576; x_wconf 86' lang='lat' dir='ltr'><strong>dicam,</strong></span> <span class='ocrx_word' id='word_1_182' title='bbox 1428 553 1510 572; x_wconf 82' lang='lat' dir='ltr'><strong>omne</strong></span> <span class='ocrx_word' id='word_1_183' title='bbox 1526 546 1615 573; x_wconf 82' lang='lat' dir='ltr'><strong>morbi</strong></span> <span class='ocrx_word' id='word_1_184' title='bbox 1639 554 1726 580; x_wconf 75' lang='lat' dir='ltr'><strong>genus</strong></span> 
     </span>
    </p>
   </div>
   <div class='ocr_carea' id='block_1_29' title="bbox 934 589 1724 626">
    <p class='ocr_par' dir='ltr' id='par_1_29' title="bbox 934 589 1724 626">
     <span class='ocr_line' id='line_1_29' title="bbox 934 589 1724 626; baseline 0.006 -11"><span class='ocrx_word' id='word_1_185' title='bbox 934 593 1038 616; x_wconf 87' lang='lat' dir='ltr'><strong>attactu</strong></span> <span class='ocrx_word' id='word_1_186' title='bbox 1052 589 1112 617; x_wconf 88' lang='lat' dir='ltr'><strong>solo</strong></span> <span class='ocrx_word' id='word_1_187' title='bbox 1125 597 1239 624; x_wconf 85' lang='lat' dir='ltr'><strong>prorsus</strong></span> <span class='ocrx_word' id='word_1_188' title='bbox 1249 590 1365 617; x_wconf 86' lang='lat' dir='ltr'><strong>cedebat</strong></span> <span class='ocrx_word' id='word_1_189' title='bbox 1377 595 1404 618; x_wconf 89' lang='lat' dir='ltr'><strong>et</strong></span> <span class='ocrx_word' id='word_1_190' title='bbox 1419 592 1602 626; x_wconf 77' lang='lat' dir='ltr'><strong>profugiebat.</strong></span> <span class='ocrx_word' id='word_1_191' title='bbox 1620 593 1724 620; x_wconf 88' lang='lat' dir='ltr'><strong>Deinde</strong></span> 
     </span>
    </p>
   </div>
   <div class='ocr_carea' id='block_1_30' title="bbox 934 628 1725 674">
    <p class='ocr_par' dir='ltr' id='par_1_30' title="bbox 934 628 1725 674">
     <span class='ocr_line' id='line_1_30' title="bbox 934 628 1725 674; baseline 0.005 -12"><span class='ocrx_word' id='word_1_192' title='bbox 934 635 1024 662; x_wconf 85' lang='lat' dir='ltr'><strong>cereis</strong></span> <span class='ocrx_word' id='word_1_193' title='bbox 1037 635 1198 663; x_wconf 75' lang='lat' dir='ltr'><strong>ardentibus</strong></span> <span class='ocrx_word' id='word_1_194' title='bbox 1212 637 1345 671; x_wconf 56' lang='lat' dir='ltr'><strong>praelatis,</strong></span> <span class='ocrx_word' id='word_1_195' title='bbox 1358 628 1385 664; x_wconf 79' lang='grc' dir='ltr'>εί</span> <span class='ocrx_word' id='word_1_196' title='bbox 1396 639 1544 672; x_wconf 75' lang='lat' dir='ltr'><strong>unguentis</strong></span> <span class='ocrx_word' id='word_1_197' title='bbox 1554 639 1725 674; x_wconf 78' lang='lat' dir='ltr'><strong>nuribusque</strong></span> 
     </span>
    </p>
   </div>
   <div class='ocr_carea' id='block_1_31' title="bbox 933 680 1726 720">
    <p class='ocr_par' dir='ltr' id='par_1_31' title="bbox 933 680 1726 720">
     <span class='ocr_line' id='line_1_31' title="bbox 933 680 1726 720; baseline 0.009 -14"><span class='ocrx_word' id='word_1_198' title='bbox 933 680 1053 715; x_wconf 78' lang='lat' dir='ltr'><strong>sparsis,</strong></span> <span class='ocrx_word' id='word_1_199' title='bbox 1081 687 1164 716; x_wconf 88' lang='lat' dir='ltr'><strong>atque</strong></span> <span class='ocrx_word' id='word_1_200' title='bbox 1189 682 1295 716; x_wconf 81' lang='lat' dir='ltr'><strong>angelis</strong></span> <span class='ocrx_word' id='word_1_201' title='bbox 1318 683 1444 715; x_wconf 66' lang='lat' dir='ltr'><strong>coalitus,</strong></span> <span class='ocrx_word' id='word_1_202' title='bbox 1471 684 1603 712; x_wconf 85' lang='lat' dir='ltr'><strong>feretrum</strong></span> <span class='ocrx_word' id='word_1_203' title='bbox 1619 685 1658 720; x_wconf 90' lang='grc' dir='ltr'><strong>(Ι)</strong></span> <span class='ocrx_word' id='word_1_204' title='bbox 1682 686 1726 713; x_wconf 78' lang='lat' dir='ltr'><strong>\el</strong></span> 
     </span>
    </p>
   </div>
   <div class='ocr_carea' id='block_1_32' title="bbox 934 727 1726 766">
    <p class='ocr_par' dir='ltr' id='par_1_32' title="bbox 934 727 1726 766">
     <span class='ocr_line' id='line_1_32' title="bbox 934 727 1726 766; baseline 0.009 -14"><span class='ocrx_word' id='word_1_205' title='bbox 934 727 1133 761; x_wconf 74' lang='lat' dir='ltr'><strong>praeeuntibus,</strong></span> <span class='ocrx_word' id='word_1_206' title='bbox 1149 728 1193 755; x_wconf 86' lang='lat' dir='ltr'><strong>vel</strong></span> <span class='ocrx_word' id='word_1_207' title='bbox 1206 728 1384 763; x_wconf 71' lang='lat' dir='ltr'><strong>stipantibus,</strong></span> <span class='ocrx_word' id='word_1_208' title='bbox 1399 729 1441 757; x_wconf 86' lang='lat' dir='ltr'><strong>vel</strong></span> <span class='ocrx_word' id='word_1_209' title='bbox 1456 730 1537 757; x_wconf 84' lang='lat' dir='ltr'><strong>etiam</strong></span> <span class='ocrx_word' id='word_1_210' title='bbox 1553 739 1726 766; x_wconf 84' lang='lat' dir='ltr'><strong>consequen-</strong></span> 
     </span>
    </p>
   </div>
   <div class='ocr_carea' id='block_1_33' title="bbox 936 773 1718 812">
    <p class='ocr_par' dir='ltr' id='par_1_33' title="bbox 936 773 1718 812">
     <span class='ocr_line' id='line_1_33' title="bbox 936 773 1718 812; baseline 0.006 -13"><span class='ocrx_word' id='word_1_211' title='bbox 936 773 1019 802; x_wconf 86' lang='lat' dir='ltr'><strong>tibus.</strong></span> <span class='ocrx_word' id='word_1_212' title='bbox 1033 773 1135 800; x_wconf 79' lang='lat' dir='ltr'><strong>divinis</strong></span> <span class='ocrx_word' id='word_1_213' title='bbox 1146 773 1274 802; x_wconf 79' lang='lat' dir='ltr'><strong>Patribus</strong></span> <span class='ocrx_word' id='word_1_214' title='bbox 1285 779 1312 802; x_wconf 92' lang='lat' dir='ltr'><strong>et</strong></span> <span class='ocrx_word' id='word_1_215' title='bbox 1323 776 1454 808; x_wconf 81' lang='lat' dir='ltr'><strong>apostolis</strong></span> <span class='ocrx_word' id='word_1_216' title='bbox 1468 777 1580 804; x_wconf 89' lang='lat' dir='ltr'><strong>mirifica</strong></span> <span class='ocrx_word' id='word_1_217' title='bbox 1593 778 1718 812; x_wconf 63' lang='lat' dir='ltr'><strong>qumdam</strong></span> 
     </span>
    </p>
   </div>
   <div class='ocr_carea' id='block_1_34' title="bbox 108 816 850 859">
    <p class='ocr_par' dir='ltr' id='par_1_34' title="bbox 108 819 850 855">
     <span class='ocr_line' id='line_1_34' title="bbox 108 819 850 855; baseline -0.003 -8"><span class='ocrx_word' id='word_1_218' title='bbox 108 820 188 855; x_wconf 77' lang='grc' dir='ltr'>φθόνῳ</span> <span class='ocrx_word' id='word_1_219' title='bbox 207 820 393 852; x_wconf 78' lang='grc' dir='ltr'>διατακέντες,</span> <span class='ocrx_word' id='word_1_220' title='bbox 409 820 487 855; x_wconf 82' lang='grc' dir='ltr'>μύειν</span> <span class='ocrx_word' id='word_1_221' title='bbox 504 820 555 846; x_wconf 82' lang='grc' dir='ltr'>οὐκ</span> <span class='ocrx_word' id='word_1_222' title='bbox 572 819 743 854; x_wconf 80' lang='grc' dir='ltr'><strong>ἀνεχόμενοι,</strong></span> <span class='ocrx_word' id='word_1_223' title='bbox 765 819 796 846; x_wconf 80' lang='grc' dir='ltr'>τὸ</span> <span class='ocrx_word' id='word_1_224' title='bbox 813 821 850 846; x_wconf 76' lang='grc' dir='ltr'><strong>ἐν(</strong></span> 
     </span>
    </p>
   </div>
   <div class='ocr_carea' id='block_1_35' title="bbox 985 816 1727 859">
    <p class='ocr_par' dir='ltr' id='par_1_35' title="bbox 985 819 1727 859">
     <span class='ocr_line' id='line_1_35' title="bbox 985 819 1727 859; baseline 0.009 -15"><span class='ocrx_word' id='word_1_225' title='bbox 985 819 1058 845; x_wconf 89' lang='lat' dir='ltr'><strong>mina</strong></span> <span class='ocrx_word' id='word_1_226' title='bbox 1090 819 1324 853; x_wconf 75' lang='lat' dir='ltr'><strong>concinentibus,</strong></span> <span class='ocrx_word' id='word_1_227' title='bbox 1354 821 1549 850; x_wconf 74' lang='lat' dir='ltr'><strong>intellectualis</strong></span> <span class='ocrx_word' id='word_1_228' title='bbox 1573 823 1619 851; x_wconf 83' lang='lat' dir='ltr'><strong>illa</strong></span> <span class='ocrx_word' id='word_1_229' title='bbox 1645 829 1727 859; x_wconf 89' lang='lat' dir='ltr'><strong>atque</strong></span> 
     </span>
    </p>
   </div>
   <div class='ocr_carea' id='block_1_36' title="bbox 108 866 882 902">
    <p class='ocr_par' dir='ltr' id='par_1_36' title="bbox 108 866 882 902">
     <span class='ocr_line' id='line_1_36' title="bbox 108 866 882 902; baseline 0 -9"><span class='ocrx_word' id='word_1_230' title='bbox 108 866 214 902; x_wconf 77' lang='grc' dir='ltr'>κουροῦν</span> <span class='ocrx_word' id='word_1_231' title='bbox 236 867 287 901; x_wconf 82' lang='grc' dir='ltr'>τῆς</span> <span class='ocrx_word' id='word_1_232' title='bbox 312 867 461 901; x_wconf 74' lang='grc' dir='ltr'>βασκανίας</span> <span class='ocrx_word' id='word_1_233' title='bbox 482 866 570 898; x_wconf 83' lang='grc' dir='ltr'>πάθος</span> <span class='ocrx_word' id='word_1_234' title='bbox 587 867 763 902; x_wconf 78' lang='grc' dir='ltr'>ἐξέρῤησσον.</span> <span class='ocrx_word' id='word_1_235' title='bbox 780 867 836 893; x_wconf 80' lang='lat' dir='ltr'><strong>Ka‘t</strong></span> <span class='ocrx_word' id='word_1_236' title='bbox 850 866 882 902; x_wconf 82' lang='grc' dir='ltr'><strong>δή</strong></span> 
     </span>
    </p>
   </div>
   <div class='ocr_carea' id='block_1_37' title="bbox 108 911 883 948">
    <p class='ocr_par' dir='ltr' id='par_1_37' title="bbox 108 911 883 948">
     <span class='ocr_line' id='line_1_37' title="bbox 108 911 883 948; baseline -0.001 -10"><span class='ocrx_word' id='word_1_237' title='bbox 108 920 143 943; x_wconf 83' lang='grc' dir='ltr'><strong>τις</strong></span> <span class='ocrx_word' id='word_1_238' title='bbox 159 912 210 939; x_wconf 83' lang='grc' dir='ltr'>τῶν</span> <span class='ocrx_word' id='word_1_239' title='bbox 226 912 316 939; x_wconf 74' lang='grc' dir='ltr'>ἄλλων</span> <span class='ocrx_word' id='word_1_240' title='bbox 333 911 499 947; x_wconf 80' lang='grc' dir='ltr'>θρασύτερός</span> <span class='ocrx_word' id='word_1_241' title='bbox 513 919 543 937; x_wconf 78' lang='grc' dir='ltr'><strong>τε</strong></span> <span class='ocrx_word' id='word_1_242' title='bbox 558 911 606 938; x_wconf 67' lang='grc' dir='ltr'><strong>καί</strong></span> <span class='ocrx_word' id='word_1_243' title='bbox 621 912 820 948; x_wconf 77' lang='grc' dir='ltr'>μανικώτερος,</span> <span class='ocrx_word' id='word_1_244' title='bbox 837 911 883 937; x_wconf 74' lang='grc' dir='ltr'>τοῦ</span> 
     </span>
    </p>
   </div>
   <div class='ocr_carea' id='block_1_38' title="bbox 109 956 886 994">
    <p class='ocr_par' dir='ltr' id='par_1_38' title="bbox 109 956 886 994">
     <span class='ocr_line' id='line_1_38' title="bbox 109 956 886 994; baseline 0 -10"><span class='ocrx_word' id='word_1_245' title='bbox 109 959 252 993; x_wconf 71' lang='grc' dir='ltr'><strong>καταλόγου</strong></span> <span class='ocrx_word' id='word_1_246' title='bbox 267 958 297 985; x_wconf 74' lang='grc' dir='ltr'><strong>δὲ</strong></span> <span class='ocrx_word' id='word_1_247' title='bbox 314 958 369 985; x_wconf 81' lang='grc' dir='ltr'>τῶν</span> <span class='ocrx_word' id='word_1_248' title='bbox 388 959 484 994; x_wconf 80' lang='grc' dir='ltr'><strong>ἱερέων</strong></span> <span class='ocrx_word' id='word_1_249' title='bbox 499 956 545 993; x_wconf 82' lang='grc' dir='ltr'><strong>ἦν,</strong></span> <span class='ocrx_word' id='word_1_250' title='bbox 558 958 605 984; x_wconf 83' lang='grc' dir='ltr'>τοῦ</span> <span class='ocrx_word' id='word_1_251' title='bbox 618 957 693 993; x_wconf 83' lang='grc' dir='ltr'>ίεροῠ</span> <span class='ocrx_word' id='word_1_252' title='bbox 708 959 824 993; x_wconf 81' lang='grc' dir='ltr'>σκήνους</span> <span class='ocrx_word' id='word_1_253' title='bbox 837 966 886 984; x_wconf 79' lang='grc' dir='ltr'><strong>χο-</strong></span> 
     </span>
    </p>
   </div>
   <div class='ocr_carea' id='block_1_39' title="bbox 111 1004 886 1040">
    <p class='ocr_par' dir='ltr' id='par_1_39' title="bbox 111 1004 886 1040">
     <span class='ocr_line' id='line_1_39' title="bbox 111 1004 886 1040; baseline -0.004 -8"><span class='ocrx_word' id='word_1_254' title='bbox 111 1005 259 1040; x_wconf 81' lang='grc' dir='ltr'>μιζομένου,</span> <span class='ocrx_word' id='word_1_255' title='bbox 283 1006 368 1040; x_wconf 77' lang='grc' dir='ltr'>φορᾶς</span> <span class='ocrx_word' id='word_1_256' title='bbox 402 1005 500 1039; x_wconf 83' lang='grc' dir='ltr'>ἀλόγου</span> <span class='ocrx_word' id='word_1_257' title='bbox 518 1005 650 1040; x_wconf 77' lang='grc' dir='ltr'><strong>πλησθεὶς</strong></span> <span class='ocrx_word' id='word_1_258' title='bbox 668 1005 728 1036; x_wconf 81' lang='grc' dir='ltr'>ὅλος</span> <span class='ocrx_word' id='word_1_259' title='bbox 742 1004 831 1040; x_wconf 69' lang='grc' dir='ltr'>ἐπῄει,</span> <span class='ocrx_word' id='word_1_260' title='bbox 847 1004 886 1035; x_wconf 86' lang='grc' dir='ltr'><strong>είς</strong></span> 
     </span>
    </p>
   </div>
   <div class='ocr_carea' id='block_1_40' title="bbox 110 1050 887 1086">
    <p class='ocr_par' dir='ltr' id='par_1_40' title="bbox 110 1050 887 1086">
     <span class='ocr_line' id='line_1_40' title="bbox 110 1050 887 1086; baseline -0.001 -9"><span class='ocrx_word' id='word_1_261' title='bbox 110 1050 156 1084; x_wconf 76' lang='grc' dir='ltr'><strong>γῆν</strong></span> <span class='ocrx_word' id='word_1_262' title='bbox 173 1050 347 1086; x_wconf 76' lang='grc' dir='ltr'>καταρῥάξαι</span> <span class='ocrx_word' id='word_1_263' title='bbox 364 1050 395 1076; x_wconf 85' lang='grc' dir='ltr'>τὸ</span> <span class='ocrx_word' id='word_1_264' title='bbox 414 1050 487 1085; x_wconf 75' lang='grc' dir='ltr'>ίερδν</span> <span class='ocrx_word' id='word_1_265' title='bbox 509 1051 598 1076; x_wconf 79' lang='grc' dir='ltr'>ἐκεῖνο</span> <span class='ocrx_word' id='word_1_266' title='bbox 623 1050 723 1085; x_wconf 84' lang='grc' dir='ltr'>σκῆνος</span> <span class='ocrx_word' id='word_1_267' title='bbox 747 1050 887 1084; x_wconf 80' lang='grc' dir='ltr'>πρόθυμος</span> 
     </span>
    </p>
   </div>
   <div class='ocr_carea' id='block_1_41' title="bbox 110 1094 887 1131">
    <p class='ocr_par' dir='ltr' id='par_1_41' title="bbox 110 1094 887 1131">
     <span class='ocr_line' id='line_1_41' title="bbox 110 1094 887 1131; baseline 0 -10"><span class='ocrx_word' id='word_1_268' title='bbox 110 1095 153 1123; x_wconf 79' lang='grc' dir='ltr'><strong>ὢν.</strong></span> <span class='ocrx_word' id='word_1_269' title='bbox 176 1096 207 1123; x_wconf 83' lang='grc' dir='ltr'><strong>Ἦ</strong></span> <span class='ocrx_word' id='word_1_270' title='bbox 219 1096 246 1123; x_wconf 82' lang='grc' dir='ltr'><strong>δὲ</strong></span> <span class='ocrx_word' id='word_1_271' title='bbox 264 1096 327 1131; x_wconf 82' lang='grc' dir='ltr'>δίκη</span> <span class='ocrx_word' id='word_1_272' title='bbox 343 1096 479 1130; x_wconf 67' lang='grc' dir='ltr'>μέλλουσα</span> <span class='ocrx_word' id='word_1_273' title='bbox 490 1094 524 1131; x_wconf 80' lang='grc' dir='ltr'>ἦν</span> <span class='ocrx_word' id='word_1_274' title='bbox 538 1095 675 1130; x_wconf 75' lang='grc' dir='ltr'><strong>οὐδαμῶς.</strong></span> <span class='ocrx_word' id='word_1_275' title='bbox 694 1095 739 1128; x_wconf 80' lang='grc' dir='ltr'><strong>Ἐξ</strong></span> <span class='ocrx_word' id='word_1_276' title='bbox 754 1095 887 1129; x_wconf 79' lang='grc' dir='ltr'>ἀγκώνων</span> 
     </span>
    </p>
   </div>
   <div class='ocr_carea' id='block_1_42' title="bbox 109 1141 889 1178">
    <p class='ocr_par' dir='ltr' id='par_1_42' title="bbox 109 1141 889 1178">
     <span class='ocr_line' id='line_1_42' title="bbox 109 1141 889 1178; baseline -0.003 -9"><span class='ocrx_word' id='word_1_277' title='bbox 109 1141 158 1178; x_wconf 73' lang='grc' dir='ltr'><strong>τὰρ</strong></span> <span class='ocrx_word' id='word_1_278' title='bbox 166 1143 194 1169; x_wconf 87' lang='lat' dir='ltr'><strong>al</strong></span> <span class='ocrx_word' id='word_1_279' title='bbox 205 1144 296 1178; x_wconf 80' lang='grc' dir='ltr'>χεῖρες</span> <span class='ocrx_word' id='word_1_280' title='bbox 312 1142 408 1177; x_wconf 75' lang='grc' dir='ltr'>ἐκείνῳ</span> <span class='ocrx_word' id='word_1_281' title='bbox 421 1142 606 1174; x_wconf 78' lang='grc' dir='ltr'>σιακοπεῖσαι,</span> <span class='ocrx_word' id='word_1_282' title='bbox 620 1141 659 1177; x_wconf 89' lang='grc' dir='ltr'>τῷ</span> <span class='ocrx_word' id='word_1_283' title='bbox 674 1141 806 1177; x_wconf 79' lang='grc' dir='ltr'>σκίμποδι</span> <span class='ocrx_word' id='word_1_284' title='bbox 818 1142 889 1177; x_wconf 82' lang='grc' dir='ltr'><strong>ἀπῃ-</strong></span> 
     </span>
    </p>
   </div>
   <div class='ocr_carea' id='block_1_43' title="bbox 109 1187 888 1223">
    <p class='ocr_par' dir='ltr' id='par_1_43' title="bbox 109 1187 888 1223">
     <span class='ocr_line' id='line_1_43' title="bbox 109 1187 888 1223; baseline 0.001 -10"><span class='ocrx_word' id='word_1_285' title='bbox 109 1187 218 1223; x_wconf 81' lang='grc' dir='ltr'>ώρηντο.</span> <span class='ocrx_word' id='word_1_286' title='bbox 238 1188 358 1223; x_wconf 83' lang='grc' dir='ltr'>Ἔμελλε</span> <span class='ocrx_word' id='word_1_287' title='bbox 374 1188 403 1215; x_wconf 86' lang='grc' dir='ltr'><strong>δὲ</strong></span> <span class='ocrx_word' id='word_1_288' title='bbox 419 1188 475 1223; x_wconf 77' lang='grc' dir='ltr'>ἄρα</span> <span class='ocrx_word' id='word_1_289' title='bbox 490 1189 507 1223; x_wconf 79' lang='grc' dir='ltr'>ἡ</span> <span class='ocrx_word' id='word_1_290' title='bbox 523 1188 567 1215; x_wconf 78' lang='grc' dir='ltr'><strong>διὰ</strong></span> <span class='ocrx_word' id='word_1_291' title='bbox 584 1188 632 1214; x_wconf 80' lang='grc' dir='ltr'>τοῦ</span> <span class='ocrx_word' id='word_1_292' title='bbox 652 1189 725 1215; x_wconf 82' lang='grc' dir='ltr'>θείου</span> <span class='ocrx_word' id='word_1_293' title='bbox 743 1188 823 1214; x_wconf 85' lang='grc' dir='ltr'>τόκου</span> <span class='ocrx_word' id='word_1_294' title='bbox 839 1196 888 1222; x_wconf 89' lang='grc' dir='ltr'><strong>χα-</strong></span> 
     </span>
    </p>
   </div>
   <div class='ocr_carea' id='block_1_44' title="bbox 109 1232 888 1269">
    <p class='ocr_par' dir='ltr' id='par_1_44' title="bbox 109 1232 888 1269">
     <span class='ocr_line' id='line_1_44' title="bbox 109 1232 888 1269; baseline -0.001 -9"><span class='ocrx_word' id='word_1_295' title='bbox 109 1234 153 1267; x_wconf 81' lang='grc' dir='ltr'><strong>ρᾶς</strong></span> <span class='ocrx_word' id='word_1_296' title='bbox 165 1233 213 1269; x_wconf 83' lang='grc' dir='ltr'>τὴν</span> <span class='ocrx_word' id='word_1_297' title='bbox 228 1234 397 1268; x_wconf 77' lang='grc' dir='ltr'>οἰκουμένην</span> <span class='ocrx_word' id='word_1_298' title='bbox 410 1233 578 1269; x_wconf 82' lang='grc' dir='ltr'>πληρώσασα</span> <span class='ocrx_word' id='word_1_299' title='bbox 595 1234 624 1260; x_wconf 78' lang='grc' dir='ltr'>ὲν</span> <span class='ocrx_word' id='word_1_300' title='bbox 635 1232 674 1267; x_wconf 86' lang='grc' dir='ltr'>τῷ</span> <span class='ocrx_word' id='word_1_301' title='bbox 692 1232 820 1268; x_wconf 80' lang='grc' dir='ltr'>θνήσκειν</span> <span class='ocrx_word' id='word_1_302' title='bbox 836 1242 888 1268; x_wconf 86' lang='grc' dir='ltr'><strong>μη-</strong></span> 
     </span>
    </p>
   </div>
   <div class='ocr_carea' id='block_1_45' title="bbox 107 1279 890 1316">
    <p class='ocr_par' dir='ltr' id='par_1_45' title="bbox 107 1279 890 1316">
     <span class='ocr_line' id='line_1_45' title="bbox 107 1279 890 1316; baseline -0.001 -10"><span class='ocrx_word' id='word_1_303' title='bbox 107 1279 160 1307; x_wconf 78' lang='grc' dir='ltr'>δενὶ</span> <span class='ocrx_word' id='word_1_304' title='bbox 173 1280 299 1316; x_wconf 85' lang='grc' dir='ltr'>λυπηροῦ</span> <span class='ocrx_word' id='word_1_305' title='bbox 324 1289 400 1312; x_wconf 86' lang='grc' dir='ltr'>τινος</span> <span class='ocrx_word' id='word_1_306' title='bbox 417 1281 492 1306; x_wconf 79' lang='grc' dir='ltr'>αίτίσ.</span> <span class='ocrx_word' id='word_1_307' title='bbox 508 1279 647 1313; x_wconf 83' lang='grc' dir='ltr'>γενέσθαι.</span> <span class='ocrx_word' id='word_1_308' title='bbox 665 1279 720 1306; x_wconf 78' lang='grc' dir='ltr'><strong>Καὶ</strong></span> <span class='ocrx_word' id='word_1_309' title='bbox 735 1279 797 1305; x_wconf 75' lang='grc' dir='ltr'>ἐπεὶ</span> <span class='ocrx_word' id='word_1_310' title='bbox 808 1279 822 1305; x_wconf 87' lang='grc' dir='ltr'><strong>ό</strong></span> <span class='ocrx_word' id='word_1_311' title='bbox 837 1287 890 1305; x_wconf 63' lang='grc' dir='ltr'>παπ</span> 
     </span>
    </p>
   </div>
   <div class='ocr_carea' id='block_1_46' title="bbox 107 1324 889 1363">
    <p class='ocr_par' dir='ltr' id='par_1_46' title="bbox 107 1324 889 1363">
     <span class='ocr_line' id='line_1_46' title="bbox 107 1324 889 1363; baseline -0.004 -10"><span class='ocrx_word' id='word_1_312' title='bbox 107 1326 156 1353; x_wconf 83' lang='grc' dir='ltr'>θὼν</span> <span class='ocrx_word' id='word_1_313' title='bbox 172 1328 292 1363; x_wconf 75' lang='grc' dir='ltr'>πονηρὸς</span> <span class='ocrx_word' id='word_1_314' title='bbox 311 1327 362 1362; x_wconf 75' lang='grc' dir='ltr'>μὲν</span> <span class='ocrx_word' id='word_1_315' title='bbox 377 1324 421 1362; x_wconf 79' lang='grc' dir='ltr'><strong>ἦν,</strong></span> <span class='ocrx_word' id='word_1_316' title='bbox 438 1326 538 1361; x_wconf 70' lang='grc' dir='ltr'>ἣκιστα</span> <span class='ocrx_word' id='word_1_317' title='bbox 555 1326 584 1352; x_wconf 81' lang='grc' dir='ltr'><strong>δὲ</strong></span> <span class='ocrx_word' id='word_1_318' title='bbox 601 1326 721 1357; x_wconf 80' lang='grc' dir='ltr'>ἀνίατος,</span> <span class='ocrx_word' id='word_1_319' title='bbox 734 1325 765 1351; x_wconf 80' lang='grc' dir='ltr'>τὸ</span> <span class='ocrx_word' id='word_1_320' title='bbox 777 1325 826 1360; x_wconf 80' lang='grc' dir='ltr'>τῆς</span> <span class='ocrx_word' id='word_1_321' title='bbox 841 1334 889 1360; x_wconf 89' lang='grc' dir='ltr'>με-</span> 
     </span>
    </p>
   </div>
   <div class='ocr_carea' id='block_1_47' title="bbox 108 1371 891 1409">
    <p class='ocr_par' dir='ltr' id='par_1_47' title="bbox 108 1371 891 1409">
     <span class='ocr_line' id='line_1_47' title="bbox 108 1371 891 1409; baseline -0.003 -10"><span class='ocrx_word' id='word_1_322' title='bbox 108 1373 210 1405; x_wconf 84' lang='grc' dir='ltr'>τανοίας</span> <span class='ocrx_word' id='word_1_323' title='bbox 227 1373 413 1409; x_wconf 73' lang='grc' dir='ltr'>προσάλλιται</span> <span class='ocrx_word' id='word_1_324' title='bbox 428 1373 587 1407; x_wconf 85' lang='grc' dir='ltr'>φάρμακον.</span> <span class='ocrx_word' id='word_1_325' title='bbox 603 1371 659 1398; x_wconf 72' lang='grc' dir='ltr'><strong>Καὶ</strong></span> <span class='ocrx_word' id='word_1_326' title='bbox 674 1373 767 1407; x_wconf 86' lang='grc' dir='ltr'>χεῖρας</span> <span class='ocrx_word' id='word_1_327' title='bbox 780 1372 829 1406; x_wconf 75' lang='grc' dir='ltr'>μὲν</span> <span class='ocrx_word' id='word_1_328' title='bbox 845 1372 891 1398; x_wconf 83' lang='grc' dir='ltr'><strong>ὲκ-</strong></span> 
     </span>
    </p>
   </div>
   <div class='ocr_carea' id='block_1_48' title="bbox 110 1417 891 1455">
    <p class='ocr_par' dir='ltr' id='par_1_48' title="bbox 110 1417 891 1455">
     <span class='ocr_line' id='line_1_48' title="bbox 110 1417 891 1455; baseline -0.003 -11"><span class='ocrx_word' id='word_1_329' title='bbox 110 1419 204 1446; x_wconf 80' lang='grc' dir='ltr'>τείνειν</span> <span class='ocrx_word' id='word_1_330' title='bbox 218 1419 272 1446; x_wconf 78' lang='grc' dir='ltr'>οὐκ</span> <span class='ocrx_word' id='word_1_331' title='bbox 300 1417 356 1455; x_wconf 76' lang='grc' dir='ltr'>εἶχε</span> <span class='ocrx_word' id='word_1_332' title='bbox 369 1427 376 1435; x_wconf 89' lang='grc'><strong>·</strong></span> <span class='ocrx_word' id='word_1_333' title='bbox 395 1418 581 1454; x_wconf 78' lang='grc' dir='ltr'>προύϐάλλετο</span> <span class='ocrx_word' id='word_1_334' title='bbox 595 1417 624 1444; x_wconf 79' lang='grc' dir='ltr'><strong>δὲ</strong></span> <span class='ocrx_word' id='word_1_335' title='bbox 643 1419 678 1444; x_wconf 80' lang='grc' dir='ltr'>τὰ</span> <span class='ocrx_word' id='word_1_336' title='bbox 693 1417 798 1451; x_wconf 78' lang='grc' dir='ltr'>δάκρυα</span> <span class='ocrx_word' id='word_1_337' title='bbox 809 1425 817 1433; x_wconf 88' lang='grc'>·</span> <span class='ocrx_word' id='word_1_338' title='bbox 844 1418 891 1443; x_wconf 74' lang='grc' dir='ltr'>καὶ</span> 
     </span>
    </p>
   </div>
   <div class='ocr_carea' id='block_1_49' title="bbox 109 1463 890 1501">
    <p class='ocr_par' dir='ltr' id='par_1_49' title="bbox 109 1463 890 1501">
     <span class='ocr_line' id='line_1_49' title="bbox 109 1463 890 1501; baseline -0.006 -8"><span class='ocrx_word' id='word_1_339' title='bbox 109 1465 164 1500; x_wconf 77' lang='grc' dir='ltr'>ἅμα</span> <span class='ocrx_word' id='word_1_340' title='bbox 177 1467 210 1501; x_wconf 81' lang='grc' dir='ltr'><strong>τῇ</strong></span> <span class='ocrx_word' id='word_1_341' title='bbox 226 1465 342 1501; x_wconf 79' lang='grc' dir='ltr'>παιδείᾳ</span> <span class='ocrx_word' id='word_1_342' title='bbox 355 1465 401 1492; x_wconf 81' lang='grc' dir='ltr'>καὶ</span> <span class='ocrx_word' id='word_1_343' title='bbox 416 1466 433 1500; x_wconf 81' lang='grc' dir='ltr'>ἡ</span> <span class='ocrx_word' id='word_1_344' title='bbox 450 1464 585 1500; x_wconf 79' lang='grc' dir='ltr'>θεραπεία</span> <span class='ocrx_word' id='word_1_345' title='bbox 603 1463 720 1498; x_wconf 79' lang='grc' dir='ltr'>προσῆν.</span> <span class='ocrx_word' id='word_1_346' title='bbox 739 1463 826 1497; x_wconf 85' lang='grc' dir='ltr'>Ἐστη</span> <span class='ocrx_word' id='word_1_347' title='bbox 841 1463 890 1498; x_wconf 81' lang='grc' dir='ltr'>μὲν</span> 
     </span>
    </p>
   </div>
   <div class='ocr_carea' id='block_1_50' title="bbox 107 1509 888 1547">
    <p class='ocr_par' dir='ltr' id='par_1_50' title="bbox 107 1509 888 1547">
     <span class='ocr_line' id='line_1_50' title="bbox 107 1509 888 1547; baseline -0.003 -10"><span class='ocrx_word' id='word_1_348' title='bbox 107 1509 150 1538; x_wconf 80' lang='grc' dir='ltr'>οὖν</span> <span class='ocrx_word' id='word_1_349' title='bbox 163 1512 180 1547; x_wconf 82' lang='grc' dir='ltr'>ὴ</span> <span class='ocrx_word' id='word_1_350' title='bbox 197 1512 278 1545; x_wconf 81' lang='grc' dir='ltr'>κλίνη</span> <span class='ocrx_word' id='word_1_351' title='bbox 301 1511 349 1539; x_wconf 84' lang='grc' dir='ltr'>τοῦ</span> <span class='ocrx_word' id='word_1_352' title='bbox 375 1512 469 1546; x_wconf 84' lang='grc' dir='ltr'>πρόσω</span> <span class='ocrx_word' id='word_1_353' title='bbox 484 1510 616 1546; x_wconf 78' lang='grc' dir='ltr'>φέρεσθαι</span> <span class='ocrx_word' id='word_1_354' title='bbox 628 1518 636 1526; x_wconf 87' lang='grc'>·</span> <span class='ocrx_word' id='word_1_355' title='bbox 649 1511 696 1536; x_wconf 75' lang='grc' dir='ltr'><strong>καί</strong></span> <span class='ocrx_word' id='word_1_356' title='bbox 708 1509 763 1536; x_wconf 83' lang='grc' dir='ltr'>τῶν</span> <span class='ocrx_word' id='word_1_357' title='bbox 777 1510 888 1544; x_wconf 84' lang='grc' dir='ltr'>τμημά-</span> 
     </span>
    </p>
   </div>
   <div class='ocr_carea' id='block_1_51' title="bbox 107 1555 888 1595">
    <p class='ocr_par' dir='ltr' id='par_1_51' title="bbox 107 1555 888 1595">
     <span class='ocr_line' id='line_1_51' title="bbox 107 1555 888 1595; baseline -0.004 -11"><span class='ocrx_word' id='word_1_358' title='bbox 107 1566 158 1584; x_wconf 86' lang='grc' dir='ltr'><strong>των</strong></span> <span class='ocrx_word' id='word_1_359' title='bbox 177 1558 461 1595; x_wconf 68' lang='grc' dir='ltr'>προσαρμοσθὲντων,</span> <span class='ocrx_word' id='word_1_360' title='bbox 481 1557 543 1584; x_wconf 85' lang='grc' dir='ltr'>ὅθεν</span> <span class='ocrx_word' id='word_1_361' title='bbox 570 1556 719 1593; x_wconf 73' lang='grc' dir='ltr'>ἐρρύησαν,</span> <span class='ocrx_word' id='word_1_362' title='bbox 738 1555 844 1591; x_wconf 86' lang='grc' dir='ltr'>Πέτρου</span> <span class='ocrx_word' id='word_1_363' title='bbox 859 1555 888 1581; x_wconf 83' lang='grc' dir='ltr'><strong>δὲ</strong></span> 
     </span>
    </p>
   </div>
   <div class='ocr_carea' id='block_1_52' title="bbox 107 1597 887 1637">
    <p class='ocr_par' dir='ltr' id='par_1_52' title="bbox 107 1597 887 1637">
     <span class='ocr_line' id='line_1_52' title="bbox 107 1597 887 1637; baseline -0.004 -9"><span class='ocrx_word' id='word_1_364' title='bbox 107 1601 135 1628; x_wconf 80' lang='grc' dir='ltr'>τὸ</span> <span class='ocrx_word' id='word_1_365' title='bbox 153 1602 295 1637; x_wconf 65' lang='grc' dir='ltr'>ἐπίταγμα</span> <span class='ocrx_word' id='word_1_366' title='bbox 312 1599 356 1637; x_wconf 74' lang='grc' dir='ltr'><strong>ἦν,</strong></span> <span class='ocrx_word' id='word_1_367' title='bbox 386 1601 547 1637; x_wconf 83' lang='grc' dir='ltr'>παραυτίκα</span> <span class='ocrx_word' id='word_1_368' title='bbox 562 1601 599 1632; x_wconf 84' lang='grc' dir='ltr'>ὡς</span> <span class='ocrx_word' id='word_1_369' title='bbox 615 1600 645 1627; x_wconf 79' lang='grc' dir='ltr'>τὸ</span> <span class='ocrx_word' id='word_1_370' title='bbox 661 1599 793 1635; x_wconf 71' lang='grc' dir='ltr'>πρότερον</span> <span class='ocrx_word' id='word_1_371' title='bbox 806 1597 887 1634; x_wconf 83' lang='grc' dir='ltr'>ἦσαν.</span> 
     </span>
    </p>
   </div>
   <div class='ocr_carea' id='block_1_53' title="bbox 113 1644 890 1682">
    <p class='ocr_par' dir='ltr' id='par_1_53' title="bbox 113 1644 890 1682">
     <span class='ocr_line' id='line_1_53' title="bbox 113 1644 890 1682; baseline -0.005 -8"><span class='ocrx_word' id='word_1_372' title='bbox 113 1647 152 1678; x_wconf 79' lang='grc' dir='ltr'>Ὠς</span> <span class='ocrx_word' id='word_1_373' title='bbox 172 1647 201 1674; x_wconf 76' lang='grc' dir='ltr'><strong>δὲ</strong></span> <span class='ocrx_word' id='word_1_374' title='bbox 219 1648 269 1674; x_wconf 75' lang='grc' dir='ltr'><strong>καὶ</strong></span> <span class='ocrx_word' id='word_1_375' title='bbox 293 1647 343 1682; x_wconf 76' lang='grc' dir='ltr'>τὴν</span> <span class='ocrx_word' id='word_1_376' title='bbox 367 1646 531 1681; x_wconf 78' lang='grc' dir='ltr'>Γεθσημανὴ</span> <span class='ocrx_word' id='word_1_377' title='bbox 552 1645 715 1678; x_wconf 79' lang='grc' dir='ltr'>κατέλασον,</span> <span class='ocrx_word' id='word_1_378' title='bbox 740 1645 818 1679; x_wconf 84' lang='grc' dir='ltr'>τάφῳ</span> <span class='ocrx_word' id='word_1_379' title='bbox 839 1644 890 1679; x_wconf 74' lang='grc' dir='ltr'>μὲν</span> 
     </span>
    </p>
   </div>
   <div class='ocr_carea' id='block_1_54' title="bbox 108 1690 891 1728">
    <p class='ocr_par' dir='ltr' id='par_1_54' title="bbox 108 1690 891 1728">
     <span class='ocr_line' id='line_1_54' title="bbox 108 1690 891 1728; baseline -0.004 -10"><span class='ocrx_word' id='word_1_380' title='bbox 108 1693 150 1719; x_wconf 79' lang='grc' dir='ltr'><strong>τὸν</strong></span> <span class='ocrx_word' id='word_1_381' title='bbox 166 1693 228 1720; x_wconf 86' lang='grc' dir='ltr'>Υίὸν</span> <span class='ocrx_word' id='word_1_382' title='bbox 246 1693 408 1728; x_wconf 81' lang='grc' dir='ltr'>μιμουμένη</span> <span class='ocrx_word' id='word_1_383' title='bbox 423 1693 545 1720; x_wconf 72' lang='grc' dir='ltr'>δέδοταιι</span> <span class='ocrx_word' id='word_1_384' title='bbox 558 1691 592 1718; x_wconf 83' lang='grc' dir='ltr'><strong>δι’</strong></span> <span class='ocrx_word' id='word_1_385' title='bbox 610 1691 715 1718; x_wconf 72' lang='grc' dir='ltr'>ἐκείνου</span> <span class='ocrx_word' id='word_1_386' title='bbox 730 1690 759 1716; x_wconf 83' lang='grc' dir='ltr'><strong>δὲ</strong></span> <span class='ocrx_word' id='word_1_387' title='bbox 777 1691 844 1725; x_wconf 79' lang='grc' dir='ltr'>πρὸς</span> <span class='ocrx_word' id='word_1_388' title='bbox 856 1690 891 1716; x_wconf 75' lang='grc' dir='ltr'><strong>τὰ</strong></span> 
     </span>
    </p>
   </div>
   <div class='ocr_carea' id='block_1_55' title="bbox 108 1733 892 1773">
    <p class='ocr_par' dir='ltr' id='par_1_55' title="bbox 108 1733 892 1773">
     <span class='ocr_line' id='line_1_55' title="bbox 108 1733 892 1773; baseline -0.005 -8"><span class='ocrx_word' id='word_1_389' title='bbox 108 1737 164 1765; x_wconf 82' lang='grc' dir='ltr'>θεῖα</span> <span class='ocrx_word' id='word_1_390' title='bbox 192 1737 364 1773; x_wconf 83' lang='grc' dir='ltr'>σκηνώματα</span> <span class='ocrx_word' id='word_1_391' title='bbox 392 1736 578 1773; x_wconf 81' lang='grc' dir='ltr'>μετατίθεται,</span> <span class='ocrx_word' id='word_1_392' title='bbox 605 1736 696 1770; x_wconf 86' lang='grc' dir='ltr'>λόγοις</span> <span class='ocrx_word' id='word_1_393' title='bbox 722 1733 762 1767; x_wconf 78' lang='grc' dir='ltr'>οἷς</span> <span class='ocrx_word' id='word_1_394' title='bbox 791 1734 861 1762; x_wconf 87' lang='grc' dir='ltr'>οίδεν</span> <span class='ocrx_word' id='word_1_395' title='bbox 878 1736 892 1761; x_wconf 81' lang='grc' dir='ltr'>ὁ</span> 
     </span>
    </p>
   </div>
   <div class='ocr_carea' id='block_1_56' title="bbox 107 1780 891 1820">
    <p class='ocr_par' dir='ltr' id='par_1_56' title="bbox 107 1780 891 1820">
     <span class='ocr_line' id='line_1_56' title="bbox 107 1780 891 1820; baseline -0.004 -10"><span class='ocrx_word' id='word_1_396' title='bbox 107 1783 190 1810; x_wconf 81' lang='grc' dir='ltr'>ταῦτα</span> <span class='ocrx_word' id='word_1_397' title='bbox 213 1784 321 1820; x_wconf 81' lang='grc' dir='ltr'>δράσας</span> <span class='ocrx_word' id='word_1_398' title='bbox 345 1783 412 1815; x_wconf 74' lang='grc' dir='ltr'>Θιός</span> <span class='ocrx_word' id='word_1_399' title='bbox 422 1791 430 1798; x_wconf 74' lang='grc' dir='ltr'><strong><em>ο</em></strong></span> <span class='ocrx_word' id='word_1_400' title='bbox 454 1783 483 1809; x_wconf 81' lang='grc' dir='ltr'>ὲν</span> <span class='ocrx_word' id='word_1_401' title='bbox 498 1782 573 1816; x_wconf 79' lang='grc' dir='ltr'>αὐτῷ</span> <span class='ocrx_word' id='word_1_402' title='bbox 586 1781 627 1817; x_wconf 81' lang='grc' dir='ltr'>τῷ</span> <span class='ocrx_word' id='word_1_403' title='bbox 641 1781 705 1817; x_wconf 73' lang='grc' dir='ltr'>θείῳ</span> <span class='ocrx_word' id='word_1_404' title='bbox 726 1780 826 1816; x_wconf 80' lang='grc' dir='ltr'>δηλαδὴ</span> <span class='ocrx_word' id='word_1_405' title='bbox 840 1789 891 1807; x_wconf 82' lang='grc' dir='ltr'>πα·</span> 
     </span>
    </p>
   </div>
   <div class='ocr_carea' id='block_1_57' title="bbox 109 1826 892 1866">
    <p class='ocr_par' dir='ltr' id='par_1_57' title="bbox 109 1826 892 1866">
     <span class='ocr_line' id='line_1_57' title="bbox 109 1826 892 1866; baseline -0.005 -10"><span class='ocrx_word' id='word_1_406' title='bbox 109 1829 232 1866; x_wconf 81' lang='grc' dir='ltr'>ραδεισῳ,</span> <span class='ocrx_word' id='word_1_407' title='bbox 258 1830 326 1857; x_wconf 76' lang='grc' dir='ltr'>ὅπου</span> <span class='ocrx_word' id='word_1_408' title='bbox 349 1829 382 1864; x_wconf 79' lang='grc' dir='ltr'><strong>δὴ</strong></span> <span class='ocrx_word' id='word_1_409' title='bbox 409 1829 456 1856; x_wconf 81' lang='grc' dir='ltr'>καὶ</span> <span class='ocrx_word' id='word_1_410' title='bbox 481 1829 513 1855; x_wconf 78' lang='grc' dir='ltr'>τὸ</span> <span class='ocrx_word' id='word_1_411' title='bbox 539 1827 616 1860; x_wconf 79' lang='grc' dir='ltr'>ξύλον</span> <span class='ocrx_word' id='word_1_412' title='bbox 645 1827 816 1862; x_wconf 82' lang='grc' dir='ltr'>πεφύτευται</span> <span class='ocrx_word' id='word_1_413' title='bbox 843 1826 892 1862; x_wconf 85' lang='grc' dir='ltr'>τῆς</span> 
     </span>
    </p>
   </div>
   <div class='ocr_carea' id='block_1_58' title="bbox 108 1874 190 1910">
    <p class='ocr_par' dir='ltr' id='par_1_58' title="bbox 108 1874 190 1910">
     <span class='ocr_line' id='line_1_58' title="bbox 108 1874 190 1910; baseline -0.012 -6"><span class='ocrx_word' id='word_1_414' title='bbox 108 1874 190 1910; x_wconf 80' lang='grc' dir='ltr'><strong>ζωῆς.</strong></span> 
     </span>
    </p>
   </div>
   <div class='ocr_carea' id='block_1_59' title="bbox 935 864 1729 904">
    <p class='ocr_par' dir='ltr' id='par_1_59' title="bbox 935 864 1729 904">
     <span class='ocr_line' id='line_1_59' title="bbox 935 864 1729 904; baseline 0.01 -14"><span class='ocrx_word' id='word_1_415' title='bbox 935 864 1087 899; x_wconf 83' lang='lat' dir='ltr'><strong>spiritualis</strong></span> <span class='ocrx_word' id='word_1_416' title='bbox 1102 873 1177 898; x_wconf 88' lang='lat' dir='ltr'><strong>arca,</strong></span> <span class='ocrx_word' id='word_1_417' title='bbox 1198 873 1232 893; x_wconf 79' lang='lat' dir='ltr'><strong>ex</strong></span> <span class='ocrx_word' id='word_1_418' title='bbox 1251 866 1316 893; x_wconf 88' lang='lat' dir='ltr'><strong>Sion</strong></span> <span class='ocrx_word' id='word_1_419' title='bbox 1334 867 1361 894; x_wconf 90' lang='lat' dir='ltr'><strong>in</strong></span> <span class='ocrx_word' id='word_1_420' title='bbox 1378 867 1545 902; x_wconf 82' lang='lat' dir='ltr'><strong>Gctsemani,</strong></span> <span class='ocrx_word' id='word_1_421' title='bbox 1565 871 1729 904; x_wconf 72' lang='lat' dir='ltr'><strong>apostolicis</strong></span> 
     </span>
    </p>
   </div>
   <div class='ocr_carea' id='block_1_60' title="bbox 935 910 1728 949">
    <p class='ocr_par' dir='ltr' id='par_1_60' title="bbox 935 910 1728 949">
     <span class='ocr_line' id='line_1_60' title="bbox 935 910 1728 949; baseline 0.01 -14"><span class='ocrx_word' id='word_1_422' title='bbox 935 917 995 935; x_wconf 80' lang='lat' dir='ltr'><strong>eam</strong></span> <span class='ocrx_word' id='word_1_423' title='bbox 1025 910 1199 945; x_wconf 71' lang='lat' dir='ltr'><strong>gestantibus</strong></span> <span class='ocrx_word' id='word_1_424' title='bbox 1226 911 1355 938; x_wconf 78' lang='lat' dir='ltr'><strong>manibus</strong></span> <span class='ocrx_word' id='word_1_425' title='bbox 1380 912 1467 940; x_wconf 78' lang='lat' dir='ltr'><strong>fertur</strong></span> <span class='ocrx_word' id='word_1_426' title='bbox 1485 914 1534 949; x_wconf 72' lang='grc'><strong>(2).</strong></span> <span class='ocrx_word' id='word_1_427' title='bbox 1557 915 1593 942; x_wconf 84' lang='lat' dir='ltr'><strong>At</strong></span> <span class='ocrx_word' id='word_1_428' title='bbox 1608 916 1681 942; x_wconf 90' lang='lat' dir='ltr'><strong>enim</strong></span> <span class='ocrx_word' id='word_1_429' title='bbox 1700 917 1728 944; x_wconf 92' lang='lat' dir='ltr'><strong>iu</strong></span> 
     </span>
    </p>
   </div>
   <div class='ocr_carea' id='block_1_61' title="bbox 936 954 1725 996">
    <p class='ocr_par' dir='ltr' id='par_1_61' title="bbox 936 954 1725 996">
     <span class='ocr_line' id='line_1_61' title="bbox 936 954 1725 996; baseline 0.01 -15"><span class='ocrx_word' id='word_1_430' title='bbox 936 954 1006 982; x_wconf 83' lang='lat' dir='ltr'><strong>hanc</strong></span> <span class='ocrx_word' id='word_1_431' title='bbox 1019 960 1121 983; x_wconf 85' lang='lat' dir='ltr'><strong>tantam</strong></span> <span class='ocrx_word' id='word_1_432' title='bbox 1137 956 1271 990; x_wconf 71' lang='lat' dir='ltr'><strong>laetitiam,</strong></span> <span class='ocrx_word' id='word_1_433' title='bbox 1284 958 1428 986; x_wconf 89' lang='lat' dir='ltr'><strong>molestum</strong></span> <span class='ocrx_word' id='word_1_434' title='bbox 1441 964 1468 986; x_wconf 87' lang='lat' dir='ltr'><strong>et</strong></span> <span class='ocrx_word' id='word_1_435' title='bbox 1479 961 1578 988; x_wconf 92' lang='lat' dir='ltr'><strong>durum</strong></span> <span class='ocrx_word' id='word_1_436' title='bbox 1593 962 1725 996; x_wconf 85' lang='lat' dir='ltr'><strong>quiddam</strong></span> 
     </span>
    </p>
   </div>
   <div class='ocr_carea' id='block_1_62' title="bbox 937 1001 1727 1038">
    <p class='ocr_par' dir='ltr' id='par_1_62' title="bbox 937 1001 1727 1038">
     <span class='ocr_line' id='line_1_62' title="bbox 937 1001 1727 1038; baseline 0.009 -11"><span class='ocrx_word' id='word_1_437' title='bbox 937 1001 1044 1033; x_wconf 83' lang='lat' dir='ltr'><strong>incidit,</strong></span> <span class='ocrx_word' id='word_1_438' title='bbox 1063 1002 1136 1036; x_wconf 89' lang='lat' dir='ltr'><strong>quod</strong></span> <span class='ocrx_word' id='word_1_439' title='bbox 1154 1003 1264 1030; x_wconf 86' lang='lat' dir='ltr'><strong>silentio</strong></span> <span class='ocrx_word' id='word_1_440' title='bbox 1279 1006 1501 1038; x_wconf 67' lang='lat' dir='ltr'><strong>praztereundum</strong></span> <span class='ocrx_word' id='word_1_441' title='bbox 1529 1014 1583 1033; x_wconf 87' lang='lat' dir='ltr'><strong>non</strong></span> <span class='ocrx_word' id='word_1_442' title='bbox 1601 1008 1646 1035; x_wconf 86' lang='lat' dir='ltr'><strong>sit.</strong></span> <span class='ocrx_word' id='word_1_443' title='bbox 1658 1007 1727 1035; x_wconf 90' lang='lat' dir='ltr'><strong>Cum</strong></span> 
     </span>
    </p>
   </div>
   <div class='ocr_carea' id='block_1_63' title="bbox 937 1046 1728 1086">
    <p class='ocr_par' dir='ltr' id='par_1_63' title="bbox 937 1046 1728 1086">
     <span class='ocr_line' id='line_1_63' title="bbox 937 1046 1728 1086; baseline 0.009 -13"><span class='ocrx_word' id='word_1_444' title='bbox 937 1046 1012 1074; x_wconf 83' lang='lat' dir='ltr'><strong>enim</strong></span> <span class='ocrx_word' id='word_1_445' title='bbox 1034 1047 1157 1075; x_wconf 87' lang='lat' dir='ltr'><strong>divinum</strong></span> <span class='ocrx_word' id='word_1_446' title='bbox 1175 1049 1243 1076; x_wconf 87' lang='lat' dir='ltr'><strong>illttd</strong></span> <span class='ocrx_word' id='word_1_447' title='bbox 1261 1057 1380 1085; x_wconf 87' lang='lat' dir='ltr'><strong>corpus,</strong></span> <span class='ocrx_word' id='word_1_448' title='bbox 1398 1051 1434 1078; x_wconf 88' lang='lat' dir='ltr'><strong>ita</strong></span> <span class='ocrx_word' id='word_1_449' title='bbox 1454 1056 1484 1079; x_wconf 89' lang='lat' dir='ltr'><strong>ut</strong></span> <span class='ocrx_word' id='word_1_450' title='bbox 1503 1052 1608 1079; x_wconf 88' lang='lat' dir='ltr'><strong>dictum</strong></span> <span class='ocrx_word' id='word_1_451' title='bbox 1627 1058 1679 1086; x_wconf 86' lang='lat' dir='ltr'><strong>est,</strong></span> <span class='ocrx_word' id='word_1_452' title='bbox 1693 1053 1728 1080; x_wconf 88' lang='lat' dir='ltr'><strong>ad</strong></span> 
     </span>
    </p>
   </div>
   <div class='ocr_carea' id='block_1_64' title="bbox 937 1091 1729 1134">
    <p class='ocr_par' dir='ltr' id='par_1_64' title="bbox 937 1091 1729 1134">
     <span class='ocr_line' id='line_1_64' title="bbox 937 1091 1729 1134; baseline 0.01 -15"><span class='ocrx_word' id='word_1_453' title='bbox 937 1091 1096 1120; x_wconf 85' lang='lat' dir='ltr'><strong>Getsemani</strong></span> <span class='ocrx_word' id='word_1_454' title='bbox 1115 1099 1284 1129; x_wconf 84' lang='lat' dir='ltr'><strong>portaretur,</strong></span> <span class='ocrx_word' id='word_1_455' title='bbox 1301 1097 1347 1124; x_wconf 93' lang='lat' dir='ltr'><strong>ubi</strong></span> <span class='ocrx_word' id='word_1_456' title='bbox 1365 1097 1410 1124; x_wconf 89' lang='lat' dir='ltr'><strong>Dei</strong></span> <span class='ocrx_word' id='word_1_457' title='bbox 1426 1097 1552 1125; x_wconf 77' lang='lat' dir='ltr'><strong>Genitrix</strong></span> <span class='ocrx_word' id='word_1_458' title='bbox 1568 1099 1680 1134; x_wconf 85' lang='lat' dir='ltr'><strong>sepeliri</strong></span> <span class='ocrx_word' id='word_1_459' title='bbox 1699 1107 1729 1126; x_wconf 79' lang='lat' dir='ltr'><strong>se</strong></span> 
     </span>
    </p>
   </div>
   <div class='ocr_carea' id='block_1_65' title="bbox 939 1140 1731 1178">
    <p class='ocr_par' dir='ltr' id='par_1_65' title="bbox 939 1140 1731 1178">
     <span class='ocr_line' id='line_1_65' title="bbox 939 1140 1731 1178; baseline 0.009 -13"><span class='ocrx_word' id='word_1_460' title='bbox 939 1140 1129 1174; x_wconf 75' lang='lat' dir='ltr'><strong>mandaverat,</strong></span> <span class='ocrx_word' id='word_1_461' title='bbox 1144 1141 1230 1178; x_wconf 64' lang='lat' dir='ltr'><strong>Judaei</strong></span> <span class='ocrx_word' id='word_1_462' title='bbox 1246 1142 1347 1170; x_wconf 78' lang='lat' dir='ltr'><strong>invidia</strong></span> <span class='ocrx_word' id='word_1_463' title='bbox 1362 1143 1545 1176; x_wconf 83' lang='lat' dir='ltr'><strong>tabescentes,</strong></span> <span class='ocrx_word' id='word_1_464' title='bbox 1559 1152 1621 1171; x_wconf 90' lang='lat' dir='ltr'><strong>cum</strong></span> <span class='ocrx_word' id='word_1_465' title='bbox 1637 1145 1731 1171; x_wconf 84' lang='lat' dir='ltr'><strong>occul-</strong></span> 
     </span>
    </p>
   </div>
   <div class='ocr_carea' id='block_1_66' title="bbox 940 1189 1729 1223">
    <p class='ocr_par' dir='ltr' id='par_1_66' title="bbox 940 1189 1729 1223">
     <span class='ocr_line' id='line_1_66' title="bbox 940 1189 1729 1223; baseline 0.005 -11"><span class='ocrx_word' id='word_1_466' title='bbox 940 1190 998 1213; x_wconf 83' lang='lat' dir='ltr'><strong>tare</strong></span> <span class='ocrx_word' id='word_1_467' title='bbox 1026 1194 1079 1213; x_wconf 89' lang='lat' dir='ltr'><strong>non</strong></span> <span class='ocrx_word' id='word_1_468' title='bbox 1105 1192 1235 1222; x_wconf 85' lang='lat' dir='ltr'><strong>possent,</strong></span> <span class='ocrx_word' id='word_1_469' title='bbox 1260 1197 1321 1215; x_wconf 80' lang='lat' dir='ltr'><strong>eum</strong></span> <span class='ocrx_word' id='word_1_470' title='bbox 1345 1189 1390 1223; x_wconf 89' lang='lat' dir='ltr'><strong>qui</strong></span> <span class='ocrx_word' id='word_1_471' title='bbox 1419 1189 1445 1216; x_wconf 90' lang='lat' dir='ltr'><strong>in</strong></span> <span class='ocrx_word' id='word_1_472' title='bbox 1473 1190 1612 1217; x_wconf 85' lang='lat' dir='ltr'><strong>mentibus</strong></span> <span class='ocrx_word' id='word_1_473' title='bbox 1634 1197 1729 1217; x_wconf 88' lang='lat' dir='ltr'><strong>eorum</strong></span> 
     </span>
    </p>
   </div>
   <div class='ocr_carea' id='block_1_67' title="bbox 941 1232 1729 1271">
    <p class='ocr_par' dir='ltr' id='par_1_67' title="bbox 941 1232 1729 1271">
     <span class='ocr_line' id='line_1_67' title="bbox 941 1232 1729 1271; baseline 0.001 -12"><span class='ocrx_word' id='word_1_474' title='bbox 941 1232 1103 1265; x_wconf 87' lang='lat' dir='ltr'><strong>fovebatur,</strong></span> <span class='ocrx_word' id='word_1_475' title='bbox 1129 1234 1224 1262; x_wconf 86' lang='lat' dir='ltr'><strong>livoris</strong></span> <span class='ocrx_word' id='word_1_476' title='bbox 1246 1234 1374 1262; x_wconf 78' lang='lat' dir='ltr'><strong>allectum</strong></span> <span class='ocrx_word' id='word_1_477' title='bbox 1400 1236 1530 1270; x_wconf 88' lang='lat' dir='ltr'><strong>produnt.</strong></span> <span class='ocrx_word' id='word_1_478' title='bbox 1560 1236 1632 1263; x_wconf 85' lang='lat' dir='ltr'><strong>Inter</strong></span> <span class='ocrx_word' id='word_1_479' title='bbox 1659 1244 1729 1271; x_wconf 77' lang='lat' dir='ltr'><strong>quos</strong></span> 
     </span>
    </p>
   </div>
   <div class='ocr_carea' id='block_1_68' title="bbox 940 1280 1730 1316">
    <p class='ocr_par' dir='ltr' id='par_1_68' title="bbox 940 1280 1730 1316">
     <span class='ocr_line' id='line_1_68' title="bbox 940 1280 1730 1316; baseline 0.001 -10"><span class='ocrx_word' id='word_1_480' title='bbox 940 1280 1003 1306; x_wconf 80' lang='lat' dir='ltr'><strong>aliis</strong></span> <span class='ocrx_word' id='word_1_481' title='bbox 1030 1280 1142 1314; x_wconf 88' lang='lat' dir='ltr'><strong>quidam</strong></span> <span class='ocrx_word' id='word_1_482' title='bbox 1170 1280 1372 1313; x_wconf 88' lang='lat' dir='ltr'><strong>confidentior,</strong></span> <span class='ocrx_word' id='word_1_483' title='bbox 1396 1281 1620 1315; x_wconf 83' lang='lat' dir='ltr'><strong>furibundusquc</strong></span> <span class='ocrx_word' id='word_1_484' title='bbox 1644 1281 1730 1316; x_wconf 78' lang='lat' dir='ltr'><strong>magis</strong></span> 
     </span>
    </p>
   </div>
   <div class='ocr_carea' id='block_1_69' title="bbox 942 1324 1727 1359">
    <p class='ocr_par' dir='ltr' id='par_1_69' title="bbox 942 1324 1727 1359">
     <span class='ocr_line' id='line_1_69' title="bbox 942 1324 1727 1359; baseline 0.003 -9"><span class='ocrx_word' id='word_1_485' title='bbox 942 1324 1012 1358; x_wconf 82' lang='lat' dir='ltr'><strong>(erat</strong></span> <span class='ocrx_word' id='word_1_486' title='bbox 1031 1330 1122 1351; x_wconf 82' lang='lat' dir='ltr'><strong>autem</strong></span> <span class='ocrx_word' id='word_1_487' title='bbox 1143 1333 1176 1352; x_wconf 76' lang='lat' dir='ltr'><strong>ex</strong></span> <span class='ocrx_word' id='word_1_488' title='bbox 1196 1326 1371 1352; x_wconf 84' lang='lat' dir='ltr'><strong>sacerdotum</strong></span> <span class='ocrx_word' id='word_1_489' title='bbox 1396 1326 1516 1359; x_wconf 87' lang='lat' dir='ltr'><strong>ordine),</strong></span> <span class='ocrx_word' id='word_1_490' title='bbox 1533 1334 1595 1353; x_wconf 93' lang='lat' dir='ltr'><strong>eum</strong></span> <span class='ocrx_word' id='word_1_491' title='bbox 1614 1334 1727 1353; x_wconf 88' lang='lat' dir='ltr'><strong>sacrum</strong></span> 
     </span>
    </p>
   </div>
   <div class='ocr_carea' id='block_1_70' title="bbox 942 1371 1727 1406">
    <p class='ocr_par' dir='ltr' id='par_1_70' title="bbox 942 1371 1727 1406">
     <span class='ocr_line' id='line_1_70' title="bbox 942 1371 1727 1406; baseline 0.001 -9"><span class='ocrx_word' id='word_1_492' title='bbox 942 1371 1150 1398; x_wconf 76' lang='lat' dir='ltr'><strong>tabernaculum</strong></span> <span class='ocrx_word' id='word_1_493' title='bbox 1174 1376 1342 1406; x_wconf 64' lang='lat' dir='ltr'><strong>portari-tur,</strong></span> <span class='ocrx_word' id='word_1_494' title='bbox 1361 1372 1464 1406; x_wconf 81' lang='lat' dir='ltr'><strong>impetu</strong></span> <span class='ocrx_word' id='word_1_495' title='bbox 1487 1372 1605 1406; x_wconf 90' lang='lat' dir='ltr'><strong>quodam</strong></span> <span class='ocrx_word' id='word_1_496' title='bbox 1630 1377 1727 1406; x_wconf 77' lang='lat' dir='ltr'><strong>pra:th</strong></span> 
     </span>
    </p>
   </div>
   <div class='ocr_carea' id='block_1_71' title="bbox 943 1415 1730 1451">
    <p class='ocr_par' dir='ltr' id='par_1_71' title="bbox 943 1415 1730 1451">
     <span class='ocr_line' id='line_1_71' title="bbox 943 1415 1730 1451; baseline 0.001 -8"><span class='ocrx_word' id='word_1_497' title='bbox 943 1417 1077 1444; x_wconf 83' lang='lat' dir='ltr'><strong>rationem</strong></span> <span class='ocrx_word' id='word_1_498' title='bbox 1093 1415 1224 1451; x_wconf 87' lang='lat' dir='ltr'><strong>percitus,</strong></span> <span class='ocrx_word' id='word_1_499' title='bbox 1241 1417 1268 1444; x_wconf 91' lang='lat' dir='ltr'><strong>in</strong></span> <span class='ocrx_word' id='word_1_500' title='bbox 1285 1417 1311 1443; x_wconf 91' lang='lat' dir='ltr'><strong>id</strong></span> <span class='ocrx_word' id='word_1_501' title='bbox 1328 1418 1483 1449; x_wconf 83' lang='lat' dir='ltr'><strong>ferebatur,</strong></span> <span class='ocrx_word' id='word_1_502' title='bbox 1502 1417 1580 1444; x_wconf 84' lang='lat' dir='ltr'><strong>ltumi</strong></span> <span class='ocrx_word' id='word_1_503' title='bbox 1604 1423 1730 1451; x_wconf 75' lang='lat' dir='ltr'><strong>proster-</strong></span> 
     </span>
    </p>
   </div>
   <div class='ocr_carea' id='block_1_72' title="bbox 943 1462 1729 1498">
    <p class='ocr_par' dir='ltr' id='par_1_72' title="bbox 943 1462 1729 1498">
     <span class='ocr_line' id='line_1_72' title="bbox 943 1462 1729 1498; baseline 0.003 -10"><span class='ocrx_word' id='word_1_504' title='bbox 943 1470 1009 1489; x_wconf 85' lang='lat' dir='ltr'><strong>nere</strong></span> <span class='ocrx_word' id='word_1_505' title='bbox 1031 1469 1140 1489; x_wconf 79' lang='lat' dir='ltr'><strong>sacrum</strong></span> <span class='ocrx_word' id='word_1_506' title='bbox 1161 1462 1228 1489; x_wconf 84' lang='lat' dir='ltr'><strong>illud</strong></span> <span class='ocrx_word' id='word_1_507' title='bbox 1251 1470 1370 1497; x_wconf 91' lang='lat' dir='ltr'><strong>corpus,</strong></span> <span class='ocrx_word' id='word_1_508' title='bbox 1393 1469 1475 1497; x_wconf 81' lang='lat' dir='ltr'><strong>atque</strong></span> <span class='ocrx_word' id='word_1_509' title='bbox 1499 1463 1677 1498; x_wconf 65' lang='lat' dir='ltr'><strong>pessumdare</strong></span> <span class='ocrx_word' id='word_1_510' title='bbox 1703 1463 1729 1490; x_wconf 80' lang='lat' dir='ltr'><strong>iu</strong></span> 
     </span>
    </p>
   </div>
   <div class='ocr_carea' id='block_1_73' title="bbox 941 1507 1731 1543">
    <p class='ocr_par' dir='ltr' id='par_1_73' title="bbox 941 1507 1731 1543">
     <span class='ocr_line' id='line_1_73' title="bbox 941 1507 1731 1543; baseline 0.001 -9"><span class='ocrx_word' id='word_1_511' title='bbox 941 1507 1033 1534; x_wconf 84' lang='lat' dir='ltr'><strong>animo</strong></span> <span class='ocrx_word' id='word_1_512' title='bbox 1044 1507 1157 1535; x_wconf 80' lang='lat' dir='ltr'><strong>habens.</strong></span> <span class='ocrx_word' id='word_1_513' title='bbox 1168 1507 1219 1535; x_wconf 81' lang='lat' dir='ltr'><strong>Sed</strong></span> <span class='ocrx_word' id='word_1_514' title='bbox 1227 1508 1301 1535; x_wconf 84' lang='lat' dir='ltr'><strong>enim</strong></span> <span class='ocrx_word' id='word_1_515' title='bbox 1314 1508 1433 1535; x_wconf 80' lang='lat' dir='ltr'><strong>vindicta</strong></span> <span class='ocrx_word' id='word_1_516' title='bbox 1443 1517 1614 1543; x_wconf 82' lang='lat' dir='ltr'><strong>nequaquam</strong></span> <span class='ocrx_word' id='word_1_517' title='bbox 1625 1513 1731 1536; x_wconf 80' lang='lat' dir='ltr'><strong>morata</strong></span> 
     </span>
    </p>
   </div>
   <div class='ocr_carea' id='block_1_74' title="bbox 942 1553 1731 1588">
    <p class='ocr_par' dir='ltr' id='par_1_74' title="bbox 942 1553 1731 1588">
     <span class='ocr_line' id='line_1_74' title="bbox 942 1553 1731 1588; baseline 0 -7"><span class='ocrx_word' id='word_1_518' title='bbox 942 1559 996 1581; x_wconf 74' lang='lat' dir='ltr'><strong>est.</strong></span> <span class='ocrx_word' id='word_1_519' title='bbox 1013 1553 1136 1588; x_wconf 88' lang='lat' dir='ltr'><strong>Namque</strong></span> <span class='ocrx_word' id='word_1_520' title='bbox 1151 1554 1185 1581; x_wconf 83' lang='lat' dir='ltr'><strong>ab</strong></span> <span class='ocrx_word' id='word_1_521' title='bbox 1203 1554 1275 1581; x_wconf 87' lang='lat' dir='ltr'><strong>ulnis</strong></span> <span class='ocrx_word' id='word_1_522' title='bbox 1290 1561 1386 1582; x_wconf 85' lang='lat' dir='ltr'><strong>manus</strong></span> <span class='ocrx_word' id='word_1_523' title='bbox 1405 1554 1479 1581; x_wconf 87' lang='lat' dir='ltr'><strong>illius</strong></span> <span class='ocrx_word' id='word_1_524' title='bbox 1495 1554 1598 1586; x_wconf 68' lang='lat' dir='ltr'><strong>recism,</strong></span> <span class='ocrx_word' id='word_1_525' title='bbox 1612 1562 1644 1581; x_wconf 78' lang='lat' dir='ltr'><strong>ex</strong></span> <span class='ocrx_word' id='word_1_526' title='bbox 1658 1554 1731 1581; x_wconf 84' lang='lat' dir='ltr'><strong>fere-</strong></span> 
     </span>
    </p>
   </div>
   <div class='ocr_carea' id='block_1_75' title="bbox 920 1599 1732 1635">
    <p class='ocr_par' dir='ltr' id='par_1_75' title="bbox 920 1599 1732 1635">
     <span class='ocr_line' id='line_1_75' title="bbox 920 1599 1732 1635; baseline 0 -9"><span class='ocrx_word' id='word_1_527' title='bbox 920 1604 922 1607; x_wconf 87' lang='lat'>&#39;</span> <span class='ocrx_word' id='word_1_528' title='bbox 945 1604 987 1626; x_wconf 88' lang='lat' dir='ltr'><strong>tro</strong></span> <span class='ocrx_word' id='word_1_529' title='bbox 1010 1599 1213 1635; x_wconf 88' lang='lat' dir='ltr'><strong>dcpenderunt.</strong></span> <span class='ocrx_word' id='word_1_530' title='bbox 1236 1601 1270 1628; x_wconf 83' lang='lat' dir='ltr'><strong>At</strong></span> <span class='ocrx_word' id='word_1_531' title='bbox 1295 1608 1356 1634; x_wconf 74' lang='lat' dir='ltr'><strong>qua:</strong></span> <span class='ocrx_word' id='word_1_532' title='bbox 1382 1599 1473 1627; x_wconf 71' lang='lat' dir='ltr'><strong>divina</strong></span> <span class='ocrx_word' id='word_1_533' title='bbox 1498 1600 1643 1627; x_wconf 88' lang='lat' dir='ltr'><strong>nativitatc</strong></span> <span class='ocrx_word' id='word_1_534' title='bbox 1671 1609 1732 1634; x_wconf 77' lang='lat' dir='ltr'><strong>sua,</strong></span> 
     </span>
    </p>
   </div>
   <div class='ocr_carea' id='block_1_76' title="bbox 944 1645 1733 1681">
    <p class='ocr_par' dir='ltr' id='par_1_76' title="bbox 944 1645 1733 1681">
     <span class='ocr_line' id='line_1_76' title="bbox 944 1645 1733 1681; baseline 0.001 -9"><span class='ocrx_word' id='word_1_535' title='bbox 944 1645 1038 1673; x_wconf 70' lang='lat' dir='ltr'><strong>laetitia</strong></span> <span class='ocrx_word' id='word_1_536' title='bbox 1059 1646 1238 1674; x_wconf 87' lang='lat' dir='ltr'><strong>habitabilem</strong></span> <span class='ocrx_word' id='word_1_537' title='bbox 1261 1647 1356 1674; x_wconf 87' lang='lat' dir='ltr'><strong>orbem</strong></span> <span class='ocrx_word' id='word_1_538' title='bbox 1381 1653 1490 1673; x_wconf 83' lang='lat' dir='ltr'><strong>onmem</strong></span> <span class='ocrx_word' id='word_1_539' title='bbox 1514 1647 1680 1681; x_wconf 75' lang='lat' dir='ltr'><strong>repleverat,</strong></span> <span class='ocrx_word' id='word_1_540' title='bbox 1698 1655 1733 1674; x_wconf 81' lang='lat' dir='ltr'><strong>ne</strong></span> 
     </span>
    </p>
   </div>
   <div class='ocr_carea' id='block_1_77' title="bbox 942 1691 1733 1728">
    <p class='ocr_par' dir='ltr' id='par_1_77' title="bbox 942 1691 1733 1728">
     <span class='ocr_line' id='line_1_77' title="bbox 942 1691 1733 1728; baseline 0.001 -10"><span class='ocrx_word' id='word_1_541' title='bbox 942 1691 970 1719; x_wconf 90' lang='lat' dir='ltr'><strong>in</strong></span> <span class='ocrx_word' id='word_1_542' title='bbox 993 1692 1070 1719; x_wconf 87' lang='lat' dir='ltr'><strong>obitu</strong></span> <span class='ocrx_word' id='word_1_543' title='bbox 1095 1693 1206 1727; x_wconf 85' lang='lat' dir='ltr'><strong>quidem</strong></span> <span class='ocrx_word' id='word_1_544' title='bbox 1234 1693 1356 1728; x_wconf 87' lang='lat' dir='ltr'><strong>cuipiam</strong></span> <span class='ocrx_word' id='word_1_545' title='bbox 1378 1693 1512 1720; x_wconf 75' lang='lat' dir='ltr'><strong>molestia:</strong></span> <span class='ocrx_word' id='word_1_546' title='bbox 1531 1696 1579 1720; x_wconf 87' lang='lat' dir='ltr'><strong>aut</strong></span> <span class='ocrx_word' id='word_1_547' title='bbox 1604 1700 1733 1720; x_wconf 71' lang='lat' dir='ltr'><strong>aerumna:</strong></span> 
     </span>
    </p>
   </div>
   <div class='ocr_carea' id='block_1_78' title="bbox 942 1736 1734 1772">
    <p class='ocr_par' dir='ltr' id='par_1_78' title="bbox 942 1736 1734 1772">
     <span class='ocr_line' id='line_1_78' title="bbox 942 1736 1734 1772; baseline 0 -8"><span class='ocrx_word' id='word_1_548' title='bbox 942 1736 1061 1772; x_wconf 86' lang='lat' dir='ltr'><strong>alicujus</strong></span> <span class='ocrx_word' id='word_1_549' title='bbox 1077 1745 1158 1765; x_wconf 84' lang='lat' dir='ltr'><strong>causa</strong></span> <span class='ocrx_word' id='word_1_550' title='bbox 1173 1737 1267 1765; x_wconf 85' lang='lat' dir='ltr'><strong>futura</strong></span> <span class='ocrx_word' id='word_1_551' title='bbox 1286 1742 1354 1765; x_wconf 88' lang='lat' dir='ltr'><strong>erat.</strong></span> <span class='ocrx_word' id='word_1_552' title='bbox 1372 1738 1458 1765; x_wconf 87' lang='lat' dir='ltr'><strong>Porro</strong></span> <span class='ocrx_word' id='word_1_553' title='bbox 1476 1739 1499 1766; x_wconf 83' lang='lat' dir='ltr'><strong>is</strong></span> <span class='ocrx_word' id='word_1_554' title='bbox 1514 1739 1558 1765; x_wconf 86' lang='lat' dir='ltr'><strong>cui</strong></span> <span class='ocrx_word' id='word_1_555' title='bbox 1577 1739 1630 1765; x_wconf 88' lang='lat' dir='ltr'><strong>hoc</strong></span> <span class='ocrx_word' id='word_1_556' title='bbox 1644 1738 1734 1766; x_wconf 83' lang='lat' dir='ltr'><strong>conti-</strong></span> 
     </span>
    </p>
   </div>
   <div class='ocr_carea' id='block_1_79' title="bbox 943 1783 1735 1819">
    <p class='ocr_par' dir='ltr' id='par_1_79' title="bbox 943 1783 1735 1819">
     <span class='ocr_line' id='line_1_79' title="bbox 943 1783 1735 1819; baseline 0.001 -10"><span class='ocrx_word' id='word_1_557' title='bbox 943 1787 1029 1817; x_wconf 76' lang='lat' dir='ltr'><strong>gerat,</strong></span> <span class='ocrx_word' id='word_1_558' title='bbox 1047 1791 1108 1811; x_wconf 91' lang='lat' dir='ltr'><strong>cum</strong></span> <span class='ocrx_word' id='word_1_559' title='bbox 1132 1784 1219 1810; x_wconf 88' lang='lat' dir='ltr'><strong>malus</strong></span> <span class='ocrx_word' id='word_1_560' title='bbox 1233 1784 1343 1818; x_wconf 80' lang='lat' dir='ltr'><strong>quidem</strong></span> <span class='ocrx_word' id='word_1_561' title='bbox 1355 1803 1362 1816; x_wconf 86' lang='lat'><strong>,</strong></span> <span class='ocrx_word' id='word_1_562' title='bbox 1379 1783 1428 1811; x_wconf 88' lang='lat' dir='ltr'><strong>sed</strong></span> <span class='ocrx_word' id='word_1_563' title='bbox 1443 1787 1534 1811; x_wconf 86' lang='lat' dir='ltr'><strong>tamen</strong></span> <span class='ocrx_word' id='word_1_564' title='bbox 1547 1792 1604 1811; x_wconf 87' lang='lat' dir='ltr'><strong>non</strong></span> <span class='ocrx_word' id='word_1_565' title='bbox 1619 1792 1735 1819; x_wconf 85' lang='lat' dir='ltr'><strong>prorsus</strong></span> 
     </span>
    </p>
   </div>
   <div class='ocr_carea' id='block_1_80' title="bbox 943 1828 1733 1864">
    <p class='ocr_par' dir='ltr' id='par_1_80' title="bbox 943 1828 1733 1864">
     <span class='ocr_line' id='line_1_80' title="bbox 943 1828 1733 1864; baseline 0.003 -9"><span class='ocrx_word' id='word_1_566' title='bbox 943 1828 1105 1862; x_wconf 76' lang='lat' dir='ltr'><strong>desperatus</strong></span> <span class='ocrx_word' id='word_1_567' title='bbox 1131 1835 1160 1856; x_wconf 87' lang='lat' dir='ltr'><strong>et</strong></span> <span class='ocrx_word' id='word_1_568' title='bbox 1185 1829 1347 1856; x_wconf 83' lang='lat' dir='ltr'><strong>incnrabilis</strong></span> <span class='ocrx_word' id='word_1_569' title='bbox 1373 1833 1457 1861; x_wconf 80' lang='lat' dir='ltr'><strong>esset,</strong></span> <span class='ocrx_word' id='word_1_570' title='bbox 1472 1830 1644 1864; x_wconf 64' lang='lat' dir='ltr'><strong>penitentize</strong></span> <span class='ocrx_word' id='word_1_571' title='bbox 1677 1829 1733 1857; x_wconf 78' lang='lat' dir='ltr'><strong>rite</strong></span> 
     </span>
    </p>
   </div>
   <div class='ocr_carea' id='block_1_81' title="bbox 944 1874 1733 1910">
    <p class='ocr_par' dir='ltr' id='par_1_81' title="bbox 944 1874 1733 1910">
     <span class='ocr_line' id='line_1_81' title="bbox 944 1874 1733 1910; baseline 0 -9"><span class='ocrx_word' id='word_1_572' title='bbox 944 1875 1090 1908; x_wconf 66' lang='lat' dir='ltr'><strong>praetendit</strong></span> <span class='ocrx_word' id='word_1_573' title='bbox 1106 1875 1259 1902; x_wconf 84' lang='lat' dir='ltr'><strong>remedium</strong></span> <span class='ocrx_word' id='word_1_574' title='bbox 1273 1884 1279 1902; x_wconf 89' lang='lat'><strong>:</strong></span> <span class='ocrx_word' id='word_1_575' title='bbox 1295 1880 1323 1902; x_wconf 86' lang='lat' dir='ltr'><strong>et</strong></span> <span class='ocrx_word' id='word_1_576' title='bbox 1339 1874 1470 1909; x_wconf 87' lang='lat' dir='ltr'><strong>quoniam</strong></span> <span class='ocrx_word' id='word_1_577' title='bbox 1484 1883 1581 1902; x_wconf 86' lang='lat' dir='ltr'><strong>manus</strong></span> <span class='ocrx_word' id='word_1_578' title='bbox 1597 1883 1664 1910; x_wconf 80' lang='lat' dir='ltr'><strong>quas</strong></span> <span class='ocrx_word' id='word_1_579' title='bbox 1676 1882 1733 1902; x_wconf 88' lang='lat' dir='ltr'><strong>non</strong></span> 
     </span>
    </p>
   </div>
   <div class='ocr_carea' id='block_1_82' title="bbox 106 1919 1717 1957">
    <p class='ocr_par' dir='ltr' id='par_1_82' title="bbox 106 1919 1717 1957">
     <span class='ocr_line' id='line_1_82' title="bbox 106 1919 1717 1957; baseline 0 -10"><span class='ocrx_word' id='word_1_580' title='bbox 106 1921 242 1956; x_wconf 83' lang='lat' dir='ltr'><strong>habebat,</strong></span> <span class='ocrx_word' id='word_1_581' title='bbox 267 1921 434 1957; x_wconf 83' lang='lat' dir='ltr'><strong>protendere</strong></span> <span class='ocrx_word' id='word_1_582' title='bbox 447 1920 560 1954; x_wconf 77' lang='lat' dir='ltr'><strong>nequit,</strong></span> <span class='ocrx_word' id='word_1_583' title='bbox 578 1919 713 1955; x_wconf 83' lang='lat' dir='ltr'><strong>lacrymas</strong></span> <span class='ocrx_word' id='word_1_584' title='bbox 731 1919 846 1954; x_wconf 78' lang='lat' dir='ltr'><strong>profert,</strong></span> <span class='ocrx_word' id='word_1_585' title='bbox 864 1924 892 1947; x_wconf 88' lang='lat' dir='ltr'><strong>et</strong></span> <span class='ocrx_word' id='word_1_586' title='bbox 910 1920 992 1948; x_wconf 88' lang='lat' dir='ltr'><strong>simul</strong></span> <span class='ocrx_word' id='word_1_587' title='bbox 1025 1929 1087 1948; x_wconf 87' lang='lat' dir='ltr'><strong>cum</strong></span> <span class='ocrx_word' id='word_1_588' title='bbox 1107 1921 1298 1957; x_wconf 80' lang='lat' dir='ltr'><strong>castigatione,</strong></span> <span class='ocrx_word' id='word_1_589' title='bbox 1313 1929 1380 1948; x_wconf 82' lang='lat' dir='ltr'><strong>cura</strong></span> <span class='ocrx_word' id='word_1_590' title='bbox 1413 1929 1523 1957; x_wconf 90' lang='lat' dir='ltr'><strong>quoque</strong></span> <span class='ocrx_word' id='word_1_591' title='bbox 1539 1921 1618 1949; x_wconf 83' lang='lat' dir='ltr'><strong>adest</strong></span> <span class='ocrx_word' id='word_1_592' title='bbox 1647 1921 1717 1948; x_wconf 84' lang='lat' dir='ltr'><strong>Fere</strong></span> 
     </span>
    </p>
   </div>
   <div class='ocr_carea' id='block_1_83' title="bbox 106 1966 1731 2002">
    <p class='ocr_par' dir='ltr' id='par_1_83' title="bbox 106 1966 1731 2002">
     <span class='ocr_line' id='line_1_83' title="bbox 106 1966 1731 2002; baseline 0 -8"><span class='ocrx_word' id='word_1_593' title='bbox 106 1971 176 1996; x_wconf 88' lang='lat' dir='ltr'><strong>trum</strong></span> <span class='ocrx_word' id='word_1_594' title='bbox 198 1969 276 1997; x_wconf 85' lang='lat' dir='ltr'><strong>enim</strong></span> <span class='ocrx_word' id='word_1_595' title='bbox 301 1967 444 2000; x_wconf 85' lang='lat' dir='ltr'><strong>constitit,</strong></span> <span class='ocrx_word' id='word_1_596' title='bbox 467 1972 496 1996; x_wconf 89' lang='lat' dir='ltr'><strong>et</strong></span> <span class='ocrx_word' id='word_1_597' title='bbox 517 1974 616 1994; x_wconf 84' lang='lat' dir='ltr'><strong>manus</strong></span> <span class='ocrx_word' id='word_1_598' title='bbox 636 1966 671 1993; x_wconf 84' lang='lat' dir='ltr'><strong>ad</strong></span> <span class='ocrx_word' id='word_1_599' title='bbox 713 1966 908 1998; x_wconf 84' lang='lat' dir='ltr'><strong>resectionem,</strong></span> <span class='ocrx_word' id='word_1_600' title='bbox 948 1966 1021 1994; x_wconf 88' lang='lat' dir='ltr'><strong>unde</strong></span> <span class='ocrx_word' id='word_1_601' title='bbox 1044 1966 1222 2000; x_wconf 82' lang='lat' dir='ltr'><strong>deciderant,</strong></span> <span class='ocrx_word' id='word_1_602' title='bbox 1245 1966 1459 1994; x_wconf 83' lang='lat' dir='ltr'><strong>accommodatae</strong></span> <span class='ocrx_word' id='word_1_603' title='bbox 1484 1967 1576 2001; x_wconf 85' lang='lat' dir='ltr'><strong>(Petri</strong></span> <span class='ocrx_word' id='word_1_604' title='bbox 1601 1967 1627 1994; x_wconf 89' lang='lat' dir='ltr'><strong>id</strong></span> <span class='ocrx_word' id='word_1_605' title='bbox 1653 1968 1731 2002; x_wconf 72' lang='lat' dir='ltr'><strong>jussu</strong></span> 
     </span>
    </p>
   </div>
   <div class='ocr_carea' id='block_1_84' title="bbox 105 2012 1734 2050">
    <p class='ocr_par' dir='ltr' id='par_1_84' title="bbox 105 2012 1734 2050">
     <span class='ocr_line' id='line_1_84' title="bbox 105 2012 1734 2050; baseline 0 -9"><span class='ocrx_word' id='word_1_606' title='bbox 105 2013 219 2050; x_wconf 76' lang='lat' dir='ltr'><strong>factum)</strong></span> <span class='ocrx_word' id='word_1_607' title='bbox 237 2013 383 2043; x_wconf 81' lang='lat' dir='ltr'><strong>confestim</strong></span> <span class='ocrx_word' id='word_1_608' title='bbox 403 2014 550 2048; x_wconf 86' lang='lat' dir='ltr'><strong>pristinum</strong></span> <span class='ocrx_word' id='word_1_609' title='bbox 569 2017 670 2040; x_wconf 83' lang='lat' dir='ltr'><strong>statum</strong></span> <span class='ocrx_word' id='word_1_610' title='bbox 700 2019 778 2038; x_wconf 87' lang='lat' dir='ltr'><strong>suum</strong></span> <span class='ocrx_word' id='word_1_611' title='bbox 809 2017 983 2046; x_wconf 77' lang='lat' dir='ltr'><strong>recuperarit.</strong></span> <span class='ocrx_word' id='word_1_612' title='bbox 1014 2012 1172 2041; x_wconf 86' lang='lat' dir='ltr'><strong>Ubi&#39;autem</strong></span> <span class='ocrx_word' id='word_1_613' title='bbox 1191 2013 1225 2040; x_wconf 87' lang='lat' dir='ltr'><strong>ad</strong></span> <span class='ocrx_word' id='word_1_614' title='bbox 1240 2013 1398 2040; x_wconf 84' lang='lat' dir='ltr'><strong>Getsemani</strong></span> <span class='ocrx_word' id='word_1_615' title='bbox 1419 2018 1582 2048; x_wconf 84' lang='lat' dir='ltr'><strong>perventum</strong></span> <span class='ocrx_word' id='word_1_616' title='bbox 1600 2018 1651 2044; x_wconf 85' lang='lat' dir='ltr'><strong>est.</strong></span> <span class='ocrx_word' id='word_1_617' title='bbox 1686 2021 1734 2041; x_wconf 76' lang='lat' dir='ltr'><strong>se-</strong></span> 
     </span>
    </p>
   </div>
   <div class='ocr_carea' id='block_1_85' title="bbox 106 2060 1732 2097">
    <p class='ocr_par' dir='ltr' id='par_1_85' title="bbox 106 2060 1732 2097">
     <span class='ocr_line' id='line_1_85' title="bbox 106 2060 1732 2097; baseline -0.001 -8"><span class='ocrx_word' id='word_1_618' title='bbox 106 2062 221 2097; x_wconf 77' lang='lat' dir='ltr'><strong>pulturae</strong></span> <span class='ocrx_word' id='word_1_619' title='bbox 237 2063 350 2097; x_wconf 89' lang='lat' dir='ltr'><strong>quidem</strong></span> <span class='ocrx_word' id='word_1_620' title='bbox 367 2062 425 2095; x_wconf 80' lang='lat' dir='ltr'><strong>illa,</strong></span> <span class='ocrx_word' id='word_1_621' title='bbox 440 2062 539 2090; x_wconf 81' lang='lat' dir='ltr'><strong>Filium</strong></span> <span class='ocrx_word' id='word_1_622' title='bbox 554 2061 671 2092; x_wconf 88' lang='lat' dir='ltr'><strong>imitata,</strong></span> <span class='ocrx_word' id='word_1_623' title='bbox 688 2060 826 2089; x_wconf 68' lang='lat' dir='ltr'><strong>traditur:</strong></span> <span class='ocrx_word' id='word_1_624' title='bbox 839 2068 889 2096; x_wconf 88' lang='lat' dir='ltr'><strong>per</strong></span> <span class='ocrx_word' id='word_1_625' title='bbox 908 2061 984 2088; x_wconf 90' lang='lat' dir='ltr'><strong>illum</strong></span> <span class='ocrx_word' id='word_1_626' title='bbox 1005 2066 1096 2088; x_wconf 80' lang='lat' dir='ltr'><strong>autent</strong></span> <span class='ocrx_word' id='word_1_627' title='bbox 1135 2061 1169 2088; x_wconf 89' lang='lat' dir='ltr'><strong>ad</strong></span> <span class='ocrx_word' id='word_1_628' title='bbox 1191 2060 1285 2088; x_wconf 86' lang='lat' dir='ltr'><strong>divina</strong></span> <span class='ocrx_word' id='word_1_629' title='bbox 1326 2060 1504 2089; x_wconf 83' lang='lat' dir='ltr'><strong>tabernacula</strong></span> <span class='ocrx_word' id='word_1_630' title='bbox 1521 2061 1570 2097; x_wconf 72' lang='lat'><strong>(5),</strong></span> <span class='ocrx_word' id='word_1_631' title='bbox 1590 2062 1623 2089; x_wconf 89' lang='lat' dir='ltr'><strong>ad</strong></span> <span class='ocrx_word' id='word_1_632' title='bbox 1642 2062 1732 2096; x_wconf 86' lang='lat' dir='ltr'><strong>ipsum</strong></span> 
     </span>
    </p>
   </div>
   <div class='ocr_carea' id='block_1_86' title="bbox 109 2107 1733 2145">
    <p class='ocr_par' dir='ltr' id='par_1_86' title="bbox 109 2107 1733 2145">
     <span class='ocr_line' id='line_1_86' title="bbox 109 2107 1733 2145; baseline 0.001 -10"><span class='ocrx_word' id='word_1_633' title='bbox 109 2109 214 2137; x_wconf 82' lang='lat' dir='ltr'><strong>scilicet</strong></span> <span class='ocrx_word' id='word_1_634' title='bbox 234 2109 409 2145; x_wconf 83' lang='lat' dir='ltr'><strong>paradisum,</strong></span> <span class='ocrx_word' id='word_1_635' title='bbox 429 2107 477 2136; x_wconf 88' lang='lat' dir='ltr'><strong>ubi</strong></span> <span class='ocrx_word' id='word_1_636' title='bbox 496 2112 524 2136; x_wconf 85' lang='lat' dir='ltr'><strong>et</strong></span> <span class='ocrx_word' id='word_1_637' title='bbox 540 2107 602 2135; x_wconf 63' lang='lat' dir='ltr'><strong>vita:</strong></span> <span class='ocrx_word' id='word_1_638' title='bbox 620 2107 703 2134; x_wconf 83' lang='lat' dir='ltr'><strong>arbor</strong></span> <span class='ocrx_word' id='word_1_639' title='bbox 720 2107 826 2134; x_wconf 86' lang='lat' dir='ltr'><strong>consita</strong></span> <span class='ocrx_word' id='word_1_640' title='bbox 842 2112 895 2141; x_wconf 80' lang='lat' dir='ltr'><strong>est,</strong></span> <span class='ocrx_word' id='word_1_641' title='bbox 916 2108 1023 2135; x_wconf 87' lang='lat' dir='ltr'><strong>ratione</strong></span> <span class='ocrx_word' id='word_1_642' title='bbox 1042 2115 1085 2142; x_wconf 88' lang='lat' dir='ltr'><strong>ea,</strong></span> <span class='ocrx_word' id='word_1_643' title='bbox 1115 2115 1198 2142; x_wconf 88' lang='lat' dir='ltr'><strong>quam</strong></span> <span class='ocrx_word' id='word_1_644' title='bbox 1212 2107 1262 2142; x_wconf 84' lang='lat' dir='ltr'><strong>qui</strong></span> <span class='ocrx_word' id='word_1_645' title='bbox 1292 2108 1351 2135; x_wconf 76' lang='lat' dir='ltr'><strong>haec</strong></span> <span class='ocrx_word' id='word_1_646' title='bbox 1363 2107 1440 2142; x_wconf 85' lang='lat' dir='ltr'><strong>fecit,</strong></span> <span class='ocrx_word' id='word_1_647' title='bbox 1456 2109 1526 2135; x_wconf 82' lang='lat' dir='ltr'><strong>Deus</strong></span> <span class='ocrx_word' id='word_1_648' title='bbox 1541 2108 1628 2142; x_wconf 82' lang='lat' dir='ltr'><strong>novit,</strong></span> <span class='ocrx_word' id='word_1_649' title='bbox 1645 2113 1733 2136; x_wconf 82' lang='lat' dir='ltr'><strong>trans-</strong></span> 
     </span>
    </p>
   </div>
   <div class='ocr_carea' id='block_1_87' title="bbox 104 2156 201 2184">
    <p class='ocr_par' dir='ltr' id='par_1_87' title="bbox 104 2156 201 2184">
     <span class='ocr_line' id='line_1_87' title="bbox 104 2156 201 2184; baseline 0.01 -1"><span class='ocrx_word' id='word_1_650' title='bbox 104 2156 201 2184; x_wconf 83' lang='lat' dir='ltr'><strong>fertur.</strong></span> 
     </span>
    </p>
   </div>
   <div class='ocr_carea' id='block_1_88' title="bbox 138 2237 1734 2276">
    <p class='ocr_par' dir='ltr' id='par_1_88' title="bbox 138 2237 1734 2276">
     <span class='ocr_line' id='line_1_88' title="bbox 138 2237 1734 2276; baseline -0.003 -8"><span class='ocrx_word' id='word_1_651' title='bbox 138 2241 178 2276; x_wconf 83' lang='grc' dir='ltr'><strong>(ι)</strong></span> <span class='ocrx_word' id='word_1_652' title='bbox 199 2250 209 2267; x_wconf 79' lang='grc' dir='ltr'>ι</span> <span class='ocrx_word' id='word_1_653' title='bbox 226 2239 394 2276; x_wconf 77' lang='lat' dir='ltr'><strong>Monstratur</strong></span> <span class='ocrx_word' id='word_1_654' title='bbox 408 2238 827 2276; x_wconf 19' lang='lat' dir='ltr'><strong>sepulcrumrejus_cernentibus</strong></span> <span class='ocrx_word' id='word_1_655' title='bbox 843 2245 894 2276; x_wconf 65' lang='grc' dir='ltr'>μο-</span> <span class='ocrx_word' id='word_1_656' title='bbox 907 2241 935 2271; x_wconf 78' lang='lat' dir='ltr'><strong>D</strong></span> <span class='ocrx_word' id='word_1_657' title='bbox 982 2238 1024 2276; x_wconf 78' lang='lat'><strong>(5)_</strong></span> <span class='ocrx_word' id='word_1_658' title='bbox 1038 2248 1047 2264; x_wconf 74' lang='grc' dir='ltr'><strong>ε</strong></span> <span class='ocrx_word' id='word_1_659' title='bbox 1059 2237 1235 2276; x_wconf 21' lang='lat' dir='ltr'><strong>&gt;Qnod,_quia</strong></span> <span class='ocrx_word' id='word_1_660' title='bbox 1258 2237 1313 2276; x_wconf 73' lang='lat' dir='ltr'><strong>Deo</strong></span> <span class='ocrx_word' id='word_1_661' title='bbox 1328 2237 1398 2265; x_wconf 79' lang='lat' dir='ltr'><strong>nihil</strong></span> <span class='ocrx_word' id='word_1_662' title='bbox 1411 2242 1458 2276; x_wconf 73' lang='lat' dir='ltr'><strong>est</strong></span> <span class='ocrx_word' id='word_1_663' title='bbox 1475 2237 1664 2276; x_wconf 61' lang='lat' dir='ltr'><strong>impossibile,</strong></span> <span class='ocrx_word' id='word_1_664' title='bbox 1683 2245 1734 2265; x_wconf 80' lang='lat' dir='ltr'><strong>nec</strong></span> 
     </span>
    </p>
   </div>
   <div class='ocr_carea' id='block_1_89' title="bbox 103 2272 1734 2311">
    <p class='ocr_par' dir='ltr' id='par_1_89' title="bbox 103 2272 1734 2311">
     <span class='ocr_line' id='line_1_89' title="bbox 103 2272 1734 2311; baseline -0.002 -8"><span class='ocrx_word' id='word_1_665' title='bbox 103 2272 147 2303; x_wconf 75' lang='lat' dir='ltr'><strong>bis</strong></span> <span class='ocrx_word' id='word_1_666' title='bbox 160 2272 251 2311; x_wconf 84' lang='lat' dir='ltr'><strong>usque</strong></span> <span class='ocrx_word' id='word_1_667' title='bbox 273 2275 307 2302; x_wconf 88' lang='lat' dir='ltr'><strong>ad</strong></span> <span class='ocrx_word' id='word_1_668' title='bbox 320 2272 464 2311; x_wconf 68' lang='lat' dir='ltr'><strong>praesens,</strong></span> <span class='ocrx_word' id='word_1_669' title='bbox 480 2275 508 2300; x_wconf 92' lang='lat' dir='ltr'><strong>in</strong></span> <span class='ocrx_word' id='word_1_670' title='bbox 525 2272 604 2311; x_wconf 58' lang='lat' dir='ltr'><strong>vallis</strong></span> <span class='ocrx_word' id='word_1_671' title='bbox 629 2273 762 2307; x_wconf 83' lang='lat' dir='ltr'><strong>Josapbat</strong></span> <span class='ocrx_word' id='word_1_672' title='bbox 789 2273 892 2311; x_wconf 66' lang='lat' dir='ltr'><strong>medio,</strong></span> <span class='ocrx_word' id='word_1_673' title='bbox 945 2272 996 2300; x_wconf 75' lang='lat' dir='ltr'><strong>nos</strong></span> <span class='ocrx_word' id='word_1_674' title='bbox 1008 2273 1043 2301; x_wconf 85' lang='lat' dir='ltr'><strong>de</strong></span> <span class='ocrx_word' id='word_1_675' title='bbox 1058 2274 1137 2301; x_wconf 85' lang='lat' dir='ltr'><strong>beata</strong></span> <span class='ocrx_word' id='word_1_676' title='bbox 1162 2273 1245 2311; x_wconf 65' lang='lat' dir='ltr'><strong>Maria</strong></span> <span class='ocrx_word' id='word_1_677' title='bbox 1265 2274 1375 2311; x_wconf 71' lang='lat' dir='ltr'><strong>factum</strong></span> <span class='ocrx_word' id='word_1_678' title='bbox 1396 2272 1734 2311; x_wconf 81' lang='lat' dir='ltr'><strong>abnuimus._Quan_q_uant</strong></span> 
     </span>
    </p>
   </div>
   <div class='ocr_carea' id='block_1_90' title="bbox 103 2307 1735 2345">
    <p class='ocr_par' dir='ltr' id='par_1_90' title="bbox 103 2307 1735 2345">
     <span class='ocr_line' id='line_1_90' title="bbox 103 2307 1735 2345; baseline -0.002 -9"><span class='ocrx_word' id='word_1_679' title='bbox 103 2319 162 2345; x_wconf 66' lang='lat' dir='ltr'><strong>quae</strong></span> <span class='ocrx_word' id='word_1_680' title='bbox 170 2307 251 2338; x_wconf 83' lang='lat' dir='ltr'><strong>vallis</strong></span> <span class='ocrx_word' id='word_1_681' title='bbox 263 2315 307 2338; x_wconf 80' lang='lat' dir='ltr'><strong>est</strong></span> <span class='ocrx_word' id='word_1_682' title='bbox 318 2307 390 2337; x_wconf 81' lang='lat' dir='ltr'><strong>inter</strong></span> <span class='ocrx_word' id='word_1_683' title='bbox 401 2314 521 2336; x_wconf 88' lang='lat' dir='ltr'><strong>montem</strong></span> <span class='ocrx_word' id='word_1_684' title='bbox 533 2309 600 2336; x_wconf 87' lang='lat' dir='ltr'><strong>Sion</strong></span> <span class='ocrx_word' id='word_1_685' title='bbox 617 2313 645 2345; x_wconf 83' lang='lat' dir='ltr'><strong>et</strong></span> <span class='ocrx_word' id='word_1_686' title='bbox 659 2313 779 2345; x_wconf 74' lang='lat' dir='ltr'><strong>moment</strong></span> <span class='ocrx_word' id='word_1_687' title='bbox 794 2308 894 2345; x_wconf 76' lang='lat' dir='ltr'><strong>_0liveti</strong></span> <span class='ocrx_word' id='word_1_688' title='bbox 944 2313 1057 2345; x_wconf 82' lang='lat' dir='ltr'><strong>propter</strong></span> <span class='ocrx_word' id='word_1_689' title='bbox 1081 2309 1217 2336; x_wconf 83' lang='lat' dir='ltr'><strong>cautelam</strong></span> <span class='ocrx_word' id='word_1_690' title='bbox 1233 2308 1309 2336; x_wconf 81' lang='lat' dir='ltr'><strong>salva</strong></span> <span class='ocrx_word' id='word_1_691' title='bbox 1334 2309 1403 2345; x_wconf 76' lang='lat' dir='ltr'><strong>fide,</strong></span> <span class='ocrx_word' id='word_1_692' title='bbox 1420 2308 1470 2345; x_wconf 21' lang='lat' dir='ltr'><strong>pio»</strong></span> <span class='ocrx_word' id='word_1_693' title='bbox 1493 2308 1580 2345; x_wconf 76' lang='lat' dir='ltr'><strong>magis</strong></span> <span class='ocrx_word' id='word_1_694' title='bbox 1591 2307 1735 2345; x_wconf 77' lang='lat' dir='ltr'><strong>desiderio</strong></span> 
     </span>
    </p>
   </div>
   <div class='ocr_carea' id='block_1_91' title="bbox 103 2343 1734 2380">
    <p class='ocr_par' dir='ltr' id='par_1_91' title="bbox 103 2343 1734 2380">
     <span class='ocr_line' id='line_1_91' title="bbox 103 2343 1734 2380; baseline -0.002 -7"><span class='ocrx_word' id='word_1_695' title='bbox 103 2343 202 2380; x_wconf 77' lang='lat' dir='ltr'><strong>posita,</strong></span> <span class='ocrx_word' id='word_1_696' title='bbox 223 2347 250 2372; x_wconf 84' lang='lat' dir='ltr'><strong>in</strong></span> <span class='ocrx_word' id='word_1_697' title='bbox 268 2353 321 2380; x_wconf 86' lang='lat' dir='ltr'><strong>qua</strong></span> <span class='ocrx_word' id='word_1_698' title='bbox 338 2345 443 2379; x_wconf 88' lang='lat' dir='ltr'><strong>sepulta</strong></span> <span class='ocrx_word' id='word_1_699' title='bbox 460 2344 546 2371; x_wconf 89' lang='lat' dir='ltr'><strong>fuisse</strong></span> <span class='ocrx_word' id='word_1_700' title='bbox 558 2344 734 2379; x_wconf 67' lang='lat' dir='ltr'><strong>praedicatur.</strong></span> <span class='ocrx_word' id='word_1_701' title='bbox 749 2343 803 2370; x_wconf 82' lang='lat' dir='ltr'><strong>Sed</strong></span> <span class='ocrx_word' id='word_1_702' title='bbox 817 2350 895 2380; x_wconf 83' lang='lat' dir='ltr'><strong>nunc</strong></span> <span class='ocrx_word' id='word_1_703' title='bbox 944 2343 1053 2378; x_wconf 76' lang='lat' dir='ltr'><strong>opinari</strong></span> <span class='ocrx_word' id='word_1_704' title='bbox 1073 2349 1209 2378; x_wconf 85' lang='lat' dir='ltr'><strong>oporteat,</strong></span> <span class='ocrx_word' id='word_1_705' title='bbox 1236 2351 1318 2378; x_wconf 83' lang='lat' dir='ltr'><strong>quam</strong></span> <span class='ocrx_word' id='word_1_706' title='bbox 1347 2343 1502 2380; x_wconf 63' lang='lat' dir='ltr'><strong>inconsulte</strong></span> <span class='ocrx_word' id='word_1_707' title='bbox 1515 2343 1632 2380; x_wconf 63' lang='lat' dir='ltr'><strong>delinire</strong></span> <span class='ocrx_word' id='word_1_708' title='bbox 1660 2343 1734 2380; x_wconf 87' lang='lat' dir='ltr'><strong>quod</strong></span> 
     </span>
    </p>
   </div>
   <div class='ocr_carea' id='block_1_92' title="bbox 103 2377 1735 2412">
    <p class='ocr_par' dir='ltr' id='par_1_92' title="bbox 103 2377 1735 2412">
     <span class='ocr_line' id='line_1_92' title="bbox 103 2377 1735 2412; baseline -0.001 -6"><span class='ocrx_word' id='word_1_709' title='bbox 103 2377 221 2408; x_wconf 74' lang='lat' dir='ltr'><strong>vacuum</strong></span> <span class='ocrx_word' id='word_1_710' title='bbox 249 2377 310 2408; x_wconf 69' lang='lat' dir='ltr'><strong>esse</strong></span> <span class='ocrx_word' id='word_1_711' title='bbox 334 2377 503 2406; x_wconf 82' lang='lat' dir='ltr'><strong>mausoleum</strong></span> <span class='ocrx_word' id='word_1_712' title='bbox 528 2377 710 2406; x_wconf 72' lang='lat' dir='ltr'><strong>cernentibus</strong></span> <span class='ocrx_word' id='word_1_713' title='bbox 726 2379 893 2405; x_wconf 86' lang='lat' dir='ltr'><strong>ostenditur.</strong></span> <span class='ocrx_word' id='word_1_714' title='bbox 945 2380 1005 2405; x_wconf 86' lang='lat' dir='ltr'><strong>sine</strong></span> <span class='ocrx_word' id='word_1_715' title='bbox 1036 2377 1160 2412; x_wconf 82' lang='lat' dir='ltr'><strong>periculo</strong></span> <span class='ocrx_word' id='word_1_716' title='bbox 1178 2377 1309 2406; x_wconf 85' lang='lat' dir='ltr'><strong>nescitur.</strong></span> <span class='ocrx_word' id='word_1_717' title='bbox 1329 2387 1339 2404; x_wconf 69' lang='grc' dir='ltr'>ι</span> <span class='ocrx_word' id='word_1_718' title='bbox 1365 2377 1548 2412; x_wconf 82' lang='lat' dir='ltr'><strong>(Hieronym.)</strong></span> <span class='ocrx_word' id='word_1_719' title='bbox 1565 2377 1735 2410; x_wconf 79' lang='lat' dir='ltr'><strong>(Quomodo</strong></span> 
     </span>
    </p>
   </div>
   <div class='ocr_carea' id='block_1_93' title="bbox 103 2412 1731 2449">
    <p class='ocr_par' dir='ltr' id='par_1_93' title="bbox 103 2412 1731 2449">
     <span class='ocr_line' id='line_1_93' title="bbox 103 2412 1731 2449; baseline -0.001 -8"><span class='ocrx_word' id='word_1_720' title='bbox 103 2415 165 2443; x_wconf 64' lang='lat' dir='ltr'><strong>llaec</strong></span> <span class='ocrx_word' id='word_1_721' title='bbox 182 2415 290 2443; x_wconf 85' lang='lat' dir='ltr'><strong>idcirco</strong></span> <span class='ocrx_word' id='word_1_722' title='bbox 305 2415 432 2447; x_wconf 85' lang='lat' dir='ltr'><strong>dixerim,</strong></span> <span class='ocrx_word' id='word_1_723' title='bbox 448 2414 512 2449; x_wconf 87' lang='lat' dir='ltr'><strong>quia</strong></span> <span class='ocrx_word' id='word_1_724' title='bbox 531 2414 609 2441; x_wconf 90' lang='lat' dir='ltr'><strong>multi</strong></span> <span class='ocrx_word' id='word_1_725' title='bbox 633 2418 792 2441; x_wconf 86' lang='lat' dir='ltr'><strong>nostrorum</strong></span> <span class='ocrx_word' id='word_1_726' title='bbox 810 2413 893 2440; x_wconf 89' lang='lat' dir='ltr'><strong>dubi-</strong></span> <span class='ocrx_word' id='word_1_727' title='bbox 945 2413 1027 2440; x_wconf 83' lang='lat' dir='ltr'><strong>Maria</strong></span> <span class='ocrx_word' id='word_1_728' title='bbox 1042 2418 1135 2440; x_wconf 88' lang='lat' dir='ltr'><strong>sancta</strong></span> <span class='ocrx_word' id='word_1_729' title='bbox 1153 2421 1205 2440; x_wconf 86' lang='lat' dir='ltr'><strong>una</strong></span> <span class='ocrx_word' id='word_1_730' title='bbox 1222 2421 1283 2440; x_wconf 80' lang='lat' dir='ltr'><strong>cum</strong></span> <span class='ocrx_word' id='word_1_731' title='bbox 1295 2421 1380 2440; x_wconf 85' lang='lat' dir='ltr'><strong>carne</strong></span> <span class='ocrx_word' id='word_1_732' title='bbox 1395 2421 1509 2448; x_wconf 79' lang='lat' dir='ltr'><strong>regnum</strong></span> <span class='ocrx_word' id='word_1_733' title='bbox 1524 2412 1656 2449; x_wconf 62' lang='lat' dir='ltr'><strong>caelorum</strong></span> <span class='ocrx_word' id='word_1_734' title='bbox 1676 2420 1731 2439; x_wconf 88' lang='lat' dir='ltr'><strong>non</strong></span> 
     </span>
    </p>
   </div>
   <div class='ocr_carea' id='block_1_94' title="bbox 105 2449 894 2484">
    <p class='ocr_par' dir='ltr' id='par_1_94' title="bbox 105 2449 894 2484">
     <span class='ocr_line' id='line_1_94' title="bbox 105 2449 894 2484; baseline -0.003 -7"><span class='ocrx_word' id='word_1_735' title='bbox 105 2455 172 2481; x_wconf 88' lang='lat' dir='ltr'><strong>tant,</strong></span> <span class='ocrx_word' id='word_1_736' title='bbox 203 2456 296 2477; x_wconf 87' lang='lat' dir='ltr'><strong>utrum</strong></span> <span class='ocrx_word' id='word_1_737' title='bbox 313 2455 452 2484; x_wconf 78' lang='lat' dir='ltr'><strong>assumpta</strong></span> <span class='ocrx_word' id='word_1_738' title='bbox 473 2449 557 2476; x_wconf 88' lang='lat' dir='ltr'><strong>fuerit</strong></span> <span class='ocrx_word' id='word_1_739' title='bbox 583 2449 665 2475; x_wconf 86' lang='lat' dir='ltr'><strong>simul</strong></span> <span class='ocrx_word' id='word_1_740' title='bbox 686 2456 748 2476; x_wconf 87' lang='lat' dir='ltr'><strong>cum</strong></span> <span class='ocrx_word' id='word_1_741' title='bbox 766 2456 894 2483; x_wconf 82' lang='lat' dir='ltr'><strong>corpore,</strong></span> 
     </span>
    </p>
   </div>
   <div class='ocr_carea' id='block_1_95' title="bbox 102 2485 716 2519">
    <p class='ocr_par' dir='ltr' id='par_1_95' title="bbox 102 2485 716 2519">
     <span class='ocr_line' id='line_1_95' title="bbox 102 2485 716 2519; baseline -0.003 -7"><span class='ocrx_word' id='word_1_742' title='bbox 102 2492 136 2512; x_wconf 84' lang='lat' dir='ltr'><strong>an</strong></span> <span class='ocrx_word' id='word_1_743' title='bbox 154 2486 259 2513; x_wconf 86' lang='lat' dir='ltr'><strong>abierit</strong></span> <span class='ocrx_word' id='word_1_744' title='bbox 278 2485 374 2512; x_wconf 88' lang='lat' dir='ltr'><strong>relicto</strong></span> <span class='ocrx_word' id='word_1_745' title='bbox 386 2491 512 2518; x_wconf 86' lang='lat' dir='ltr'><strong>corp0re.</strong></span> <span class='ocrx_word' id='word_1_746' title='bbox 530 2485 716 2519; x_wconf 83' lang='lat' dir='ltr'><strong>(Hieronym.)</strong></span> 
     </span>
    </p>
   </div>
   <div class='ocr_carea' id='block_1_96' title="bbox 140 2519 893 2555">
    <p class='ocr_par' dir='ltr' id='par_1_96' title="bbox 140 2519 893 2555">
     <span class='ocr_line' id='line_1_96' title="bbox 140 2519 893 2555; baseline -0.003 -8"><span class='ocrx_word' id='word_1_747' title='bbox 140 2520 180 2554; x_wconf 76' lang='lat'><strong>(2)</strong></span> <span class='ocrx_word' id='word_1_748' title='bbox 198 2521 334 2555; x_wconf 78' lang='lat' dir='ltr'><strong>Epiphan.</strong></span> <span class='ocrx_word' id='word_1_749' title='bbox 357 2519 491 2546; x_wconf 84' lang='lat' dir='ltr'><strong>adversus</strong></span> <span class='ocrx_word' id='word_1_750' title='bbox 515 2519 818 2555; x_wconf 80' lang='lat' dir='ltr'><strong>Antidicomarianitas,</strong></span> <span class='ocrx_word' id='word_1_751' title='bbox 837 2525 893 2545; x_wconf 89' lang='lat' dir='ltr'><strong>non</strong></span> 
     </span>
    </p>
   </div>
   <div class='ocr_carea' id='block_1_97' title="bbox 104 2554 894 2591">
    <p class='ocr_par' dir='ltr' id='par_1_97' title="bbox 104 2554 894 2591">
     <span class='ocr_line' id='line_1_97' title="bbox 104 2554 894 2591; baseline -0.003 -9"><span class='ocrx_word' id='word_1_752' title='bbox 104 2562 133 2582; x_wconf 88' lang='lat' dir='ltr'><strong>se</strong></span> <span class='ocrx_word' id='word_1_753' title='bbox 150 2554 236 2591; x_wconf 74' lang='lat' dir='ltr'><strong>posse</strong></span> <span class='ocrx_word' id='word_1_754' title='bbox 250 2554 385 2591; x_wconf 78' lang='lat' dir='ltr'><strong>allirmare</strong></span> <span class='ocrx_word' id='word_1_755' title='bbox 409 2559 438 2581; x_wconf 85' lang='lat' dir='ltr'><strong>et</strong></span> <span class='ocrx_word' id='word_1_756' title='bbox 460 2555 553 2591; x_wconf 83' lang='lat' dir='ltr'><strong>dicere</strong></span> <span class='ocrx_word' id='word_1_757' title='bbox 568 2554 678 2585; x_wconf 89' lang='lat' dir='ltr'><strong>scribit,</strong></span> <span class='ocrx_word' id='word_1_758' title='bbox 695 2554 729 2591; x_wconf 78' lang='lat' dir='ltr'><strong>de</strong></span> <span class='ocrx_word' id='word_1_759' title='bbox 754 2554 894 2591; x_wconf 80' lang='lat' dir='ltr'><strong>Genitrtce</strong></span> 
     </span>
    </p>
   </div>
   <div class='ocr_carea' id='block_1_98' title="bbox 104 2589 896 2626">
    <p class='ocr_par' dir='ltr' id='par_1_98' title="bbox 104 2589 896 2626">
     <span class='ocr_line' id='line_1_98' title="bbox 104 2589 896 2626; baseline -0.001 -9"><span class='ocrx_word' id='word_1_760' title='bbox 104 2589 163 2623; x_wconf 55' lang='lat' dir='ltr'><strong>Dei&#39;,</strong></span> <span class='ocrx_word' id='word_1_761' title='bbox 185 2591 230 2618; x_wconf 88' lang='lat' dir='ltr'><strong>vel</strong></span> <span class='ocrx_word' id='word_1_762' title='bbox 258 2589 332 2626; x_wconf 89' lang='lat' dir='ltr'><strong>quod</strong></span> <span class='ocrx_word' id='word_1_763' title='bbox 349 2590 514 2617; x_wconf 82' lang='lat' dir='ltr'><strong>immortalis</strong></span> <span class='ocrx_word' id='word_1_764' title='bbox 533 2589 729 2626; x_wconf 84' lang='lat' dir='ltr'><strong>permanserit,</strong></span> <span class='ocrx_word' id='word_1_765' title='bbox 754 2589 796 2617; x_wconf 85' lang='lat' dir='ltr'><strong>vel</strong></span> <span class='ocrx_word' id='word_1_766' title='bbox 822 2589 896 2624; x_wconf 86' lang='lat' dir='ltr'><strong>quod</strong></span> 
     </span>
    </p>
   </div>
   <div class='ocr_carea' id='block_1_99' title="bbox 104 2626 494 2654">
    <p class='ocr_par' dir='ltr' id='par_1_99' title="bbox 104 2626 494 2654">
     <span class='ocr_line' id='line_1_99' title="bbox 104 2626 494 2654; baseline 0 -2"><span class='ocrx_word' id='word_1_767' title='bbox 104 2626 189 2654; x_wconf 83' lang='lat' dir='ltr'><strong>vitam</strong></span> <span class='ocrx_word' id='word_1_768' title='bbox 204 2631 294 2653; x_wconf 90' lang='lat' dir='ltr'><strong>morte</strong></span> <span class='ocrx_word' id='word_1_769' title='bbox 306 2626 494 2653; x_wconf 84' lang='lat' dir='ltr'><strong>connnutarlt.</strong></span> 
     </span>
    </p>
   </div>
   <div class='ocr_carea' id='block_1_100' title="bbox 944 2448 1734 2483">
    <p class='ocr_par' dir='ltr' id='par_1_100' title="bbox 944 2448 1734 2483">
     <span class='ocr_line' id='line_1_100' title="bbox 944 2448 1734 2483; baseline -0.003 -8"><span class='ocrx_word' id='word_1_770' title='bbox 944 2453 1057 2481; x_wconf 86' lang='lat' dir='ltr'><strong>cernat,</strong></span> <span class='ocrx_word' id='word_1_771' title='bbox 1088 2456 1149 2482; x_wconf 70' lang='lat' dir='ltr'><strong>quae</strong></span> <span class='ocrx_word' id='word_1_772' title='bbox 1174 2455 1265 2482; x_wconf 78' lang='lat' dir='ltr'><strong>tneque</strong></span> <span class='ocrx_word' id='word_1_773' title='bbox 1295 2449 1453 2481; x_wconf 87' lang='lat' dir='ltr'><strong>lascivient,</strong></span> <span class='ocrx_word' id='word_1_774' title='bbox 1482 2455 1573 2483; x_wconf 86' lang='lat' dir='ltr'><strong>neque</strong></span> <span class='ocrx_word' id='word_1_775' title='bbox 1599 2448 1734 2475; x_wconf 84' lang='lat' dir='ltr'><strong>fornicata</strong></span> 
     </span>
    </p>
   </div>
   <div class='ocr_carea' id='block_1_101' title="bbox 948 2482 1735 2518">
    <p class='ocr_par' dir='ltr' id='par_1_101' title="bbox 948 2482 1735 2518">
     <span class='ocr_line' id='line_1_101' title="bbox 948 2482 1735 2518; baseline -0.003 -8"><span class='ocrx_word' id='word_1_776' title='bbox 948 2484 1040 2515; x_wconf 88' lang='lat' dir='ltr'><strong>fuerit,</strong></span> <span class='ocrx_word' id='word_1_777' title='bbox 1070 2491 1160 2518; x_wconf 86' lang='lat' dir='ltr'><strong>neque</strong></span> <span class='ocrx_word' id='word_1_778' title='bbox 1184 2483 1350 2510; x_wconf 82' lang='lat' dir='ltr'><strong>adulterium</strong></span> <span class='ocrx_word' id='word_1_779' title='bbox 1381 2482 1562 2517; x_wconf 85' lang='lat' dir='ltr'><strong>commiserit,</strong></span> <span class='ocrx_word' id='word_1_780' title='bbox 1582 2482 1629 2509; x_wconf 86' lang='lat' dir='ltr'><strong>sed</strong></span> <span class='ocrx_word' id='word_1_781' title='bbox 1645 2489 1735 2517; x_wconf 89' lang='lat' dir='ltr'><strong>neque</strong></span> 
     </span>
    </p>
   </div>
   <div class='ocr_carea' id='block_1_102' title="bbox 949 2517 1736 2553">
    <p class='ocr_par' dir='ltr' id='par_1_102' title="bbox 949 2517 1736 2553">
     <span class='ocr_line' id='line_1_102' title="bbox 949 2517 1736 2553; baseline -0.001 -9"><span class='ocrx_word' id='word_1_782' title='bbox 949 2518 1060 2553; x_wconf 85' lang='lat' dir='ltr'><strong>aliquod</strong></span> <span class='ocrx_word' id='word_1_783' title='bbox 1077 2518 1218 2545; x_wconf 89' lang='lat' dir='ltr'><strong>infandum</strong></span> <span class='ocrx_word' id='word_1_784' title='bbox 1233 2518 1328 2553; x_wconf 51' lang='lat' dir='ltr'><strong>carnis</strong></span> <span class='ocrx_word' id='word_1_785' title='bbox 1345 2525 1414 2552; x_wconf 87' lang='lat' dir='ltr'><strong>opus</strong></span> <span class='ocrx_word' id='word_1_786' title='bbox 1435 2518 1603 2553; x_wconf 86' lang='lat' dir='ltr'><strong>patraverit,</strong></span> <span class='ocrx_word' id='word_1_787' title='bbox 1620 2517 1666 2544; x_wconf 84' lang='lat' dir='ltr'><strong>sed</strong></span> <span class='ocrx_word' id='word_1_788' title='bbox 1680 2518 1736 2553; x_wconf 19' lang='lat' dir='ltr'><strong>Vim-</strong></span> 
     </span>
    </p>
   </div>
   <div class='ocr_carea' id='block_1_103' title="bbox 950 2552 1784 2593">
    <p class='ocr_par' dir='ltr' id='par_1_103' title="bbox 950 2552 1784 2593">
     <span class='ocr_line' id='line_1_103' title="bbox 950 2552 1784 2593; baseline -0.001 -13"><span class='ocrx_word' id='word_1_789' title='bbox 950 2552 1054 2593; x_wconf 78' lang='lat' dir='ltr'><strong>polluta</strong></span> <span class='ocrx_word' id='word_1_790' title='bbox 1070 2552 1271 2589; x_wconf 79' lang='lat' dir='ltr'><strong>permanserit?</strong></span> <span class='ocrx_word' id='word_1_791' title='bbox 1286 2562 1296 2579; x_wconf 77' lang='grc' dir='ltr'><strong>ι</strong></span> <span class='ocrx_word' id='word_1_792' title='bbox 1308 2552 1501 2589; x_wconf 83' lang='lat' dir='ltr'><strong>(Epiphanius,</strong></span> <span class='ocrx_word' id='word_1_793' title='bbox 1518 2553 1648 2581; x_wconf 70' lang='lat' dir='ltr'><strong>Adversus</strong></span> <span class='ocrx_word' id='word_1_794' title='bbox 1660 2552 1736 2580; x_wconf 78' lang='lat' dir='ltr'><strong>Mar-</strong></span> <span class='ocrx_word' id='word_1_795' title='bbox 1782 2562 1784 2564; x_wconf 95' lang='grc'>·</span> 
     </span>
    </p>
   </div>
   <div class='ocr_carea' id='block_1_104' title="bbox 951 2590 1034 2623">
    <p class='ocr_par' dir='ltr' id='par_1_104' title="bbox 951 2590 1034 2623">
     <span class='ocr_line' id='line_1_104' title="bbox 951 2590 1034 2623; baseline 0 -8"><span class='ocrx_word' id='word_1_796' title='bbox 951 2590 1034 2623; x_wconf 68' lang='lat' dir='ltr'><strong>olom.)</strong></span> 
     </span>
    </p>
   </div>
  </div>
