  <div class='ocr_page' id='page_1' title='image "/cluster/home/n/w/nwhite01/storage/ocr_20150623/145/njp.32101077773149/532.png"; bbox 0 0 1885 3059; ppageno 0'>
   <div class='ocr_carea' id='block_1_1' title="bbox 123 73 168 106">
    <p class='ocr_par' dir='ltr' id='par_1_1' title="bbox 123 73 168 106">
     <span class='ocr_line' id='line_1_1' title="bbox 123 73 168 106; baseline 0 -1"><span class='ocrx_word' id='word_1_1' title='bbox 123 73 168 106; x_wconf 72' lang='lat'><strong>813</strong></span> 
     </span>
    </p>
   </div>
   <div class='ocr_carea' id='block_1_2' title="bbox 588 72 1268 104">
    <p class='ocr_par' dir='ltr' id='par_1_2' title="bbox 588 72 1268 104">
     <span class='ocr_line' id='line_1_2' title="bbox 588 72 1268 104; baseline 0 -2"><span class='ocrx_word' id='word_1_2' title='bbox 588 72 890 104; x_wconf 51' lang='lat' dir='ltr'><strong>ECtZLESIASTICr‘E</strong></span> <span class='ocrx_word' id='word_1_3' title='bbox 911 73 1105 104; x_wconf 58' lang='lat' dir='ltr'><strong>HISTJRH‘:</strong></span> <span class='ocrx_word' id='word_1_4' title='bbox 1129 74 1199 104; x_wconf 75' lang='grc' dir='ltr'><strong>ΗΒ.</strong></span> <span class='ocrx_word' id='word_1_5' title='bbox 1228 73 1268 102; x_wconf 85' lang='lat' dir='ltr'><strong>ll.</strong></span> 
     </span>
    </p>
   </div>
   <div class='ocr_carea' id='block_1_3' title="bbox 1683 74 1735 105">
    <p class='ocr_par' dir='ltr' id='par_1_3' title="bbox 1683 74 1735 105">
     <span class='ocr_line' id='line_1_3' title="bbox 1683 74 1735 105; baseline -0.019 0"><span class='ocrx_word' id='word_1_6' title='bbox 1683 74 1735 105; x_wconf 68' lang='grc'><strong>811</strong></span> 
     </span>
    </p>
   </div>
   <div class='ocr_carea' id='block_1_4' title="bbox 123 128 867 165">
    <p class='ocr_par' dir='ltr' id='par_1_4' title="bbox 123 128 867 165">
     <span class='ocr_line' id='line_1_4' title="bbox 123 128 867 165; baseline -0.001 -9"><span class='ocrx_word' id='word_1_7' title='bbox 123 130 206 164; x_wconf 69' lang='grc' dir='ltr'>κύχὶῳ</span> <span class='ocrx_word' id='word_1_8' title='bbox 220 129 267 164; x_wconf 83' lang='grc' dir='ltr'>τὴν</span> <span class='ocrx_word' id='word_1_9' title='bbox 293 129 387 162; x_wconf 78' lang='grc' dir='ltr'><strong>κλίνην</strong></span> <span class='ocrx_word' id='word_1_10' title='bbox 409 128 590 163; x_wconf 69' lang='grc' dir='ltr'><strong>διειληφότες,</strong></span> <span class='ocrx_word' id='word_1_11' title='bbox 605 129 728 161; x_wconf 75' lang='grc' dir='ltr'>εὐλαϐῶς</span> <span class='ocrx_word' id='word_1_12' title='bbox 754 139 867 165; x_wconf 64' lang='grc' dir='ltr'>κατησπι</span> 
     </span>
    </p>
   </div>
   <div class='ocr_carea' id='block_1_5' title="bbox 989 128 1733 165">
    <p class='ocr_par' dir='ltr' id='par_1_5' title="bbox 989 130 1733 165">
     <span class='ocr_line' id='line_1_5' title="bbox 989 130 1733 165; baseline 0.003 -9"><span class='ocrx_word' id='word_1_13' title='bbox 989 130 1134 158; x_wconf 58' lang='grc' dir='ltr'>ηιηίιιοιηιιι.</span> <span class='ocrx_word' id='word_1_14' title='bbox 1152 138 1193 156; x_wconf 85' lang='lat' dir='ltr'><strong>tne</strong></span> <span class='ocrx_word' id='word_1_15' title='bbox 1210 131 1311 156; x_wconf 82' lang='lat' dir='ltr'><strong>multos</strong></span> <span class='ocrx_word' id='word_1_16' title='bbox 1326 130 1443 165; x_wconf 79' lang='lat' dir='ltr'><strong>hymnos</strong></span> <span class='ocrx_word' id='word_1_17' title='bbox 1456 135 1483 158; x_wconf 76' lang='lat' dir='ltr'><strong>et</strong></span> <span class='ocrx_word' id='word_1_18' title='bbox 1499 136 1590 165; x_wconf 77' lang='lat' dir='ltr'><strong>partes</strong></span> <span class='ocrx_word' id='word_1_19' title='bbox 1602 133 1733 164; x_wconf 79' lang='lat' dir='ltr'><strong>qltasdzuu</strong></span> 
     </span>
    </p>
   </div>
   <div class='ocr_carea' id='block_1_6' title="bbox 123 174 896 211">
    <p class='ocr_par' dir='ltr' id='par_1_6' title="bbox 123 174 896 211">
     <span class='ocr_line' id='line_1_6' title="bbox 123 174 896 211; baseline 0.001 -10"><span class='ocrx_word' id='word_1_20' title='bbox 123 176 208 207; x_wconf 75' lang='grc' dir='ltr'>ζοντο·</span> <span class='ocrx_word' id='word_1_21' title='bbox 235 175 381 209; x_wconf 72' lang='grc' dir='ltr'>θαυμάτων</span> <span class='ocrx_word' id='word_1_22' title='bbox 397 174 424 201; x_wconf 66' lang='grc' dir='ltr'>δξ</span> <span class='ocrx_word' id='word_1_23' title='bbox 443 175 522 209; x_wconf 82' lang='grc' dir='ltr'>χύσις</span> <span class='ocrx_word' id='word_1_24' title='bbox 549 174 637 211; x_wconf 72' lang='grc' dir='ltr'>ἔρρει.</span> <span class='ocrx_word' id='word_1_25' title='bbox 663 175 765 209; x_wconf 54' lang='lat' dir='ltr'><strong>Turpio&quot;:</strong></span> <span class='ocrx_word' id='word_1_26' title='bbox 790 177 896 211; x_wconf 78' lang='grc' dir='ltr'><strong>ὄμμασι</strong></span> 
     </span>
    </p>
   </div>
   <div class='ocr_carea' id='block_1_7' title="bbox 123 220 895 257">
    <p class='ocr_par' dir='ltr' id='par_1_7' title="bbox 123 220 895 257">
     <span class='ocr_line' id='line_1_7' title="bbox 123 220 895 257; baseline 0 -9"><span class='ocrx_word' id='word_1_27' title='bbox 123 220 274 256; x_wconf 74' lang='grc' dir='ltr'><strong>παραδόξοις</strong></span> <span class='ocrx_word' id='word_1_28' title='bbox 295 220 388 255; x_wconf 76' lang='grc' dir='ltr'>ἑώρων</span> <span class='ocrx_word' id='word_1_29' title='bbox 410 220 457 246; x_wconf 76' lang='grc' dir='ltr'><strong>τὸν</strong></span> <span class='ocrx_word' id='word_1_30' title='bbox 481 221 559 250; x_wconf 76' lang='grc' dir='ltr'>ἥλιον</span> <span class='ocrx_word' id='word_1_31' title='bbox 572 227 580 236; x_wconf 74' lang='grc' dir='ltr'><strong>ο</strong></span> <span class='ocrx_word' id='word_1_32' title='bbox 598 222 701 255; x_wconf 79' lang='grc' dir='ltr'>κωφοῖς</span> <span class='ocrx_word' id='word_1_33' title='bbox 715 222 732 257; x_wconf 77' lang='grc' dir='ltr'>ἡ</span> <span class='ocrx_word' id='word_1_34' title='bbox 745 222 895 256; x_wconf 79' lang='grc' dir='ltr'>άκουστικὴ</span> 
     </span>
    </p>
   </div>
   <div class='ocr_carea' id='block_1_8' title="bbox 121 265 893 302">
    <p class='ocr_par' dir='ltr' id='par_1_8' title="bbox 121 265 893 302">
     <span class='ocr_line' id='line_1_8' title="bbox 121 265 893 302; baseline 0.001 -9"><span class='ocrx_word' id='word_1_35' title='bbox 121 267 224 300; x_wconf 68' lang='grc' dir='ltr'>δύναμις</span> <span class='ocrx_word' id='word_1_36' title='bbox 237 266 396 301; x_wconf 69' lang='grc' dir='ltr'>ἐπορίζετο·</span> <span class='ocrx_word' id='word_1_37' title='bbox 415 265 498 301; x_wconf 77' lang='grc' dir='ltr'>χωλοὶ</span> <span class='ocrx_word' id='word_1_38' title='bbox 523 266 572 298; x_wconf 81' lang='grc' dir='ltr'>τὰς</span> <span class='ocrx_word' id='word_1_39' title='bbox 600 267 695 302; x_wconf 85' lang='grc' dir='ltr'>βάσεις</span> <span class='ocrx_word' id='word_1_40' title='bbox 724 267 874 302; x_wconf 68' lang='grc' dir='ltr'>ᾑδράζοντο</span> <span class='ocrx_word' id='word_1_41' title='bbox 887 276 893 281; x_wconf 92' lang='grc'><strong>·</strong></span> 
     </span>
    </p>
   </div>
   <div class='ocr_carea' id='block_1_9' title="bbox 121 312 895 348">
    <p class='ocr_par' dir='ltr' id='par_1_9' title="bbox 121 312 895 348">
     <span class='ocr_line' id='line_1_9' title="bbox 121 312 895 348; baseline 0.001 -9"><span class='ocrx_word' id='word_1_42' title='bbox 121 313 162 340; x_wconf 79' lang='grc' dir='ltr'>καὶ</span> <span class='ocrx_word' id='word_1_43' title='bbox 177 313 205 339; x_wconf 81' lang='grc' dir='ltr'><strong>τὺ</strong></span> <span class='ocrx_word' id='word_1_44' title='bbox 222 313 280 339; x_wconf 79' lang='grc' dir='ltr'>ὅλον</span> <span class='ocrx_word' id='word_1_45' title='bbox 295 313 391 345; x_wconf 74' lang='grc' dir='ltr'>εἰπεῖν,</span> <span class='ocrx_word' id='word_1_46' title='bbox 405 312 517 346; x_wconf 82' lang='grc' dir='ltr'><strong>σύμπαν</strong></span> <span class='ocrx_word' id='word_1_47' title='bbox 535 313 640 348; x_wconf 76' lang='grc' dir='ltr'>νόσημα</span> <span class='ocrx_word' id='word_1_48' title='bbox 669 315 703 348; x_wconf 77' lang='grc' dir='ltr'>τῇ</span> <span class='ocrx_word' id='word_1_49' title='bbox 731 313 799 346; x_wconf 77' lang='grc' dir='ltr'>θίξει</span> <span class='ocrx_word' id='word_1_50' title='bbox 816 313 895 348; x_wconf 77' lang='grc' dir='ltr'>μόνον</span> 
     </span>
    </p>
   </div>
   <div class='ocr_carea' id='block_1_10' title="bbox 121 357 896 395">
    <p class='ocr_par' dir='ltr' id='par_1_10' title="bbox 121 357 896 395">
     <span class='ocr_line' id='line_1_10' title="bbox 121 357 896 395; baseline 0 -9"><span class='ocrx_word' id='word_1_51' title='bbox 121 357 247 394; x_wconf 76' lang='grc' dir='ltr'><strong>ὑπεχώρει</strong></span> <span class='ocrx_word' id='word_1_52' title='bbox 273 357 370 393; x_wconf 80' lang='grc' dir='ltr'>ἁθρόον</span> <span class='ocrx_word' id='word_1_53' title='bbox 398 359 447 385; x_wconf 69' lang='grc' dir='ltr'>καὶ</span> <span class='ocrx_word' id='word_1_54' title='bbox 473 359 604 386; x_wconf 79' lang='grc' dir='ltr'>διελύετο.</span> <span class='ocrx_word' id='word_1_55' title='bbox 619 359 728 386; x_wconf 80' lang='grc' dir='ltr'>Ἔπειθ’</span> <span class='ocrx_word' id='word_1_56' title='bbox 744 360 796 386; x_wconf 73' lang='grc' dir='ltr'><strong>ὑπὸ</strong></span> <span class='ocrx_word' id='word_1_57' title='bbox 827 360 896 395; x_wconf 71' lang='grc' dir='ltr'>λαμο</span> 
     </span>
    </p>
   </div>
   <div class='ocr_carea' id='block_1_11' title="bbox 120 403 894 440">
    <p class='ocr_par' dir='ltr' id='par_1_11' title="bbox 120 403 894 440">
     <span class='ocr_line' id='line_1_11' title="bbox 120 403 894 440; baseline 0.003 -10"><span class='ocrx_word' id='word_1_58' title='bbox 120 405 180 432; x_wconf 75' lang='grc' dir='ltr'>πᾶσι</span> <span class='ocrx_word' id='word_1_59' title='bbox 194 404 240 431; x_wconf 77' lang='grc' dir='ltr'>καὶ</span> <span class='ocrx_word' id='word_1_60' title='bbox 258 403 352 439; x_wconf 88' lang='grc' dir='ltr'>μύρων</span> <span class='ocrx_word' id='word_1_61' title='bbox 369 403 490 436; x_wconf 79' lang='grc' dir='ltr'>ἄνθεσιν,</span> <span class='ocrx_word' id='word_1_62' title='bbox 502 404 627 439; x_wconf 84' lang='grc' dir='ltr'>ἀγγέλων</span> <span class='ocrx_word' id='word_1_63' title='bbox 643 405 694 440; x_wconf 82' lang='grc' dir='ltr'>μὲν</span> <span class='ocrx_word' id='word_1_64' title='bbox 710 405 814 432; x_wconf 75' lang='grc' dir='ltr'>ἄνωθεν</span> <span class='ocrx_word' id='word_1_65' title='bbox 827 414 894 440; x_wconf 82' lang='grc' dir='ltr'>προ-</span> 
     </span>
    </p>
   </div>
   <div class='ocr_carea' id='block_1_12' title="bbox 120 451 895 486">
    <p class='ocr_par' dir='ltr' id='par_1_12' title="bbox 120 451 895 486">
     <span class='ocr_line' id='line_1_12' title="bbox 120 451 895 486; baseline 0.001 -9"><span class='ocrx_word' id='word_1_66' title='bbox 120 451 234 483; x_wconf 78' lang='grc' dir='ltr'><strong>θεόντων,</strong></span> <span class='ocrx_word' id='word_1_67' title='bbox 258 451 491 485; x_wconf 82' lang='grc' dir='ltr'>περιῖπταμένων,</span> <span class='ocrx_word' id='word_1_68' title='bbox 504 451 694 486; x_wconf 78' lang='grc' dir='ltr'>ὲφεπομένων,</span> <span class='ocrx_word' id='word_1_69' title='bbox 707 451 787 478; x_wconf 75' lang='grc' dir='ltr'>Θείων</span> <span class='ocrx_word' id='word_1_70' title='bbox 799 451 827 478; x_wconf 81' lang='grc' dir='ltr'>δὲ</span> <span class='ocrx_word' id='word_1_71' title='bbox 841 452 895 478; x_wconf 82' lang='grc' dir='ltr'><strong>Πα-</strong></span> 
     </span>
    </p>
   </div>
   <div class='ocr_carea' id='block_1_13' title="bbox 119 495 894 532">
    <p class='ocr_par' dir='ltr' id='par_1_13' title="bbox 119 495 894 532">
     <span class='ocr_line' id='line_1_13' title="bbox 119 495 894 532; baseline 0.001 -10"><span class='ocrx_word' id='word_1_72' title='bbox 119 496 195 530; x_wconf 79' lang='grc' dir='ltr'>τέρων</span> <span class='ocrx_word' id='word_1_73' title='bbox 211 496 256 522; x_wconf 76' lang='grc' dir='ltr'>καὶ</span> <span class='ocrx_word' id='word_1_74' title='bbox 271 496 430 522; x_wconf 80' lang='grc' dir='ltr'>ἀποστόλων</span> <span class='ocrx_word' id='word_1_75' title='bbox 445 495 518 530; x_wconf 78' lang='grc' dir='ltr'>ᾠδάς</span> <span class='ocrx_word' id='word_1_76' title='bbox 534 504 613 528; x_wconf 84' lang='grc' dir='ltr'>τινας</span> <span class='ocrx_word' id='word_1_77' title='bbox 628 497 752 528; x_wconf 71' lang='grc' dir='ltr'>ἑξαισίας</span> <span class='ocrx_word' id='word_1_78' title='bbox 765 497 894 532; x_wconf 74' lang='grc' dir='ltr'>ᾀδόντων,</span> 
     </span>
    </p>
   </div>
   <div class='ocr_carea' id='block_1_14' title="bbox 120 541 893 577">
    <p class='ocr_par' dir='ltr' id='par_1_14' title="bbox 120 541 893 577">
     <span class='ocr_line' id='line_1_14' title="bbox 120 541 893 577; baseline 0.001 -10"><span class='ocrx_word' id='word_1_79' title='bbox 120 543 133 575; x_wconf 83' lang='grc' dir='ltr'><strong>ἡ</strong></span> <span class='ocrx_word' id='word_1_80' title='bbox 146 541 220 576; x_wconf 82' lang='grc' dir='ltr'>νοητὴ</span> <span class='ocrx_word' id='word_1_81' title='bbox 234 541 352 573; x_wconf 64' lang='grc' dir='ltr'>κιϐωτὸς</span> <span class='ocrx_word' id='word_1_82' title='bbox 366 541 398 567; x_wconf 77' lang='grc' dir='ltr'>ὲκ</span> <span class='ocrx_word' id='word_1_83' title='bbox 412 541 480 568; x_wconf 85' lang='grc' dir='ltr'>Σιὼν</span> <span class='ocrx_word' id='word_1_84' title='bbox 492 541 559 577; x_wconf 68' lang='grc' dir='ltr'>πρδς</span> <span class='ocrx_word' id='word_1_85' title='bbox 577 541 741 576; x_wconf 81' lang='grc' dir='ltr'>Γεθσημανὴ</span> <span class='ocrx_word' id='word_1_86' title='bbox 755 542 814 572; x_wconf 69' lang='grc' dir='ltr'>ταῖς</span> <span class='ocrx_word' id='word_1_87' title='bbox 825 542 893 568; x_wconf 82' lang='grc' dir='ltr'>ἁπο-</span> 
     </span>
    </p>
   </div>
   <div class='ocr_carea' id='block_1_15' title="bbox 121 586 894 623">
    <p class='ocr_par' dir='ltr' id='par_1_15' title="bbox 121 586 894 623">
     <span class='ocr_line' id='line_1_15' title="bbox 121 586 894 623; baseline 0 -10"><span class='ocrx_word' id='word_1_88' title='bbox 121 587 248 619; x_wconf 81' lang='grc' dir='ltr'>στολικατς</span> <span class='ocrx_word' id='word_1_89' title='bbox 262 587 435 623; x_wconf 71' lang='grc' dir='ltr'><strong>ἐποχουμένη</strong></span> <span class='ocrx_word' id='word_1_90' title='bbox 451 588 546 622; x_wconf 73' lang='grc' dir='ltr'>χερσὶν</span> <span class='ocrx_word' id='word_1_91' title='bbox 557 586 714 622; x_wconf 75' lang='grc' dir='ltr'>ἐκομίζετο.</span> <span class='ocrx_word' id='word_1_92' title='bbox 729 587 769 622; x_wconf 79' lang='grc' dir='ltr'><strong>Τῇ</strong></span> <span class='ocrx_word' id='word_1_93' title='bbox 785 587 813 613; x_wconf 80' lang='grc' dir='ltr'>δὲ</span> <span class='ocrx_word' id='word_1_94' title='bbox 828 595 894 622; x_wconf 84' lang='grc' dir='ltr'>χαρ-</span> 
     </span>
    </p>
   </div>
   <div class='ocr_carea' id='block_1_16' title="bbox 120 633 895 669">
    <p class='ocr_par' dir='ltr' id='par_1_16' title="bbox 120 633 895 669">
     <span class='ocr_line' id='line_1_16' title="bbox 120 633 895 669; baseline -0.001 -10"><span class='ocrx_word' id='word_1_95' title='bbox 120 635 180 669; x_wconf 61' lang='lat' dir='ltr'><strong>pavi)</strong></span> <span class='ocrx_word' id='word_1_96' title='bbox 200 634 285 668; x_wconf 86' lang='grc' dir='ltr'>ταύτῃ</span> <span class='ocrx_word' id='word_1_97' title='bbox 303 634 351 660; x_wconf 89' lang='grc' dir='ltr'><strong>καί</strong></span> <span class='ocrx_word' id='word_1_98' title='bbox 368 642 396 660; x_wconf 81' lang='grc' dir='ltr'><strong>τι</strong></span> <span class='ocrx_word' id='word_1_99' title='bbox 420 633 539 669; x_wconf 77' lang='grc' dir='ltr'>χαλεπὸν</span> <span class='ocrx_word' id='word_1_100' title='bbox 566 633 722 667; x_wconf 71' lang='grc' dir='ltr'>ἐπιγίνεται</span> <span class='ocrx_word' id='word_1_101' title='bbox 739 633 826 668; x_wconf 78' lang='grc' dir='ltr'>λήθης</span> <span class='ocrx_word' id='word_1_102' title='bbox 850 633 895 659; x_wconf 84' lang='grc' dir='ltr'><strong>οὒ-</strong></span> 
     </span>
    </p>
   </div>
   <div class='ocr_carea' id='block_1_17' title="bbox 118 678 893 714">
    <p class='ocr_par' dir='ltr' id='par_1_17' title="bbox 118 678 893 714">
     <span class='ocr_line' id='line_1_17' title="bbox 118 678 893 714; baseline -0.001 -9"><span class='ocrx_word' id='word_1_103' title='bbox 118 679 201 712; x_wconf 81' lang='grc' dir='ltr'>δαμῶς</span> <span class='ocrx_word' id='word_1_104' title='bbox 218 679 306 711; x_wconf 77' lang='grc' dir='ltr'>ἀξιον.</span> <span class='ocrx_word' id='word_1_105' title='bbox 322 679 374 705; x_wconf 80' lang='grc' dir='ltr'><strong>Τοῦ</strong></span> <span class='ocrx_word' id='word_1_106' title='bbox 401 680 457 713; x_wconf 90' lang='grc' dir='ltr'><strong>γάρ</strong></span> <span class='ocrx_word' id='word_1_107' title='bbox 476 678 549 705; x_wconf 83' lang='grc' dir='ltr'>Θείου</span> <span class='ocrx_word' id='word_1_108' title='bbox 567 678 696 714; x_wconf 79' lang='grc' dir='ltr'><strong>σκήνους,</strong></span> <span class='ocrx_word' id='word_1_109' title='bbox 710 678 749 710; x_wconf 80' lang='grc' dir='ltr'>ὡς</span> <span class='ocrx_word' id='word_1_110' title='bbox 773 679 893 713; x_wconf 77' lang='grc' dir='ltr'>εῐρηται,</span> 
     </span>
    </p>
   </div>
   <div class='ocr_carea' id='block_1_18' title="bbox 120 723 895 760">
    <p class='ocr_par' dir='ltr' id='par_1_18' title="bbox 120 723 895 760">
     <span class='ocr_line' id='line_1_18' title="bbox 120 723 895 760; baseline -0.001 -9"><span class='ocrx_word' id='word_1_111' title='bbox 120 725 179 758; x_wconf 76' lang='grc' dir='ltr'>πρὸς</span> <span class='ocrx_word' id='word_1_112' title='bbox 192 724 357 760; x_wconf 79' lang='grc' dir='ltr'>Γεθσημανὴ</span> <span class='ocrx_word' id='word_1_113' title='bbox 377 723 645 759; x_wconf 72' lang='grc' dir='ltr'>μετακομιζομένου,</span> <span class='ocrx_word' id='word_1_114' title='bbox 657 724 724 751; x_wconf 79' lang='grc' dir='ltr'>ὅπου</span> <span class='ocrx_word' id='word_1_115' title='bbox 739 724 772 758; x_wconf 80' lang='grc' dir='ltr'>δὴ</span> <span class='ocrx_word' id='word_1_116' title='bbox 789 724 836 751; x_wconf 81' lang='grc' dir='ltr'>καὶ</span> <span class='ocrx_word' id='word_1_117' title='bbox 848 732 895 750; x_wconf 85' lang='grc' dir='ltr'>τα-</span> 
     </span>
    </p>
   </div>
   <div class='ocr_carea' id='block_1_19' title="bbox 118 770 894 806">
    <p class='ocr_par' dir='ltr' id='par_1_19' title="bbox 118 770 894 806">
     <span class='ocr_line' id='line_1_19' title="bbox 118 770 894 806; baseline -0.001 -9"><span class='ocrx_word' id='word_1_118' title='bbox 118 770 166 806; x_wconf 78' lang='grc' dir='ltr'><strong>φῆς</strong></span> <span class='ocrx_word' id='word_1_119' title='bbox 178 771 311 806; x_wconf 76' lang='grc' dir='ltr'><strong>ἠξιῶσθαι</strong></span> <span class='ocrx_word' id='word_1_120' title='bbox 324 771 342 805; x_wconf 80' lang='grc' dir='ltr'><strong>ἡ</strong></span> <span class='ocrx_word' id='word_1_121' title='bbox 360 770 512 806; x_wconf 84' lang='grc' dir='ltr'>Θεομήτωρ</span> <span class='ocrx_word' id='word_1_122' title='bbox 529 770 716 804; x_wconf 76' lang='grc' dir='ltr'>ἐπέσκηπτεν,</span> <span class='ocrx_word' id='word_1_123' title='bbox 728 770 752 797; x_wconf 85' lang='grc' dir='ltr'>οι</span> <span class='ocrx_word' id='word_1_124' title='bbox 773 770 894 797; x_wconf 78' lang='grc' dir='ltr'>Ἰουδαῖοι</span> 
     </span>
    </p>
   </div>
   <div class='ocr_carea' id='block_1_20' title="bbox 948 175 1735 209">
    <p class='ocr_par' dir='ltr' id='par_1_20' title="bbox 948 175 1735 209">
     <span class='ocr_line' id='line_1_20' title="bbox 948 175 1735 209; baseline 0.003 -8"><span class='ocrx_word' id='word_1_125' title='bbox 948 175 1081 202; x_wconf 86' lang='lat' dir='ltr'><strong>divinitus</strong></span> <span class='ocrx_word' id='word_1_126' title='bbox 1098 175 1292 209; x_wconf 74' lang='lat' dir='ltr'><strong>inSpiratarutn</strong></span> <span class='ocrx_word' id='word_1_127' title='bbox 1314 175 1422 202; x_wconf 88' lang='lat' dir='ltr'><strong>illarutn</strong></span> <span class='ocrx_word' id='word_1_128' title='bbox 1439 176 1561 206; x_wconf 84' lang='lat' dir='ltr'><strong>laudum,</strong></span> <span class='ocrx_word' id='word_1_129' title='bbox 1578 181 1603 204; x_wconf 88' lang='lat' dir='ltr'><strong>te</strong></span> <span class='ocrx_word' id='word_1_130' title='bbox 1620 185 1735 204; x_wconf 66' lang='lat' dir='ltr'><strong>cani-nn:</strong></span> 
     </span>
    </p>
   </div>
   <div class='ocr_carea' id='block_1_21' title="bbox 947 220 1735 257">
    <p class='ocr_par' dir='ltr' id='par_1_21' title="bbox 947 220 1735 257">
     <span class='ocr_line' id='line_1_21' title="bbox 947 220 1735 257; baseline 0.003 -10"><span class='ocrx_word' id='word_1_131' title='bbox 947 220 1059 247; x_wconf 81' lang='lat' dir='ltr'><strong>audire?</strong></span> <span class='ocrx_word' id='word_1_132' title='bbox 1078 230 1085 244; x_wconf 82' lang='grc' dir='ltr'><strong>ι</strong></span> <span class='ocrx_word' id='word_1_133' title='bbox 1102 220 1163 247; x_wconf 64' lang='grc' dir='ltr'><strong>ΙΙ.νο</strong></span> <span class='ocrx_word' id='word_1_134' title='bbox 1187 221 1343 255; x_wconf 76' lang='lat' dir='ltr'><strong>Dionysius.</strong></span> <span class='ocrx_word' id='word_1_135' title='bbox 1368 221 1491 256; x_wconf 81' lang='lat' dir='ltr'><strong>Apostoli</strong></span> <span class='ocrx_word' id='word_1_136' title='bbox 1515 227 1618 251; x_wconf 59' lang='lat' dir='ltr'><strong>autem,</strong></span> <span class='ocrx_word' id='word_1_137' title='bbox 1644 228 1671 250; x_wconf 81' lang='lat' dir='ltr'><strong>et</strong></span> <span class='ocrx_word' id='word_1_138' title='bbox 1688 223 1735 257; x_wconf 86' lang='lat' dir='ltr'><strong>qui</strong></span> 
     </span>
    </p>
   </div>
   <div class='ocr_carea' id='block_1_22' title="bbox 949 266 1736 302">
    <p class='ocr_par' dir='ltr' id='par_1_22' title="bbox 949 266 1736 302">
     <span class='ocr_line' id='line_1_22' title="bbox 949 266 1736 302; baseline 0.005 -11"><span class='ocrx_word' id='word_1_139' title='bbox 949 270 1080 299; x_wconf 59' lang='lat' dir='ltr'><strong>pra’tercn</strong></span> <span class='ocrx_word' id='word_1_140' title='bbox 1105 266 1139 293; x_wconf 89' lang='lat' dir='ltr'><strong>ibi</strong></span> <span class='ocrx_word' id='word_1_141' title='bbox 1158 267 1288 298; x_wconf 85' lang='lat' dir='ltr'><strong>aderant,</strong></span> <span class='ocrx_word' id='word_1_142' title='bbox 1313 267 1362 294; x_wconf 62' lang='lat' dir='ltr'><strong>\‘iri</strong></span> <span class='ocrx_word' id='word_1_143' title='bbox 1379 269 1495 302; x_wconf 71' lang='lat' dir='ltr'><strong>egregii,</strong></span> <span class='ocrx_word' id='word_1_144' title='bbox 1512 269 1612 295; x_wconf 67' lang='lat' dir='ltr'><strong>lectum</strong></span> <span class='ocrx_word' id='word_1_145' title='bbox 1637 277 1736 296; x_wconf 67' lang='lat' dir='ltr'><strong>t‘ovoua</strong></span> 
     </span>
    </p>
   </div>
   <div class='ocr_carea' id='block_1_23' title="bbox 947 312 1736 341">
    <p class='ocr_par' dir='ltr' id='par_1_23' title="bbox 947 312 1736 341">
     <span class='ocr_line' id='line_1_23' title="bbox 947 312 1736 341; baseline 0.005 -4"><span class='ocrx_word' id='word_1_146' title='bbox 947 312 1169 341; x_wconf 80' lang='lat' dir='ltr'><strong>circumdantes.</strong></span> <span class='ocrx_word' id='word_1_147' title='bbox 1199 318 1359 339; x_wconf 83' lang='lat' dir='ltr'><strong>reverenter</strong></span> <span class='ocrx_word' id='word_1_148' title='bbox 1386 314 1462 340; x_wconf 92' lang='lat' dir='ltr'><strong>illum</strong></span> <span class='ocrx_word' id='word_1_149' title='bbox 1492 315 1736 341; x_wconf 80' lang='lat' dir='ltr'><strong>exosculabantur.</strong></span> 
     </span>
    </p>
   </div>
   <div class='ocr_carea' id='block_1_24' title="bbox 947 357 1736 392">
    <p class='ocr_par' dir='ltr' id='par_1_24' title="bbox 947 357 1736 392">
     <span class='ocr_line' id='line_1_24' title="bbox 947 357 1736 392; baseline 0.006 -10"><span class='ocrx_word' id='word_1_150' title='bbox 947 357 986 381; x_wconf 80' lang='lat' dir='ltr'><strong>Ad</strong></span> <span class='ocrx_word' id='word_1_151' title='bbox 1003 364 1083 390; x_wconf 85' lang='lat' dir='ltr'><strong>quem</strong></span> <span class='ocrx_word' id='word_1_152' title='bbox 1101 357 1202 383; x_wconf 79' lang='lat' dir='ltr'><strong>deinde</strong></span> <span class='ocrx_word' id='word_1_153' title='bbox 1217 365 1298 391; x_wconf 87' lang='lat' dir='ltr'><strong>quam</strong></span> <span class='ocrx_word' id='word_1_154' title='bbox 1321 359 1438 392; x_wconf 84' lang='lat' dir='ltr'><strong>plurima</strong></span> <span class='ocrx_word' id='word_1_155' title='bbox 1460 359 1563 386; x_wconf 84' lang='lat' dir='ltr'><strong>ﬁebant</strong></span> <span class='ocrx_word' id='word_1_156' title='bbox 1584 361 1715 387; x_wconf 85' lang='lat' dir='ltr'><strong>miracula</strong></span> <span class='ocrx_word' id='word_1_157' title='bbox 1731 371 1736 387; x_wconf 93' lang='lat'>:</span> 
     </span>
    </p>
   </div>
   <div class='ocr_carea' id='block_1_25' title="bbox 949 403 1736 441">
    <p class='ocr_par' dir='ltr' id='par_1_25' title="bbox 949 403 1736 441">
     <span class='ocr_line' id='line_1_25' title="bbox 949 403 1736 441; baseline 0.006 -12"><span class='ocrx_word' id='word_1_158' title='bbox 949 403 1029 437; x_wconf 77' lang='lat'><strong>170</strong></span> <span class='ocrx_word' id='word_1_159' title='bbox 1057 403 1122 430; x_wconf 83' lang='lat' dir='ltr'><strong>ca-ci</strong></span> <span class='ocrx_word' id='word_1_160' title='bbox 1154 412 1291 438; x_wconf 79' lang='lat' dir='ltr'><strong>namque,</strong></span> <span class='ocrx_word' id='word_1_161' title='bbox 1320 410 1420 438; x_wconf 67' lang='lat' dir='ltr'><strong>praeter</strong></span> <span class='ocrx_word' id='word_1_162' title='bbox 1447 413 1523 440; x_wconf 83' lang='lat' dir='ltr'><strong>spem</strong></span> <span class='ocrx_word' id='word_1_163' title='bbox 1553 407 1736 441; x_wconf 80' lang='lat' dir='ltr'><strong>exspectatio-</strong></span> 
     </span>
    </p>
   </div>
   <div class='ocr_carea' id='block_1_26' title="bbox 948 450 1737 484">
    <p class='ocr_par' dir='ltr' id='par_1_26' title="bbox 948 450 1737 484">
     <span class='ocr_line' id='line_1_26' title="bbox 948 450 1737 484; baseline 0.004 -9"><span class='ocrx_word' id='word_1_164' title='bbox 948 457 1065 484; x_wconf 85' lang='lat' dir='ltr'><strong>nemque</strong></span> <span class='ocrx_word' id='word_1_165' title='bbox 1092 457 1220 480; x_wconf 88' lang='lat' dir='ltr'><strong>omnem,</strong></span> <span class='ocrx_word' id='word_1_166' title='bbox 1252 450 1340 477; x_wconf 80' lang='lat' dir='ltr'><strong>OCllllS</strong></span> <span class='ocrx_word' id='word_1_167' title='bbox 1368 451 1426 478; x_wconf 87' lang='lat' dir='ltr'><strong>suis</strong></span> <span class='ocrx_word' id='word_1_168' title='bbox 1456 451 1542 478; x_wconf 84' lang='lat' dir='ltr'><strong>solem</strong></span> <span class='ocrx_word' id='word_1_169' title='bbox 1574 453 1737 483; x_wconf 82' lang='lat' dir='ltr'><strong>cernebant,</strong></span> 
     </span>
    </p>
   </div>
   <div class='ocr_carea' id='block_1_27' title="bbox 946 494 1736 532">
    <p class='ocr_par' dir='ltr' id='par_1_27' title="bbox 946 494 1736 532">
     <span class='ocr_line' id='line_1_27' title="bbox 946 494 1736 532; baseline 0.006 -12"><span class='ocrx_word' id='word_1_170' title='bbox 946 494 1039 521; x_wconf 85' lang='lat' dir='ltr'><strong>surdis</strong></span> <span class='ocrx_word' id='word_1_171' title='bbox 1057 494 1170 522; x_wconf 87' lang='lat' dir='ltr'><strong>auditus</strong></span> <span class='ocrx_word' id='word_1_172' title='bbox 1192 503 1259 522; x_wconf 90' lang='lat' dir='ltr'><strong>suus</strong></span> <span class='ocrx_word' id='word_1_173' title='bbox 1277 496 1406 529; x_wconf 79' lang='lat' dir='ltr'><strong>dabatur,</strong></span> <span class='ocrx_word' id='word_1_174' title='bbox 1423 497 1513 524; x_wconf 88' lang='lat' dir='ltr'><strong>claudi</strong></span> <span class='ocrx_word' id='word_1_175' title='bbox 1535 506 1647 532; x_wconf 76' lang='lat' dir='ltr'><strong>gressus</strong></span> <span class='ocrx_word' id='word_1_176' title='bbox 1666 499 1736 525; x_wconf 84' lang='lat' dir='ltr'><strong>reci-</strong></span> 
     </span>
    </p>
   </div>
   <div class='ocr_carea' id='block_1_28' title="bbox 946 540 1738 578">
    <p class='ocr_par' dir='ltr' id='par_1_28' title="bbox 946 540 1738 578">
     <span class='ocr_line' id='line_1_28' title="bbox 946 540 1738 578; baseline 0.006 -12"><span class='ocrx_word' id='word_1_177' title='bbox 946 540 1079 574; x_wconf 82' lang='lat' dir='ltr'><strong>piebant:</strong></span> <span class='ocrx_word' id='word_1_178' title='bbox 1101 545 1129 567; x_wconf 83' lang='lat' dir='ltr'><strong>et</strong></span> <span class='ocrx_word' id='word_1_179' title='bbox 1153 546 1181 568; x_wconf 92' lang='lat' dir='ltr'><strong>ut</strong></span> <span class='ocrx_word' id='word_1_180' title='bbox 1201 541 1286 568; x_wconf 82' lang='lat' dir='ltr'><strong>semel</strong></span> <span class='ocrx_word' id='word_1_181' title='bbox 1309 542 1419 575; x_wconf 81' lang='lat' dir='ltr'><strong>dicam,</strong></span> <span class='ocrx_word' id='word_1_182' title='bbox 1440 551 1522 570; x_wconf 76' lang='lat' dir='ltr'><strong>omne</strong></span> <span class='ocrx_word' id='word_1_183' title='bbox 1538 544 1627 571; x_wconf 88' lang='lat' dir='ltr'><strong>tnorbi</strong></span> <span class='ocrx_word' id='word_1_184' title='bbox 1651 552 1738 578; x_wconf 76' lang='lat' dir='ltr'><strong>genus</strong></span> 
     </span>
    </p>
   </div>
   <div class='ocr_carea' id='block_1_29' title="bbox 946 587 1736 624">
    <p class='ocr_par' dir='ltr' id='par_1_29' title="bbox 946 587 1736 624">
     <span class='ocr_line' id='line_1_29' title="bbox 946 587 1736 624; baseline 0.008 -12"><span class='ocrx_word' id='word_1_185' title='bbox 946 591 1051 613; x_wconf 86' lang='lat' dir='ltr'><strong>attactu</strong></span> <span class='ocrx_word' id='word_1_186' title='bbox 1064 587 1125 614; x_wconf 80' lang='lat' dir='ltr'><strong>solo</strong></span> <span class='ocrx_word' id='word_1_187' title='bbox 1137 595 1251 622; x_wconf 83' lang='lat' dir='ltr'><strong>prorsus</strong></span> <span class='ocrx_word' id='word_1_188' title='bbox 1261 588 1378 615; x_wconf 80' lang='lat' dir='ltr'><strong>cedebat</strong></span> <span class='ocrx_word' id='word_1_189' title='bbox 1389 594 1416 616; x_wconf 87' lang='lat' dir='ltr'><strong>et</strong></span> <span class='ocrx_word' id='word_1_190' title='bbox 1431 590 1614 624; x_wconf 77' lang='lat' dir='ltr'><strong>prolugiubal.</strong></span> <span class='ocrx_word' id='word_1_191' title='bbox 1632 591 1736 618; x_wconf 83' lang='lat' dir='ltr'><strong>Deinde</strong></span> 
     </span>
    </p>
   </div>
   <div class='ocr_carea' id='block_1_30' title="bbox 946 626 1736 672">
    <p class='ocr_par' dir='ltr' id='par_1_30' title="bbox 946 626 1736 672">
     <span class='ocr_line' id='line_1_30' title="bbox 946 626 1736 672; baseline 0.008 -14"><span class='ocrx_word' id='word_1_192' title='bbox 946 632 1036 659; x_wconf 87' lang='lat' dir='ltr'><strong>cereis</strong></span> <span class='ocrx_word' id='word_1_193' title='bbox 1049 632 1211 661; x_wconf 82' lang='lat' dir='ltr'><strong>ardentibus</strong></span> <span class='ocrx_word' id='word_1_194' title='bbox 1224 634 1356 669; x_wconf 60' lang='lat' dir='ltr'><strong>praelatis,</strong></span> <span class='ocrx_word' id='word_1_195' title='bbox 1370 626 1397 662; x_wconf 70' lang='lat' dir='ltr'><strong>ei</strong></span> <span class='ocrx_word' id='word_1_196' title='bbox 1408 637 1556 670; x_wconf 77' lang='lat' dir='ltr'><strong>unguentis</strong></span> <span class='ocrx_word' id='word_1_197' title='bbox 1566 637 1736 672; x_wconf 77' lang='lat' dir='ltr'><strong>nuribusque</strong></span> 
     </span>
    </p>
   </div>
   <div class='ocr_carea' id='block_1_31' title="bbox 945 678 1737 718">
    <p class='ocr_par' dir='ltr' id='par_1_31' title="bbox 945 678 1737 718">
     <span class='ocr_line' id='line_1_31' title="bbox 945 678 1737 718; baseline 0.009 -14"><span class='ocrx_word' id='word_1_198' title='bbox 945 678 1066 712; x_wconf 71' lang='lat' dir='ltr'><strong>sparsis,</strong></span> <span class='ocrx_word' id='word_1_199' title='bbox 1093 684 1176 714; x_wconf 86' lang='lat' dir='ltr'><strong>atque</strong></span> <span class='ocrx_word' id='word_1_200' title='bbox 1201 680 1307 714; x_wconf 70' lang='lat' dir='ltr'><strong>angelis</strong></span> <span class='ocrx_word' id='word_1_201' title='bbox 1330 681 1456 714; x_wconf 73' lang='lat' dir='ltr'><strong>ctelitus,</strong></span> <span class='ocrx_word' id='word_1_202' title='bbox 1483 682 1614 710; x_wconf 72' lang='lat' dir='ltr'><strong>feretrum</strong></span> <span class='ocrx_word' id='word_1_203' title='bbox 1631 683 1670 718; x_wconf 90' lang='lat' dir='ltr'><strong>(I)</strong></span> <span class='ocrx_word' id='word_1_204' title='bbox 1694 684 1737 711; x_wconf 84' lang='lat' dir='ltr'><strong>\el</strong></span> 
     </span>
    </p>
   </div>
   <div class='ocr_carea' id='block_1_32' title="bbox 946 725 1737 764">
    <p class='ocr_par' dir='ltr' id='par_1_32' title="bbox 946 725 1737 764">
     <span class='ocr_line' id='line_1_32' title="bbox 946 725 1737 764; baseline 0.01 -15"><span class='ocrx_word' id='word_1_205' title='bbox 946 725 1145 759; x_wconf 61' lang='lat' dir='ltr'><strong>prateuntibus,</strong></span> <span class='ocrx_word' id='word_1_206' title='bbox 1161 726 1204 753; x_wconf 90' lang='lat' dir='ltr'><strong>vel</strong></span> <span class='ocrx_word' id='word_1_207' title='bbox 1218 726 1396 761; x_wconf 67' lang='lat' dir='ltr'><strong>stipantibus,</strong></span> <span class='ocrx_word' id='word_1_208' title='bbox 1411 728 1453 754; x_wconf 85' lang='lat' dir='ltr'><strong>vel</strong></span> <span class='ocrx_word' id='word_1_209' title='bbox 1468 727 1549 755; x_wconf 85' lang='lat' dir='ltr'><strong>etiam</strong></span> <span class='ocrx_word' id='word_1_210' title='bbox 1565 737 1737 764; x_wconf 84' lang='lat' dir='ltr'><strong>consequen-</strong></span> 
     </span>
    </p>
   </div>
   <div class='ocr_carea' id='block_1_33' title="bbox 948 770 1730 810">
    <p class='ocr_par' dir='ltr' id='par_1_33' title="bbox 948 770 1730 810">
     <span class='ocr_line' id='line_1_33' title="bbox 948 770 1730 810; baseline 0.009 -14"><span class='ocrx_word' id='word_1_211' title='bbox 948 770 1031 800; x_wconf 83' lang='lat' dir='ltr'><strong>tibus.</strong></span> <span class='ocrx_word' id='word_1_212' title='bbox 1046 771 1147 798; x_wconf 78' lang='lat' dir='ltr'><strong>divinis</strong></span> <span class='ocrx_word' id='word_1_213' title='bbox 1158 771 1286 799; x_wconf 79' lang='lat' dir='ltr'><strong>Patribus</strong></span> <span class='ocrx_word' id='word_1_214' title='bbox 1297 777 1324 800; x_wconf 93' lang='lat' dir='ltr'><strong>et</strong></span> <span class='ocrx_word' id='word_1_215' title='bbox 1335 774 1466 806; x_wconf 84' lang='lat' dir='ltr'><strong>apostolis</strong></span> <span class='ocrx_word' id='word_1_216' title='bbox 1479 775 1592 802; x_wconf 87' lang='lat' dir='ltr'><strong>mirifica</strong></span> <span class='ocrx_word' id='word_1_217' title='bbox 1605 777 1730 810; x_wconf 65' lang='lat' dir='ltr'><strong>quaedam</strong></span> 
     </span>
    </p>
   </div>
   <div class='ocr_carea' id='block_1_34' title="bbox 118 813 862 857">
    <p class='ocr_par' dir='ltr' id='par_1_34' title="bbox 118 816 862 852">
     <span class='ocr_line' id='line_1_34' title="bbox 118 816 862 852; baseline 0 -9"><span class='ocrx_word' id='word_1_218' title='bbox 118 817 198 852; x_wconf 81' lang='grc' dir='ltr'>φθόνῳ</span> <span class='ocrx_word' id='word_1_219' title='bbox 217 817 404 849; x_wconf 81' lang='grc' dir='ltr'>διατακέντες,</span> <span class='ocrx_word' id='word_1_220' title='bbox 420 817 499 852; x_wconf 88' lang='grc' dir='ltr'>μύειν</span> <span class='ocrx_word' id='word_1_221' title='bbox 516 817 567 843; x_wconf 79' lang='grc' dir='ltr'>οὐκ</span> <span class='ocrx_word' id='word_1_222' title='bbox 584 816 755 852; x_wconf 81' lang='grc' dir='ltr'>ἀνεχόμενοι,</span> <span class='ocrx_word' id='word_1_223' title='bbox 777 817 808 843; x_wconf 78' lang='grc' dir='ltr'>τὸ</span> <span class='ocrx_word' id='word_1_224' title='bbox 825 817 862 843; x_wconf 73' lang='grc' dir='ltr'><strong>ἐν(</strong></span> 
     </span>
    </p>
   </div>
   <div class='ocr_carea' id='block_1_35' title="bbox 995 813 1739 857">
    <p class='ocr_par' dir='ltr' id='par_1_35' title="bbox 997 816 1739 857">
     <span class='ocr_line' id='line_1_35' title="bbox 997 816 1739 857; baseline 0.009 -15"><span class='ocrx_word' id='word_1_225' title='bbox 997 816 1070 843; x_wconf 82' lang='lat' dir='ltr'><strong>mina</strong></span> <span class='ocrx_word' id='word_1_226' title='bbox 1102 817 1336 851; x_wconf 82' lang='lat' dir='ltr'><strong>concinentibus,</strong></span> <span class='ocrx_word' id='word_1_227' title='bbox 1367 819 1561 848; x_wconf 78' lang='lat' dir='ltr'><strong>intellectualis</strong></span> <span class='ocrx_word' id='word_1_228' title='bbox 1585 822 1630 849; x_wconf 83' lang='lat' dir='ltr'><strong>illa</strong></span> <span class='ocrx_word' id='word_1_229' title='bbox 1658 827 1739 857; x_wconf 85' lang='lat' dir='ltr'><strong>atque</strong></span> 
     </span>
    </p>
   </div>
   <div class='ocr_carea' id='block_1_36' title="bbox 118 863 894 899">
    <p class='ocr_par' dir='ltr' id='par_1_36' title="bbox 118 863 894 899">
     <span class='ocr_line' id='line_1_36' title="bbox 118 863 894 899; baseline 0 -9"><span class='ocrx_word' id='word_1_230' title='bbox 118 864 224 899; x_wconf 80' lang='grc' dir='ltr'>κουροῦν</span> <span class='ocrx_word' id='word_1_231' title='bbox 246 863 298 898; x_wconf 78' lang='grc' dir='ltr'>τῆς</span> <span class='ocrx_word' id='word_1_232' title='bbox 323 864 473 898; x_wconf 79' lang='grc' dir='ltr'><strong>βασκανίας</strong></span> <span class='ocrx_word' id='word_1_233' title='bbox 494 863 581 895; x_wconf 86' lang='grc' dir='ltr'>πάθος</span> <span class='ocrx_word' id='word_1_234' title='bbox 598 863 775 899; x_wconf 80' lang='grc' dir='ltr'>ἐξέρῤησσον.</span> <span class='ocrx_word' id='word_1_235' title='bbox 792 864 848 890; x_wconf 72' lang='grc' dir='ltr'><strong>Καὶ</strong></span> <span class='ocrx_word' id='word_1_236' title='bbox 862 864 894 899; x_wconf 84' lang='grc' dir='ltr'>δή</span> 
     </span>
    </p>
   </div>
   <div class='ocr_carea' id='block_1_37' title="bbox 117 908 895 945">
    <p class='ocr_par' dir='ltr' id='par_1_37' title="bbox 117 908 895 945">
     <span class='ocr_line' id='line_1_37' title="bbox 117 908 895 945; baseline -0.001 -10"><span class='ocrx_word' id='word_1_237' title='bbox 117 917 153 940; x_wconf 77' lang='grc' dir='ltr'><strong>τις</strong></span> <span class='ocrx_word' id='word_1_238' title='bbox 168 909 220 936; x_wconf 85' lang='grc' dir='ltr'><strong>τῶν</strong></span> <span class='ocrx_word' id='word_1_239' title='bbox 236 908 327 936; x_wconf 74' lang='grc' dir='ltr'>ἄλλων</span> <span class='ocrx_word' id='word_1_240' title='bbox 344 908 511 944; x_wconf 73' lang='grc' dir='ltr'>θρασύτερός</span> <span class='ocrx_word' id='word_1_241' title='bbox 525 916 554 934; x_wconf 84' lang='grc' dir='ltr'><strong>τε</strong></span> <span class='ocrx_word' id='word_1_242' title='bbox 570 909 617 935; x_wconf 73' lang='grc' dir='ltr'>καὶ</span> <span class='ocrx_word' id='word_1_243' title='bbox 632 909 832 945; x_wconf 79' lang='grc' dir='ltr'>μανικώτερος,</span> <span class='ocrx_word' id='word_1_244' title='bbox 849 909 895 934; x_wconf 70' lang='grc' dir='ltr'>τοῦ</span> 
     </span>
    </p>
   </div>
   <div class='ocr_carea' id='block_1_38' title="bbox 118 953 898 991">
    <p class='ocr_par' dir='ltr' id='par_1_38' title="bbox 118 953 898 991">
     <span class='ocr_line' id='line_1_38' title="bbox 118 953 898 991; baseline -0.001 -9"><span class='ocrx_word' id='word_1_245' title='bbox 118 956 264 990; x_wconf 73' lang='grc' dir='ltr'>καταλόγου</span> <span class='ocrx_word' id='word_1_246' title='bbox 278 955 308 982; x_wconf 74' lang='grc' dir='ltr'>δὲ</span> <span class='ocrx_word' id='word_1_247' title='bbox 325 955 379 982; x_wconf 81' lang='grc' dir='ltr'><strong>τῶν</strong></span> <span class='ocrx_word' id='word_1_248' title='bbox 399 956 496 991; x_wconf 88' lang='grc' dir='ltr'>ίερέων</span> <span class='ocrx_word' id='word_1_249' title='bbox 511 953 557 990; x_wconf 81' lang='grc' dir='ltr'><strong>ἦν,</strong></span> <span class='ocrx_word' id='word_1_250' title='bbox 569 955 617 982; x_wconf 84' lang='grc' dir='ltr'><strong>τοῦ</strong></span> <span class='ocrx_word' id='word_1_251' title='bbox 630 955 704 990; x_wconf 83' lang='grc' dir='ltr'>ίεροῦ</span> <span class='ocrx_word' id='word_1_252' title='bbox 720 956 836 990; x_wconf 80' lang='grc' dir='ltr'><strong>σκήνους</strong></span> <span class='ocrx_word' id='word_1_253' title='bbox 849 963 898 982; x_wconf 77' lang='grc' dir='ltr'>κο-</span> 
     </span>
    </p>
   </div>
   <div class='ocr_carea' id='block_1_39' title="bbox 121 1001 898 1038">
    <p class='ocr_par' dir='ltr' id='par_1_39' title="bbox 121 1001 898 1038">
     <span class='ocr_line' id='line_1_39' title="bbox 121 1001 898 1038; baseline -0.004 -9"><span class='ocrx_word' id='word_1_254' title='bbox 121 1003 272 1037; x_wconf 74' lang='grc' dir='ltr'>μιζομένου,</span> <span class='ocrx_word' id='word_1_255' title='bbox 294 1004 379 1037; x_wconf 73' lang='grc' dir='ltr'>φορᾶς</span> <span class='ocrx_word' id='word_1_256' title='bbox 413 1002 512 1036; x_wconf 83' lang='grc' dir='ltr'>ἀλόγου</span> <span class='ocrx_word' id='word_1_257' title='bbox 529 1002 662 1037; x_wconf 68' lang='grc' dir='ltr'>πλησθεὶς</span> <span class='ocrx_word' id='word_1_258' title='bbox 680 1002 740 1033; x_wconf 76' lang='grc' dir='ltr'>ὅλος</span> <span class='ocrx_word' id='word_1_259' title='bbox 754 1001 843 1038; x_wconf 64' lang='grc' dir='ltr'>ἐπῄει,</span> <span class='ocrx_word' id='word_1_260' title='bbox 859 1001 898 1032; x_wconf 80' lang='grc' dir='ltr'>είς</span> 
     </span>
    </p>
   </div>
   <div class='ocr_carea' id='block_1_40' title="bbox 119 1047 899 1084">
    <p class='ocr_par' dir='ltr' id='par_1_40' title="bbox 119 1047 899 1084">
     <span class='ocr_line' id='line_1_40' title="bbox 119 1047 899 1084; baseline -0.001 -11"><span class='ocrx_word' id='word_1_261' title='bbox 119 1047 166 1082; x_wconf 78' lang='grc' dir='ltr'>γῆν</span> <span class='ocrx_word' id='word_1_262' title='bbox 182 1047 358 1084; x_wconf 71' lang='grc' dir='ltr'>καταρῤἀξαι</span> <span class='ocrx_word' id='word_1_263' title='bbox 374 1047 406 1073; x_wconf 80' lang='grc' dir='ltr'>τὸ</span> <span class='ocrx_word' id='word_1_264' title='bbox 425 1047 498 1083; x_wconf 73' lang='grc' dir='ltr'>ιερδν</span> <span class='ocrx_word' id='word_1_265' title='bbox 521 1048 610 1074; x_wconf 76' lang='grc' dir='ltr'>ἐκεῖνο</span> <span class='ocrx_word' id='word_1_266' title='bbox 635 1047 735 1082; x_wconf 82' lang='grc' dir='ltr'>σκῆνος</span> <span class='ocrx_word' id='word_1_267' title='bbox 758 1047 899 1082; x_wconf 84' lang='grc' dir='ltr'>πρόθυμος</span> 
     </span>
    </p>
   </div>
   <div class='ocr_carea' id='block_1_41' title="bbox 120 1090 899 1128">
    <p class='ocr_par' dir='ltr' id='par_1_41' title="bbox 120 1090 899 1128">
     <span class='ocr_line' id='line_1_41' title="bbox 120 1090 899 1128; baseline -0.003 -8"><span class='ocrx_word' id='word_1_268' title='bbox 120 1092 163 1120; x_wconf 77' lang='grc' dir='ltr'><strong>ὢν.</strong></span> <span class='ocrx_word' id='word_1_269' title='bbox 185 1093 216 1120; x_wconf 85' lang='grc' dir='ltr'><em>Ἣ</em></span> <span class='ocrx_word' id='word_1_270' title='bbox 229 1094 258 1120; x_wconf 83' lang='grc' dir='ltr'>δὲ</span> <span class='ocrx_word' id='word_1_271' title='bbox 276 1093 338 1128; x_wconf 82' lang='grc' dir='ltr'>δίκη</span> <span class='ocrx_word' id='word_1_272' title='bbox 354 1093 490 1128; x_wconf 69' lang='grc' dir='ltr'>μέλλουσα</span> <span class='ocrx_word' id='word_1_273' title='bbox 502 1090 536 1128; x_wconf 82' lang='grc' dir='ltr'>ἦν</span> <span class='ocrx_word' id='word_1_274' title='bbox 550 1093 687 1127; x_wconf 73' lang='grc' dir='ltr'>οὐδαμῶς.</span> <span class='ocrx_word' id='word_1_275' title='bbox 706 1092 751 1125; x_wconf 81' lang='grc' dir='ltr'><strong>Ἐξ</strong></span> <span class='ocrx_word' id='word_1_276' title='bbox 766 1092 899 1126; x_wconf 81' lang='grc' dir='ltr'><strong>ἀγκώνων</strong></span> 
     </span>
    </p>
   </div>
   <div class='ocr_carea' id='block_1_42' title="bbox 119 1138 900 1176">
    <p class='ocr_par' dir='ltr' id='par_1_42' title="bbox 119 1138 900 1176">
     <span class='ocr_line' id='line_1_42' title="bbox 119 1138 900 1176; baseline -0.003 -10"><span class='ocrx_word' id='word_1_277' title='bbox 119 1139 168 1175; x_wconf 80' lang='grc' dir='ltr'><strong>τὰρ</strong></span> <span class='ocrx_word' id='word_1_278' title='bbox 176 1140 204 1166; x_wconf 75' lang='lat' dir='ltr'><strong>at</strong></span> <span class='ocrx_word' id='word_1_279' title='bbox 215 1141 308 1176; x_wconf 77' lang='grc' dir='ltr'>χεῖρες</span> <span class='ocrx_word' id='word_1_280' title='bbox 323 1139 419 1175; x_wconf 66' lang='grc' dir='ltr'>ἐκείνῳ</span> <span class='ocrx_word' id='word_1_281' title='bbox 432 1139 618 1171; x_wconf 76' lang='grc' dir='ltr'>σιακοπεῖσαι,</span> <span class='ocrx_word' id='word_1_282' title='bbox 631 1138 670 1174; x_wconf 86' lang='grc' dir='ltr'><strong>τῷ</strong></span> <span class='ocrx_word' id='word_1_283' title='bbox 686 1138 818 1174; x_wconf 80' lang='grc' dir='ltr'>σκίμποδι</span> <span class='ocrx_word' id='word_1_284' title='bbox 829 1139 900 1173; x_wconf 79' lang='grc' dir='ltr'>ἀπη-</span> 
     </span>
    </p>
   </div>
   <div class='ocr_carea' id='block_1_43' title="bbox 120 1185 900 1220">
    <p class='ocr_par' dir='ltr' id='par_1_43' title="bbox 120 1185 900 1220">
     <span class='ocr_line' id='line_1_43' title="bbox 120 1185 900 1220; baseline 0 -9"><span class='ocrx_word' id='word_1_285' title='bbox 120 1185 229 1220; x_wconf 85' lang='grc' dir='ltr'>ώρηντο.</span> <span class='ocrx_word' id='word_1_286' title='bbox 249 1185 370 1220; x_wconf 80' lang='grc' dir='ltr'>Ἔμελλε</span> <span class='ocrx_word' id='word_1_287' title='bbox 385 1185 413 1212; x_wconf 78' lang='grc' dir='ltr'>δὲ</span> <span class='ocrx_word' id='word_1_288' title='bbox 431 1185 486 1220; x_wconf 77' lang='grc' dir='ltr'>ἄρα</span> <span class='ocrx_word' id='word_1_289' title='bbox 502 1186 518 1220; x_wconf 78' lang='grc' dir='ltr'>ἡ</span> <span class='ocrx_word' id='word_1_290' title='bbox 534 1185 578 1212; x_wconf 78' lang='grc' dir='ltr'><strong>διὰ</strong></span> <span class='ocrx_word' id='word_1_291' title='bbox 596 1185 643 1212; x_wconf 84' lang='grc' dir='ltr'>τοῦ</span> <span class='ocrx_word' id='word_1_292' title='bbox 663 1185 736 1212; x_wconf 85' lang='grc' dir='ltr'>θείου</span> <span class='ocrx_word' id='word_1_293' title='bbox 754 1185 834 1211; x_wconf 88' lang='grc' dir='ltr'>τόκου</span> <span class='ocrx_word' id='word_1_294' title='bbox 850 1193 900 1219; x_wconf 86' lang='grc' dir='ltr'><strong>χα-</strong></span> 
     </span>
    </p>
   </div>
   <div class='ocr_carea' id='block_1_44' title="bbox 120 1229 900 1266">
    <p class='ocr_par' dir='ltr' id='par_1_44' title="bbox 120 1229 900 1266">
     <span class='ocr_line' id='line_1_44' title="bbox 120 1229 900 1266; baseline -0.003 -8"><span class='ocrx_word' id='word_1_295' title='bbox 120 1231 163 1265; x_wconf 77' lang='grc' dir='ltr'><strong>ρᾶς</strong></span> <span class='ocrx_word' id='word_1_296' title='bbox 175 1231 223 1266; x_wconf 80' lang='grc' dir='ltr'>τὴν</span> <span class='ocrx_word' id='word_1_297' title='bbox 238 1231 407 1265; x_wconf 71' lang='grc' dir='ltr'>οἰκουμένην</span> <span class='ocrx_word' id='word_1_298' title='bbox 420 1231 590 1266; x_wconf 82' lang='grc' dir='ltr'>πληρώσασα</span> <span class='ocrx_word' id='word_1_299' title='bbox 606 1231 635 1257; x_wconf 78' lang='grc' dir='ltr'>ἐν</span> <span class='ocrx_word' id='word_1_300' title='bbox 646 1229 685 1264; x_wconf 83' lang='grc' dir='ltr'>τῷ</span> <span class='ocrx_word' id='word_1_301' title='bbox 703 1229 832 1264; x_wconf 77' lang='grc' dir='ltr'>θνήσκειν</span> <span class='ocrx_word' id='word_1_302' title='bbox 847 1239 900 1265; x_wconf 83' lang='grc' dir='ltr'>μη-</span> 
     </span>
    </p>
   </div>
   <div class='ocr_carea' id='block_1_45' title="bbox 117 1275 902 1313">
    <p class='ocr_par' dir='ltr' id='par_1_45' title="bbox 117 1275 902 1313">
     <span class='ocr_line' id='line_1_45' title="bbox 117 1275 902 1313; baseline -0.003 -9"><span class='ocrx_word' id='word_1_303' title='bbox 117 1277 170 1304; x_wconf 79' lang='grc' dir='ltr'>ὂινὶ</span> <span class='ocrx_word' id='word_1_304' title='bbox 184 1277 310 1313; x_wconf 88' lang='grc' dir='ltr'>λυπηροῦ</span> <span class='ocrx_word' id='word_1_305' title='bbox 335 1286 411 1309; x_wconf 86' lang='grc' dir='ltr'>τινος</span> <span class='ocrx_word' id='word_1_306' title='bbox 428 1278 503 1303; x_wconf 84' lang='grc' dir='ltr'>αἰτία</span> <span class='ocrx_word' id='word_1_307' title='bbox 519 1276 658 1310; x_wconf 78' lang='grc' dir='ltr'>γενέσθαι.</span> <span class='ocrx_word' id='word_1_308' title='bbox 676 1276 731 1303; x_wconf 79' lang='grc' dir='ltr'><strong>Καὶ</strong></span> <span class='ocrx_word' id='word_1_309' title='bbox 747 1275 808 1302; x_wconf 74' lang='grc' dir='ltr'>ἐπεὶ</span> <span class='ocrx_word' id='word_1_310' title='bbox 819 1276 834 1302; x_wconf 83' lang='grc' dir='ltr'><strong>ὸ</strong></span> <span class='ocrx_word' id='word_1_311' title='bbox 849 1284 902 1302; x_wconf 56' lang='grc' dir='ltr'>παι</span> 
     </span>
    </p>
   </div>
   <div class='ocr_carea' id='block_1_46' title="bbox 117 1322 901 1360">
    <p class='ocr_par' dir='ltr' id='par_1_46' title="bbox 117 1322 901 1360">
     <span class='ocr_line' id='line_1_46' title="bbox 117 1322 901 1360; baseline -0.003 -10"><span class='ocrx_word' id='word_1_312' title='bbox 117 1324 167 1350; x_wconf 82' lang='grc' dir='ltr'><strong>θὼν</strong></span> <span class='ocrx_word' id='word_1_313' title='bbox 183 1325 304 1360; x_wconf 75' lang='grc' dir='ltr'>πονηρὸς</span> <span class='ocrx_word' id='word_1_314' title='bbox 322 1324 373 1359; x_wconf 83' lang='grc' dir='ltr'>μὲν</span> <span class='ocrx_word' id='word_1_315' title='bbox 387 1322 433 1359; x_wconf 77' lang='grc' dir='ltr'><strong>ἦν,</strong></span> <span class='ocrx_word' id='word_1_316' title='bbox 449 1323 550 1358; x_wconf 71' lang='grc' dir='ltr'>ἣκιστα</span> <span class='ocrx_word' id='word_1_317' title='bbox 567 1323 595 1349; x_wconf 83' lang='grc' dir='ltr'>δὲ</span> <span class='ocrx_word' id='word_1_318' title='bbox 612 1323 732 1354; x_wconf 82' lang='grc' dir='ltr'>ἀνίατος,</span> <span class='ocrx_word' id='word_1_319' title='bbox 745 1322 776 1349; x_wconf 81' lang='grc' dir='ltr'>τὸ</span> <span class='ocrx_word' id='word_1_320' title='bbox 788 1322 838 1357; x_wconf 83' lang='grc' dir='ltr'><strong>τῆς</strong></span> <span class='ocrx_word' id='word_1_321' title='bbox 853 1331 901 1357; x_wconf 76' lang='grc' dir='ltr'>με‹</span> 
     </span>
    </p>
   </div>
   <div class='ocr_carea' id='block_1_47' title="bbox 119 1368 903 1406">
    <p class='ocr_par' dir='ltr' id='par_1_47' title="bbox 119 1368 903 1406">
     <span class='ocr_line' id='line_1_47' title="bbox 119 1368 903 1406; baseline -0.001 -9"><span class='ocrx_word' id='word_1_322' title='bbox 119 1371 221 1402; x_wconf 83' lang='grc' dir='ltr'>τανοίας</span> <span class='ocrx_word' id='word_1_323' title='bbox 238 1370 424 1406; x_wconf 78' lang='grc' dir='ltr'>προὸἀλλιται</span> <span class='ocrx_word' id='word_1_324' title='bbox 439 1370 598 1404; x_wconf 82' lang='grc' dir='ltr'>φάρμακον.</span> <span class='ocrx_word' id='word_1_325' title='bbox 614 1368 670 1395; x_wconf 74' lang='grc' dir='ltr'><strong>Καὶ</strong></span> <span class='ocrx_word' id='word_1_326' title='bbox 685 1370 779 1404; x_wconf 82' lang='grc' dir='ltr'>χεῖρας</span> <span class='ocrx_word' id='word_1_327' title='bbox 792 1369 840 1403; x_wconf 86' lang='grc' dir='ltr'>μὲν</span> <span class='ocrx_word' id='word_1_328' title='bbox 857 1370 903 1396; x_wconf 86' lang='grc' dir='ltr'><strong>ὲκ-</strong></span> 
     </span>
    </p>
   </div>
   <div class='ocr_carea' id='block_1_48' title="bbox 121 1413 902 1452">
    <p class='ocr_par' dir='ltr' id='par_1_48' title="bbox 121 1413 902 1452">
     <span class='ocr_line' id='line_1_48' title="bbox 121 1413 902 1452; baseline -0.003 -10"><span class='ocrx_word' id='word_1_329' title='bbox 121 1416 215 1443; x_wconf 71' lang='grc' dir='ltr'>τείναιν</span> <span class='ocrx_word' id='word_1_330' title='bbox 229 1417 282 1443; x_wconf 84' lang='grc' dir='ltr'>οὒκ</span> <span class='ocrx_word' id='word_1_331' title='bbox 310 1413 368 1452; x_wconf 78' lang='grc' dir='ltr'><strong>εἳχι</strong></span> <span class='ocrx_word' id='word_1_332' title='bbox 380 1424 388 1432; x_wconf 71' lang='grc' dir='ltr'><strong><em>ο</em></strong></span> <span class='ocrx_word' id='word_1_333' title='bbox 405 1415 593 1451; x_wconf 77' lang='grc' dir='ltr'>προύϐάλλετο</span> <span class='ocrx_word' id='word_1_334' title='bbox 607 1414 635 1441; x_wconf 72' lang='grc' dir='ltr'>δὲ</span> <span class='ocrx_word' id='word_1_335' title='bbox 654 1416 689 1441; x_wconf 79' lang='grc' dir='ltr'>τὰ</span> <span class='ocrx_word' id='word_1_336' title='bbox 704 1414 809 1448; x_wconf 81' lang='grc' dir='ltr'>δάκρυα</span> <span class='ocrx_word' id='word_1_337' title='bbox 820 1423 828 1431; x_wconf 86' lang='grc'><strong>·</strong></span> <span class='ocrx_word' id='word_1_338' title='bbox 856 1415 902 1441; x_wconf 70' lang='grc' dir='ltr'>καὶ</span> 
     </span>
    </p>
   </div>
   <div class='ocr_carea' id='block_1_49' title="bbox 120 1460 902 1499">
    <p class='ocr_par' dir='ltr' id='par_1_49' title="bbox 120 1460 902 1499">
     <span class='ocr_line' id='line_1_49' title="bbox 120 1460 902 1499; baseline -0.005 -9"><span class='ocrx_word' id='word_1_339' title='bbox 120 1462 175 1498; x_wconf 72' lang='grc' dir='ltr'>ἅμα</span> <span class='ocrx_word' id='word_1_340' title='bbox 188 1465 221 1499; x_wconf 83' lang='grc' dir='ltr'>τῇ</span> <span class='ocrx_word' id='word_1_341' title='bbox 236 1463 353 1498; x_wconf 80' lang='grc' dir='ltr'>παιδείᾳ</span> <span class='ocrx_word' id='word_1_342' title='bbox 366 1462 412 1489; x_wconf 74' lang='grc' dir='ltr'>καὶ</span> <span class='ocrx_word' id='word_1_343' title='bbox 428 1463 445 1497; x_wconf 82' lang='grc' dir='ltr'><strong>ἡ</strong></span> <span class='ocrx_word' id='word_1_344' title='bbox 462 1461 597 1496; x_wconf 80' lang='grc' dir='ltr'>θεραπεία</span> <span class='ocrx_word' id='word_1_345' title='bbox 615 1460 731 1496; x_wconf 81' lang='grc' dir='ltr'>προσῆν.</span> <span class='ocrx_word' id='word_1_346' title='bbox 751 1461 837 1495; x_wconf 77' lang='grc' dir='ltr'>Ἔστη</span> <span class='ocrx_word' id='word_1_347' title='bbox 853 1460 902 1495; x_wconf 78' lang='grc' dir='ltr'>μὲν</span> 
     </span>
    </p>
   </div>
   <div class='ocr_carea' id='block_1_50' title="bbox 119 1506 900 1545">
    <p class='ocr_par' dir='ltr' id='par_1_50' title="bbox 119 1506 900 1545">
     <span class='ocr_line' id='line_1_50' title="bbox 119 1506 900 1545; baseline -0.004 -9"><span class='ocrx_word' id='word_1_348' title='bbox 119 1506 161 1536; x_wconf 80' lang='grc' dir='ltr'>οὖν</span> <span class='ocrx_word' id='word_1_349' title='bbox 174 1510 190 1545; x_wconf 81' lang='grc' dir='ltr'><strong>ἡ</strong></span> <span class='ocrx_word' id='word_1_350' title='bbox 208 1509 289 1542; x_wconf 84' lang='grc' dir='ltr'>κλίνη</span> <span class='ocrx_word' id='word_1_351' title='bbox 312 1508 361 1536; x_wconf 80' lang='grc' dir='ltr'>τοῦ</span> <span class='ocrx_word' id='word_1_352' title='bbox 386 1508 481 1543; x_wconf 87' lang='grc' dir='ltr'>πρόσω</span> <span class='ocrx_word' id='word_1_353' title='bbox 496 1507 628 1543; x_wconf 77' lang='grc' dir='ltr'>φέρεσθαι</span> <span class='ocrx_word' id='word_1_354' title='bbox 639 1515 647 1523; x_wconf 84' lang='grc'><strong><em>⁸</em></strong></span> <span class='ocrx_word' id='word_1_355' title='bbox 659 1508 708 1534; x_wconf 80' lang='grc' dir='ltr'>καὶ</span> <span class='ocrx_word' id='word_1_356' title='bbox 720 1506 774 1533; x_wconf 85' lang='grc' dir='ltr'><strong>τῶν</strong></span> <span class='ocrx_word' id='word_1_357' title='bbox 788 1507 900 1542; x_wconf 79' lang='grc' dir='ltr'>τμημά-</span> 
     </span>
    </p>
   </div>
   <div class='ocr_carea' id='block_1_51' title="bbox 119 1553 899 1592">
    <p class='ocr_par' dir='ltr' id='par_1_51' title="bbox 119 1553 899 1592">
     <span class='ocr_line' id='line_1_51' title="bbox 119 1553 899 1592; baseline -0.006 -9"><span class='ocrx_word' id='word_1_358' title='bbox 119 1564 169 1582; x_wconf 87' lang='grc' dir='ltr'>των</span> <span class='ocrx_word' id='word_1_359' title='bbox 187 1555 473 1592; x_wconf 77' lang='grc' dir='ltr'>προσαρμοσθέντων,</span> <span class='ocrx_word' id='word_1_360' title='bbox 493 1554 554 1581; x_wconf 80' lang='grc' dir='ltr'>ὅθεν</span> <span class='ocrx_word' id='word_1_361' title='bbox 581 1553 731 1590; x_wconf 72' lang='grc' dir='ltr'>ἐρρύησαν,</span> <span class='ocrx_word' id='word_1_362' title='bbox 749 1553 855 1589; x_wconf 81' lang='grc' dir='ltr'>Πέτρου</span> <span class='ocrx_word' id='word_1_363' title='bbox 870 1553 899 1578; x_wconf 76' lang='grc' dir='ltr'>δὲ</span> 
     </span>
    </p>
   </div>
   <div class='ocr_carea' id='block_1_52' title="bbox 119 1595 899 1634">
    <p class='ocr_par' dir='ltr' id='par_1_52' title="bbox 119 1595 899 1634">
     <span class='ocr_line' id='line_1_52' title="bbox 119 1595 899 1634; baseline -0.004 -9"><span class='ocrx_word' id='word_1_364' title='bbox 119 1599 147 1625; x_wconf 80' lang='grc' dir='ltr'><strong>τδ</strong></span> <span class='ocrx_word' id='word_1_365' title='bbox 164 1600 306 1634; x_wconf 61' lang='grc' dir='ltr'>ἐπίταγμα</span> <span class='ocrx_word' id='word_1_366' title='bbox 322 1596 368 1634; x_wconf 80' lang='grc' dir='ltr'><strong>ἦν,</strong></span> <span class='ocrx_word' id='word_1_367' title='bbox 398 1598 558 1634; x_wconf 82' lang='grc' dir='ltr'>παραυτίκα</span> <span class='ocrx_word' id='word_1_368' title='bbox 573 1597 611 1629; x_wconf 85' lang='grc' dir='ltr'>ὡς</span> <span class='ocrx_word' id='word_1_369' title='bbox 626 1597 657 1624; x_wconf 84' lang='grc' dir='ltr'><strong>τὺ</strong></span> <span class='ocrx_word' id='word_1_370' title='bbox 672 1596 804 1633; x_wconf 72' lang='grc' dir='ltr'>πρότερον</span> <span class='ocrx_word' id='word_1_371' title='bbox 817 1595 899 1632; x_wconf 83' lang='grc' dir='ltr'>ἦσαν.</span> 
     </span>
    </p>
   </div>
   <div class='ocr_carea' id='block_1_53' title="bbox 125 1641 901 1679">
    <p class='ocr_par' dir='ltr' id='par_1_53' title="bbox 125 1641 901 1679">
     <span class='ocr_line' id='line_1_53' title="bbox 125 1641 901 1679; baseline -0.004 -7"><span class='ocrx_word' id='word_1_372' title='bbox 125 1644 164 1675; x_wconf 76' lang='grc' dir='ltr'><strong>Ὡς</strong></span> <span class='ocrx_word' id='word_1_373' title='bbox 183 1645 211 1672; x_wconf 71' lang='grc' dir='ltr'>δὲ</span> <span class='ocrx_word' id='word_1_374' title='bbox 229 1645 280 1672; x_wconf 74' lang='grc' dir='ltr'>καὶ</span> <span class='ocrx_word' id='word_1_375' title='bbox 304 1644 354 1679; x_wconf 84' lang='grc' dir='ltr'>τὴν</span> <span class='ocrx_word' id='word_1_376' title='bbox 378 1643 543 1678; x_wconf 82' lang='grc' dir='ltr'>Γεθσημανὴ</span> <span class='ocrx_word' id='word_1_377' title='bbox 563 1642 726 1675; x_wconf 72' lang='grc' dir='ltr'>κατέλαϐον,</span> <span class='ocrx_word' id='word_1_378' title='bbox 751 1643 830 1676; x_wconf 83' lang='grc' dir='ltr'>τάφῳ</span> <span class='ocrx_word' id='word_1_379' title='bbox 850 1641 901 1676; x_wconf 78' lang='grc' dir='ltr'>μὲν</span> 
     </span>
    </p>
   </div>
   <div class='ocr_carea' id='block_1_54' title="bbox 119 1688 902 1725">
    <p class='ocr_par' dir='ltr' id='par_1_54' title="bbox 119 1688 902 1725">
     <span class='ocr_line' id='line_1_54' title="bbox 119 1688 902 1725; baseline -0.003 -9"><span class='ocrx_word' id='word_1_380' title='bbox 119 1690 161 1717; x_wconf 81' lang='grc' dir='ltr'><strong>τὸν</strong></span> <span class='ocrx_word' id='word_1_381' title='bbox 177 1690 239 1718; x_wconf 81' lang='grc' dir='ltr'>Υίδν</span> <span class='ocrx_word' id='word_1_382' title='bbox 259 1690 420 1725; x_wconf 80' lang='grc' dir='ltr'>μιμουμένη</span> <span class='ocrx_word' id='word_1_383' title='bbox 434 1689 556 1716; x_wconf 86' lang='grc' dir='ltr'>δέδοται·</span> <span class='ocrx_word' id='word_1_384' title='bbox 570 1689 604 1715; x_wconf 83' lang='grc' dir='ltr'>δι’</span> <span class='ocrx_word' id='word_1_385' title='bbox 622 1689 726 1715; x_wconf 74' lang='grc' dir='ltr'>ἐκείνου</span> <span class='ocrx_word' id='word_1_386' title='bbox 741 1688 770 1714; x_wconf 74' lang='grc' dir='ltr'>δὲ</span> <span class='ocrx_word' id='word_1_387' title='bbox 788 1688 855 1723; x_wconf 79' lang='grc' dir='ltr'>πρὸς</span> <span class='ocrx_word' id='word_1_388' title='bbox 867 1688 902 1714; x_wconf 69' lang='grc' dir='ltr'><strong>τὰ</strong></span> 
     </span>
    </p>
   </div>
   <div class='ocr_carea' id='block_1_55' title="bbox 120 1730 903 1770">
    <p class='ocr_par' dir='ltr' id='par_1_55' title="bbox 120 1730 903 1770">
     <span class='ocr_line' id='line_1_55' title="bbox 120 1730 903 1770; baseline -0.003 -9"><span class='ocrx_word' id='word_1_389' title='bbox 120 1735 175 1762; x_wconf 81' lang='grc' dir='ltr'>θεῖα</span> <span class='ocrx_word' id='word_1_390' title='bbox 203 1735 375 1770; x_wconf 80' lang='grc' dir='ltr'>σκηνώματα</span> <span class='ocrx_word' id='word_1_391' title='bbox 403 1733 590 1770; x_wconf 82' lang='grc' dir='ltr'>μετατίθεται,</span> <span class='ocrx_word' id='word_1_392' title='bbox 617 1733 708 1767; x_wconf 87' lang='grc' dir='ltr'>λόγοις</span> <span class='ocrx_word' id='word_1_393' title='bbox 733 1730 774 1764; x_wconf 73' lang='grc' dir='ltr'><strong>οἷς</strong></span> <span class='ocrx_word' id='word_1_394' title='bbox 802 1731 872 1760; x_wconf 69' lang='grc' dir='ltr'>οἶδεν</span> <span class='ocrx_word' id='word_1_395' title='bbox 889 1734 903 1759; x_wconf 84' lang='grc' dir='ltr'>ὁ</span> 
     </span>
    </p>
   </div>
   <div class='ocr_carea' id='block_1_56' title="bbox 119 1778 902 1817">
    <p class='ocr_par' dir='ltr' id='par_1_56' title="bbox 119 1778 902 1817">
     <span class='ocr_line' id='line_1_56' title="bbox 119 1778 902 1817; baseline -0.004 -9"><span class='ocrx_word' id='word_1_396' title='bbox 119 1780 202 1808; x_wconf 79' lang='grc' dir='ltr'>ταῦτα</span> <span class='ocrx_word' id='word_1_397' title='bbox 224 1781 332 1817; x_wconf 83' lang='grc' dir='ltr'>δράσας</span> <span class='ocrx_word' id='word_1_398' title='bbox 356 1781 424 1812; x_wconf 77' lang='grc' dir='ltr'><strong>Θιός</strong></span> <span class='ocrx_word' id='word_1_399' title='bbox 434 1788 441 1795; x_wconf 92' lang='grc'><strong>·</strong></span> <span class='ocrx_word' id='word_1_400' title='bbox 466 1780 495 1806; x_wconf 70' lang='grc' dir='ltr'>ιν</span> <span class='ocrx_word' id='word_1_401' title='bbox 510 1779 585 1813; x_wconf 82' lang='grc' dir='ltr'><strong>αὑτῷ</strong></span> <span class='ocrx_word' id='word_1_402' title='bbox 599 1778 638 1814; x_wconf 87' lang='grc' dir='ltr'>τῷ</span> <span class='ocrx_word' id='word_1_403' title='bbox 652 1778 717 1814; x_wconf 81' lang='grc' dir='ltr'>θείῳ</span> <span class='ocrx_word' id='word_1_404' title='bbox 737 1778 838 1813; x_wconf 83' lang='grc' dir='ltr'>δηλαδὴ</span> <span class='ocrx_word' id='word_1_405' title='bbox 851 1787 902 1805; x_wconf 82' lang='grc' dir='ltr'>πα-</span> 
     </span>
    </p>
   </div>
   <div class='ocr_carea' id='block_1_57' title="bbox 121 1823 904 1862">
    <p class='ocr_par' dir='ltr' id='par_1_57' title="bbox 121 1823 904 1862">
     <span class='ocr_line' id='line_1_57' title="bbox 121 1823 904 1862; baseline -0.005 -9"><span class='ocrx_word' id='word_1_406' title='bbox 121 1826 244 1862; x_wconf 81' lang='grc' dir='ltr'>ραδείσῳ,</span> <span class='ocrx_word' id='word_1_407' title='bbox 270 1827 337 1854; x_wconf 76' lang='grc' dir='ltr'>ὅπου</span> <span class='ocrx_word' id='word_1_408' title='bbox 360 1826 394 1861; x_wconf 83' lang='grc' dir='ltr'>δὴ</span> <span class='ocrx_word' id='word_1_409' title='bbox 421 1826 468 1853; x_wconf 80' lang='grc' dir='ltr'>καὶ</span> <span class='ocrx_word' id='word_1_410' title='bbox 492 1826 524 1852; x_wconf 76' lang='grc' dir='ltr'>τὸ</span> <span class='ocrx_word' id='word_1_411' title='bbox 550 1824 628 1857; x_wconf 76' lang='grc' dir='ltr'>ξύλον</span> <span class='ocrx_word' id='word_1_412' title='bbox 656 1823 827 1859; x_wconf 78' lang='grc' dir='ltr'>πεφύτευται</span> <span class='ocrx_word' id='word_1_413' title='bbox 854 1824 904 1859; x_wconf 83' lang='grc' dir='ltr'><strong>τῆς</strong></span> 
     </span>
    </p>
   </div>
   <div class='ocr_carea' id='block_1_58' title="bbox 121 1871 201 1907">
    <p class='ocr_par' dir='ltr' id='par_1_58' title="bbox 121 1871 201 1907">
     <span class='ocr_line' id='line_1_58' title="bbox 121 1871 201 1907; baseline -0.05 -3"><span class='ocrx_word' id='word_1_414' title='bbox 121 1871 201 1907; x_wconf 79' lang='grc' dir='ltr'><strong>ζωῆς.</strong></span> 
     </span>
    </p>
   </div>
   <div class='ocr_carea' id='block_1_59' title="bbox 947 862 1740 902">
    <p class='ocr_par' dir='ltr' id='par_1_59' title="bbox 947 862 1740 902">
     <span class='ocr_line' id='line_1_59' title="bbox 947 862 1740 902; baseline 0.01 -14"><span class='ocrx_word' id='word_1_415' title='bbox 947 862 1099 896; x_wconf 84' lang='lat' dir='ltr'><strong>spiritualis</strong></span> <span class='ocrx_word' id='word_1_416' title='bbox 1114 870 1189 895; x_wconf 85' lang='lat' dir='ltr'><strong>arca,</strong></span> <span class='ocrx_word' id='word_1_417' title='bbox 1210 871 1244 890; x_wconf 79' lang='lat' dir='ltr'><strong>ex</strong></span> <span class='ocrx_word' id='word_1_418' title='bbox 1263 863 1328 891; x_wconf 91' lang='lat' dir='ltr'><strong>Sion</strong></span> <span class='ocrx_word' id='word_1_419' title='bbox 1346 865 1373 891; x_wconf 91' lang='lat' dir='ltr'><strong>in</strong></span> <span class='ocrx_word' id='word_1_420' title='bbox 1390 864 1557 900; x_wconf 83' lang='lat' dir='ltr'><strong>Gctsemani,</strong></span> <span class='ocrx_word' id='word_1_421' title='bbox 1577 869 1740 902; x_wconf 69' lang='lat' dir='ltr'><strong>apostolicis</strong></span> 
     </span>
    </p>
   </div>
   <div class='ocr_carea' id='block_1_60' title="bbox 947 907 1739 947">
    <p class='ocr_par' dir='ltr' id='par_1_60' title="bbox 947 907 1739 947">
     <span class='ocr_line' id='line_1_60' title="bbox 947 907 1739 947; baseline 0.011 -15"><span class='ocrx_word' id='word_1_422' title='bbox 947 914 1007 933; x_wconf 84' lang='lat' dir='ltr'><strong>eam</strong></span> <span class='ocrx_word' id='word_1_423' title='bbox 1037 907 1210 942; x_wconf 75' lang='lat' dir='ltr'><strong>gestantibus</strong></span> <span class='ocrx_word' id='word_1_424' title='bbox 1237 909 1367 936; x_wconf 80' lang='lat' dir='ltr'><strong>manibus</strong></span> <span class='ocrx_word' id='word_1_425' title='bbox 1392 910 1479 938; x_wconf 79' lang='lat' dir='ltr'><strong>fertur</strong></span> <span class='ocrx_word' id='word_1_426' title='bbox 1496 912 1546 947; x_wconf 70' lang='lat'><strong>(2).</strong></span> <span class='ocrx_word' id='word_1_427' title='bbox 1569 913 1604 940; x_wconf 79' lang='lat' dir='ltr'><strong>At</strong></span> <span class='ocrx_word' id='word_1_428' title='bbox 1620 915 1693 940; x_wconf 86' lang='lat' dir='ltr'><strong>enim</strong></span> <span class='ocrx_word' id='word_1_429' title='bbox 1712 914 1739 942; x_wconf 86' lang='lat' dir='ltr'><strong>iu</strong></span> 
     </span>
    </p>
   </div>
   <div class='ocr_carea' id='block_1_61' title="bbox 948 952 1737 994">
    <p class='ocr_par' dir='ltr' id='par_1_61' title="bbox 948 952 1737 994">
     <span class='ocr_line' id='line_1_61' title="bbox 948 952 1737 994; baseline 0.011 -15"><span class='ocrx_word' id='word_1_430' title='bbox 948 952 1018 980; x_wconf 82' lang='lat' dir='ltr'><strong>hanc</strong></span> <span class='ocrx_word' id='word_1_431' title='bbox 1031 958 1133 980; x_wconf 79' lang='lat' dir='ltr'><strong>tantam</strong></span> <span class='ocrx_word' id='word_1_432' title='bbox 1150 954 1282 988; x_wconf 71' lang='lat' dir='ltr'><strong>laetitiam,</strong></span> <span class='ocrx_word' id='word_1_433' title='bbox 1295 956 1440 984; x_wconf 90' lang='lat' dir='ltr'><strong>molestum</strong></span> <span class='ocrx_word' id='word_1_434' title='bbox 1452 962 1479 984; x_wconf 88' lang='lat' dir='ltr'><strong>et</strong></span> <span class='ocrx_word' id='word_1_435' title='bbox 1492 959 1590 986; x_wconf 89' lang='lat' dir='ltr'><strong>durum</strong></span> <span class='ocrx_word' id='word_1_436' title='bbox 1605 960 1737 994; x_wconf 79' lang='lat' dir='ltr'><strong>quiddam</strong></span> 
     </span>
    </p>
   </div>
   <div class='ocr_carea' id='block_1_62' title="bbox 949 998 1738 1036">
    <p class='ocr_par' dir='ltr' id='par_1_62' title="bbox 949 998 1738 1036">
     <span class='ocr_line' id='line_1_62' title="bbox 949 998 1738 1036; baseline 0.01 -12"><span class='ocrx_word' id='word_1_437' title='bbox 949 998 1056 1031; x_wconf 86' lang='lat' dir='ltr'><strong>incidit,</strong></span> <span class='ocrx_word' id='word_1_438' title='bbox 1074 999 1148 1034; x_wconf 88' lang='lat' dir='ltr'><strong>quod</strong></span> <span class='ocrx_word' id='word_1_439' title='bbox 1166 1000 1276 1028; x_wconf 88' lang='lat' dir='ltr'><strong>silentio</strong></span> <span class='ocrx_word' id='word_1_440' title='bbox 1291 1004 1513 1036; x_wconf 62' lang='lat' dir='ltr'><strong>pragtereundum</strong></span> <span class='ocrx_word' id='word_1_441' title='bbox 1541 1012 1595 1032; x_wconf 89' lang='lat' dir='ltr'><strong>non</strong></span> <span class='ocrx_word' id='word_1_442' title='bbox 1612 1006 1658 1033; x_wconf 87' lang='lat' dir='ltr'><strong>sit.</strong></span> <span class='ocrx_word' id='word_1_443' title='bbox 1670 1006 1738 1033; x_wconf 87' lang='lat' dir='ltr'><strong>Cum</strong></span> 
     </span>
    </p>
   </div>
   <div class='ocr_carea' id='block_1_63' title="bbox 949 1044 1740 1083">
    <p class='ocr_par' dir='ltr' id='par_1_63' title="bbox 949 1044 1740 1083">
     <span class='ocr_line' id='line_1_63' title="bbox 949 1044 1740 1083; baseline 0.01 -12"><span class='ocrx_word' id='word_1_444' title='bbox 949 1044 1024 1072; x_wconf 90' lang='lat' dir='ltr'><strong>enim</strong></span> <span class='ocrx_word' id='word_1_445' title='bbox 1046 1045 1169 1072; x_wconf 88' lang='lat' dir='ltr'><strong>divinum</strong></span> <span class='ocrx_word' id='word_1_446' title='bbox 1187 1046 1254 1074; x_wconf 91' lang='lat' dir='ltr'><strong>illud</strong></span> <span class='ocrx_word' id='word_1_447' title='bbox 1273 1055 1391 1083; x_wconf 79' lang='lat' dir='ltr'><strong>corpus,</strong></span> <span class='ocrx_word' id='word_1_448' title='bbox 1410 1048 1446 1076; x_wconf 90' lang='lat' dir='ltr'><strong>ita</strong></span> <span class='ocrx_word' id='word_1_449' title='bbox 1465 1054 1496 1077; x_wconf 93' lang='lat' dir='ltr'><strong>ut</strong></span> <span class='ocrx_word' id='word_1_450' title='bbox 1515 1050 1620 1078; x_wconf 89' lang='lat' dir='ltr'><strong>dictum</strong></span> <span class='ocrx_word' id='word_1_451' title='bbox 1638 1056 1691 1083; x_wconf 88' lang='lat' dir='ltr'><strong>est,</strong></span> <span class='ocrx_word' id='word_1_452' title='bbox 1705 1051 1740 1078; x_wconf 85' lang='lat' dir='ltr'><strong>ad</strong></span> 
     </span>
    </p>
   </div>
   <div class='ocr_carea' id='block_1_64' title="bbox 950 1089 1741 1132">
    <p class='ocr_par' dir='ltr' id='par_1_64' title="bbox 950 1089 1741 1132">
     <span class='ocr_line' id='line_1_64' title="bbox 950 1089 1741 1132; baseline 0.011 -16"><span class='ocrx_word' id='word_1_453' title='bbox 950 1089 1107 1117; x_wconf 87' lang='lat' dir='ltr'><strong>Getsemani</strong></span> <span class='ocrx_word' id='word_1_454' title='bbox 1127 1097 1295 1126; x_wconf 82' lang='lat' dir='ltr'><strong>portaretur,</strong></span> <span class='ocrx_word' id='word_1_455' title='bbox 1312 1095 1359 1122; x_wconf 91' lang='lat' dir='ltr'><strong>ubi</strong></span> <span class='ocrx_word' id='word_1_456' title='bbox 1377 1095 1422 1122; x_wconf 82' lang='lat' dir='ltr'><strong>Dei</strong></span> <span class='ocrx_word' id='word_1_457' title='bbox 1438 1095 1564 1123; x_wconf 76' lang='lat' dir='ltr'><strong>Genitrix</strong></span> <span class='ocrx_word' id='word_1_458' title='bbox 1580 1097 1692 1132; x_wconf 86' lang='lat' dir='ltr'><strong>sepeliri</strong></span> <span class='ocrx_word' id='word_1_459' title='bbox 1711 1105 1741 1124; x_wconf 77' lang='lat' dir='ltr'><strong>se</strong></span> 
     </span>
    </p>
   </div>
   <div class='ocr_carea' id='block_1_65' title="bbox 951 1137 1742 1174">
    <p class='ocr_par' dir='ltr' id='par_1_65' title="bbox 951 1137 1742 1174">
     <span class='ocr_line' id='line_1_65' title="bbox 951 1137 1742 1174; baseline 0.009 -11"><span class='ocrx_word' id='word_1_460' title='bbox 951 1137 1141 1172; x_wconf 89' lang='lat' dir='ltr'><strong>mandaverat,</strong></span> <span class='ocrx_word' id='word_1_461' title='bbox 1155 1139 1242 1173; x_wconf 74' lang='lat' dir='ltr'><strong>Judzei</strong></span> <span class='ocrx_word' id='word_1_462' title='bbox 1258 1140 1358 1168; x_wconf 82' lang='lat' dir='ltr'><strong>invidia</strong></span> <span class='ocrx_word' id='word_1_463' title='bbox 1374 1141 1556 1174; x_wconf 84' lang='lat' dir='ltr'><strong>tabescentes,</strong></span> <span class='ocrx_word' id='word_1_464' title='bbox 1571 1150 1632 1169; x_wconf 88' lang='lat' dir='ltr'><strong>cum</strong></span> <span class='ocrx_word' id='word_1_465' title='bbox 1648 1143 1742 1170; x_wconf 89' lang='lat' dir='ltr'><strong>occul—</strong></span> 
     </span>
    </p>
   </div>
   <div class='ocr_carea' id='block_1_66' title="bbox 952 1187 1741 1221">
    <p class='ocr_par' dir='ltr' id='par_1_66' title="bbox 952 1187 1741 1221">
     <span class='ocr_line' id='line_1_66' title="bbox 952 1187 1741 1221; baseline 0.008 -12"><span class='ocrx_word' id='word_1_466' title='bbox 952 1187 1010 1210; x_wconf 84' lang='lat' dir='ltr'><strong>tare</strong></span> <span class='ocrx_word' id='word_1_467' title='bbox 1037 1192 1091 1211; x_wconf 89' lang='lat' dir='ltr'><strong>non</strong></span> <span class='ocrx_word' id='word_1_468' title='bbox 1116 1189 1247 1220; x_wconf 88' lang='lat' dir='ltr'><strong>possent,</strong></span> <span class='ocrx_word' id='word_1_469' title='bbox 1271 1195 1333 1213; x_wconf 86' lang='lat' dir='ltr'><strong>eum</strong></span> <span class='ocrx_word' id='word_1_470' title='bbox 1356 1187 1402 1221; x_wconf 91' lang='lat' dir='ltr'><strong>qui</strong></span> <span class='ocrx_word' id='word_1_471' title='bbox 1431 1187 1457 1214; x_wconf 91' lang='lat' dir='ltr'><strong>in</strong></span> <span class='ocrx_word' id='word_1_472' title='bbox 1485 1187 1624 1215; x_wconf 85' lang='lat' dir='ltr'><strong>mentibus</strong></span> <span class='ocrx_word' id='word_1_473' title='bbox 1645 1195 1741 1215; x_wconf 86' lang='lat' dir='ltr'><strong>eorum</strong></span> 
     </span>
    </p>
   </div>
   <div class='ocr_carea' id='block_1_67' title="bbox 952 1229 1741 1268">
    <p class='ocr_par' dir='ltr' id='par_1_67' title="bbox 952 1229 1741 1268">
     <span class='ocr_line' id='line_1_67' title="bbox 952 1229 1741 1268; baseline 0.004 -12"><span class='ocrx_word' id='word_1_474' title='bbox 952 1229 1115 1263; x_wconf 85' lang='lat' dir='ltr'><strong>fovebatur,</strong></span> <span class='ocrx_word' id='word_1_475' title='bbox 1141 1231 1236 1260; x_wconf 82' lang='lat' dir='ltr'><strong>livoris</strong></span> <span class='ocrx_word' id='word_1_476' title='bbox 1257 1232 1386 1260; x_wconf 75' lang='lat' dir='ltr'><strong>allectum</strong></span> <span class='ocrx_word' id='word_1_477' title='bbox 1411 1233 1542 1268; x_wconf 82' lang='lat' dir='ltr'><strong>produnt.</strong></span> <span class='ocrx_word' id='word_1_478' title='bbox 1571 1233 1644 1261; x_wconf 87' lang='lat' dir='ltr'><strong>Inter</strong></span> <span class='ocrx_word' id='word_1_479' title='bbox 1670 1242 1741 1268; x_wconf 79' lang='lat' dir='ltr'><strong>quos</strong></span> 
     </span>
    </p>
   </div>
   <div class='ocr_carea' id='block_1_68' title="bbox 952 1277 1742 1313">
    <p class='ocr_par' dir='ltr' id='par_1_68' title="bbox 952 1277 1742 1313">
     <span class='ocr_line' id='line_1_68' title="bbox 952 1277 1742 1313; baseline 0.003 -10"><span class='ocrx_word' id='word_1_480' title='bbox 952 1277 1015 1304; x_wconf 90' lang='lat' dir='ltr'><strong>aliis</strong></span> <span class='ocrx_word' id='word_1_481' title='bbox 1042 1277 1154 1312; x_wconf 88' lang='lat' dir='ltr'><strong>quidam</strong></span> <span class='ocrx_word' id='word_1_482' title='bbox 1181 1278 1384 1312; x_wconf 82' lang='lat' dir='ltr'><strong>confidentior,</strong></span> <span class='ocrx_word' id='word_1_483' title='bbox 1407 1279 1631 1313; x_wconf 77' lang='lat' dir='ltr'><strong>furibundusque</strong></span> <span class='ocrx_word' id='word_1_484' title='bbox 1655 1280 1742 1313; x_wconf 80' lang='lat' dir='ltr'><strong>magis</strong></span> 
     </span>
    </p>
   </div>
   <div class='ocr_carea' id='block_1_69' title="bbox 953 1322 1738 1357">
    <p class='ocr_par' dir='ltr' id='par_1_69' title="bbox 953 1322 1738 1357">
     <span class='ocr_line' id='line_1_69' title="bbox 953 1322 1738 1357; baseline 0.001 -9"><span class='ocrx_word' id='word_1_485' title='bbox 953 1322 1024 1356; x_wconf 85' lang='lat' dir='ltr'><strong>(erat</strong></span> <span class='ocrx_word' id='word_1_486' title='bbox 1043 1327 1134 1349; x_wconf 83' lang='lat' dir='ltr'><strong>autem</strong></span> <span class='ocrx_word' id='word_1_487' title='bbox 1154 1330 1187 1350; x_wconf 78' lang='lat' dir='ltr'><strong>ex</strong></span> <span class='ocrx_word' id='word_1_488' title='bbox 1207 1323 1382 1350; x_wconf 82' lang='lat' dir='ltr'><strong>sacerdotum</strong></span> <span class='ocrx_word' id='word_1_489' title='bbox 1407 1324 1528 1357; x_wconf 84' lang='lat' dir='ltr'><strong>ordine),</strong></span> <span class='ocrx_word' id='word_1_490' title='bbox 1545 1332 1607 1351; x_wconf 90' lang='lat' dir='ltr'><strong>cum</strong></span> <span class='ocrx_word' id='word_1_491' title='bbox 1625 1331 1738 1351; x_wconf 89' lang='lat' dir='ltr'><strong>sacrum</strong></span> 
     </span>
    </p>
   </div>
   <div class='ocr_carea' id='block_1_70' title="bbox 954 1369 1739 1404">
    <p class='ocr_par' dir='ltr' id='par_1_70' title="bbox 954 1369 1739 1404">
     <span class='ocr_line' id='line_1_70' title="bbox 954 1369 1739 1404; baseline 0.001 -9"><span class='ocrx_word' id='word_1_492' title='bbox 954 1369 1161 1396; x_wconf 69' lang='lat' dir='ltr'><strong>tabernaculum</strong></span> <span class='ocrx_word' id='word_1_493' title='bbox 1186 1374 1354 1404; x_wconf 68' lang='lat' dir='ltr'><strong>portari-tur,</strong></span> <span class='ocrx_word' id='word_1_494' title='bbox 1373 1370 1475 1404; x_wconf 83' lang='lat' dir='ltr'><strong>impetu</strong></span> <span class='ocrx_word' id='word_1_495' title='bbox 1498 1370 1616 1404; x_wconf 77' lang='lat' dir='ltr'><strong>quatiant</strong></span> <span class='ocrx_word' id='word_1_496' title='bbox 1641 1375 1739 1404; x_wconf 66' lang='lat' dir='ltr'><strong>praeter</strong></span> 
     </span>
    </p>
   </div>
   <div class='ocr_carea' id='block_1_71' title="bbox 955 1413 1741 1449">
    <p class='ocr_par' dir='ltr' id='par_1_71' title="bbox 955 1413 1741 1449">
     <span class='ocr_line' id='line_1_71' title="bbox 955 1413 1741 1449; baseline 0.001 -8"><span class='ocrx_word' id='word_1_497' title='bbox 955 1414 1088 1442; x_wconf 88' lang='lat' dir='ltr'><strong>rationem</strong></span> <span class='ocrx_word' id='word_1_498' title='bbox 1104 1413 1236 1449; x_wconf 79' lang='lat' dir='ltr'><strong>percitus,</strong></span> <span class='ocrx_word' id='word_1_499' title='bbox 1253 1415 1279 1442; x_wconf 87' lang='lat' dir='ltr'><strong>iu</strong></span> <span class='ocrx_word' id='word_1_500' title='bbox 1297 1415 1322 1442; x_wconf 89' lang='lat' dir='ltr'><strong>id</strong></span> <span class='ocrx_word' id='word_1_501' title='bbox 1339 1415 1494 1447; x_wconf 82' lang='lat' dir='ltr'><strong>ferebatur,</strong></span> <span class='ocrx_word' id='word_1_502' title='bbox 1513 1415 1591 1441; x_wconf 79' lang='lat' dir='ltr'><strong>ltuini</strong></span> <span class='ocrx_word' id='word_1_503' title='bbox 1615 1421 1741 1449; x_wconf 80' lang='lat' dir='ltr'><strong>proster-</strong></span> 
     </span>
    </p>
   </div>
   <div class='ocr_carea' id='block_1_72' title="bbox 955 1459 1740 1495">
    <p class='ocr_par' dir='ltr' id='par_1_72' title="bbox 955 1459 1740 1495">
     <span class='ocr_line' id='line_1_72' title="bbox 955 1459 1740 1495; baseline 0.001 -9"><span class='ocrx_word' id='word_1_504' title='bbox 955 1467 1020 1486; x_wconf 82' lang='lat' dir='ltr'><strong>nere</strong></span> <span class='ocrx_word' id='word_1_505' title='bbox 1043 1467 1152 1487; x_wconf 87' lang='lat' dir='ltr'><strong>sacrum</strong></span> <span class='ocrx_word' id='word_1_506' title='bbox 1173 1459 1239 1487; x_wconf 90' lang='lat' dir='ltr'><strong>illud</strong></span> <span class='ocrx_word' id='word_1_507' title='bbox 1263 1468 1382 1495; x_wconf 87' lang='lat' dir='ltr'><strong>corpus,</strong></span> <span class='ocrx_word' id='word_1_508' title='bbox 1404 1466 1486 1495; x_wconf 82' lang='lat' dir='ltr'><strong>atque</strong></span> <span class='ocrx_word' id='word_1_509' title='bbox 1510 1461 1688 1495; x_wconf 66' lang='lat' dir='ltr'><strong>pessumdare</strong></span> <span class='ocrx_word' id='word_1_510' title='bbox 1714 1461 1740 1487; x_wconf 83' lang='lat' dir='ltr'><strong>in</strong></span> 
     </span>
    </p>
   </div>
   <div class='ocr_carea' id='block_1_73' title="bbox 953 1505 1742 1541">
    <p class='ocr_par' dir='ltr' id='par_1_73' title="bbox 953 1505 1742 1541">
     <span class='ocr_line' id='line_1_73' title="bbox 953 1505 1742 1541; baseline 0.004 -10"><span class='ocrx_word' id='word_1_511' title='bbox 953 1505 1044 1532; x_wconf 88' lang='lat' dir='ltr'><strong>animo</strong></span> <span class='ocrx_word' id='word_1_512' title='bbox 1056 1505 1168 1532; x_wconf 87' lang='lat' dir='ltr'><strong>babens.</strong></span> <span class='ocrx_word' id='word_1_513' title='bbox 1179 1505 1230 1533; x_wconf 86' lang='lat' dir='ltr'><strong>Sed</strong></span> <span class='ocrx_word' id='word_1_514' title='bbox 1238 1506 1313 1533; x_wconf 88' lang='lat' dir='ltr'><strong>enim</strong></span> <span class='ocrx_word' id='word_1_515' title='bbox 1326 1506 1444 1534; x_wconf 87' lang='lat' dir='ltr'><strong>vindicta</strong></span> <span class='ocrx_word' id='word_1_516' title='bbox 1455 1514 1626 1541; x_wconf 81' lang='lat' dir='ltr'><strong>nequaquam</strong></span> <span class='ocrx_word' id='word_1_517' title='bbox 1637 1511 1742 1534; x_wconf 78' lang='lat' dir='ltr'><strong>morata</strong></span> 
     </span>
    </p>
   </div>
   <div class='ocr_carea' id='block_1_74' title="bbox 953 1551 1743 1586">
    <p class='ocr_par' dir='ltr' id='par_1_74' title="bbox 953 1551 1743 1586">
     <span class='ocr_line' id='line_1_74' title="bbox 953 1551 1743 1586; baseline 0.001 -8"><span class='ocrx_word' id='word_1_518' title='bbox 953 1556 1008 1578; x_wconf 74' lang='lat' dir='ltr'><strong>est.</strong></span> <span class='ocrx_word' id='word_1_519' title='bbox 1024 1551 1148 1586; x_wconf 86' lang='lat' dir='ltr'><strong>Namque</strong></span> <span class='ocrx_word' id='word_1_520' title='bbox 1163 1551 1197 1578; x_wconf 83' lang='lat' dir='ltr'><strong>ab</strong></span> <span class='ocrx_word' id='word_1_521' title='bbox 1215 1552 1286 1579; x_wconf 92' lang='lat' dir='ltr'><strong>ulnis</strong></span> <span class='ocrx_word' id='word_1_522' title='bbox 1301 1560 1398 1579; x_wconf 83' lang='lat' dir='ltr'><strong>manus</strong></span> <span class='ocrx_word' id='word_1_523' title='bbox 1416 1552 1490 1579; x_wconf 84' lang='lat' dir='ltr'><strong>illius</strong></span> <span class='ocrx_word' id='word_1_524' title='bbox 1506 1552 1610 1584; x_wconf 68' lang='lat' dir='ltr'><strong>reciszc,</strong></span> <span class='ocrx_word' id='word_1_525' title='bbox 1623 1560 1655 1579; x_wconf 81' lang='lat' dir='ltr'><strong>ex</strong></span> <span class='ocrx_word' id='word_1_526' title='bbox 1669 1552 1743 1580; x_wconf 80' lang='lat' dir='ltr'><strong>fere-</strong></span> 
     </span>
    </p>
   </div>
   <div class='ocr_carea' id='block_1_75' title="bbox 931 1597 1744 1635">
    <p class='ocr_par' dir='ltr' id='par_1_75' title="bbox 931 1597 1744 1635">
     <span class='ocr_line' id='line_1_75' title="bbox 931 1597 1744 1635; baseline 0.002 -11"><span class='ocrx_word' id='word_1_527' title='bbox 931 1601 934 1604; x_wconf 85' lang='grc'><strong>’</strong></span> <span class='ocrx_word' id='word_1_528' title='bbox 956 1601 998 1624; x_wconf 85' lang='lat' dir='ltr'><strong>tro</strong></span> <span class='ocrx_word' id='word_1_529' title='bbox 1021 1597 1225 1632; x_wconf 87' lang='lat' dir='ltr'><strong>dependerunt.</strong></span> <span class='ocrx_word' id='word_1_530' title='bbox 1247 1599 1282 1625; x_wconf 83' lang='lat' dir='ltr'><strong>At</strong></span> <span class='ocrx_word' id='word_1_531' title='bbox 1307 1606 1368 1632; x_wconf 65' lang='lat' dir='ltr'><strong>quae</strong></span> <span class='ocrx_word' id='word_1_532' title='bbox 1393 1598 1484 1625; x_wconf 79' lang='lat' dir='ltr'><strong>divina</strong></span> <span class='ocrx_word' id='word_1_533' title='bbox 1509 1598 1655 1625; x_wconf 85' lang='lat' dir='ltr'><strong>nativitate</strong></span> <span class='ocrx_word' id='word_1_534' title='bbox 1682 1607 1744 1635; x_wconf 79' lang='lat' dir='ltr'><strong>sua,</strong></span> 
     </span>
    </p>
   </div>
   <div class='ocr_carea' id='block_1_76' title="bbox 956 1643 1745 1679">
    <p class='ocr_par' dir='ltr' id='par_1_76' title="bbox 956 1643 1745 1679">
     <span class='ocr_line' id='line_1_76' title="bbox 956 1643 1745 1679; baseline 0.001 -9"><span class='ocrx_word' id='word_1_535' title='bbox 956 1643 1050 1670; x_wconf 69' lang='lat' dir='ltr'><strong>laetitia</strong></span> <span class='ocrx_word' id='word_1_536' title='bbox 1070 1643 1250 1671; x_wconf 84' lang='lat' dir='ltr'><strong>habitabilem</strong></span> <span class='ocrx_word' id='word_1_537' title='bbox 1272 1644 1367 1672; x_wconf 87' lang='lat' dir='ltr'><strong>orbem</strong></span> <span class='ocrx_word' id='word_1_538' title='bbox 1392 1651 1502 1671; x_wconf 86' lang='lat' dir='ltr'><strong>omnem</strong></span> <span class='ocrx_word' id='word_1_539' title='bbox 1526 1645 1692 1679; x_wconf 75' lang='lat' dir='ltr'><strong>repleverat,</strong></span> <span class='ocrx_word' id='word_1_540' title='bbox 1709 1653 1745 1672; x_wconf 88' lang='lat' dir='ltr'><strong>ne</strong></span> 
     </span>
    </p>
   </div>
   <div class='ocr_carea' id='block_1_77' title="bbox 954 1689 1745 1726">
    <p class='ocr_par' dir='ltr' id='par_1_77' title="bbox 954 1689 1745 1726">
     <span class='ocr_line' id='line_1_77' title="bbox 954 1689 1745 1726; baseline 0.001 -10"><span class='ocrx_word' id='word_1_541' title='bbox 954 1689 982 1716; x_wconf 92' lang='lat' dir='ltr'><strong>in</strong></span> <span class='ocrx_word' id='word_1_542' title='bbox 1005 1689 1081 1717; x_wconf 85' lang='lat' dir='ltr'><strong>obitu</strong></span> <span class='ocrx_word' id='word_1_543' title='bbox 1106 1690 1218 1725; x_wconf 90' lang='lat' dir='ltr'><strong>quidem</strong></span> <span class='ocrx_word' id='word_1_544' title='bbox 1245 1691 1367 1726; x_wconf 86' lang='lat' dir='ltr'><strong>cuipiam</strong></span> <span class='ocrx_word' id='word_1_545' title='bbox 1390 1691 1523 1718; x_wconf 69' lang='lat' dir='ltr'><strong>molestia:</strong></span> <span class='ocrx_word' id='word_1_546' title='bbox 1542 1695 1591 1718; x_wconf 89' lang='lat' dir='ltr'><strong>aut</strong></span> <span class='ocrx_word' id='word_1_547' title='bbox 1615 1698 1745 1718; x_wconf 69' lang='lat' dir='ltr'><strong>aerumna:</strong></span> 
     </span>
    </p>
   </div>
   <div class='ocr_carea' id='block_1_78' title="bbox 953 1734 1746 1770">
    <p class='ocr_par' dir='ltr' id='par_1_78' title="bbox 953 1734 1746 1770">
     <span class='ocr_line' id='line_1_78' title="bbox 953 1734 1746 1770; baseline 0 -8"><span class='ocrx_word' id='word_1_548' title='bbox 953 1734 1072 1770; x_wconf 86' lang='lat' dir='ltr'><strong>alicujus</strong></span> <span class='ocrx_word' id='word_1_549' title='bbox 1088 1743 1170 1762; x_wconf 86' lang='lat' dir='ltr'><strong>causa</strong></span> <span class='ocrx_word' id='word_1_550' title='bbox 1186 1735 1278 1763; x_wconf 88' lang='lat' dir='ltr'><strong>futura</strong></span> <span class='ocrx_word' id='word_1_551' title='bbox 1298 1740 1366 1762; x_wconf 86' lang='lat' dir='ltr'><strong>erat.</strong></span> <span class='ocrx_word' id='word_1_552' title='bbox 1383 1735 1470 1763; x_wconf 86' lang='lat' dir='ltr'><strong>Porro</strong></span> <span class='ocrx_word' id='word_1_553' title='bbox 1488 1736 1510 1764; x_wconf 89' lang='lat' dir='ltr'><strong>is</strong></span> <span class='ocrx_word' id='word_1_554' title='bbox 1525 1737 1569 1763; x_wconf 90' lang='lat' dir='ltr'><strong>cui</strong></span> <span class='ocrx_word' id='word_1_555' title='bbox 1589 1737 1641 1763; x_wconf 86' lang='lat' dir='ltr'><strong>hoc</strong></span> <span class='ocrx_word' id='word_1_556' title='bbox 1656 1736 1746 1764; x_wconf 82' lang='lat' dir='ltr'><strong>conti-</strong></span> 
     </span>
    </p>
   </div>
   <div class='ocr_carea' id='block_1_79' title="bbox 954 1781 1746 1817">
    <p class='ocr_par' dir='ltr' id='par_1_79' title="bbox 954 1781 1746 1817">
     <span class='ocr_line' id='line_1_79' title="bbox 954 1781 1746 1817; baseline 0.001 -10"><span class='ocrx_word' id='word_1_557' title='bbox 954 1785 1040 1815; x_wconf 77' lang='lat' dir='ltr'><strong>gerat,</strong></span> <span class='ocrx_word' id='word_1_558' title='bbox 1059 1789 1120 1809; x_wconf 90' lang='lat' dir='ltr'><strong>cum</strong></span> <span class='ocrx_word' id='word_1_559' title='bbox 1143 1781 1230 1808; x_wconf 88' lang='lat' dir='ltr'><strong>malus</strong></span> <span class='ocrx_word' id='word_1_560' title='bbox 1244 1782 1374 1816; x_wconf 81' lang='lat' dir='ltr'><strong>quidem,</strong></span> <span class='ocrx_word' id='word_1_561' title='bbox 1391 1781 1440 1808; x_wconf 88' lang='lat' dir='ltr'><strong>sed</strong></span> <span class='ocrx_word' id='word_1_562' title='bbox 1455 1786 1546 1809; x_wconf 89' lang='lat' dir='ltr'><strong>tamen</strong></span> <span class='ocrx_word' id='word_1_563' title='bbox 1560 1790 1615 1808; x_wconf 88' lang='lat' dir='ltr'><strong>non</strong></span> <span class='ocrx_word' id='word_1_564' title='bbox 1631 1790 1746 1817; x_wconf 83' lang='lat' dir='ltr'><strong>prorsus</strong></span> 
     </span>
    </p>
   </div>
   <div class='ocr_carea' id='block_1_80' title="bbox 955 1826 1744 1862">
    <p class='ocr_par' dir='ltr' id='par_1_80' title="bbox 955 1826 1744 1862">
     <span class='ocr_line' id='line_1_80' title="bbox 955 1826 1744 1862; baseline 0.003 -9"><span class='ocrx_word' id='word_1_565' title='bbox 955 1826 1117 1860; x_wconf 77' lang='lat' dir='ltr'><strong>desperatus</strong></span> <span class='ocrx_word' id='word_1_566' title='bbox 1142 1832 1172 1854; x_wconf 88' lang='lat' dir='ltr'><strong>et</strong></span> <span class='ocrx_word' id='word_1_567' title='bbox 1196 1827 1359 1854; x_wconf 84' lang='lat' dir='ltr'><strong>incurabilis</strong></span> <span class='ocrx_word' id='word_1_568' title='bbox 1384 1832 1468 1858; x_wconf 82' lang='lat' dir='ltr'><strong>esset,</strong></span> <span class='ocrx_word' id='word_1_569' title='bbox 1483 1828 1656 1862; x_wconf 69' lang='lat' dir='ltr'><strong>pmnitentiat</strong></span> <span class='ocrx_word' id='word_1_570' title='bbox 1689 1827 1744 1855; x_wconf 77' lang='lat' dir='ltr'><strong>rite</strong></span> 
     </span>
    </p>
   </div>
   <div class='ocr_carea' id='block_1_81' title="bbox 956 1872 1744 1907">
    <p class='ocr_par' dir='ltr' id='par_1_81' title="bbox 956 1872 1744 1907">
     <span class='ocr_line' id='line_1_81' title="bbox 956 1872 1744 1907; baseline 0 -9"><span class='ocrx_word' id='word_1_571' title='bbox 956 1873 1102 1906; x_wconf 69' lang='lat' dir='ltr'><strong>praetendit</strong></span> <span class='ocrx_word' id='word_1_572' title='bbox 1117 1873 1270 1900; x_wconf 88' lang='lat' dir='ltr'><strong>remedium</strong></span> <span class='ocrx_word' id='word_1_573' title='bbox 1284 1881 1291 1900; x_wconf 91' lang='lat'><strong>:</strong></span> <span class='ocrx_word' id='word_1_574' title='bbox 1307 1878 1334 1900; x_wconf 89' lang='lat' dir='ltr'><strong>et</strong></span> <span class='ocrx_word' id='word_1_575' title='bbox 1350 1872 1482 1907; x_wconf 87' lang='lat' dir='ltr'><strong>quoniam</strong></span> <span class='ocrx_word' id='word_1_576' title='bbox 1496 1881 1593 1900; x_wconf 86' lang='lat' dir='ltr'><strong>manus</strong></span> <span class='ocrx_word' id='word_1_577' title='bbox 1608 1881 1675 1907; x_wconf 80' lang='lat' dir='ltr'><strong>quas</strong></span> <span class='ocrx_word' id='word_1_578' title='bbox 1687 1880 1744 1900; x_wconf 87' lang='lat' dir='ltr'><strong>non</strong></span> 
     </span>
    </p>
   </div>
   <div class='ocr_carea' id='block_1_82' title="bbox 119 1916 1729 1955">
    <p class='ocr_par' dir='ltr' id='par_1_82' title="bbox 119 1916 1729 1955">
     <span class='ocr_line' id='line_1_82' title="bbox 119 1916 1729 1955; baseline 0.001 -11"><span class='ocrx_word' id='word_1_579' title='bbox 119 1918 254 1953; x_wconf 82' lang='lat' dir='ltr'><strong>habebat,</strong></span> <span class='ocrx_word' id='word_1_580' title='bbox 278 1918 445 1954; x_wconf 81' lang='lat' dir='ltr'><strong>protendere</strong></span> <span class='ocrx_word' id='word_1_581' title='bbox 459 1917 572 1952; x_wconf 80' lang='lat' dir='ltr'><strong>nequit,</strong></span> <span class='ocrx_word' id='word_1_582' title='bbox 590 1916 725 1952; x_wconf 79' lang='lat' dir='ltr'><strong>lacrymas</strong></span> <span class='ocrx_word' id='word_1_583' title='bbox 742 1916 857 1951; x_wconf 85' lang='lat' dir='ltr'><strong>profert,</strong></span> <span class='ocrx_word' id='word_1_584' title='bbox 875 1922 904 1945; x_wconf 89' lang='lat' dir='ltr'><strong>et</strong></span> <span class='ocrx_word' id='word_1_585' title='bbox 921 1918 1003 1946; x_wconf 85' lang='lat' dir='ltr'><strong>simul</strong></span> <span class='ocrx_word' id='word_1_586' title='bbox 1036 1927 1098 1953; x_wconf 85' lang='lat' dir='ltr'><strong>cum</strong></span> <span class='ocrx_word' id='word_1_587' title='bbox 1119 1919 1309 1955; x_wconf 75' lang='lat' dir='ltr'><strong>castigatione,</strong></span> <span class='ocrx_word' id='word_1_588' title='bbox 1324 1926 1391 1946; x_wconf 87' lang='lat' dir='ltr'><strong>cura</strong></span> <span class='ocrx_word' id='word_1_589' title='bbox 1424 1927 1535 1954; x_wconf 87' lang='lat' dir='ltr'><strong>quoque</strong></span> <span class='ocrx_word' id='word_1_590' title='bbox 1550 1919 1629 1946; x_wconf 80' lang='lat' dir='ltr'><strong>adest</strong></span> <span class='ocrx_word' id='word_1_591' title='bbox 1659 1919 1729 1946; x_wconf 84' lang='lat' dir='ltr'><strong>Fere</strong></span> 
     </span>
    </p>
   </div>
   <div class='ocr_carea' id='block_1_83' title="bbox 119 1963 1742 2000">
    <p class='ocr_par' dir='ltr' id='par_1_83' title="bbox 119 1963 1742 2000">
     <span class='ocr_line' id='line_1_83' title="bbox 119 1963 1742 2000; baseline 0.001 -9"><span class='ocrx_word' id='word_1_592' title='bbox 119 1968 188 1993; x_wconf 89' lang='lat' dir='ltr'><strong>trum</strong></span> <span class='ocrx_word' id='word_1_593' title='bbox 209 1966 288 1994; x_wconf 87' lang='lat' dir='ltr'><strong>enim</strong></span> <span class='ocrx_word' id='word_1_594' title='bbox 312 1964 456 1997; x_wconf 86' lang='lat' dir='ltr'><strong>constitit,</strong></span> <span class='ocrx_word' id='word_1_595' title='bbox 478 1969 507 1992; x_wconf 88' lang='lat' dir='ltr'><strong>et</strong></span> <span class='ocrx_word' id='word_1_596' title='bbox 529 1971 628 1992; x_wconf 84' lang='lat' dir='ltr'><strong>manus</strong></span> <span class='ocrx_word' id='word_1_597' title='bbox 648 1963 682 1990; x_wconf 91' lang='lat' dir='ltr'><strong>ad</strong></span> <span class='ocrx_word' id='word_1_598' title='bbox 724 1963 919 1996; x_wconf 82' lang='lat' dir='ltr'><strong>resectionem,</strong></span> <span class='ocrx_word' id='word_1_599' title='bbox 959 1964 1032 1991; x_wconf 89' lang='lat' dir='ltr'><strong>unde</strong></span> <span class='ocrx_word' id='word_1_600' title='bbox 1055 1964 1233 1997; x_wconf 84' lang='lat' dir='ltr'><strong>deciderant,</strong></span> <span class='ocrx_word' id='word_1_601' title='bbox 1256 1963 1470 1992; x_wconf 80' lang='lat' dir='ltr'><strong>accommodatae</strong></span> <span class='ocrx_word' id='word_1_602' title='bbox 1495 1964 1588 1999; x_wconf 82' lang='lat' dir='ltr'><strong>(Petri</strong></span> <span class='ocrx_word' id='word_1_603' title='bbox 1612 1964 1638 1991; x_wconf 90' lang='lat' dir='ltr'><strong>id</strong></span> <span class='ocrx_word' id='word_1_604' title='bbox 1664 1966 1742 2000; x_wconf 80' lang='lat' dir='ltr'><strong>jussu</strong></span> 
     </span>
    </p>
   </div>
   <div class='ocr_carea' id='block_1_84' title="bbox 119 2010 1745 2047">
    <p class='ocr_par' dir='ltr' id='par_1_84' title="bbox 119 2010 1745 2047">
     <span class='ocr_line' id='line_1_84' title="bbox 119 2010 1745 2047; baseline 0.001 -10"><span class='ocrx_word' id='word_1_605' title='bbox 119 2010 231 2047; x_wconf 76' lang='lat' dir='ltr'><strong>factum)</strong></span> <span class='ocrx_word' id='word_1_606' title='bbox 249 2011 395 2039; x_wconf 80' lang='lat' dir='ltr'><strong>confestim</strong></span> <span class='ocrx_word' id='word_1_607' title='bbox 415 2011 561 2045; x_wconf 83' lang='lat' dir='ltr'><strong>pristinum</strong></span> <span class='ocrx_word' id='word_1_608' title='bbox 581 2013 681 2038; x_wconf 85' lang='lat' dir='ltr'><strong>statum</strong></span> <span class='ocrx_word' id='word_1_609' title='bbox 711 2016 789 2036; x_wconf 80' lang='lat' dir='ltr'><strong>suum</strong></span> <span class='ocrx_word' id='word_1_610' title='bbox 820 2014 994 2044; x_wconf 79' lang='lat' dir='ltr'><strong>recuperarit.</strong></span> <span class='ocrx_word' id='word_1_611' title='bbox 1026 2010 1183 2038; x_wconf 85' lang='lat' dir='ltr'><strong>Ubi&#39;autem</strong></span> <span class='ocrx_word' id='word_1_612' title='bbox 1203 2010 1236 2037; x_wconf 87' lang='lat' dir='ltr'><strong>ad</strong></span> <span class='ocrx_word' id='word_1_613' title='bbox 1252 2010 1408 2038; x_wconf 86' lang='lat' dir='ltr'><strong>Getsemani</strong></span> <span class='ocrx_word' id='word_1_614' title='bbox 1430 2016 1593 2045; x_wconf 85' lang='lat' dir='ltr'><strong>perventum</strong></span> <span class='ocrx_word' id='word_1_615' title='bbox 1611 2016 1663 2042; x_wconf 84' lang='lat' dir='ltr'><strong>est,</strong></span> <span class='ocrx_word' id='word_1_616' title='bbox 1697 2019 1745 2038; x_wconf 76' lang='lat' dir='ltr'><strong>ae-</strong></span> 
     </span>
    </p>
   </div>
   <div class='ocr_carea' id='block_1_85' title="bbox 119 2057 1743 2095">
    <p class='ocr_par' dir='ltr' id='par_1_85' title="bbox 119 2057 1743 2095">
     <span class='ocr_line' id='line_1_85' title="bbox 119 2057 1743 2095; baseline 0 -9"><span class='ocrx_word' id='word_1_617' title='bbox 119 2059 233 2094; x_wconf 72' lang='lat' dir='ltr'><strong>pulturte</strong></span> <span class='ocrx_word' id='word_1_618' title='bbox 249 2060 361 2095; x_wconf 89' lang='lat' dir='ltr'><strong>quidem</strong></span> <span class='ocrx_word' id='word_1_619' title='bbox 378 2059 436 2092; x_wconf 89' lang='lat' dir='ltr'><strong>illa,</strong></span> <span class='ocrx_word' id='word_1_620' title='bbox 451 2059 550 2087; x_wconf 80' lang='lat' dir='ltr'><strong>Filium</strong></span> <span class='ocrx_word' id='word_1_621' title='bbox 566 2058 683 2089; x_wconf 84' lang='lat' dir='ltr'><strong>imitata,</strong></span> <span class='ocrx_word' id='word_1_622' title='bbox 697 2058 818 2084; x_wconf 63' lang='lat' dir='ltr'><strong>traditur</strong></span> <span class='ocrx_word' id='word_1_623' title='bbox 830 2066 837 2086; x_wconf 87' lang='lat'>:</span> <span class='ocrx_word' id='word_1_624' title='bbox 850 2066 900 2093; x_wconf 85' lang='lat' dir='ltr'><strong>per</strong></span> <span class='ocrx_word' id='word_1_625' title='bbox 919 2058 995 2085; x_wconf 92' lang='lat' dir='ltr'><strong>illum</strong></span> <span class='ocrx_word' id='word_1_626' title='bbox 1016 2063 1107 2085; x_wconf 84' lang='lat' dir='ltr'><strong>autem</strong></span> <span class='ocrx_word' id='word_1_627' title='bbox 1146 2058 1180 2086; x_wconf 86' lang='lat' dir='ltr'><strong>ad</strong></span> <span class='ocrx_word' id='word_1_628' title='bbox 1202 2058 1296 2086; x_wconf 86' lang='lat' dir='ltr'><strong>divina</strong></span> <span class='ocrx_word' id='word_1_629' title='bbox 1337 2057 1515 2086; x_wconf 84' lang='lat' dir='ltr'><strong>tabernacula</strong></span> <span class='ocrx_word' id='word_1_630' title='bbox 1532 2059 1581 2094; x_wconf 65' lang='grc' dir='ltr'><strong>(ὅ),</strong></span> <span class='ocrx_word' id='word_1_631' title='bbox 1601 2059 1635 2087; x_wconf 85' lang='lat' dir='ltr'><strong>ad</strong></span> <span class='ocrx_word' id='word_1_632' title='bbox 1653 2059 1743 2094; x_wconf 84' lang='lat' dir='ltr'><strong>ipsum</strong></span> 
     </span>
    </p>
   </div>
   <div class='ocr_carea' id='block_1_86' title="bbox 123 2104 1744 2142">
    <p class='ocr_par' dir='ltr' id='par_1_86' title="bbox 123 2104 1744 2142">
     <span class='ocr_line' id='line_1_86' title="bbox 123 2104 1744 2142; baseline 0.001 -10"><span class='ocrx_word' id='word_1_633' title='bbox 123 2106 227 2134; x_wconf 81' lang='lat' dir='ltr'><strong>scilicet</strong></span> <span class='ocrx_word' id='word_1_634' title='bbox 247 2106 420 2142; x_wconf 81' lang='lat' dir='ltr'><strong>paradisum,</strong></span> <span class='ocrx_word' id='word_1_635' title='bbox 440 2105 488 2134; x_wconf 90' lang='lat' dir='ltr'><strong>ubi</strong></span> <span class='ocrx_word' id='word_1_636' title='bbox 507 2109 536 2133; x_wconf 86' lang='lat' dir='ltr'><strong>et</strong></span> <span class='ocrx_word' id='word_1_637' title='bbox 551 2104 614 2132; x_wconf 66' lang='lat' dir='ltr'><strong>vitae</strong></span> <span class='ocrx_word' id='word_1_638' title='bbox 631 2104 714 2132; x_wconf 91' lang='lat' dir='ltr'><strong>arbor</strong></span> <span class='ocrx_word' id='word_1_639' title='bbox 731 2104 837 2132; x_wconf 87' lang='lat' dir='ltr'><strong>consita</strong></span> <span class='ocrx_word' id='word_1_640' title='bbox 854 2109 906 2138; x_wconf 78' lang='lat' dir='ltr'><strong>est,</strong></span> <span class='ocrx_word' id='word_1_641' title='bbox 927 2105 1035 2132; x_wconf 85' lang='lat' dir='ltr'><strong>ratione</strong></span> <span class='ocrx_word' id='word_1_642' title='bbox 1053 2112 1096 2139; x_wconf 85' lang='lat' dir='ltr'><strong>ea,</strong></span> <span class='ocrx_word' id='word_1_643' title='bbox 1127 2112 1210 2140; x_wconf 91' lang='lat' dir='ltr'><strong>quam</strong></span> <span class='ocrx_word' id='word_1_644' title='bbox 1223 2105 1273 2140; x_wconf 87' lang='lat' dir='ltr'><strong>qui</strong></span> <span class='ocrx_word' id='word_1_645' title='bbox 1303 2105 1362 2133; x_wconf 65' lang='lat' dir='ltr'><strong>haec</strong></span> <span class='ocrx_word' id='word_1_646' title='bbox 1374 2105 1450 2139; x_wconf 77' lang='lat' dir='ltr'><strong>fecit,</strong></span> <span class='ocrx_word' id='word_1_647' title='bbox 1466 2107 1537 2133; x_wconf 85' lang='lat' dir='ltr'><strong>Deus</strong></span> <span class='ocrx_word' id='word_1_648' title='bbox 1553 2106 1640 2139; x_wconf 88' lang='lat' dir='ltr'><strong>novit,</strong></span> <span class='ocrx_word' id='word_1_649' title='bbox 1655 2111 1744 2134; x_wconf 82' lang='lat' dir='ltr'><strong>trans-</strong></span> 
     </span>
    </p>
   </div>
   <div class='ocr_carea' id='block_1_87' title="bbox 118 2153 214 2181">
    <p class='ocr_par' dir='ltr' id='par_1_87' title="bbox 118 2153 214 2181">
     <span class='ocr_line' id='line_1_87' title="bbox 118 2153 214 2181; baseline 0 -1"><span class='ocrx_word' id='word_1_650' title='bbox 118 2153 214 2181; x_wconf 78' lang='lat' dir='ltr'><strong>fertur.</strong></span> 
     </span>
    </p>
   </div>
   <div class='ocr_carea' id='block_1_88' title="bbox 152 2234 1746 2276">
    <p class='ocr_par' dir='ltr' id='par_1_88' title="bbox 152 2234 1746 2276">
     <span class='ocr_line' id='line_1_88' title="bbox 152 2234 1746 2276; baseline -0.002 -11"><span class='ocrx_word' id='word_1_651' title='bbox 152 2238 191 2272; x_wconf 95' lang='lat' dir='ltr'><strong>(l)</strong></span> <span class='ocrx_word' id='word_1_652' title='bbox 212 2247 222 2265; x_wconf 84' lang='lat' dir='ltr'><strong>t</strong></span> <span class='ocrx_word' id='word_1_653' title='bbox 238 2236 406 2276; x_wconf 67' lang='lat' dir='ltr'><strong>Monstratur</strong></span> <span class='ocrx_word' id='word_1_654' title='bbox 419 2235 838 2276; x_wconf 38' lang='lat' dir='ltr'><strong>sepulcrumlejus_cernentibus</strong></span> <span class='ocrx_word' id='word_1_655' title='bbox 855 2242 906 2276; x_wconf 71' lang='lat' dir='ltr'><strong>no-</strong></span> <span class='ocrx_word' id='word_1_656' title='bbox 918 2238 946 2268; x_wconf 76' lang='lat' dir='ltr'><strong>n</strong></span> <span class='ocrx_word' id='word_1_657' title='bbox 993 2235 1035 2276; x_wconf 63' lang='lat'><strong>(3)</strong></span> <span class='ocrx_word' id='word_1_658' title='bbox 1049 2245 1058 2262; x_wconf 78' lang='grc' dir='ltr'><strong>ι</strong></span> <span class='ocrx_word' id='word_1_659' title='bbox 1070 2234 1247 2276; x_wconf 79' lang='lat' dir='ltr'><strong>_Quod,_qui_a</strong></span> <span class='ocrx_word' id='word_1_660' title='bbox 1269 2235 1325 2276; x_wconf 66' lang='lat' dir='ltr'><strong>Deo</strong></span> <span class='ocrx_word' id='word_1_661' title='bbox 1340 2234 1409 2263; x_wconf 81' lang='lat' dir='ltr'><strong>nihil</strong></span> <span class='ocrx_word' id='word_1_662' title='bbox 1422 2239 1469 2276; x_wconf 70' lang='lat' dir='ltr'><strong>est</strong></span> <span class='ocrx_word' id='word_1_663' title='bbox 1487 2235 1676 2276; x_wconf 61' lang='lat' dir='ltr'><strong>impossibile,</strong></span> <span class='ocrx_word' id='word_1_664' title='bbox 1695 2243 1746 2262; x_wconf 71' lang='lat' dir='ltr'><strong>nec</strong></span> 
     </span>
    </p>
   </div>
   <div class='ocr_carea' id='block_1_89' title="bbox 118 2270 903 2308">
    <p class='ocr_par' dir='ltr' id='par_1_89' title="bbox 118 2270 903 2308">
     <span class='ocr_line' id='line_1_89' title="bbox 118 2270 903 2308; baseline -0.004 -9"><span class='ocrx_word' id='word_1_665' title='bbox 118 2270 161 2300; x_wconf 78' lang='lat' dir='ltr'><strong>bis</strong></span> <span class='ocrx_word' id='word_1_666' title='bbox 173 2270 262 2308; x_wconf 85' lang='lat' dir='ltr'><strong>usque</strong></span> <span class='ocrx_word' id='word_1_667' title='bbox 284 2272 318 2299; x_wconf 86' lang='lat' dir='ltr'><strong>ad</strong></span> <span class='ocrx_word' id='word_1_668' title='bbox 344 2270 475 2307; x_wconf 67' lang='lat' dir='ltr'><strong>praesens,</strong></span> <span class='ocrx_word' id='word_1_669' title='bbox 491 2271 519 2298; x_wconf 92' lang='lat' dir='ltr'><strong>in</strong></span> <span class='ocrx_word' id='word_1_670' title='bbox 537 2270 615 2308; x_wconf 64' lang='lat' dir='ltr'><strong>vallis</strong></span> <span class='ocrx_word' id='word_1_671' title='bbox 639 2270 774 2304; x_wconf 80' lang='lat' dir='ltr'><strong>Josaphat</strong></span> <span class='ocrx_word' id='word_1_672' title='bbox 800 2270 903 2308; x_wconf 71' lang='lat' dir='ltr'><strong>medio,</strong></span> 
     </span>
    </p>
   </div>
   <div class='ocr_carea' id='block_1_90' title="bbox 118 2305 905 2342">
    <p class='ocr_par' dir='ltr' id='par_1_90' title="bbox 118 2305 905 2342">
     <span class='ocr_line' id='line_1_90' title="bbox 118 2305 905 2342; baseline -0.003 -9"><span class='ocrx_word' id='word_1_673' title='bbox 118 2315 176 2342; x_wconf 60' lang='lat' dir='ltr'><strong>qua</strong></span> <span class='ocrx_word' id='word_1_674' title='bbox 184 2305 262 2335; x_wconf 77' lang='lat' dir='ltr'><strong>vallis</strong></span> <span class='ocrx_word' id='word_1_675' title='bbox 273 2312 318 2335; x_wconf 74' lang='lat' dir='ltr'><strong>est</strong></span> <span class='ocrx_word' id='word_1_676' title='bbox 329 2305 401 2334; x_wconf 80' lang='lat' dir='ltr'><strong>inter</strong></span> <span class='ocrx_word' id='word_1_677' title='bbox 412 2311 532 2342; x_wconf 78' lang='lat' dir='ltr'><strong>montem</strong></span> <span class='ocrx_word' id='word_1_678' title='bbox 544 2306 611 2333; x_wconf 89' lang='lat' dir='ltr'><strong>Sion</strong></span> <span class='ocrx_word' id='word_1_679' title='bbox 628 2311 656 2342; x_wconf 87' lang='lat' dir='ltr'><strong>et</strong></span> <span class='ocrx_word' id='word_1_680' title='bbox 669 2311 790 2342; x_wconf 73' lang='lat' dir='ltr'><strong>montem</strong></span> <span class='ocrx_word' id='word_1_681' title='bbox 805 2305 905 2342; x_wconf 83' lang='lat' dir='ltr'><strong>Oliveti</strong></span> 
     </span>
    </p>
   </div>
   <div class='ocr_carea' id='block_1_91' title="bbox 118 2341 906 2377">
    <p class='ocr_par' dir='ltr' id='par_1_91' title="bbox 118 2341 906 2377">
     <span class='ocr_line' id='line_1_91' title="bbox 118 2341 906 2377; baseline -0.005 -7"><span class='ocrx_word' id='word_1_682' title='bbox 118 2346 216 2377; x_wconf 82' lang='lat' dir='ltr'><strong>posita,</strong></span> <span class='ocrx_word' id='word_1_683' title='bbox 235 2344 262 2370; x_wconf 89' lang='lat' dir='ltr'><strong>in</strong></span> <span class='ocrx_word' id='word_1_684' title='bbox 279 2350 332 2377; x_wconf 89' lang='lat' dir='ltr'><strong>qua</strong></span> <span class='ocrx_word' id='word_1_685' title='bbox 349 2342 455 2376; x_wconf 90' lang='lat' dir='ltr'><strong>sepulta</strong></span> <span class='ocrx_word' id='word_1_686' title='bbox 472 2341 557 2368; x_wconf 84' lang='lat' dir='ltr'><strong>fuisse</strong></span> <span class='ocrx_word' id='word_1_687' title='bbox 569 2341 745 2376; x_wconf 65' lang='lat' dir='ltr'><strong>praedicatur.</strong></span> <span class='ocrx_word' id='word_1_688' title='bbox 760 2341 814 2367; x_wconf 82' lang='lat' dir='ltr'><strong>Sed</strong></span> <span class='ocrx_word' id='word_1_689' title='bbox 828 2347 906 2377; x_wconf 9' lang='lat' dir='ltr'><strong>(nunc</strong></span> 
     </span>
    </p>
   </div>
   <div class='ocr_carea' id='block_1_92' title="bbox 117 2375 904 2405">
    <p class='ocr_par' dir='ltr' id='par_1_92' title="bbox 117 2375 904 2405">
     <span class='ocr_line' id='line_1_92' title="bbox 117 2375 904 2405; baseline -0.001 -2"><span class='ocrx_word' id='word_1_690' title='bbox 117 2375 234 2404; x_wconf 74' lang='lat' dir='ltr'><strong>vacuum</strong></span> <span class='ocrx_word' id='word_1_691' title='bbox 259 2375 321 2405; x_wconf 64' lang='lat' dir='ltr'><strong>esse</strong></span> <span class='ocrx_word' id='word_1_692' title='bbox 345 2375 514 2404; x_wconf 79' lang='lat' dir='ltr'><strong>mausoleum</strong></span> <span class='ocrx_word' id='word_1_693' title='bbox 539 2375 721 2403; x_wconf 71' lang='lat' dir='ltr'><strong>cernentibus</strong></span> <span class='ocrx_word' id='word_1_694' title='bbox 736 2375 904 2402; x_wconf 88' lang='lat' dir='ltr'><strong>ostenditur.</strong></span> 
     </span>
    </p>
   </div>
   <div class='ocr_carea' id='block_1_93' title="bbox 118 2410 904 2445">
    <p class='ocr_par' dir='ltr' id='par_1_93' title="bbox 118 2410 904 2445">
     <span class='ocr_line' id='line_1_93' title="bbox 118 2410 904 2445; baseline -0.003 -7"><span class='ocrx_word' id='word_1_695' title='bbox 118 2411 179 2440; x_wconf 74' lang='lat' dir='ltr'><strong>llaec</strong></span> <span class='ocrx_word' id='word_1_696' title='bbox 196 2413 301 2440; x_wconf 85' lang='lat' dir='ltr'><strong>idcirco</strong></span> <span class='ocrx_word' id='word_1_697' title='bbox 315 2412 443 2444; x_wconf 86' lang='lat' dir='ltr'><strong>dixerim,</strong></span> <span class='ocrx_word' id='word_1_698' title='bbox 459 2411 523 2445; x_wconf 88' lang='lat' dir='ltr'><strong>quia</strong></span> <span class='ocrx_word' id='word_1_699' title='bbox 543 2411 620 2438; x_wconf 89' lang='lat' dir='ltr'><strong>multi</strong></span> <span class='ocrx_word' id='word_1_700' title='bbox 643 2415 802 2438; x_wconf 89' lang='lat' dir='ltr'><strong>nostrorum</strong></span> <span class='ocrx_word' id='word_1_701' title='bbox 821 2410 904 2436; x_wconf 84' lang='lat' dir='ltr'><strong>dubi-</strong></span> 
     </span>
    </p>
   </div>
   <div class='ocr_carea' id='block_1_94' title="bbox 120 2446 904 2481">
    <p class='ocr_par' dir='ltr' id='par_1_94' title="bbox 120 2446 904 2481">
     <span class='ocr_line' id='line_1_94' title="bbox 120 2446 904 2481; baseline -0.003 -8"><span class='ocrx_word' id='word_1_702' title='bbox 120 2452 186 2478; x_wconf 86' lang='lat' dir='ltr'><strong>tant,</strong></span> <span class='ocrx_word' id='word_1_703' title='bbox 216 2452 308 2474; x_wconf 87' lang='lat' dir='ltr'><strong>ntrutn</strong></span> <span class='ocrx_word' id='word_1_704' title='bbox 324 2452 463 2481; x_wconf 74' lang='lat' dir='ltr'><strong>assumpta</strong></span> <span class='ocrx_word' id='word_1_705' title='bbox 484 2447 568 2473; x_wconf 90' lang='lat' dir='ltr'><strong>luerit</strong></span> <span class='ocrx_word' id='word_1_706' title='bbox 593 2446 676 2472; x_wconf 86' lang='lat' dir='ltr'><strong>simul</strong></span> <span class='ocrx_word' id='word_1_707' title='bbox 696 2453 758 2473; x_wconf 92' lang='lat' dir='ltr'><strong>cum</strong></span> <span class='ocrx_word' id='word_1_708' title='bbox 776 2452 904 2480; x_wconf 78' lang='lat' dir='ltr'><strong>corpore,</strong></span> 
     </span>
    </p>
   </div>
   <div class='ocr_carea' id='block_1_95' title="bbox 118 2482 727 2516">
    <p class='ocr_par' dir='ltr' id='par_1_95' title="bbox 118 2482 727 2516">
     <span class='ocr_line' id='line_1_95' title="bbox 118 2482 727 2516; baseline -0.002 -8"><span class='ocrx_word' id='word_1_709' title='bbox 118 2489 151 2509; x_wconf 85' lang='lat' dir='ltr'><strong>an</strong></span> <span class='ocrx_word' id='word_1_710' title='bbox 168 2483 270 2510; x_wconf 85' lang='lat' dir='ltr'><strong>abierit</strong></span> <span class='ocrx_word' id='word_1_711' title='bbox 289 2483 385 2510; x_wconf 87' lang='lat' dir='ltr'><strong>relicto</strong></span> <span class='ocrx_word' id='word_1_712' title='bbox 397 2488 523 2515; x_wconf 87' lang='lat' dir='ltr'><strong>corp0re.</strong></span> <span class='ocrx_word' id='word_1_713' title='bbox 541 2482 727 2516; x_wconf 82' lang='lat' dir='ltr'><strong>(Hieronym.)</strong></span> 
     </span>
    </p>
   </div>
   <div class='ocr_carea' id='block_1_96' title="bbox 155 2516 904 2552">
    <p class='ocr_par' dir='ltr' id='par_1_96' title="bbox 155 2516 904 2552">
     <span class='ocr_line' id='line_1_96' title="bbox 155 2516 904 2552; baseline -0.003 -8"><span class='ocrx_word' id='word_1_714' title='bbox 155 2518 194 2551; x_wconf 64' lang='grc' dir='ltr'><strong>(ἲ)</strong></span> <span class='ocrx_word' id='word_1_715' title='bbox 211 2518 346 2552; x_wconf 81' lang='lat' dir='ltr'><strong>Epiphan.</strong></span> <span class='ocrx_word' id='word_1_716' title='bbox 367 2516 502 2543; x_wconf 87' lang='lat' dir='ltr'><strong>adversus</strong></span> <span class='ocrx_word' id='word_1_717' title='bbox 526 2516 828 2552; x_wconf 81' lang='lat' dir='ltr'><strong>Antidicomarianitas,</strong></span> <span class='ocrx_word' id='word_1_718' title='bbox 848 2522 904 2542; x_wconf 91' lang='lat' dir='ltr'><strong>non</strong></span> 
     </span>
    </p>
   </div>
   <div class='ocr_carea' id='block_1_97' title="bbox 120 2551 904 2587">
    <p class='ocr_par' dir='ltr' id='par_1_97' title="bbox 120 2551 904 2587">
     <span class='ocr_line' id='line_1_97' title="bbox 120 2551 904 2587; baseline -0.004 -8"><span class='ocrx_word' id='word_1_719' title='bbox 120 2559 149 2579; x_wconf 87' lang='lat' dir='ltr'><strong>se</strong></span> <span class='ocrx_word' id='word_1_720' title='bbox 165 2551 247 2587; x_wconf 73' lang='lat' dir='ltr'><strong>posse</strong></span> <span class='ocrx_word' id='word_1_721' title='bbox 261 2551 396 2580; x_wconf 78' lang='lat' dir='ltr'><strong>allirmare</strong></span> <span class='ocrx_word' id='word_1_722' title='bbox 420 2556 449 2579; x_wconf 81' lang='lat' dir='ltr'><strong>et</strong></span> <span class='ocrx_word' id='word_1_723' title='bbox 471 2552 564 2579; x_wconf 85' lang='lat' dir='ltr'><strong>dicere</strong></span> <span class='ocrx_word' id='word_1_724' title='bbox 579 2551 688 2582; x_wconf 80' lang='lat' dir='ltr'><strong>scribit,</strong></span> <span class='ocrx_word' id='word_1_725' title='bbox 705 2551 739 2578; x_wconf 82' lang='lat' dir='ltr'><strong>de</strong></span> <span class='ocrx_word' id='word_1_726' title='bbox 765 2551 904 2587; x_wconf 78' lang='lat' dir='ltr'><strong>Geuitrice</strong></span> 
     </span>
    </p>
   </div>
   <div class='ocr_carea' id='block_1_98' title="bbox 120 2585 906 2623">
    <p class='ocr_par' dir='ltr' id='par_1_98' title="bbox 120 2585 906 2623">
     <span class='ocr_line' id='line_1_98' title="bbox 120 2585 906 2623; baseline -0.003 -9"><span class='ocrx_word' id='word_1_727' title='bbox 120 2585 178 2620; x_wconf 63' lang='lat' dir='ltr'><strong>Dei&#39;,</strong></span> <span class='ocrx_word' id='word_1_728' title='bbox 199 2589 242 2614; x_wconf 85' lang='lat' dir='ltr'><strong>vel</strong></span> <span class='ocrx_word' id='word_1_729' title='bbox 269 2587 343 2622; x_wconf 87' lang='lat' dir='ltr'><strong>quod</strong></span> <span class='ocrx_word' id='word_1_730' title='bbox 360 2587 525 2614; x_wconf 81' lang='lat' dir='ltr'><strong>immortalis</strong></span> <span class='ocrx_word' id='word_1_731' title='bbox 544 2586 739 2623; x_wconf 83' lang='lat' dir='ltr'><strong>permanserit,</strong></span> <span class='ocrx_word' id='word_1_732' title='bbox 765 2586 807 2614; x_wconf 88' lang='lat' dir='ltr'><strong>vel</strong></span> <span class='ocrx_word' id='word_1_733' title='bbox 832 2585 906 2621; x_wconf 86' lang='lat' dir='ltr'><strong>quod</strong></span> 
     </span>
    </p>
   </div>
   <div class='ocr_carea' id='block_1_99' title="bbox 120 2623 505 2651">
    <p class='ocr_par' dir='ltr' id='par_1_99' title="bbox 120 2623 505 2651">
     <span class='ocr_line' id='line_1_99' title="bbox 120 2623 505 2651; baseline 0.003 -2"><span class='ocrx_word' id='word_1_734' title='bbox 120 2623 203 2650; x_wconf 85' lang='lat' dir='ltr'><strong>vitam</strong></span> <span class='ocrx_word' id='word_1_735' title='bbox 217 2628 306 2651; x_wconf 84' lang='lat' dir='ltr'><strong>morte</strong></span> <span class='ocrx_word' id='word_1_736' title='bbox 318 2623 505 2651; x_wconf 84' lang='lat' dir='ltr'><strong>commutarit.</strong></span> 
     </span>
    </p>
   </div>
   <div class='ocr_carea' id='block_1_100' title="bbox 956 2270 1745 2304">
    <p class='ocr_par' dir='ltr' id='par_1_100' title="bbox 956 2270 1745 2304">
     <span class='ocr_line' id='line_1_100' title="bbox 956 2270 1745 2304; baseline 0 -7"><span class='ocrx_word' id='word_1_737' title='bbox 956 2278 1007 2297; x_wconf 81' lang='lat' dir='ltr'><strong>nos</strong></span> <span class='ocrx_word' id='word_1_738' title='bbox 1019 2270 1054 2298; x_wconf 82' lang='lat' dir='ltr'><strong>de</strong></span> <span class='ocrx_word' id='word_1_739' title='bbox 1069 2271 1148 2298; x_wconf 86' lang='lat' dir='ltr'><strong>beata</strong></span> <span class='ocrx_word' id='word_1_740' title='bbox 1174 2270 1256 2301; x_wconf 80' lang='lat' dir='ltr'><strong>Maria</strong></span> <span class='ocrx_word' id='word_1_741' title='bbox 1284 2271 1387 2298; x_wconf 86' lang='lat' dir='ltr'><strong>factum</strong></span> <span class='ocrx_word' id='word_1_742' title='bbox 1407 2270 1567 2298; x_wconf 75' lang='lat' dir='ltr'><strong>abnuimus.</strong></span> <span class='ocrx_word' id='word_1_743' title='bbox 1583 2270 1745 2304; x_wconf 85' lang='lat' dir='ltr'><strong>Quanquam</strong></span> 
     </span>
    </p>
   </div>
   <div class='ocr_carea' id='block_1_101' title="bbox 955 2305 1746 2340">
    <p class='ocr_par' dir='ltr' id='par_1_101' title="bbox 955 2305 1746 2340">
     <span class='ocr_line' id='line_1_101' title="bbox 955 2305 1746 2340; baseline 0 -8"><span class='ocrx_word' id='word_1_744' title='bbox 955 2310 1068 2340; x_wconf 89' lang='lat' dir='ltr'><strong>propter</strong></span> <span class='ocrx_word' id='word_1_745' title='bbox 1092 2306 1228 2333; x_wconf 85' lang='lat' dir='ltr'><strong>cautelam</strong></span> <span class='ocrx_word' id='word_1_746' title='bbox 1243 2306 1320 2333; x_wconf 82' lang='lat' dir='ltr'><strong>salva</strong></span> <span class='ocrx_word' id='word_1_747' title='bbox 1345 2306 1414 2336; x_wconf 84' lang='lat' dir='ltr'><strong>fide,</strong></span> <span class='ocrx_word' id='word_1_748' title='bbox 1432 2306 1476 2340; x_wconf 93' lang='lat' dir='ltr'><strong>pio</strong></span> <span class='ocrx_word' id='word_1_749' title='bbox 1505 2305 1592 2339; x_wconf 82' lang='lat' dir='ltr'><strong>magis</strong></span> <span class='ocrx_word' id='word_1_750' title='bbox 1609 2305 1746 2332; x_wconf 87' lang='lat' dir='ltr'><strong>desiderio</strong></span> 
     </span>
    </p>
   </div>
   <div class='ocr_carea' id='block_1_102' title="bbox 956 2340 1746 2375">
    <p class='ocr_par' dir='ltr' id='par_1_102' title="bbox 956 2340 1746 2375">
     <span class='ocr_line' id='line_1_102' title="bbox 956 2340 1746 2375; baseline -0.001 -8"><span class='ocrx_word' id='word_1_751' title='bbox 956 2341 1064 2374; x_wconf 82' lang='lat' dir='ltr'><strong>opinari</strong></span> <span class='ocrx_word' id='word_1_752' title='bbox 1084 2346 1220 2375; x_wconf 80' lang='lat' dir='ltr'><strong>oporteat,</strong></span> <span class='ocrx_word' id='word_1_753' title='bbox 1247 2348 1328 2375; x_wconf 88' lang='lat' dir='ltr'><strong>quam</strong></span> <span class='ocrx_word' id='word_1_754' title='bbox 1357 2340 1513 2375; x_wconf 70' lang='lat' dir='ltr'><strong>inconsulte</strong></span> <span class='ocrx_word' id='word_1_755' title='bbox 1526 2340 1643 2367; x_wconf 80' lang='lat' dir='ltr'><strong>delinire</strong></span> <span class='ocrx_word' id='word_1_756' title='bbox 1671 2341 1746 2374; x_wconf 87' lang='lat' dir='ltr'><strong>quod</strong></span> 
     </span>
    </p>
   </div>
   <div class='ocr_carea' id='block_1_103' title="bbox 956 2374 1746 2409">
    <p class='ocr_par' dir='ltr' id='par_1_103' title="bbox 956 2374 1746 2409">
     <span class='ocr_line' id='line_1_103' title="bbox 956 2374 1746 2409; baseline -0.001 -7"><span class='ocrx_word' id='word_1_757' title='bbox 956 2376 1016 2402; x_wconf 84' lang='lat' dir='ltr'><strong>sine</strong></span> <span class='ocrx_word' id='word_1_758' title='bbox 1047 2374 1171 2409; x_wconf 85' lang='lat' dir='ltr'><strong>periculo</strong></span> <span class='ocrx_word' id='word_1_759' title='bbox 1189 2377 1320 2403; x_wconf 85' lang='lat' dir='ltr'><strong>nescitur.</strong></span> <span class='ocrx_word' id='word_1_760' title='bbox 1340 2384 1350 2400; x_wconf 74' lang='grc' dir='ltr'><strong>ι</strong></span> <span class='ocrx_word' id='word_1_761' title='bbox 1376 2374 1559 2409; x_wconf 83' lang='lat' dir='ltr'><strong>(Hieronym.)</strong></span> <span class='ocrx_word' id='word_1_762' title='bbox 1576 2384 1585 2400; x_wconf 76' lang='grc' dir='ltr'><strong>ί</strong></span> <span class='ocrx_word' id='word_1_763' title='bbox 1600 2374 1746 2407; x_wconf 86' lang='lat' dir='ltr'><strong>Quomodo</strong></span> 
     </span>
    </p>
   </div>
   <div class='ocr_carea' id='block_1_104' title="bbox 956 2409 1742 2444">
    <p class='ocr_par' dir='ltr' id='par_1_104' title="bbox 956 2409 1742 2444">
     <span class='ocr_line' id='line_1_104' title="bbox 956 2409 1742 2444; baseline -0.003 -7"><span class='ocrx_word' id='word_1_764' title='bbox 956 2410 1038 2437; x_wconf 83' lang='lat' dir='ltr'><strong>Maria</strong></span> <span class='ocrx_word' id='word_1_765' title='bbox 1053 2415 1146 2437; x_wconf 82' lang='lat' dir='ltr'><strong>sancta</strong></span> <span class='ocrx_word' id='word_1_766' title='bbox 1164 2417 1216 2437; x_wconf 91' lang='lat' dir='ltr'><strong>una</strong></span> <span class='ocrx_word' id='word_1_767' title='bbox 1233 2418 1294 2436; x_wconf 79' lang='lat' dir='ltr'><strong>cum</strong></span> <span class='ocrx_word' id='word_1_768' title='bbox 1305 2417 1390 2437; x_wconf 86' lang='lat' dir='ltr'><strong>carne</strong></span> <span class='ocrx_word' id='word_1_769' title='bbox 1405 2417 1520 2444; x_wconf 77' lang='lat' dir='ltr'><strong>regnum</strong></span> <span class='ocrx_word' id='word_1_770' title='bbox 1536 2409 1667 2437; x_wconf 75' lang='lat' dir='ltr'><strong>cmlorum</strong></span> <span class='ocrx_word' id='word_1_771' title='bbox 1687 2417 1742 2436; x_wconf 88' lang='lat' dir='ltr'><strong>non</strong></span> 
     </span>
    </p>
   </div>
   <div class='ocr_carea' id='block_1_105' title="bbox 955 2445 1745 2479">
    <p class='ocr_par' dir='ltr' id='par_1_105' title="bbox 955 2445 1745 2479">
     <span class='ocr_line' id='line_1_105' title="bbox 955 2445 1745 2479; baseline -0.003 -7"><span class='ocrx_word' id='word_1_772' title='bbox 955 2450 1068 2478; x_wconf 84' lang='lat' dir='ltr'><strong>cernat,</strong></span> <span class='ocrx_word' id='word_1_773' title='bbox 1099 2453 1160 2479; x_wconf 81' lang='lat' dir='ltr'><strong>qua:</strong></span> <span class='ocrx_word' id='word_1_774' title='bbox 1186 2452 1276 2478; x_wconf 83' lang='lat' dir='ltr'><strong>neque</strong></span> <span class='ocrx_word' id='word_1_775' title='bbox 1306 2445 1464 2477; x_wconf 83' lang='lat' dir='ltr'><strong>lascivierit,</strong></span> <span class='ocrx_word' id='word_1_776' title='bbox 1493 2452 1583 2479; x_wconf 89' lang='lat' dir='ltr'><strong>neque</strong></span> <span class='ocrx_word' id='word_1_777' title='bbox 1610 2445 1745 2472; x_wconf 86' lang='lat' dir='ltr'><strong>fornicata</strong></span> 
     </span>
    </p>
   </div>
   <div class='ocr_carea' id='block_1_106' title="bbox 959 2479 1746 2514">
    <p class='ocr_par' dir='ltr' id='par_1_106' title="bbox 959 2479 1746 2514">
     <span class='ocr_line' id='line_1_106' title="bbox 959 2479 1746 2514; baseline 0 -8"><span class='ocrx_word' id='word_1_778' title='bbox 959 2481 1051 2512; x_wconf 81' lang='lat' dir='ltr'><strong>fuerit,</strong></span> <span class='ocrx_word' id='word_1_779' title='bbox 1081 2487 1170 2514; x_wconf 84' lang='lat' dir='ltr'><strong>neque</strong></span> <span class='ocrx_word' id='word_1_780' title='bbox 1195 2480 1361 2506; x_wconf 80' lang='lat' dir='ltr'><strong>adulterium</strong></span> <span class='ocrx_word' id='word_1_781' title='bbox 1392 2480 1573 2513; x_wconf 84' lang='lat' dir='ltr'><strong>commiserit,</strong></span> <span class='ocrx_word' id='word_1_782' title='bbox 1593 2479 1640 2506; x_wconf 87' lang='lat' dir='ltr'><strong>sed</strong></span> <span class='ocrx_word' id='word_1_783' title='bbox 1656 2487 1746 2514; x_wconf 89' lang='lat' dir='ltr'><strong>neque</strong></span> 
     </span>
    </p>
   </div>
   <div class='ocr_carea' id='block_1_107' title="bbox 959 2514 1747 2550">
    <p class='ocr_par' dir='ltr' id='par_1_107' title="bbox 959 2514 1747 2550">
     <span class='ocr_line' id='line_1_107' title="bbox 959 2514 1747 2550; baseline -0.003 -8"><span class='ocrx_word' id='word_1_784' title='bbox 959 2515 1071 2550; x_wconf 89' lang='lat' dir='ltr'><strong>aliquod</strong></span> <span class='ocrx_word' id='word_1_785' title='bbox 1088 2514 1229 2542; x_wconf 85' lang='lat' dir='ltr'><strong>infandum</strong></span> <span class='ocrx_word' id='word_1_786' title='bbox 1245 2515 1425 2550; x_wconf 17' lang='lat' dir='ltr'><strong>rt-artiisiopus</strong></span> <span class='ocrx_word' id='word_1_787' title='bbox 1446 2515 1613 2549; x_wconf 85' lang='lat' dir='ltr'><strong>patraverit,</strong></span> <span class='ocrx_word' id='word_1_788' title='bbox 1631 2514 1677 2540; x_wconf 79' lang='lat' dir='ltr'><strong>sed</strong></span> <span class='ocrx_word' id='word_1_789' title='bbox 1691 2514 1747 2550; x_wconf 86' lang='lat' dir='ltr'><strong>im—</strong></span> 
     </span>
    </p>
   </div>
   <div class='ocr_carea' id='block_1_108' title="bbox 961 2548 1794 2587">
    <p class='ocr_par' dir='ltr' id='par_1_108' title="bbox 961 2548 1794 2587">
     <span class='ocr_line' id='line_1_108' title="bbox 961 2548 1794 2587; baseline -0.001 -10"><span class='ocrx_word' id='word_1_790' title='bbox 961 2548 1065 2587; x_wconf 82' lang='lat' dir='ltr'><strong>polluta</strong></span> <span class='ocrx_word' id='word_1_791' title='bbox 1081 2548 1282 2587; x_wconf 77' lang='lat' dir='ltr'><strong>pertnanserit?</strong></span> <span class='ocrx_word' id='word_1_792' title='bbox 1297 2559 1307 2576; x_wconf 78' lang='grc' dir='ltr'><strong>ι</strong></span> <span class='ocrx_word' id='word_1_793' title='bbox 1319 2548 1512 2586; x_wconf 79' lang='lat' dir='ltr'><strong>(Epiphanius,</strong></span> <span class='ocrx_word' id='word_1_794' title='bbox 1528 2549 1659 2577; x_wconf 76' lang='lat' dir='ltr'><strong>Adversus</strong></span> <span class='ocrx_word' id='word_1_795' title='bbox 1670 2549 1747 2577; x_wconf 72' lang='lat' dir='ltr'><strong>Mar-</strong></span> <span class='ocrx_word' id='word_1_796' title='bbox 1792 2559 1794 2561; x_wconf 58' lang='grc'><em>’</em></span> 
     </span>
    </p>
   </div>
   <div class='ocr_carea' id='block_1_109' title="bbox 962 2586 1045 2621">
    <p class='ocr_par' dir='ltr' id='par_1_109' title="bbox 962 2586 1045 2621">
     <span class='ocr_line' id='line_1_109' title="bbox 962 2586 1045 2621; baseline 0 -9"><span class='ocrx_word' id='word_1_797' title='bbox 962 2586 1045 2621; x_wconf 71' lang='lat' dir='ltr'><strong>ciant.)</strong></span> 
     </span>
    </p>
   </div>
  </div>
