1885 3059
151 219 202 250 $19

765 217 976 249 NICEPHORI
996 219 1169 251 CALLISTI

1729 221 1783 254 820

152 275 270 304 curiosis
290 275 399 304 artibus
415 274 563 309 vivebant,
585 274 671 302 libros
685 281 752 303 suos
772 275 896 302 vendent:

1037 275 1121 310 ὐρίου
1138 276 1221 303 πέντε
1246 275 1446 311 συνεψηφίσθαι
1460 283 1467 291 ο
1487 276 1592 303 τούτων
1616 275 1781 312 γινομένων,

152 322 270 357 pretium
286 329 383 349 eorum
402 321 435 348 ad
457 321 581 356 quinque
603 321 741 356 myriades
758 320 938 349 denariorum

153 368 279 402 redigunt
295 367 345 402 (l).
362 367 410 394 His
424 374 506 401 porro
520 366 557 394 ita
569 367 653 401 actis,
668 367 696 394 in
709 367 804 394 animo
817 366 939 394 habebat

153 415 253 442 Paulus
268 422 317 449 per
337 413 526 441 Macedoniam
545 418 639 448 petere
661 414 792 441 Achaiam
805 433 812 446 ,
829 418 857 440 et
875 413 939 440 inde

153 461 252 488 reverti
270 460 456 495 Hierosolyma
468 455 481 492 ,‘
491 460 591 487 deinde
606 460 722 487 Romam
736 461 820 487 etiam
833 460 937 488 videre.

152 507 220 533 Cum
242 511 334 533 autem
356 506 448 533 adhuc
472 505 499 532 in
515 505 579 532 Asia
601 509 691 538 esset,
715 505 892 532 Timotheum
912 509 941 531 et

152 552 278 579 Erastum
299 552 329 579 in
351 551 524 579 occidentem
540 551 624 578 misit.
643 550 682 578 lbi
701 555 757 578 tum
772 550 939 585 Demetrius,

153 599 230 625 Faber
245 598 434 633 argentarius,
453 598 527 633 quod
540 598 634 630 aurei,
651 605 722 632 quos
738 597 872 629 faciebat,
888 597 939 629 dii,

152 645 236 673 Paulo
260 644 324 672 illus
340 645 481 680 despicere
504 645 708 679 persuadente,
724 644 940 680 negligerentur,

152 692 302 719 tumultum
314 699 369 719 non
382 699 500 726 parvum
513 690 613 726 Ephesi
628 692 730 719 excitat
744 700 750 717 :
769 692 866 718 Actum
879 699 940 719 esse

152 739 185 765 dc
202 737 256 765 diis
267 758 274 769 .
296 737 505 773 periclitarique
520 738 604 765 etiam
622 737 772 776 templum,
791 745 851 776 quae
868 737 940 772 apud

153 787 229 819 ipsos
245 785 389 813 colebatur
400 806 407 818 ,
432 785 542 818 Dianae,
567 785 714 820 quiritans.
730 784 833 820 Vulgus
850 784 941 820 itaque

154 833 248 858 furore
262 834 289 858 et
304 830 493 865 indignatione
508 832 655 866 percitum,
671 829 782 865 Magna,
795 830 941 864 exclamat,

155 878 329 912 Ephesiorum
341 876 452 905 Diana:
466 881 494 905 et
509 878 612 912 impetu
626 877 748 905 belluino
762 876 893 913 quosdam
909 885 942 905 ex

154 923 231 950 Pauli
242 923 426 950 sectatoribus
437 921 660 957 comprehendit.
673 924 712 950 Ae
724 922 777 950 nisi
788 923 942 950 Alexander

154 970 246 997 scriba
262 969 428 1003 consistens,
441 969 548 997 sublata
563 969 588 996 in
603 969 689 997 altum
704 978 798 1002 manu,
811 970 943 998 suavibus

155 1015 360 1043 multitudinem
380 1015 557 1043 demulsisset
573 1015 674 1047 verbis,
692 1015 809 1044 fortasse
827 1016 942 1044 Paulum

155 1064 244 1096 ipsum
255 1062 339 1089 etiam
354 1062 571 1089 interemissent.
593 1062 644 1095 Qui
666 1062 775 1097 Epheso
788 1063 941 1096 discedens,

154 1108 182 1134 in
199 1107 386 1135 Macedoniam
400 1107 596 1142 proficiscitur,
617 1109 749 1136 ecclesias
765 1110 942 1136 confirmans.

155 1155 244 1189 Atque
261 1156 324 1183 inde
339 1155 366 1181 in
381 1154 513 1182 Graeciam
532 1156 615 1182 venit.
635 1155 715 1191 174
727 1155 862 1183 Cancrum
881 1164 943 1183 cum

156 1201 194 1228 ibi
207 1209 221 1228 a
234 1201 336 1228 Iudaeis
348 1201 373 1228 ei
384 1206 558 1229 struerentur
571 1201 688 1234 insidiae,
702 1210 809 1229 rursum
824 1211 873 1238 per
890 1202 945 1229 Ma-

156 1251 301 1277 oedoniam
329 1250 486 1278 revertitur.
512 1250 707 1285 Sequebantur
729 1258 792 1278 eum
817 1249 944 1284 Sopater,

155 1297 354 1329 Aristarchus,
380 1304 407 1324 et
434 1296 609 1324 Timotheus.
638 1297 775 1333 Tychicus
801 1303 892 1325 autem
918 1302 945 1325 et

156 1343 336 1378 Trophlmus,
357 1343 462 1377 Asiani,
485 1345 531 1378 qui
548 1349 758 1378 praecesserant,
774 1344 882 1371 Troade
897 1353 945 1372 eos

156 1388 367 1423 exspectabant.
385 1389 487 1416 Paulus
510 1397 593 1424 porro
610 1398 662 1416 una
683 1398 746 1417 cum
764 1389 838 1417 Luca
854 1391 946 1426 (erant

158 1442 215 1462 tum
239 1435 404 1471 Azymorum
424 1435 494 1471 dies)
520 1435 652 1472 Philippis
677 1436 813 1464 Troadem
839 1441 867 1464 et
888 1437 946 1471 ipse

158 1484 244 1511 venit.
265 1482 305 1510 ibi
327 1483 372 1510 die
387 1482 572 1510 Sabbatorum
592 1492 661 1515 una,
678 1492 741 1511 cum
763 1485 863 1512 Paulus
880 1493 945 1511 con-

157 1531 267 1557 cioncm
300 1530 409 1565 longam
440 1530 576 1562 haberet,
602 1535 629 1558 et
655 1531 744 1558 oratio
773 1532 800 1558 in
829 1531 947 1558 mediam

158 1581 267 1604 noctem
297 1577 515 1611 produceretur,
536 1577 697 1605 adolescens
725 1578 837 1613 quidam
863 1579 946 1614 Euty-

990 322 1059 357 πρὸς
1085 321 1184 357 βουλῆς
1210 319 1244 358 ἦν
1269 323 1371 357 Παύλῳ
1397 322 1442 349 διὰ
1467 322 1523 349 τῶν
1549 321 1715 352 Μακεδόνων
1742 323 1786 355 είς

996 369 1123 404 ’Δχαιΐαν
1140 368 1242 402 ἐλθεῖν,
1258 369 1408 396 κάντεῦθεν
1423 368 1597 404 ἀναστρέψαι
1608 369 1649 400 είς
1667 369 1787 404 Ἰεροσό-

990 415 1075 450 λυμα,
1099 416 1171 450 μετὰ
1195 415 1224 442 δὲ
1249 416 1330 442 τοῦτο
1349 416 1397 442 καὶ
1418 415 1531 451 Ῥώμην
1555 415 1632 442 ίδείν.
1653 415 1732 448 Τέως
1755 415 1786 442 δὲ

990 462 1019 489 ἐν
1051 462 1129 498 Ἀσίᾳ
1155 462 1312 498 διατρίϐων,
1337 461 1471 497 Τιμόθεον
1497 462 1547 489 καὶ
1576 462 1714 497 Ἔραστον
1743 463 1786 494 εἰς

991 509 1111 543 ἑσπέραν
1135 508 1298 544 διέπεμψεν.
1320 507 1455 536 Ἐνταῦθα
1480 508 1640 544 Δημήτριος
1663 509 1678 535 ό
1700 508 1790 543 ἀργυ-

991 554 1120 589 ροκόπος,
1134 554 1232 590 ὅτιπερ
1248 553 1324 590 αὐτῷ
1339 554 1364 581 οἱ
1380 554 1480 590 χρυσοῖ
1499 554 1556 580 θεοὶ
1574 554 1786 589 παρεώρανται,

992 600 1100 627 Παύλου
1116 601 1301 636 καταφρονεῖν
1318 601 1475 632 πείσαντος,
1488 599 1610 636 τάραχον
1625 600 1676 627 οὐκ
1692 598 1789 634 ὀλίγον

997 647 1132 681 Ἐφεσίοις
1155 647 1234 680 ἐνίει,
1253 646 1426 674 ἀπολωλέναι
1453 647 1540 680 λέγων
1566 646 1664 679 θεοὺς,
1680 646 1712 673 ἐν
1728 655 1790 672 suv-

991 694 1061 728 δύνῳ
1085 694 1113 720 δὲ
1139 694 1187 720 καὶ
1207 694 1239 720 τὸ
1263 693 1335 728 ίερδν
1361 693 1413 729 τῆς
1428 693 1496 728 παρ’
1515 693 1608 724 αὑτοίς
1623 692 1790 728 τιμωμένης

998 739 1157 775 Ἀρτέμιδος
1180 737 1267 767 εἶναι·
1289 739 1314 766 οἳ
1332 739 1364 775 δὴ
1383 739 1431 766 καὶ
1447 739 1527 774 θυμῷ
1551 738 1713 774 νικώμενοι,
1727 737 1790 766 Πε-

992 785 1070 821 τάλη
1095 786 1113 820 ἡ
1139 786 1280 820 Ἄρτεμις
1313 785 1472 820 Ἐφεσίων,
1498 785 1607 812 ὲσόων·
1635 785 1684 812 καὶ
1710 785 1789 820 ὁρμῇ

993 831 1090 858 causa
1106 832 1255 867 χρώμενοι,
1272 831 1350 863 τινάς
1368 832 1422 858 τῶν
1438 831 1486 858 τοῦ
1508 831 1616 858 Παύλου
1632 831 1766 866 συνέσχον
1779 838 1788 846 ’

993 879 1041 905 καὶ
1064 879 1088 905 εί
1116 879 1154 913 μὴ
1177 880 1192 905 ό
1219 878 1405 914 γραμματεὺς
1428 878 1495 910 στὰς
1526 877 1717 912 Ἀλέξανδρος,
1738 877 1791 912 τὴν

994 925 1073 959 χεῖρά
1086 932 1115 950 τε
1132 924 1172 955 είς
1187 923 1254 958 ὕψος
1267 923 1410 958 διαγαγὼν
1426 924 1520 958 ἠπίοις
1534 923 1626 957 λόγοις
1642 922 1790 955 καθίκετο,

995 970 1055 1004 τάχ’
1070 969 1102 996 ἂν
1118 969 1166 996 καὶ
1187 970 1292 996 Παῦλον
1313 970 1524 1006 διεχειρίσαντο.
1551 969 1597 1002 Ἐξ
1615 969 1734 1004 Ἐφέσου
1747 968 1790 1001 δὲ,

993 1016 1050 1046 τοῖς
1073 1015 1170 1050 μέρεσι
1183 1015 1355 1048 Μακεδονίας
1374 1015 1540 1051 προσϐαλὼν
1553 1016 1567 1042 ό
1585 1014 1706 1048 Παῦλος,
1723 1023 1793 1050 στη-

996 1060 1078 1095 ρίζων
1103 1062 1153 1093 τὰς
1177 1061 1339 1097 ἐκκλησίας,
1365 1062 1493 1098 πρόσεισι
1516 1063 1549 1097 τῇ
1571 1061 1689 1090 Ἑλλάδι.
1711 1061 1793 1087 Ἑπι-

995 1108 1094 1143 6ουλῆς
1109 1109 1137 1136 δὲ
1149 1111 1218 1144 πρὸς
1236 1109 1374 1136 Ἰουδαίων
1389 1109 1524 1144 ῥιφείσης
1537 1108 1623 1143 αὐτῷ,
1635 1108 1793 1143 ἀνέστρεφε

994 1155 1039 1182 διὰ
1065 1155 1230 1182 Μακεδόνων
1255 1154 1349 1186 αὖθιςτλ
1363 1156 1395 1182 Οί
1421 1156 1485 1191 περὶ
1513 1155 1664 1190 Σώπατρον
1684 1155 1726 1186 δὲ,
1741 1156 1796 1181 καὶ

1003 1201 1182 1236 Ἀρίσταρχον
1210 1201 1257 1228 καὶ
1289 1201 1422 1236 Τιμόθεον
1446 1201 1522 1237 αὑτῷ
1551 1201 1679 1228 εἵποντο·
1699 1201 1728 1227 oi
1756 1209 1793 1235 γε

998 1249 1052 1284 μὴν
1077 1249 1211 1283 'Aotavoi,
1243 1248 1362 1283 Τυχικός
1388 1257 1418 1276 τε
1445 1249 1494 1275 καὶ
1517 1248 1667 1283 Τρόφιμος,
1693 1247 1796 1283 προελ-

998 1294 1089 1327 θόντες
1115 1296 1145 1322 ἐν
1171 1295 1280 1330 Τρῳάδι
1306 1295 1409 1327 αὐτοὺς
1438 1295 1614 1330 περιέμενον.
1632 1294 1740 1325 Παῦλος
1761 1294 1796 1320 δὲ

998 1341 1108 1375 σύναιμα
1130 1342 1232 1376 Λουκᾷ,
1254 1333 1359 1377 ἡμέραι
1385 1341 1413 1368 δὲ
1439 1342 1495 1368 τῶν
1516 1340 1644 1376 Ἀζύμων
1660 1338 1744 1376 ἦσαν,
1759 1340 1795 1366 ὲκ

996 1387 1140 1413 Φιλίππων
1163 1388 1204 1418 εἰς
1219 1386 1336 1422 Τρῳάδα
1362 1386 1410 1413 καὶ
1428 1386 1511 1418 αὐτὸς
1534 1383 1613 1422 ἧκεν.
1635 1385 1744 1412 Ἐκεῖσε
1761 1385 1796 1411 δὲ

997 1433 1050 1460 τῶν
1072 1432 1220 1460 Σαϐϐάτων
1242 1433 1293 1468 μιᾷ
1317 1432 1445 1467 διάλογον
1461 1432 1592 1460 πλεῖστον
1615 1431 1726 1459 Παύλου
1740 1440 1797 1458 πε-

999 1479 1169 1514 ποιημένου,
1205 1478 1288 1514 μέχρι
1320 1478 1500 1515 μεσονυκτίου
1527 1479 1541 1506 ό
1569 1478 1649 1512 λόγος
1678 1477 1794 1514 προῄει.

998 1525 1117 1556 Νεανίας
1141 1525 1170 1552 δέ.
1188 1533 1231 1556 τις
1257 1524 1378 1560 Εὔτυχος
1394 1525 1434 1560 τῷ
1455 1525 1546 1560 μέλιτι
1568 1525 1624 1551 τῶν
1635 1524 1725 1559 λόγων
1740 1533 1796 1559 κη-

999 1572 1139 1606 λούμενος,
1157 1571 1203 1597 ὲπί
1228 1580 1301 1601 τινος
1328 1571 1435 1606 θυρίδος
1459 1571 1700 1606 ὑπιρκαθήμενος,
1715 1570 1799 1605 ὕπνῳ

158 1623 228 1650 rhus
239 1622 273 1654 “,
290 1622 338 1657 qui
355 1623 382 1650 in
399 1623 517 1650 fenestra
532 1623 647 1658 quadam
663 1624 787 1655 sedebat,
801 1624 898 1651 vcrhor

1053 1618 1078 1642 εἰ
1101 1617 1270 1650 κατάσχετος
1288 1616 1419 1650 γεγονὼς,
1437 1615 1491 1642 ἀπὸ
1514 1616 1561 1642 τοῦ
1577 1615 1726 1651 τριστέγου
1741 1623 1794 1641 ιτε-

160 1669 295 1695 stiat-italo
319 1667 476 1701 delibutus,
495 1672 524 1696 et
545 1669 573 1695 in
591 1677 718 1696 somnum
741 1670 946 1703 profundiorem

160 1715 306 1748 delapsus,
328 1722 361 1740 ex
386 1714 465 1741 tertia
487 1715 691 1749 contignatione
706 1716 826 1748 decidit,
845 1721 873 1743 et
890 1725 948 1743 uto-

162 1761 244 1787 ritur.
261 1760 291 1787 Ei
306 1768 370 1787 vero
383 1759 485 1788 l’aulus
500 1760 674 1792 incumbens,
689 1762 762 1789 bono
773 1763 865 1789 animo
875 1770 947 1795 essa,

162 1806 331 1840 minimeque
354 1814 402 1833 eos
427 1806 588 1833 tumultuari
607 1807 701 1842 jubet,
726 1814 785 1834 esse
807 1808 898 1835 adhuc
921 1808 948 1834 in

162 1852 273 1879 homine
287 1852 407 1878 animant
422 1851 562 1879 dictitans.
580 1852 617 1879 Ita
635 1853 746 1886 juvenis
763 1853 909 1882 incnlumis
922 1859 950 1881 et

162 1899 264 1931 salvus,
279 1897 395 1925 multum
409 1898 451 1925 eis
464 1898 510 1933 qui
525 1899 681 1934 congregati
697 1898 819 1931 fuerant,
832 1900 950 1935 praebuit

162 1945 263 1972 la:titi:e
288 1945 524 1980 etjncunditatis.
547 1945 580 1972 Et
601 1945 741 1980 colloquio
765 1947 798 1974 ad
822 1954 949 1974 auroram

162 2000 248 2027 usque
262 1993 420 2027 .prodncto.
437 1992 500 2018 inde
518 1992 584 2024 abit,
600 1998 683 2027 atque
701 1993 869 2029 lllitylenem,
889 2003 950 2022 mox

162 2040 274 2065 Samum
300 2038 374 2065 vertit
390 2048 396 2070 ;
412 2042 440 2065 et
468 2037 603 2074 Trongylii
626 2047 688 2066 cum
704 2040 866 2072 mansisset.
887 2041 950 2067 inde

162 2084 285 2111 Miletum
308 2083 375 2116 adit,
395 2083 674 2120 llierosolymitanum
699 2086 751 2113 iter
767 2094 878 2122 urgens.
899 2086 951 2114 Mi-

163 2131 218 2157 leto
235 2138 319 2164 porro
334 2130 495 2157 sacerdotes
518 2131 698 2165 Ephesiorum
715 2133 951 2168 ecclesiarumqne

162 2177 307 2211 episcopos
327 2176 459 2208 accersit,
484 2184 642 2212 moremque
663 2183 690 2204 ct
709 2178 792 2205 vitam
813 2179 854 2206 eis
873 2187 950 2206 suam

164 2227 373 2254 commemorat,
399 2227 429 2249 ut
443 2222 572 2250 videlicet
594 2223 663 2250 nihil
685 2224 726 2250 cis
745 2232 840 2251 earum
859 2233 951 2252 rerum

163 2276 224 2302 quze
239 2267 390 2302 profuturae
407 2268 528 2301 fuerant,
549 2268 670 2296 indicare
686 2269 877 2303 intermiserit,
893 2280 950 2307 pae—

1002 1663 1066 1697 σὼν,
1085 1663 1182 1698 νεκρὸς
1209 1663 1311 1689 ἔκειτο.
1334 1662 1440 1694 Παῦλος
1467 1662 1496 1690 δὲ
1521 1663 1609 1698 τούτῳ
1637 1661 1796 1695 ἐπιπεσὼν,

1002 1710 1150 1744 παρηγγύα
1176 1709 1214 1744 μὴ
1243 1708 1419 1744 θορυϐεῖσθαι
1434 1718 1440 1724 -
1456 1709 1486 1735 ἐν
1511 1709 1586 1744 αὐτῷ
1608 1709 1663 1744 γάρ
1687 1709 1728 1736 ἔτι
1742 1709 1797 1744 τὴν

999 1756 1090 1790 ψυχὴν
1107 1755 1256 1789 ἐφιζάνειν.
1273 1756 1328 1782 Καὶ
1342 1756 1356 1782 ὁ
1372 1756 1436 1787 παῖς
1459 1755 1539 1790 ὑγιὴς
1553 1752 1601 1790 ἦν,
1617 1755 1721 1790 πολλὴν
1734 1756 1797 1787 τοῖς

1001 1802 1222 1836 συνειλεγμένοις
1253 1801 1403 1837 παρασχὼν
1433 1802 1586 1836 εὐθυμίαν·
1617 1802 1659 1833 εις
1696 1802 1735 1828 ἔω
1765 1802 1798 1829 δι

1000 1849 1050 1884 τὴν
1074 1849 1185 1883 ὁμιλίαν
1209 1849 1345 1882 ἐκτείνας,
1373 1848 1467 1884 ἐξῄει·
1486 1848 1534 1875 καὶ
1557 1847 1602 1875 διὰ
1629 1848 1796 1884 Μιτυλήνης

1001 1895 1048 1922 καὶ
1065 1895 1156 1928 Σάμου
1174 1896 1203 1921 ὲν
1218 1894 1257 1929 τῷ
1271 1895 1433 1930 Τρογγυλίῳ
1458 1894 1618 1929 γενόμενος,
1640 1895 1683 1926 είς
1704 1894 1798 1930 Μίλη-

1002 1951 1046 1969 τον
1061 1940 1140 1978 ἦλθε,
1154 1942 1204 1974 τὴν
1231 1942 1301 1978 πρὸς
1321 1941 1500 1976 Ἰεροσόλυμα
1525 1942 1576 1977 ήδη
1594 1941 1774 1976 στελλόμενος
1788 1950 1795 1957 ·

1002 1991 1033 2016 ἐκ
1056 1989 1179 2025 Μιλήτου
1204 1989 1233 2015 δὲ
1255 1990 1318 2020 τοὺς
1343 1990 1427 2024 ἱερεῖς
1454 1988 1588 2024 Ἐφεσίων
1614 1989 1797 2024 μεταστειλά-

1004 2043 1096 2070 μενος,
1123 2035 1170 2062 καὶ
1200 2035 1262 2066 τοὺς
1286 2036 1341 2061 τῶν
1366 2035 1522 2069 ἐκκλησιῶν
1550 2034 1733 2065 ἐπισκόπους,
1748 2034 1798 2060 τὸν

1003 2082 1100 2108 ἑαυτοῦ
1117 2081 1174 2116 βίον
1191 2082 1238 2108 καὶ
1253 2082 1353 2116 τρόπον
1371 2081 1505 2113 ὑπετίθει,
1520 2081 1558 2112 ὡς
1578 2081 1611 2107 οὗ
1627 2080 1798 2107 διεστείλατο

1005 2129 1089 2164 μηδέν
1105 2136 1130 2154 τι
1146 2129 1201 2154 τῶν
1217 2128 1371 2162 ὀνησόντων
1385 2127 1484 2159 εἰπεῖν,
1502 2127 1552 2163 τήν
1568 2136 1598 2154 τε
1618 2129 1660 2159 εἰς
1674 2128 1798 2164 Χριστὸν

1005 2174 1153 2209 μετάνοιαν
1169 2174 1216 2200 καὶ
1233 2174 1325 2200 πίστιν
1344 2173 1398 2209 ἰδίᾳ
1418 2182 1447 2200 τε
1469 2174 1516 2200 καὶ
1538 2173 1658 2210 δημοσίᾳ
1674 2174 1798 2209 διαμαρ-

1004 2221 1173 2261 τυρόμενος·
1189 2221 1339 2256 προσέχειν
1364 2229 1393 2247 τε
1411 2221 1517 2253 ἑαυτοῖς
1545 2221 1593 2248 καὶ
1611 2221 1652 2256 τῷ
1675 2223 1798 2257 ποιμνίῳ

1004 2268 1034 2295 ὲν
1048 2264 1069 2301 ᾧ
1087 2267 1116 2293 τὸ
1133 2266 1245 2301 Πνεῦμα
1270 2266 1301 2293 τὸ
1325 2267 1404 2301 ἅγιον
1427 2267 1526 2299 αὐτοὺς
1551 2268 1722 2300 ἐπισκόπους
1743 2277 1796 2295 κα·

164 2315 363 2350 nitcntiamque
377 2319 405 2342 et
421 2315 501 2342 fidem
518 2315 544 2341 in
561 2314 701 2342 Christum
716 2317 844 2350 privatim
861 2304 908 2354 et—l

1053 2323 1105 2341 τα·
1134 2314 1283 2348 γρηγορείν
1308 2321 1338 2339 τε
1370 2314 1418 2340 καὶ
1449 2314 1633 2349 μνημονεύειν
1664 2315 1720 2341 τῶν
1750 2306 1797 2341 επ)-

165 2361 236 2389 bliee
262 2361 425 2388 testificatus
449 2361 581 2388 docuerit.
605 2361 724 2388 Proinde
745 2370 794 2390 cos
817 2363 953 2398 hortatur,

165 2413 194 2434 ιιι
206 2412 235 2434 et
250 2415 278 2434 se
297 2413 325 2435 et
343 2415 452 2442 greges,
475 2408 501 2433 in
516 2407 618 2441 quibus
640 2415 687 2434 eos
703 2408 821 2443 Spiritus
843 2416 954 2438 satietas

164 2454 309 2488 t'piscopos
322 2453 523 2485 constituisset,
539 2457 644 2481 attente
658 2460 800 2488 curarent,
817 2461 846 2484 ut
860 2457 954 2492 vigila-

167 2505 244 2530 rent,
271 2499 423 2534 seduloque
449 2499 673 2527 cohortationqu
697 2508 953 2538 prtetteplorumque

165 2554 296 2578 suorum,
316 2554 376 2581 quae
397 2553 445 2573 eos
467 2546 587 2573 triennio
609 2551 666 2574 toto
681 2549 839 2580 docuisset.
856 2552 952 2577 ntcmi~

165 2594 282 2625 nissent,
297 2597 325 2620 et
340 2599 370 2620 nt
386 2592 466 2627 lupos
480 2593 605 2621 ecclesiis
618 2595 836 2632 gravesjamjam
850 2597 954 2624 adicu-

166 2648 244 2667 turos
257 2644 394 2667 caverent.
408 2639 554 2675 Multisque
565 2645 697 2675 praeterea
708 2643 861 2670 commodis
872 2647 954 2678 atque

165 2687 281 2714 utilibus
303 2687 385 2713 rebus
406 2687 551 2722 expositis,
574 2696 636 2716 cum
659 2689 746 2716 multo
769 2689 891 2724 planctu,
909 2690 954 2716 vix

166 2734 276 2761 tamleni
291 2734 324 2761 ab
338 2734 378 2761 eis
395 2735 531 2768 avellitur,
548 2741 575 2763 et
600 2743 662 2762 cum
683 2736 785 2771 ingenti
804 2736 953 2768 desiderio,

166 2783 223 2814 ipse
236 2781 354 2809 simulet
367 2782 490 2816 praebetis
502 2787 529 2810 ct
540 2782 681 2817 excipiens
695 2783 798 2813 oscula,
815 2782 840 2809 in
856 2790 952 2809 navent

166 2828 324 2855 s't::lll(;lllil'.
346 2828 436 2863 Itaque
455 2830 486 2856 iu
500 2829 616 2857 insulam
636 2829 674 2856 Co
694 2829 829 2856 defertur.
849 2828 953 2857 Deinde

204 2888 224 2902 “
244 2889 303 2913 Art.
321 2895 365 2917 xx,
381 2889 396 2913 υ

207 2962 241 2995 υ,
257 2957 456 2993 Quinquaginta
472 2955 555 2983 millia
571 2954 687 2989 argenti.

1005 2361 1127 2396 τριετίαν
1141 2361 1206 2396 ὅλην
1226 2359 1374 2386 νουθεσιῶν
1387 2360 1480 2390 αὐτοῦ.
1501 2361 1547 2387 καὶ
1563 2361 1626 2392 τοὺς
1640 2362 1704 2388 ὅσον
1719 2361 1798 2388 οὔπω

1006 2409 1241 2444 ὲγερθησομένους
1268 2407 1367 2439 λύκους
1390 2409 1423 2444 τῇ
1449 2409 1598 2444 Ἐκκλησία
1620 2408 1731 2443 βαρεῖς·
1747 2409 1796 2434 καὶ

1007 2455 1091 2483 πολλὰ
1107 2456 1160 2482 τῶν
1174 2455 1347 2490 ὀνησιφόρων
1361 2454 1443 2489 ἔτερα
1457 2454 1582 2486 διελθὼν,
1599 2456 1672 2489 μετὰ
1688 2455 1796 2489 θρήνων

1007 2502 1122 2533 πολλῶν,
1138 2502 1230 2528 αὐτῶν
1255 2500 1401 2536 ἀπηλλάγη
1431 2501 1508 2535 μόλις
1522 2509 1528 2516 ·
1547 2501 1586 2536 τῷ
1609 2501 1701 2535 πολλῷ
1721 2500 1794 2535 πόθῳ

1004 2549 1088 2583 φιλῶν
1113 2549 1161 2575 καὶ
1185 2548 1356 2582 φιλούμενος,
1379 2548 1419 2578 είς
1436 2547 1466 2574 τὸ
1484 2548 1577 2573 πλοῖον
1599 2547 1793 2582 προεπέμφθη.

1010 2596 1151 2631 Ἀναχθεὶς
1178 2595 1225 2621 οῦν
1251 2595 1290 2626 είς
1316 2593 1375 2625 Κῶ,
1401 2591 1461 2621 εἶτα
1474 2595 1513 2625 είς
1541 2594 1636 2621 Ῥόδον
1666 2594 1793 2629 ἔρχεται·

1006 2643 1135 2670 κάκεῖθεν
1149 2642 1192 2668 διὰ
1209 2641 1360 2676 Παττάρων
1377 2641 1416 2671 είς
1430 2640 1559 2675 Φοινίκην
1576 2640 1605 2673 ἑξ
1619 2640 1714 2674 οὐρίας
1731 2640 1795 2673 ἐφί-

1007 2698 1069 2724 ρετο
1080 2697 1086 2704 ·
1105 2688 1245 2722 εὐώνυμον
1260 2695 1288 2713 τε
1310 2687 1360 2721 τὴν
1373 2686 1487 2721 Κύπρον
1501 2686 1599 2719 λιπὼν,
1614 2686 1680 2713 εὐθὺ
1698 2685 1795 2719 Συρίας

1005 2736 1090 2762 ἔπλει.
1109 2735 1190 2769 Τύρῳ
1218 2733 1308 2760 τοίνυν
1337 2733 1494 2767 προσσχὼν,
1511 2732 1572 2767 πλῷ
1588 2733 1664 2764 αὖθις
1691 2733 1791 2767 χρησάο

1007 2791 1100 2816 μενος,
1123 2782 1163 2813 είς
1189 2781 1373 2816 Πτολεμαΐδα,
1396 2778 1457 2807 εἷτα
1483 2781 1523 2811 εις
1553 2781 1722 2816 Καισάρειαν
1746 2779 1794 2813 τῆς

1007 2828 1189 2863 Παλαιστίνης
1204 2825 1286 2862 ἦλθεν
1298 2835 1304 2843 ·
1323 2828 1363 2859 είς
1383 2827 1429 2855 τὸν
1448 2824 1523 2854 οῐκόν
1543 2835 1574 2854 τε
1589 2827 1636 2854 τοῦ
1653 2825 1795 2860 εὐαγγελι-
