1885 3059
227 90 280 122 8⁵5

836 89 1046 120 NICEPHORI
1064 86 1238 118 CALLISTI

1807 79 1855 110 836

228 149 301 175 hanc
316 147 494 176 contendens.
513 147 607 183 itaque
624 147 785 186 Damascum
811 155 873 174 eum
897 147 949 173 iter
972 147 1012 173 fa-

1087 145 1131 180 σλῇ
1151 145 1201 180 τῆς
1227 144 1325 178 αίγλης
1350 143 1400 175 τὰς
1428 142 1503 177 ὄψεις
1523 140 1854 186 περιλαμφθεὶςίσκόςον

225 200 332 224 eerem,
348 193 463 220 meridie
481 193 540 227 ipso
557 193 604 220 lux
620 193 678 220 sole
695 193 831 220 illustrior
849 193 957 221 caelitus
969 199 1014 220 me

222 237 422 265 circumiulsit.
440 237 526 272 Cujus
541 238 696 272 splendoris
711 238 899 274 magnitudine
919 239 1014 265 oculos

223 284 406 318 perstrictus,
422 288 449 310 et
465 283 580 318 proinde
601 284 719 318 caligine
735 284 852 315 obsitus,
869 284 896 311 in
913 288 1013 311 terram

231 328 334 356 decidi.
350 327 390 354 Ad
407 328 463 355 haec
478 336 529 355 vox
544 328 578 355 de
594 329 664 356 ccelo
679 328 784 360 audita,
798 336 858 363 qua!
872 327 1012 355 Christum

231 373 358 408 persequi
374 374 493 405 vetahat,
510 377 537 400 et
553 381 616 400 mox
638 378 667 400 ut
681 381 857 408 exsurgerem
871 373 987 409 jubebat
1005 382 1012 399 :

231 427 290 446 eatn
305 419 340 446 ob
354 426 463 446 causam
482 419 616 446 visionem
634 420 702 446 mihi
718 420 799 447 talem
816 420 936 446 oblatam
953 425 1014 446 esse

232 465 368 498 indicans,
392 469 421 492 ut
447 472 491 492 me
514 470 610 493 testem
631 465 797 500 produceret
817 472 922 496 earum,
944 472 1014 499 quas

230 509 374 542 vidissem,
393 517 518 544 quasque
544 510 626 545 paulo
649 514 711 544 post
735 509 908 536 indicaturus
928 513 1012 540 esset,

230 562 343 582 rerum:
361 559 391 582 ut
412 555 521 582 scilicet
546 562 682 582 caecorum
705 555 841 590 aperirem
865 555 969 587 oculos,
987 559 1016 581 et

210 597 213 605 ⁷
229 601 357 628 homines
375 609 390 628 a
408 601 530 629 tenebris
545 601 578 628 ad
593 601 694 632 lucem,
710 606 738 628 et
753 609 768 628 a
784 606 919 636 potestate
933 606 1016 635 atque

229 647 348 682 imperio
363 647 471 674 Satanae
492 648 525 674 ad
546 647 685 675 Christum
706 652 906 678 converterem,
922 646 1017 673 remis-

229 696 335 722 sionem
357 700 543 728 peecatorum,
562 694 806 730 hereditatemque
824 695 896 722 inter
914 693 1017 722 sancti-

230 742 337 773 licatos,
356 740 437 776 184
453 748 501 775 per
515 748 575 767 eam
591 748 650 775 quae
670 741 697 768 in
719 741 807 776 ipsum
824 746 876 773 est,
894 740 974 769 ﬁdem
989 747 1018 770 et

231 786 438 822 persuasionem
464 791 634 822 recepturos.
650 787 755 814 Visioni
778 795 859 822 porro
881 788 939 819 tali,
955 796 1017 823 quae

231 838 358 859 naturam
379 841 486 860 omnetn
509 833 589 868 longe
609 833 867 868 supergrederetur,
883 841 938 861 non
957 842 1016 861 mo-
1033 821 1053 850 Β

231 885 288 904 rem
308 885 414 912 gerere,
437 878 532 914 religio
551 882 621 905 erat.
643 878 737 913 Itaque
757 877 862 905 Iudaeis
883 879 965 906 simul
990 883 1018 906 et

230 924 370 958 gentibus,
386 928 415 950 ut
430 931 477 958 per
492 924 712 958 resipiscentiam
733 928 760 951 et
777 924 968 958 paenitentiam
984 924 1018 951 ad

230 970 316 997 Deum
345 975 552 1001 convertantur,
578 970 716 1005 dignaque
739 970 908 1005 poenitentia:
934 978 1017 1006 opera

231 1015 386 1051 perﬁciant,
400 1016 546 1048 annuntio,
564 1016 633 1043 nihil
649 1024 762 1050 prorsus
777 1021 853 1044 extra
869 1018 1019 1052 prophetas

230 1066 258 1088 et
278 1062 366 1096 ipsum
390 1062 481 1089 Mosen
498 1062 617 1094 docens,
635 1062 766 1089 nitnirum
791 1063 862 1098 quod
880 1063 1019 1096 Christus,

231 1108 276 1141 qui
296 1107 434 1142 passibilis
451 1107 547 1139 fuerit,
564 1113 591 1135 et
610 1107 716 1143 primus
735 1116 769 1135 ex
790 1109 909 1136 mortuis
927 1116 1020 1136 resur-

231 1153 346 1185 rexerit,
359 1154 448 1181 lucem
460 1153 600 1189 gentibus,
615 1154 753 1190 vitamque
767 1159 795 1183 et
809 1154 924 1182 salutem
940 1160 1020 1182 teter-

232 1207 294 1226 natn
310 1199 422 1234 proprio
437 1207 488 1227 suo
506 1199 654 1227 denuntiet
667 1200 780 1235 populo.
796 1199 858 1227 Haec
874 1208 937 1228 cum
951 1200 1020 1228 Pau-

231 1245 275 1272 lus
296 1253 358 1272 cum
382 1245 485 1272 diserta
510 1245 641 1274 facilitate
664 1246 778 1278 diceret,
798 1246 904 1279 Festus,
923 1250 1020 1282 utpote

231 1292 359 1319 animalis
378 1292 490 1327 quidam
513 1293 607 1326 homo,
622 1293 668 1328 qui
686 1300 741 1321 non
757 1293 824 1321 satis
841 1300 873 1320 ea
887 1300 948 1328 quae
964 1293 1020 1328 spi-

231 1339 301 1366 ritus
317 1342 382 1366 sunt
396 1344 602 1374 assequeretur,
619 1340 822 1375 stultitiamque
843 1340 912 1367 adeo
933 1345 961 1367 et
980 1341 1020 1367 in-

231 1385 338 1412 saniam
353 1392 385 1412 ea
400 1392 461 1412 esse
485 1385 686 1420 suspicaretur,
703 1391 832 1422 tanquam
850 1394 900 1422 per
921 1387 1021 1415 multas

231 1430 340 1458 litteras
353 1435 445 1457 mente
461 1436 585 1464 captum,
599 1439 688 1466 neque
703 1433 770 1460 satis
785 1441 846 1467 qua:
860 1433 966 1460 diceret
980 1433 1022 1460 in-

232 1476 413 1512 telltgenlem,
424 1484 487 1504 cum
500 1477 627 1505 convicio
640 1478 755 1506 Paulum
767 1478 885 1507 ridebat.
898 1478 949 1506 Cui
963 1479 1020 1506 ille.

232 1530 288 1550 non
309 1523 433 1551 insanire
449 1531 490 1558 se,
507 1524 554 1551 sed
574 1524 700 1552 veritatis
716 1529 744 1552 et
761 1525 920 1553 sobrietatis
935 1525 1021 1553 verba

232 1568 309 1603 loqui
333 1574 482 1596 asseverat.
507 1569 746 1602 Quemadmodum
768 1570 796 1597 id
817 1571 874 1606 regi
896 1571 965 1607 ipsi,
987 1570 1022 1598 ad

233 1623 316 1650 quem
339 1616 396 1643 haec
418 1616 506 1644 libere
527 1617 645 1650 diceret,
662 1617 748 1652 probe
768 1618 908 1654 cognitum
923 1624 1020 1646 esset:

1066 192 1174 226 πλήρης
1200 190 1357 226 γενόμενος,
1387 189 1434 216 ἐπὶ
1459 189 1511 223 γῆν
1536 185 1753 220 ἑπιπτον.Φωνὴ
1770 185 1801 211 δέ
1816 193 1855 215 τις

1064 236 1168 264 ἄνωθεν
1195 235 1353 271 ἐξηκούετο,
1385 235 1423 270 μή
1447 243 1481 268 με
1499 233 1611 260 διώκειν
1636 231 1764 266 Χριστόν.
1782 231 1856 256 Ἐχέ-

1064 283 1127 310 λευὲ
1154 291 1185 309 τε
1215 281 1399 309 ἀνίστασθαι·
1418 281 1466 308 καὶ
1488 280 1585 306 τούτου
1612 287 1644 312 γε
1660 278 1739 314 χάριν
1756 277 1855 303 οὕτωσὶ

1064 326 1164 364 ὦφθαι,
1182 329 1254 355 ὥστε
1273 326 1461 362 προϐαλέσθαι
1477 334 1512 361 με
1533 325 1661 360 μάρτυρα
1673 322 1710 350 ὥν
1726 331 1756 349 τε
1775 320 1855 354 εἶδον,

1064 376 1112 402 καὶ
1128 372 1166 402 ὧν
1187 375 1246 410 μετ’
1271 374 1362 408 ὀλίγον
1375 373 1477 405 δείξει·
1494 371 1599 404 ἀνοῖξαι
1628 370 1736 404 τυφλῶν
1751 369 1852 403 ὀφθιλν

1066 422 1145 456 μοῦς.
1161 421 1215 447 ἀπὸ
1231 421 1344 452 σκύτους
1358 427 1388 446 τε
1405 420 1446 450 εἰς
1460 417 1519 452 φῶς
1536 416 1723 450 ἐπιστρέψειν,
1737 415 1788 442 καὶ
1803 414 1856 441 ἀπὸ

1064 468 1114 502 τῆς
1144 467 1325 502 ἐπικρατείας
1350 466 1398 493 τοῦ
1430 465 1540 492 Σατανᾶ
1562 466 1603 496 είς
1635 462 1774 498 Χριστόν·
1792 460 1856 487 ὥστ’

1064 515 1162 549 ἄφεσιν
1178 514 1322 550 ἁμαρτιῶν
1333 513 1438 546 λαϐεῖν,
1453 512 1556 548 κλῆρον
1568 520 1599 538 τε
1613 512 1642 538 ἐν
1655 511 1712 541 τοῖς
1722 509 1857 544 ἡγιασμέ-

1065 567 1132 591 νοις,
1147 558 1191 585 διὰ
1203 560 1254 594 τῆς
1267 559 1335 594 πρὸς
1351 558 1432 585 αὑτὸν
1457 557 1589 588 πίστεως.
1614 555 1753 583 ’Δπειθείν
1766 555 1856 580 τοίνυν

1065 607 1100 641 τῇ
1116 606 1253 642 ὑπερφυεῖ
1264 605 1385 640 ὀπτασίᾳ
1401 605 1452 631 οὐκ
1462 601 1506 639 ἦν.
1521 602 1661 633 Ἰουδαίοις
1674 601 1724 636 μὲν
1746 599 1796 627 οὖν
1813 600 1857 626 καὶ

1066 653 1124 683 τοῖς
1143 651 1173 684 ἐξ
1189 651 1274 678 ἐθνῶν
1302 650 1434 686 μετανοίᾳ
1448 650 1602 685 χρωμένοις
1621 648 1691 683 πρὸς
1718 646 1788 673 Θεὸν
1803 647 1858 672 ἐπι-

1069 698 1196 733 στρέφειν
1219 698 1292 732 λέγω
1308 697 1372 730 ἄξια
1388 697 1459 732 ἔργα
1479 695 1628 732 μετανοίας
1657 692 1858 728 διαπραττομέ-

1069 751 1148 774 νους⁶
1165 741 1251 778 μηδὲν
1273 739 1311 769 ὧν
1335 742 1361 768 oi
1379 742 1521 777 προφῆται
1555 740 1603 767 καὶ
1632 739 1737 773 Μωσῆς
1765 737 1854 769 αὐτὸς,

1069 789 1149 821 ἐκτὸς
1175 788 1389 823 καταγγέλλων·
1421 787 1458 819 ὡς
1483 785 1632 821 παθητδςό
1656 783 1790 819 Χριατδς,
1816 783 1858 810 καὶ

1071 836 1180 871 πρῶτος
1202 836 1234 862 ἐκ
1249 834 1354 870 νεκρῶν
1377 833 1510 865 ἀναστὰς,
1527 832 1585 866 φῶς
1607 832 1664 862 τοῖς
1674 831 1772 858 ἐϐνεσι
1789 829 1858 862 ζωήν

1069 890 1098 908 τε
1118 881 1166 908 καὶ
1192 880 1331 915 σωτηρίαν
1355 879 1467 906 αἰώνιον
1490 878 1530 913 τῷ
1555 877 1648 912 οἰκείῳ
1676 875 1859 910 καταγγέλλει

1069 927 1138 963 λαῷ.
1153 927 1248 954 Ταῦτα
1266 926 1317 953 σὺν
1335 924 1461 961 ῥᾳστώνῃ
1481 923 1529 951 τοῦ
1548 923 1657 950 Παύλου
1669 921 1830 956 διεξιόντος,
1847 922 1858 946 ὸ

1072 974 1191 1008 Φῆστος,
1210 972 1328 1007 ψυχικὸς
1342 980 1385 1003 τις
1404 970 1443 997 ὢν
1469 971 1626 1004 ἄνθρωπος,
1640 970 1689 995 καὶ
1707 968 1748 1003 μὴ
1765 967 1859 998 ἱκανῶς

1070 1019 1140 1054 ἔχων
1153 1018 1314 1054 προσίεσθαι
1330 1017 1365 1043 τὰ
1382 1016 1428 1044 τοῦ
1446 1016 1617 1052 Πνεύματος,
1636 1014 1748 1050 μωρίαν
1774 1014 1803 1040 δὲ
1819 1014 1859 1040 καὶ

1072 1065 1171 1100 μανίαν
1182 1064 1270 1091 ταῦτα
1284 1063 1418 1096 ὑπονοῶν,
1435 1062 1471 1094 ὡς
1493 1062 1547 1089 ὑπὸ
1568 1060 1675 1088 πολλῶν
1688 1060 1858 1095 γραμμάτων

1070 1111 1248 1147 ἐξεστηκότα,
1274 1111 1323 1138 καὶ
1343 1110 1361 1137 ἃ
1376 1110 1450 1144 λέγει
1466 1109 1505 1145 μὴ
1519 1109 1647 1142 διειδότα,
1674 1108 1860 1142 διελοιδορεῖτο

1069 1158 1116 1185 τὸν
1132 1158 1238 1185 Παῦλον
1248 1166 1254 1172 ·
1278 1157 1326 1184 τὸν
1349 1157 1379 1184 δέ
1405 1157 1443 1192 μὴ
1458 1155 1604 1192 μαίνεσθαι
1619 1156 1717 1190 φάναι,
1734 1154 1859 1189 ἀληθείας

1070 1206 1100 1234 δὲ
1115 1206 1164 1233 καὶ
1178 1205 1358 1240 σωφροσύνης
1383 1204 1496 1239 ῥήματα
1513 1203 1604 1237 λέγειν
1629 1200 1857 1236 διισχυρίζεσθαι,

1070 1251 1108 1282 ὡς
1126 1251 1172 1277 καὶ
1184 1240 1222 1285 at;
1239 1249 1345 1285 βασιλεῖ
1362 1249 1430 1284 πρὸς
1448 1248 1477 1276 ὃν
1489 1250 1524 1275 τὰ
1539 1248 1589 1283 τῆς
1600 1246 1779 1283 παρρησίας,
1794 1247 1859 1281 ἀκρι-

1072 1298 1127 1329 6ὡς
1143 1298 1290 1332 ἔγνωσται.
1310 1297 1349 1323 Οὺ
1366 1297 1421 1330 γάρ
1436 1304 1488 1322 που
1504 1292 1584 1330 οἶμαι
1600 1293 1696 1321 τοῦτον
1719 1293 1858 1320 λανθάνειν

1073 1342 1167 1377 μηδὲν,
1177 1341 1343 1368 πιστεύοντα
1361 1341 1446 1366 πᾶσιν
1467 1337 1486 1366 ἃ.
1502 1339 1642 1374 προφῆται
1665 1337 1858 1373 κατήγγειλαν.

1072 1389 1143 1424 Πρὸς
1153 1388 1349 1424 ὃνἊγρίππας
1363 1386 1461 1422 ἡδέως,
1478 1386 1523 1413 Ἐν
1537 1385 1622 1420 ὀλίγῳ
1647 1393 1681 1421 με
1695 1385 1817 1416 πείθεις,
1830 1381 1859 1409 ιῖ-

1072 1443 1119 1468 πε,
1134 1433 1299 1470 Χριστιανὸν
1315 1433 1454 1468 γενέσθαι.
1469 1432 1524 1461 Καὶ
1539 1432 1579 1466 ὃς,
1597 1432 1677 1467 Ἐμοὶ
1691 1432 1719 1459 δὲ
1737 1431 1774 1459 δι’
1787 1431 1858 1465 εὐχῆς

1073 1480 1150 1508 ἔσται
1165 1481 1212 1508 καὶ
1231 1481 1260 1507 ἐν
1281 1481 1364 1515 ὀλίγῳ
1380 1480 1428 1507 καὶ
1443 1480 1472 1506 ὲν
1488 1478 1580 1514 πολλῷ
1590 1479 1620 1505 οὗ
1639 1478 1670 1505 σὲ
1686 1479 1783 1513 μόνον,
1797 1477 1857 1504 ἀλλὰ

1075 1529 1123 1555 καὶ
1141 1527 1247 1559 πάντας
1259 1526 1284 1553 οἲ
1301 1526 1355 1553 τῶν
1367 1526 1443 1562 ἐμῶν
1461 1526 1548 1560 λόγων
1565 1524 1771 1561 μετεσχηκότες
1783 1525 1858 1550 εἰσίν·

1075 1575 1167 1606 ὁποῖος
1195 1573 1263 1608 δῆτα
1285 1572 1363 1607 κάγὼ
1390 1573 1514 1608 σήμερον
1527 1579 1536 1590 -·
1564 1573 1628 1599 ἄνευ
1654 1572 1754 1607 μέντοι
1768 1571 1820 1598 τῶν
1831 1570 1858 1600 ἃς

1076 1619 1238 1654 περίκειμαι
1255 1618 1356 1649 ταύτας
1372 1618 1506 1646 ἁλύσεων.

233 1669 317 1696 quem
342 1662 413 1690 nihil
439 1670 534 1691 earum
576 1672 669 1692 rerum
709 1665 824 1699 lateret,
849 1666 981 1693 omnibus
1002 1673 1064 1701 quae
1083 1665 1225 1701 propheta:
1250 1665 1454 1693 annuntiat-unt
1481 1663 1652 1693 credentem.
1679 1663 1719 1691 ibi
1748 1663 1783 1690 ad
1808 1667 1859 1689 eum

234 1711 354 1746 Agrippa
377 1711 608 1747 perhumaniter:
627 1713 732 1742 Modica
756 1721 790 1742 ex
814 1718 902 1749 parte,
922 1715 1021 1750 inquit,
1042 1713 1122 1746 milii,
1156 1718 1188 1742 ut
1218 1713 1395 1742 Christianus
1407 1713 1482 1747 liam,
1493 1712 1656 1748 persuades.
1669 1711 1765 1739 Atille
1782 1719 1790 1739 π
1806 1709 1859 1737 lilii

235 1766 301 1786 Vero
318 1760 345 1786 in
365 1759 463 1795 primis
478 1760 550 1795 apud
567 1760 653 1788 Deum
670 1761 698 1789 in
714 1761 817 1797 optatis
834 1766 889 1794 est,
906 1769 961 1789 non
992 1761 1082 1790 solum
1115 1761 1236 1794 modica,
1272 1769 1369 1789 verum
1391 1761 1476 1788 etiam
1495 1761 1613 1788 maxima
1634 1767 1669 1788 ex
1693 1765 1787 1794 parte,
1815 1766 1859 1785 non

237 1813 263 1835 te
275 1808 376 1840 solum,
390 1815 486 1835 verum
502 1808 585 1835 etiam
601 1809 647 1843 qui
663 1809 817 1837 orationem
832 1817 921 1836 meam
941 1809 1025 1837 hodie
1045 1809 1196 1837 audierunt
1227 1816 1336 1841 omnes,
1365 1807 1434 1836 tales
1447 1807 1518 1841 ﬁeri,
1530 1807 1620 1843 qualis
1632 1814 1684 1843 ego
1696 1813 1761 1834 sum
1775 1815 1782 1834 :
1796 1810 1859 1834 extra

236 1855 345 1883 vincula
359 1854 495 1884 duntaxat
507 1855 570 1888 ista,
581 1856 684 1891 quibus
696 1856 935 1892 obstrictus_sutn,
947 1860 1118 1884 catenarum.

513 1914 628 1943 CAPUT
648 1914 746 1943 XXXI.

257 1969 295 1997 De
310 1970 468 2007 trajectione
486 1969 569 1997 Pauli
585 1971 611 2009 in
629 1970 753 2009 Italiam,
767 1977 792 1999 et
815 1972 847 2000 de
867 1973 1010 2009 naufragio

573 2006 701 2041 ejusdem.

273 2063 392 2099 Agrippa
416 2069 521 2098 autem,
539 2069 568 2092 et
589 2065 638 2100 qui
663 2072 725 2093 cum
747 2073 781 2094 eo
803 2071 894 2101 erant,
907 2074 941 2094 ex
960 2074 1028 2094 con-

237 2117 316 2138 sessu
330 2111 422 2137 statim
437 2116 648 2146 consurgentes,
660 2117 689 2139 et
701 2113 817 2140 seorsim
831 2113 1028 2144 consistentes,

1359 1914 1496 1958 sima.
1512 1913 1574 1941 AA'.

1078 1971 1150 2007 Περὶ
1167 1971 1221 1999 τοῦ
1239 1972 1284 2004 εις
1307 1971 1437 2007 Ἰταλίαν
1450 1971 1592 1998 dudm/Iov
1609 1968 1674 2007 (of):
1693 1969 1858 1997 ἀποστόλου

1186 2007 1321 2040 Παύλου,
1341 2006 1391 2033 καὶ
1406 2007 1446 2039 ὡς
1458 2006 1588 2041 ναυαγίᾳ
1601 2005 1767 2040 ἐχρήσατο.

1115 2065 1272 2100 ’Δγρίππας
1289 2065 1312 2093 δ’
1323 2064 1405 2097 εὐθὺς
1418 2064 1466 2092 καὶ
1479 2065 1504 2091 οῑ
1518 2065 1722 2099 συμπαρόντες,
1730 2062 1780 2090 τοῦ
1797 2070 1860 2089 συνι-

1078 2113 1154 2149 δρίου
1170 2112 1379 2147 ἐξαναστάντες,
1401 2113 1448 2139 καὶ
1464 2111 1518 2148 ίδίᾳ
1531 2111 1687 2146 γενόμενοι,
1698 2110 1794 2143 Οὐδὲν,
1809 2110 1860 2143 εφα-

236 2156 314 2185 Νιιιίι
329 2156 479 2192 (inquiunt)
491 2157 574 2184 homo
587 2158 648 2192 iste,
660 2159 734 2193 quod
747 2158 864 2186 vinculis
876 2163 924 2186 aut
937 2164 1015 2186 morti

1087 2170 1157 2195 rxov,
1177 2160 1251 2194 ἄξιον
1267 2160 1386 2189 θανάτου
1413 2160 1429 2195 ἢ
1451 2159 1561 2194 δεσμῶν
1589 2159 1602 2185 ὸ
1627 2158 1774 2194 ἄνθρωπος
1795 2153 1860 2185 οὗτος

241 2204 352 2238 dignum
371 2203 418 2236 sit,
433 2203 510 2231 facit.
530 2203 571 2231 Ad
589 2204 664 2239 quod
682 2204 801 2240 Agrippa
817 2205 922 2240 adjicit,
939 2205 1029 2233 absol-

239 2249 361 2277 vendunt
378 2258 442 2277 eum
459 2250 557 2282 fuisse,
576 2250 630 2277 nisi
649 2250 784 2278 Casarem
800 2251 975 2286 appellasset.
992 2252 1030 2279 Ea

239 2303 326 2331 porro
339 2296 372 2323 de
388 2303 472 2323 causa
488 2297 516 2322 itt
537 2295 642 2323 italiam
659 2297 684 2323 ei
700 2296 882 2331 navigandum
898 2304 970 2329 esse,
984 2297 1032 2325 de-

237 2343 378 2370 cernitur.
408 2342 445 2370 Ita
472 2342 546 2370 Julio
573 2343 683 2370 cuidam
709 2350 742 2370 ex
769 2343 884 2371 cohorte
909 2344 1031 2380 Augusta

239 2389 434 2416 committitur.
450 2389 528 2416 Nacti
548 2394 640 2416 autem
656 2397 754 2416 navent
771 2389 990 2423 Adrutuetinam,
1005 2392 1032 2418 in

243 2445 305 2464 cum
319 2437 520 2465 conscendunt.
536 2438 622 2465 Porro
646 2445 708 2465 cum
723 2438 805 2466 Paulo
817 2444 876 2466 crat
892 2438 990 2474 Lucas,
1006 2444 1034 2467 et

239 2484 427 2512 Aristarchus
449 2491 484 2510 ex
502 2483 661 2511 Macedonia
680 2484 945 2513 Thessalonicensis.
968 2485 1034 2513 lude

239 2529 378 2557 :Sidouem
404 2535 469 2558 sunt
497 2529 579 2557 delati
597 2539 604 2557 :
621 2538 683 2558 mox
709 2531 936 2566 progredientes,
957 2531 1034 2566 juxta

242 2575 366 2610 Cyprum
391 2575 537 2611 navigant;
565 2581 593 2603 et
623 2575 754 2612 deinceps
779 2576 858 2612 185
882 2577 984 2605 Cilicia:
1008 2581 1036 2604 et

245 2621 415 2656 Pamphyliae
430 2622 498 2649 mari
514 2623 687 2655 transmisso,
702 2623 735 2650 ad
752 2623 826 2658 Myra
840 2623 929 2659 Lycia:
944 2624 1036 2658 appel-

245 2668 318 2697 iunt.
338 2668 374 2695 lbi
388 2668 572 2697 Alexandrina
590 2670 652 2698 navi
670 2671 697 2698 in
715 2670 819 2699 italiam
837 2673 978 2704 tendente,
994 2671 1038 2698 in.

247 2720 342 2747 vetita,
359 2714 448 2743 Julius
459 2718 524 2744 'cum
540 2717 641 2745 vinctis
658 2718 684 2744 in
701 2726 762 2745 eam
780 2718 940 2753 imponitur.
954 2717 988 2745 Et
1003 2717 1035 2745 ad

241 2760 367 2788 Cnidum
392 2770 454 2790 eum
472 2763 587 2799 propius
602 2765 776 2797 accessisset,
795 2769 894 2800 praeter
915 2764 1035 2797 Cretam,

248 2807 327 2835 iusta
349 2808 505 2838 Salmonatn
533 2811 655 2839 vehitur.
681 2811 785 2840 Dehinc
813 2811 848 2840 ad
871 2813 974 2844 locum,
992 2811 1036 2840 cui

1083 2208 1212 2244 πράσσει.
1235 2207 1265 2235 ’0
1280 2207 1302 2234 δ’
1318 2206 1476 2242 Ἀγρίππας
1499 2203 1668 2240 προσετίθει,
1689 2203 1728 2236 ὡς
1739 2203 1787 2230 καὶ
1803 2203 1860 2228 ἁπο-

1081 2255 1211 2284 λελύσθαι
1224 2253 1328 2285 δίκαιος
1342 2253 1356 2279 ὀ
1365 2251 1510 2287 ἄνθρωπος
1524 2248 1568 2286 ἦν,
1579 2250 1604 2276 εί
1620 2250 1658 2285 μὴ
1671 2249 1860 2283 Κιιίειςιριιέπε⁴

1083 2302 1205 2338 κέκλητο
1215 2307 1222 2315 ·
1246 2301 1294 2328 καὶ
1312 2300 1368 2326 δεῖν
1391 2298 1470 2325 πλεῖν
1482 2299 1522 2329 είς
1537 2297 1653 2324 Ἰταλίαν
1664 2296 1798 2331 ἐκρίνετο.
1816 2292 1861 2319 Καὶ

1084 2349 1153 2383 δῆτα
1163 2346 1268 2381 Ἰουλίῳ
1280 2345 1335 2373 τινὶ
1351 2344 1468 2379 σπείρης
1482 2342 1619 2377 σεϐαστῆς
1635 2341 1806 2376 παρεδίδοτο.
1817 2338 1860 2366 Καὶ

1084 2395 1174 2422 τοίνυν
1200 2394 1230 2427 ἐξ
1256 2391 1439 2428 Ἀδραμυτίου
1466 2390 1552 2423 πλοίῳ
1576 2390 1778 2425 περιτυχόντες,
1809 2385 1861 2412 ἐπέ-

1085 2442 1191 2469 ϐαινον,
1222 2438 1277 2466 Ἦν
1305 2439 1334 2466 δὲ
1367 2438 1415 2466 καὶ
1444 2437 1551 2468 Λουκᾶς
1573 2437 1621 2463 σὺν
1649 2435 1688 2470 τῷ
1704 2435 1800 2469 Παύλῳ
1824 2430 1861 2458 καὶ

1092 2487 1293 2523 Ἀρίσταρχος,
1325 2483 1458 2512 Μακεδὼν
1490 2481 1717 2513 Θεσσαλονικεύς.
1755 2479 1860 2507 Ἐκεῖθεν

1085 2534 1115 2561 δέ
1145 2533 1186 2565 είς
1217 2532 1322 2559 Σιδῶνα
1355 2530 1544 2566 κατήχθησαν.
1579 2527 1799 2562 Παροδεύσαντες
1829 2524 1859 2553 δὲ.

1086 2580 1136 2614 τὴν
1170 2579 1285 2615 Κύπρον
1313 2577 1499 2604 ὑπέπλευσαν.
1532 2575 1588 2603 Καὶ
1602 2575 1671 2610 δῆτα
1699 2574 1729 2600 τὸ
1748 2573 1792 2600 διὰ
1821 2571 1860 2596 Κι-

1087 2626 1176 2657 λικίας
1210 2625 1259 2652 καὶ
1285 2623 1450 2659 Παμφυλίας
1489 2622 1608 2656 πέλαγος
1648 2621 1860 2648 διαπλεύσαντες.

1089 2674 1130 2704 είς
1155 2673 1190 2699 τὰ
1204 2671 1289 2706 Μῦρα
1306 2671 1356 2705 τῆς
1370 2669 1475 2700 Λυκίας
1498 2669 1633 2704 κατῆραν.
1667 2667 1770 2694 Ἐκεῖσε
1790 2662 1860 2695 πλοίῳ

1089 2718 1119 2750 ἐξ
1139 2717 1345 2753 ’Δλεξανδρεὶας
1371 2715 1528 2750 περιτυχὼν
1558 2715 1572 2740 ὀ
1594 2713 1714 2746 Ἰούλιος,
1737 2713 1776 2743 εἰς
1806 2709 1860 2735 Ὶτι·

1089 2765 1150 2792 λίαν
1186 2763 1308 2794 πλέοντι,
1332 2762 1381 2789 σὺν
1395 2763 1452 2793 τοῖς
1479 2760 1633 2795 δεσμώταις
1656 2760 1781 2795 ἀνήγετο.
1797 2753 1860 2782 Κατᾶ

1091 2811 1140 2844 τὴν
1175 2809 1274 2837 Κνίδον
1304 2808 1332 2836 δέ
1365 2807 1497 2843 γεγονὼς,
1529 2806 1578 2844 τὴν
1611 2808 1723 2843 Κρήτην
1743 2801 1858 2839 παρέπλιι
