1885 3059
87 85 129 116 837
550 85 831 117 ΕΕΕΙΈΞΙΑΞΤΙΟί

550 85 853 117 ECCLESIASTICrE
871 84 1065 116 HlS’l‘ORl/E
1086 87 1159 118 LIB.
1180 87 1217 117 II.

1638 89 1692 121 838

83 144 141 170 κατὰ
155 143 313 178 Σαλμώνην.
329 144 442 171 Ἔπειτα
457 145 484 171 ἐν
499 143 590 180 χώρῳ,
605 141 627 178 ᾧ
643 143 730 171 Καλοὶ
738 143 827 178 λιμένε

948 144 970 170 ai
996 148 1093 178 portus
1119 151 1218 171 nomen
1245 147 1298 176 est,
1319 141 1505 171 deferuntur:
1524 151 1538 171 a
1559 153 1613 180 quo
1637 154 1692 174 non

80 190 160 224 ὄνομα,
179 190 313 226 ἧχοησαν.
331 187 412 221 Πόλις
433 190 456 216 δ’
471 191 555 224 ἐγγὺς
571 188 605 226 ἦν
625 189 722 225 ἐκείνῳ
741 190 849 216 Λασαία

80 235 120 270 τὴν
132 236 232 269 κλῆσιν.
256 235 437 269 Ἐπισῳαλοῦς
449 235 477 261 δὲ
489 235 537 261 τοῦ
552 234 620 261 πλοῦ
637 235 723 266 ὄντος,
741 235 848 266 Παῦλος

80 281 232 316 προήγγελεν
242 283 279 313 ὡς
297 282 344 308 καὶ
358 283 404 308 τὸν
417 282 515 317 φόρτον
524 281 704 308 άποὸαλεῖται
715 281 745 307 τὺ
757 281 850 307 πλοῖον

80 325 129 358 μεθ’
143 325 256 360 ὖὸρεως,
275 327 323 352 καὶ
339 327 368 352 ἑν
385 327 445 362 χρῷ
465 326 589 352 κινδύνου
607 325 671 362 ἄχρι
689 326 721 360 δὴ
738 326 786 353 καὶ
797 325 848 360 ψυ-

46 397 49 399 ,
78 371 123 405 χῶν
135 372 260 405 γενέσθαι
274 380 282 388 ⁵
298 373 417 408 παρῄνει
441 381 471 399 τε
501 373 539 407 μὴ
561 372 668 399 ἐκεῖθεν
683 372 847 406 ἀνάγεσθαι.

82 418 106 444 ’0
119 418 139 444 δ’
156 418 360 453 ἑκατοντάρχης
376 418 414 453 τῷ
451 418 608 453 κυϐερνήτῃ
639 418 738 453 μᾶλλον
770 418 786 453 ἢ
810 419 849 453 τῷ

79 464 161 499 Παύλῳ
176 465 313 493 ἐπείθετο.
337 465 458 492 Ἐκεῖθεν
473 465 564 491 τοίνυν
584 465 729 500 ἀνήγοντο,
745 465 846 500 ἥκιστα

78 511 269 545 παραχειμάσαι
289 511 385 538 ἱκανοῦ
402 511 480 543 ὁντος
506 511 555 537 τοῦ
582 511 704 546 λιμένος.
720 511 808 537 Νότου
823 511 845 537 δ’

77 556 272 589 ἐκπνεύσαντος,
301 557 419 591 ἄραντες
457 557 552 588 Ἀσον,
578 556 764 591 παρελέγοντο
797 556 847 590 τὴν

77 601 184 636 Κρήτην.
205 601 368 636 Τυφωνικὺς
398 602 422 628 δ’
436 602 538 637 ἄνεμος
562 601 732 634 ἐκπνεύσας,
760 602 846 636 Εὐρο-

79 646 168 673 mam
183 647 343 681 ὠνόμασται
355 656 363 663 ·
384 648 431 674 καὶ
447 648 495 673 τοῦ
514 647 610 674 πλοίου
644 647 848 683 συναρπασθέν-

75 700 121 724 τος,
137 693 336 728 ἀντοφθαλμεῖν
357 702 387 720 τε
403 693 441 729 μὴ
457 693 598 729 ἰσχύοντος
613 693 652 728 τῷ
667 695 772 729 ἀνέμῳ,
802 703 849 729 μι-

75 737 129 772 κρὸν
150 739 286 770 ἑπιδὸντες
311 739 464 774 ἐφέροντο·
493 740 541 766 καὶ
577 739 645 774 δῆτα
673 739 795 775 νησίδιύν
821 748 847 765 τι

76 783 258 817 ὑποδραμόντες
311 783 420 818 Κλαύδη
442 781 476 819 ἦν
491 784 588 818 ὄνομα,
611 784 691 819 μόλις
708 785 759 819 τῆς
777 784 848 810 σκά-

903 189 983 224 longe
998 189 1095 216 civitas
1111 194 1179 222 erat,
1196 189 1287 216 Lasma
1303 189 1389 216 dicta.
1405 188 1439 216 Et
1456 196 1517 216 cum
1536 190 1692 224 periculosa

902 237 974 260 esset
986 234 1134 269 navigatio,
1148 234 1250 262 Paulus
1262 241 1360 260 navem
1375 239 1538 269 tempestate
1553 235 1585 261 ad
1597 235 1690 269 jactu-

903 286 960 305 ram
979 286 1065 313 usque
1088 287 1150 306 cntn
1173 280 1285 314 injuria,
1302 284 1485 314 vectorcsquc
1502 281 1536 307 de
1555 281 1608 307 vita
1631 281 1690 316 ipsa

902 331 1008 351 summe
1032 325 1239 359 periclitaturos
1264 333 1448 359 praemonens,
1466 333 1521 352 non
1548 327 1690 353 transmit—

904 370 1015 398 tendum
1035 371 1098 399 inde
1114 372 1221 398 suadet.
1242 371 1294 399 Sed
1313 372 1440 399 centurio
1458 373 1484 399 in
1504 379 1537 399 eo
1553 373 1690 407 guberna-

903 421 990 444 torem
1010 418 1099 450 navis,
1119 419 1205 452 magis
1227 427 1308 453 quam
1328 419 1442 446 Paulum
1464 419 1603 446 audiebat.
1618 420 1691 452 Qua-

903 469 1014 498 propter
1043 464 1125 497 inde,
1149 465 1222 499 quod
1248 470 1343 499 porlus
1371 465 1404 492 ad
1432 466 1608 492 hiemandntn
1635 474 1690 492 non

902 510 968 536 satis
991 509 1108 537 idoneus
1129 516 1215 541 esset,
1231 510 1377 538 disci-dunt
1393 519 1400 537 :
1417 516 1444 537 et
1464 511 1534 537 Noto
1556 511 1694 544 spirantc,.

900 556 968 581 Asso
985 560 1123 589 superata.
1142 556 1250 583 Cretam
1270 556 1406 590 legebant.
1426 555 1486 582 Mox
1505 560 1605 583 ventus
1620 564 1688 582 exo-

901 599 973 626 ritur
987 600 1152 634 typltonicus
1164 606 1191 627 et
1206 600 1393 632 turbulentus,
1407 608 1488 635 quem
1504 601 1687 634 procellosum

900 645 1015 679 Eurum,
1037 653 1084 673 seu
1108 646 1341 681 Euroaquilonem
1365 651 1475 673 vocant.
1506 647 1600 681 Itaque
1625 647 1688 674 navi

901 693 934 719 ab
956 699 990 719 eo
1009 698 1097 727 rapta,
1115 700 1176 720 cum
1204 697 1301 720 contra
1325 693 1376 720 niti
1402 700 1456 719 non
1481 698 1601 727 possent.
1622 698 1690 720 tem-

900 738 999 773 pestati
1018 738 1189 771 aliquantum
1206 738 1347 769 cedentes,
1363 738 1500 765 feruntur.
1517 738 1549 765 Et
1564 740 1597 766 ad
1615 739 1689 766 insu-

901 784 955 811 lam
973 784 1119 819 quamdam
1138 791 1262 819 parvam,
1277 783 1338 818 quae
1353 783 1456 812 Clauda
1478 784 1589 816 dicitur,
1606 792 1689 812 cursu

75 834 118 860 φης
130 828 305 862 περικρατεῖς
329 826 410 862 ἦσαν.
426 829 482 855 Καὶ
498 828 537 863 τῷ
568 829 654 864 πλοίῳ
678 829 781 864 ταύτην
805 830 817 855 ὲ

947 835 1019 862 ecto,
1035 830 1078 857 vix
1095 830 1204 864 scaphae
1221 835 1362 864 compotes
1379 829 1439 857 fieri
1458 835 1617 864 potuerunt.
1637 831 1689 858 Εο-

76 872 178 906 θέμενοι,
207 873 289 909 ῥώμῃ
318 874 393 910 πάσῃ
414 875 464 910 τὴν
489 875 557 901 ναῦν
586 874 759 908 διεζὼννυον,
778 878 847 911 προς

75 918 114 950 τὰς
130 919 247 953 ἐμϐολάς
265 920 322 946 τῶν
349 921 483 955 κυμάτων
512 922 639 956 ἀντέχειν
664 922 847 957 παρασκευά-

75 964 162 996 ζοντες.
183 965 227 992 Ἐν
242 966 319 1000 φόϐῳ
332 967 355 993 δ’
372 966 447 998 ὄντες
468 967 506 1002 μὴ
531 968 596 1002 περὶ
623 968 674 1000 τὰς
692 968 848 1003 λεγομένας

75 1010 171 1045 Σύρτεις
185 1013 344 1046 ἐμπέσωσι,
357 1012 388 1038 τὸ
404 1013 491 1039 ίστίον
506 1013 554 1040 τοῦ
567 1012 666 1040 πολλοῦ
679 1014 756 1040 τόνου
768 1014 848 1041 ἀνέν-

75 1065 120 1087 τες,
139 1058 276 1093 ἐφέροντο.
313 1058 436 1093 Σφοδρσῶ
456 1059 480 1085 δ’
506 1059 673 1094 ἐγκειμένου
700 1060 846 1094 χειμῶνος,

73 1097 172 1135 τριταῖοι
185 1102 348 1137 αὐτόχειρες
371 1102 421 1137 τὴν
438 1102 539 1137 σκευὴν
562 1103 609 1129 τοῦ
625 1103 719 1130 πλοίου
737 1103 847 1130 ἅπασαν

74 1147 105 1181 τῷ
118 1147 226 1182 πελάγει
243 1149 374 1182 ἀφίεσαν.
397 1149 516 1180 Ὶκαναῖς
542 1149 565 1175 δ’
585 1149 629 1184 ἐφ’
645 1150 764 1185 ἡμέραις
782 1149 847 1185 μήθ’

73 1192 140 1226 ἡλίου
157 1194 222 1229 μήτε
244 1195 356 1230 ἄστρων
375 1195 445 1230 ὑπὲρ
472 1195 587 1230 οὐρανὸν
609 1195 767 1231 ὁρωμένων,
800 1196 848 1221 καὶ

75 1239 160 1267 πολλοῦ
179 1241 227 1268 τοῦ
254 1241 392 1273 κλύδωνος
418 1243 625 1278 περιρρέοντος,
655 1244 732 1270 πᾶσα
757 1244 772 1274 ἠ
798 1244 847 1278 τῆς

76 1287 198 1323 σωτηρίας
217 1289 382 1324 περιῃρεῖτο
409 1289 499 1320 ὲλπίς.
526 1289 632 1324 ’Δσιτίᾳ
645 1298 674 1315 τε
697 1289 742 1315 διὰ
758 1288 847 1315 ταῦτα

74 1333 231 1368 πιεζομένων
257 1335 314 1361 τῶν
330 1335 360 1361 ὲν
388 1334 428 1370 τῷ
457 1335 544 1370 πλοίῳ
571 1335 667 1370 πολλῇ,
699 1335 712 1360 ὁ
730 1335 845 1368 Παῦλος,

79 1378 165 1415 Ἐχρῆν
182 1381 242 1416 μὲν,
258 1381 348 1415 ἔλεγε,
364 1382 524 1415 πειθηνίους
537 1390 569 1416 γε
585 1381 676 1414 ὖντας,
690 1381 727 1417 μὴ
744 1384 775 1407 ἐκ
796 1381 847 1416 τῆς

75 1424 174 1461 Κρήτης
186 1427 351 1461 ἀνάγεσθαι,
370 1428 421 1462 τῆς
436 1436 466 1454 τε
478 1427 586 1463 ὕϐρεως
610 1429 658 1456 καὶ
676 1428 779 1463 ζημίας
808 1428 846 1459 ὼς

74 1472 227 1506 πορρωτάτω
244 1471 318 1499 εἶναι
331 1481 339 1489 ⁸
354 1473 424 1500 ἀλλὰ
449 1475 497 1500 καί⁸
511 1473 560 1500 νῦν
578 1474 705 1509 παραινῶ
720 1473 846 1509 εὐθύμως

74 1518 135 1551 ἔχειν
150 1519 236 1554 ὑμᾶς·
262 1519 333 1555 πλὴν
347 1520 400 1554 γὰρ
429 1520 477 1546 τοῦ
506 1520 613 1554 πλοίου,
642 1521 758 1555 οὐδεμία
790 1521 845 1547 τῶν

74 1562 136 1589 ἔνδον
150 1566 330 1592 άποπεαεῖται
343 1565 428 1601 ψυχή.
455 1565 549 1601 Ταύτῃ
563 1565 619 1601 γὰρ
637 1565 670 1602 δὴ
703 1568 736 1601 τῇ
756 1569 844 1599 νυκτὶ,

74 1609 130 1635 Θ;οὗ
146 1611 260 1645 ἅγγελος
272 1609 294 1645 ᾧ
315 1611 412 1647 λάτρις
438 1613 496 1646 εἰμὶ
521 1613 677 1647 παραστὰς,
693 1612 845 1648 παρηγγύα

73 1661 97 1679 τε
112 1655 144 1690 μὴ
160 1656 305 1690 φοδεῖσθαι
317 1664 324 1672 '
336 1657 383 1683 Δεῖ
393 1657 448 1692 γάρ
465 1665 496 1683 σε
511 1657 634 1693 Καίσαρι
659 1657 844 1694 παραστῆναι·

73 1698 143 1733 χάριν
157 1708 185 1726 τε
201 1701 243 1728 σοί
259 1701 393 1736 πλείστην
409 1701 499 1732 εἰδὼς,
516 1702 582 1733 τοὺς
595 1702 763 1736 συμπλώτας
779 1702 846 1728 πάν-

73 1750 114 1773 τας
135 1745 174 1770 σοί
195 1753 227 1780 γε
248 1746 388 1781 δωρεῖται.
416 1746 564 1772 Ἐκπεσεῖν
584 1746 608 1772 δ’
636 1748 743 1782 ἀνάγκη
770 1747 846 1782 ἡμᾶς

73 1790 138 1824 νήσῳ
158 1792 221 1820 τινί.
242 1792 539 1828 Τεσσαρεσκαιδεκάτη
554 1792 603 1825 νὺξ
625 1792 748 1828 παρῆλθε
761 1793 792 1818 τὸ
817 1792 846 1824 ἐξ

74 1835 174 1870 ἐκείνου,
192 1838 216 1864 οι
242 1838 273 1865 δὲ
302 1838 340 1873 τῷ
375 1837 474 1873 Ἀδρίᾳ
501 1837 726 1874 ἐταλαιπώρουν
745 1838 792 1864 καὶ
815 1838 846 1863 τὸ

75 1881 145 1915 βάθος
172 1884 388 1920 ὰναδιφὼμενοι,
412 1884 478 1919 περὶ
505 1884 620 1919 ὀργυιὰς
647 1884 774 1920 εὕρισκον
804 1885 845 1910 εί-

75 1935 135 1956 κοσι.
149 1930 264 1966 Τραχεῖς
276 1931 304 1957 δὲ
319 1932 419 1962 τόπους
447 1932 576 1957 ἐκπεσεῖν
595 1931 722 1963 δεδιότες,
745 1931 846 1957 τέσσα-

76 1982 116 2006 ρας
129 1976 249 2012 ἀγκύρας
274 1977 404 2013 ῥίψαντες
438 1976 611 2012 πρύμνηθεν,
634 1978 742 2012 ἡμέραν
770 1977 847 2010 γενέ-

75 2020 330 2050 «omnemi-32m.
351 2023 383 2049 Οί
411 2023 438 2049 δὲ
469 2023 566 2049 ναῦται
596 2023 642 2049 καὶ
669 2023 718 2058 τὴν
737 2023 846 2057 σκάφην

73 2066 98 2091 ἐκ
122 2068 165 2094 τοῦ
183 2069 278 2096 πλοίου
310 2069 380 2096 κατὰ
400 2069 536 2103 πελάγους
565 2069 706 2105 ἔρριπτον,
734 2069 846 2103 φεύγειν

73 2112 301 2152 διασκοπούμενοι.
317 2117 470 2152 Εῑσηγήσει
484 2115 512 2143 δὲ
538 2115 647 2143 Παύλου
663 2117 688 2143 οι
712 2116 777 2152 περ).
801 2116 846 2145 τὸν

899 882 954 910 que
967 875 996 901 in
1013 875 1103 901 navim
1122 874 1245 905 sublata,
1261 874 1352 901 navim
1369 874 1455 908 ipsam
1474 882 1555 909 quam
1575 879 1691 908 possunt

898 920 1075 953 ﬁrmissime,
1100 925 1198 947 contra
1226 920 1401 947 incursiones
1426 923 1454 946 et
1480 920 1616 954 procellas
1640 919 1691 946 llu-

899 971 992 994 etuutn
1006 966 1159 1001 cingentes,
1173 966 1314 993 instruunt
1328 970 1356 993 et
1368 965 1572 993 communiunt.
1585 965 1689 993 Deinde

900 1019 935 1039 ne
961 1013 988 1039 in
1020 1011 1129 1047 Syrtes,
1153 1019 1214 1046 qua:
1240 1011 1382 1042 dicuntur,
1408 1011 1561 1038 inciderent
1590 1011 1689 1042 veriti,

899 1058 962 1084 velo
991 1057 1083 1084 laxato
1105 1058 1254 1084 vehuntur.
1280 1057 1314 1084 Et
1337 1057 1572 1084 turbulentissima
1594 1061 1689 1084 coorta

899 1103 990 1130 hieme
1007 1108 1034 1130 et
1056 1107 1231 1138 tempestate,
1252 1105 1333 1130 tertio
1355 1103 1465 1130 demum
1486 1102 1530 1129 die
1551 1103 1688 1137 jacturam

898 1149 1014 1182 faciunt,
1030 1153 1058 1175 et
1081 1149 1209 1176 manibus
1230 1149 1282 1183 ipsi
1305 1149 1362 1176 suis
1385 1149 1477 1176 omnia
1500 1150 1577 1176 navis
1600 1156 1690 1176 arma-

899 1200 991 1222 menta
1013 1196 1041 1222 in
1063 1195 1176 1230 pelagus
1203 1195 1363 1230 projiciunt.
1384 1194 1453 1222 Cum
1476 1199 1567 1222 autem
1591 1195 1690 1223 diebus

899 1241 1037 1277 pluribus,
1058 1249 1148 1276 neque
1166 1242 1217 1273 sol,
1236 1249 1327 1276 neque
1349 1247 1421 1268 astra
1440 1242 1466 1268 in
1483 1242 1553 1269 caalo
1574 1243 1688 1277 conspi-

898 1294 1040 1320 cerentur,
1067 1288 1251 1322 immanisque
1275 1293 1405 1322 prmterea
1435 1287 1595 1315 immineret
1617 1292 1687 1315 tem-

899 1340 1009 1369 pestas,
1030 1335 1121 1361 omnis
1146 1340 1210 1368 spes
1231 1333 1328 1360 salutis
1348 1333 1521 1368 praeciditur.
1537 1333 1632 1368 anue
1653 1333 1688 1360 de

898 1388 981 1408 causa
997 1386 1122 1416 vectores
1138 1379 1377 1407 cibi'abstinentia
1398 1383 1426 1407 et
1450 1379 1541 1406 inedia
1563 1379 1689 1414 longiore

898 1431 1084 1454 macerantur.
1109 1427 1198 1460 Atque
1226 1426 1263 1453 ibi
1288 1425 1414 1453 Paulus:
1436 1425 1567 1457 Deccbat,
1588 1426 1688 1460 inquit,

898 1481 948 1500 vos
964 1473 1031 1500 nnhi
1058 1479 1161 1499 morem
1185 1479 1292 1506 gerere,
1309 1476 1336 1499 et
1353 1480 1367 1498 e
1384 1471 1466 1498 Creta
1490 1479 1543 1498 non
1568 1472 1686 1499 solvere.

901 1520 947 1547 Sic
962 1520 1035 1546 enim
1056 1519 1228 1553 tempestatis
1242 1518 1324 1552 hujus
1336 1517 1437 1552 injuria
1451 1523 1480 1544 et
1489 1517 1596 1553 jactura
1613 1526 1689 1545 care-

900 1566 978 1593 retis.
998 1565 1050 1592 Sed
1076 1572 1149 1591 nunc
1164 1571 1275 1599 quoque
1292 1563 1386 1598 quieto
1407 1571 1456 1591 vos
1474 1563 1603 1598 bonoque
1627 1571 1688 1592 esse

897 1611 982 1647 jubeo
1000 1611 1103 1637 animo.
1127 1610 1229 1637 Praeter
1247 1609 1338 1636 navim
1361 1609 1435 1636 ettim
1454 1609 1529 1637 nulla
1547 1615 1688 1637 vectorum

900 1657 1048 1685 intercidet
1073 1657 1175 1684 anima.
1201 1656 1256 1683 Hac
1282 1656 1357 1683 enim
1385 1656 1442 1691 ipsa
1466 1661 1547 1683 nocte
1570 1657 1689 1691 Angelus

900 1704 960 1734 Del,
977 1711 1057 1738 quem
1083 1703 1155 1735 colo,
1173 1702 1241 1729 mihi
1266 1703 1407 1734 assistens,
1424 1702 1551 1730 timorem
1575 1711 1619 1730 me
1642 1704 1690 1730 ab-

896 1750 1079 1786 jicerejussit
1094 1758 1099 1776 :
1113 1748 1230 1784 Oportet
1244 1749 1330 1782 enim,
1346 1749 1452 1780 dicens,
1464 1750 1536 1783 apud
1552 1749 1689 1777 Caesarem

900 1802 926 1824 te
940 1797 1011 1823 sisti.
1026 1796 1060 1823 Et
1073 1795 1146 1831 quod
1162 1795 1300 1830 gratiosus
1317 1795 1389 1830 apud
1407 1795 1493 1823 Deum
1508 1803 1549 1828 es,
1565 1800 1690 1824 vectores

900 1842 983 1870 simul
1006 1849 1102 1869 omnes
1128 1841 1176 1868 tibi
1202 1841 1248 1868 ille
1273 1840 1358 1867 donat
1375 1848 1382 1867 ι
1399 1840 1427 1867 in
1455 1841 1572 1880 insulam
1596 1847 1687 1868 autem

900 1896 952 1915 nos
976 1887 1124 1922 quamdam
1151 1886 1213 1922 ejici
1239 1893 1353 1913 necesse
1378 1890 1430 1913 est.
1455 1885 1558 1918 Quarta
1582 1887 1687 1914 decima

899 1934 999 1962 deinde
1022 1933 1185 1968 supervenit
1207 1939 1274 1964 nox,
1296 1931 1377 1966 186
1392 1935 1419 1958 et
1440 1931 1479 1958 illi
1501 1932 1527 1958 in
1548 1932 1690 1960 Adriatico

899 1980 1066 2007 aﬂlictantur
1090 1978 1158 2006 tnari
1179 1983 1287 2012 :atque
1313 1977 1488 2005 altitudinem
1513 1977 1692 2012 inquirentes

899 2026 991 2057 unda,
1003 2024 1037 2052 ad
1061 2024 1156 2059 viginti
1171 2031 1267 2057 passus
1283 2023 1438 2050 inveniunt.
1451 2022 1484 2049 Et
1496 2031 1530 2051 ne
1547 2024 1574 2051 in
1590 2031 1691 2059 aspera.

900 2074 1056 2102 inciderent
1069 2072 1129 2100 loca
1146 2076 1312 2105 metuentes,
1327 2076 1446 2107 quatuor
1461 2079 1477 2099 e
1490 2073 1575 2107 puppi
1587 2073 1690 2100 ancho-

900 2120 939 2147 ris
961 2119 1103 2156 projectis,
1125 2118 1199 2146 diem
1221 2126 1236 2145 a
1260 2118 1316 2146 Deo
1341 2118 1470 2153 precibus
1491 2124 1598 2154 optant.
1619 2119 1689 2146 Tum

73 2159 271 2198 ἑκατόνταρχον,
296 2163 347 2194 τὰς
373 2162 497 2198 σχοίνους
516 2163 625 2197 ἐκείνης
658 2163 817 2197 διατεμόντι

943 2173 1010 2192 num
1030 2169 1122 2192 nauta:
1141 2164 1270 2199 scapham
1286 2172 1301 2191 e
1316 2165 1377 2191 navi
1395 2165 1422 2191 in
1439 2171 1515 2192 mare
1528 2165 1687 2200 projiciunt,

71 2205 104 2239 τῷ
130 2207 241 2243 πελάγει
267 2208 319 2244 τὴν
344 2209 454 2244 σκάφην
469 2209 532 2235 είων
559 2208 671 2244 ἀνέμοις
702 2209 846 2245 φέρεσθαι.

73 2251 148 2288 Πρινὴ
165 2254 186 2281 δ’
204 2255 314 2290 ἡμέραν
338 2255 479 2289 γενέσθαι,
504 2257 609 2291 τροφῆς
636 2257 762 2291 μετέχειν
778 2257 847 2283 πᾶσι

73 2299 177 2334 παρῄνει
196 2302 209 2328 ὁ
222 2301 330 2334 Παῦλος
343 2309 350 2317 ³
367 2301 435 2337 μηδὲ
453 2302 510 2336 γὰρ
519 2302 603 2337 τρίχα
615 2303 674 2334 ἑνὸς
688 2303 742 2329 τῶν
761 2303 848 2330 ἁπάν-

72 2348 117 2366 των
150 2344 199 2379 τῆς
231 2345 354 2380 κεφαλῆς
380 2346 561 2372 ἀποπίπτειν.
579 2347 714 2377 Κάκεῖνος
737 2348 846 2381 πρῶτος

72 2386 122 2422 θεῷ
135 2388 330 2426 ἀφοσιούμενος
344 2391 378 2418 τὰ
395 2391 500 2423 εἰκότα,
520 2393 624 2427 τροφῆς
634 2392 748 2428 ἥπτετο.
770 2393 846 2420 Ἐπί-

73 2441 115 2468 an;
125 2435 150 2461 δὲ
163 2438 208 2464 καὶ
224 2438 249 2464 οἱ
268 2437 314 2465 τοῦ
327 2438 423 2464 πλοίου
446 2438 568 2472 ἐποίουν,
591 2438 620 2472 ἓξ
636 2439 714 2471 ὅντες
728 2439 845 2475 ἐϐδομή-

74 2482 145 2508 κοντα
154 2491 182 2508 τε
198 2484 245 2510 καὶ
255 2480 401 2511 διακόσιοι.
434 2484 480 2516 Ὧς
495 2485 518 2511 δ’
538 2485 631 2520 ἡμέρα
661 2483 707 2521 ἦν,
729 2486 846 2520 διαγνῶ-

72 2533 109 2552 ναι
125 2529 171 2561 μὲν
184 2531 233 2556 οὐκ
245 2529 319 2565 εἱχον
335 2530 385 2566 τὴν
410 2531 463 2566 γῆν
476 2540 484 2548 ·
503 2531 604 2558 κόλπον
624 2532 652 2559 δέ
672 2542 733 2559 τινα
752 2532 847 2569 ἑώρων

73 2573 182 2605 αἰγιαλὸν
197 2576 308 2611 ἔχοντα.
331 2577 387 2608 Τὰς
402 2575 449 2604 οὗν
463 2578 589 2613 ἀγκύρας
604 2579 786 2614 περιελόντες,
799 2581 847 2606 καὶ

72 2620 115 2649 τάς
130 2620 181 2646 τῶν
196 2623 334 2658 πηδαλίων
363 2622 532 2659 ζευκτηρίας
561 2625 681 2658 ἀνέντες,
702 2626 802 2660 μικρὸν
817 2627 845 2653 δὲ

75 2668 276 2702 μετεωρίσαντες
287 2670 332 2697 τὸν
349 2670 507 2706 ἀρτέμωνα,
522 2673 555 2707 τῇ
571 2672 739 2710 ὲπιπνεούσῃ
765 2673 845 2700 δυνά-

75 2713 162 2744 μειείς
176 2714 220 2741 τὴν
241 2716 364 2749 αἰγιαλὸν
383 2717 513 2752 κατῆγον.
537 2718 569 2744 Ἢ
598 2718 648 2754 μὲν
672 2717 719 2746 οὖν
746 2719 844 2754 πρώρα

75 2755 100 2780 ἐν
113 2757 149 2791 τῷ
163 2760 279 2794 ἀσλιαλεῖ
296 2762 447 2790 καθίστατο
458 2772 465 2779 ·
483 2766 498 2798 ἡ
513 2764 541 2791 δὲ
560 2765 672 2800 πρύμνα
687 2767 720 2800 τῇ
734 2767 779 2802 βίᾳ
790 2767 844 2793 τῶν

75 2804 195 2835 κυμάτων
210 2806 311 2833 ἐλύετο.
333 2809 385 2836 Καὶ
414 2808 553 2844 βούλευμα
575 2811 625 2845 μὲν
643 2809 675 2846 ἦν
697 2811 766 2846 ξίφει
784 2813 843 2838 δια-

898 2217 926 2240 et
941 2212 1011 2248 fuga:
1027 2211 1174 2239 consilium
1199 2210 1322 2246 capiunt.
1342 2210 1475 2238 Cenlu'rio
1490 2217 1594 2243 autem,
1612 2211 1694 2239 Pauli

899 2265 995 2289 suasu,
1013 2257 1094 2285 funes
1110 2256 1220 2291 scaphae
1243 2256 1327 2284 incidi
1351 2256 1440 2291 jubet,
1463 2265 1581 2292 eamque
1600 2258 1697 2284 ventis.

899 2304 1078 2332 auferendum
1095 2302 1255 2330 committit.
1275 2303 1308 2329 Et
1326 2302 1486 2337 priusquam
1502 2303 1695 2336 illucesceret,.

900 2350 1003 2378 Paulus
1019 2357 1126 2380 omnes,
1144 2354 1173 2375 ut
1188 2349 1280 2375 cibum
1304 2348 1425 2382 capiant,
1443 2350 1580 2382 hortatur,
1597 2356 1632 2376 ne
1644 2357 1692 2376 ca-

899 2397 998 2432 pillum
1020 2395 1133 2430 quidem
1158 2395 1270 2421 unicum
1295 2402 1309 2421 e
1333 2394 1422 2428 capite
1446 2402 1542 2420 eorum
1566 2395 1696 2422 omnium

900 2443 1059 2471 decisurum
1092 2441 1237 2476 pollicens.
1265 2440 1379 2475 Ipseque
1408 2440 1514 2474 printus
1539 2441 1597 2468 Deo
1622 2449 1691 2476 quas

900 2489 1017 2517 decebat
1031 2489 1127 2523 gratiis
1144 2488 1268 2520 sacratis,
1284 2487 1376 2514 cibum
1390 2487 1472 2514 sumit
1488 2496 1494 2513 :
1509 2487 1581 2522 quod
1594 2488 1694 2515 itidem.

899 2542 1026 2564 vectores
1048 2534 1159 2569 reliqui,
1180 2534 1228 2569 qui
1252 2533 1365 2561 ducenti
1390 2538 1417 2561 et
1443 2537 1616 2569 septuaginta
1642 2533 1694 2563 sci;

898 2589 989 2616 erant,
1006 2583 1122 2611 faciunt.
1140 2582 1175 2611 Ut
1189 2587 1280 2610 autem
1297 2583 1356 2611 dies
1378 2583 1477 2616 illuxit,
1501 2588 1603 2612 terram
1627 2586 1690 2620 qui;

899 2630 960 2657 dem
977 2630 1143 2665 dignoscere
1154 2634 1294 2664 nequeunt
1309 2638 1316 2656 :
1329 2631 1420 2657 sinum
1435 2638 1501 2657 vero
1515 2631 1695 2666 conspiciunt

899 2675 978 2703 littus
995 2675 1153 2703 habentem.
1174 2673 1326 2702 Subductis
1343 2676 1436 2710 itaque
1454 2676 1574 2710 ancoris,
1589 2678 1689 2712 guber-

898 2721 1121 2756 naculorumque
1137 2721 1262 2748 remissis
1274 2722 1424 2756 juncturis,
1441 2728 1469 2749 et
1484 2728 1626 2750 artetnone
1640 2724 1693 2751 ali-

898 2768 1063 2803 quantulum
1081 2767 1201 2801 sublato,
1216 2768 1348 2802 spirantis
1361 2769 1435 2796 venti
1450 2769 1474 2796 \‘i
1490 2769 1523 2796 ad
1537 2769 1616 2798 lilttts
1630 2775 1692 2798 teu-

886 2815 978 2841 ‘duut.
1003 2815 1036 2842 Et
1056 2822 1139 2850 prora
1162 2814 1273 2850 quidem
1293 2815 1398 2850 integra
1421 2815 1573 2850 pet'htauct,
1591 2817 1694 2850 puppis
