1885 3059
98 159 148 193 $77

570 157 871 191 ECCLESIASTIC/E
891 155 1086 186 HISTURL’E
1108 155 1181 185 LlB.
1206 156 1245 185 ll.

1672 157 1728 186 878’

95 221 181 254 ψινον
209 217 442 249 Κωνστάντιος,ὁ
465 216 512 244 τοῦ
539 217 659 252 μεγάλου
683 215 856 244 Κωνσταντίν

976 221 1040 240 ιςυιιι
1057 220 1126 246 opus
1143 217 1184 239 est
1209 211 1325 238 illatum.
1352 210 1493 246 Reliquias
1513 210 1624 244 quidem
1649 217 1724 238 certe

96 267 164 298 υἱὸς,
178 265 214 292 δι’
237 264 381 300 Ἀρτεμίου
405 263 451 290 τοῦ
469 263 598 298 μεγίστου
620 263 758 298 μάρτυρος
775 263 806 288 ὲκ
830 262 886 296 Θη-

96 313 151 339 ϐῶν
164 311 427 347 μετακομισάμενος
438 330 446 342 ,
459 310 591 342 ὡσαύτως
605 310 632 337 δὲ
650 311 740 336 καὶτὸ
755 309 801 336 τοῦ
813 317 887 343 πρω-

95 357 232 390 τοκλὴτου
252 355 379 389 Ἀνδρέου
401 356 433 381 ἐκ
450 354 564 389 Πατρῶν
580 355 631 389 τῆς
658 355 780 390 Ἀχαΐας,
798 354 838 380 ἔτι
857 354 886 380 δὲ

95 402 142 428 καὶ
158 403 192 427 ἐκ
205 402 256 434 τῆς
273 402 300 427 ἐν
322 400 400 434 ‘Aal;
421 400 535 434 Ἐφέσου
549 399 685 434 Τιμοθέου
704 400 750 426 τοῦ
770 399 887 427 ἀποστό-

95 447 153 476 λου,
172 448 201 472 ἐν
215 447 249 481 τῇ
266 445 402 479 ἐπωνύμῳ
415 444 463 471 τοῦ
477 445 581 479 πατρὶς
595 444 677 470 αὐτοῦ
689 443 765 470 πόλει
782 443 822 478 τῷ
831 443 886 469 τῶν

95 492 177 526 ιερῶν
198 490 358 517 ἀποστόλων
378 489 455 525 σηκῷ
471 489 629 524 σεϐασμίως
642 489 784 516 κατέθετο.
804 488 886 516 Ἀλλὰ

96 539 162 573 περὶ
182 537 233 571 μὲν
249 536 305 563 τῶν
322 536 402 563 θείων
415 536 464 562 τοῦ
481 535 601 571 Χριστοῦ
617 534 754 570 φοιτητῶν
768 534 886 570 ἀρκούν-

95 593 149 615 τως
168 584 201 610 ἂν
217 583 284 618 ἔχοι.
308 583 351 608 Ἐν
371 583 462 616 μέντοι
481 582 519 617 τῷ
535 582 619 616 τρίτῳ
638 581 734 617 βιδλῐῳ
748 582 795 608 καὶ
820 582 886 616 περὶ

95 632 151 656 τιῖιν
168 630 271 656 λοιπῶν
293 629 451 656 ἀποστόλων
476 629 523 654 καὶ¹
549 628 603 654 τῶν
626 628 740 659 ἐκείνοις
755 627 886 663 διαδόχων

96 676 230 710 ἐροῦμεν,
247 675 297 702 καὶ
315 676 373 701 ὅσοι
390 677 493 701 τούτων
512 675 639 710 ἕγγραφα
654 674 802 701 κατέλιπον
819 674 886 701 ὑπο-

97 723 240 757 μνήματα.
257 722 333 752 Τέως
349 729 380 754 γε
398 721 450 756 μὴν
472 721 517 747 ἐπὶ
534 720 573 755 τῷ
591 720 708 755 παρόντι
728 720 800 751 τίνες
814 717 885 755 ἦσαν

93 767 120 792 οἱ
138 767 260 801 μαθηταὶ
274 766 394 801 Χςιστσῦ
411 766 507 801 ῥητέον
519 774 526 781 ·
545 766 617 796 τίνες
642 765 663 792 δ’
680 763 714 792 αὖ
730 766 762 792 ἐκ
782 765 886 792 τούτων

95 813 145 845 τὴν
161 811 296 846 συζυγίαν
310 811 481 846 ἠσπάσαντο,
494 812 542 838 καὶ
555 811 612 838 ὅσοι
625 812 681 838 τῶν
696 810 814 847 Χριστοῦ
829 811 886 838 δια-

95 857 198 892 τρισὼν
213 857 359 884 κατέλιπον
374 858 561 892 ὑπομνήματα
575 866 583 872 θ
599 858 672 889 τίνες
687 865 716 884 τε
731 857 809 888 αὖθις
827 858 886 883 ἑπι-

939 259 1010 295 ejus,
1026 259 1129 286 honore
1144 257 1243 292 quovis
1259 257 1366 292 dignas,
1385 257 1575 290 Constantius,
1589 256 1724 284 Constan-

940 306 990 332 tini
1008 304 1097 340 Magni
1118 304 1199 336 filius,
1217 311 1266 338 per
1285 303 1451 334 Artemium,
1475 303 1626 329 maximum
1647 302 1723 329 ilhun

939 357 1097 388 m;-.rtyrem,
1126 351 1238 382 Thebis,
1264 350 1345 377 siculi
1374 349 1458 377 etiam
1484 350 1532 384 qui
1561 350 1667 384 primus
1690 350 1725 376 ad

939 399 1121 434 apostolatum
1133 402 1174 425 est
1190 401 1312 428 vocatus,
1324 396 1448 428 Andreae,
1462 396 1551 423 Patris
1565 404 1598 423 ex
1609 396 1724 428 Achaia.

939 450 966 472 et
986 445 1081 472 itidem
1103 443 1241 471 Timothei
1265 443 1382 478 apostoli
1406 450 1439 470 ex
1461 443 1532 469 Asiae
1548 442 1670 477 Epheso,
1695 442 1725 469 in

937 491 1128 526 cognominem
1146 490 1216 525 patri
1239 497 1289 517 suo
1314 489 1408 516 urbem
1432 489 1592 521 translatas,
1623 488 1726 522 templo

938 538 1042 566 sanctis
1060 537 1193 572 apostolis
1219 544 1299 564 sacro
1323 536 1429 563 intulit.
1449 534 1549 562 Verum
1573 536 1607 562 de
1623 535 1725 562 divinis

935 584 1041 612 Christi
1063 583 1204 618 discipulis
1229 582 1287 609 hrec
1316 582 1386 609 dicta
1413 581 1561 608 sufﬁciant.
1585 581 1615 607 ιιι
1644 581 1725 607 tertio

938 631 1011 657 enim
1029 629 1128 657 deinde
1142 629 1224 660 libro,
1238 628 1273 655 de
1287 628 1398 662 reliquis
1414 627 1557 661 apostolis,
1573 634 1725 660 eorumque

938 674 1155 706 successortbus,
1184 679 1211 700 et
1237 681 1298 708 quae
1324 673 1443 707 quisque
1468 679 1561 699 eorum
1584 671 1726 706 reliquerit

938 721 1053 755 scripta,
1073 719 1217 747 historiam
1235 724 1369 746 texemus.
1392 718 1420 745 In
1436 717 1582 753 praesentia
1604 717 1649 744 illa
1663 724 1726 751 per~

938 766 1079 802 sequenda
1104 766 1232 796 veniunt,
1260 766 1373 800 quinam
1396 764 1502 791 fuerint
1530 763 1632 791 Christi
1660 770 1727 797 apo-

938 813 1000 840 stoli
1016 821 1023 839 :
1039 811 1118 846 211
1136 811 1183 846 qui
1196 819 1229 838 ex
1246 811 1280 837 iis
1295 811 1424 845 conjuges
1441 809 1555 840 fuerint,
1569 808 1615 843 qui
1633 815 1726 835 rerum

938 867 953 887 a
987 859 1098 886 Christo
1124 863 1261 893 gestarum
1290 862 1469 883 monumenta
1496 855 1653 887 ediderint,
1678 854 1726 888 qui

97 902 196 934 στολάς
209 910 216 917 °
234 903 295 928 τίνα
313 911 342 928 τε
368 903 423 929 τῶν
453 903 691 938 συγγραμμάτων,
706 902 744 933 ὡς
757 902 857 937 ἀναντίλ

979 914 1022 933 am
1038 905 1169 940 epistolas
1186 913 1192 930 :
1210 911 1270 939 quae
1287 903 1351 931 item
1370 904 1482 938 scripta,
1501 907 1532 930 ut
1551 900 1727 937 irrefragabi-

97 950 167 983 ρητα
183 949 232 975 καὶ
249 948 399 983 ἔνδιὰθηκα
415 949 432 984 ή
454 949 603 984 Ἐκκλησία
620 949 800 984 προσήκατο·
824 947 886 975 τινα

97 1004 126 1021 τε
141 995 226 1022 πάλιν
241 995 279 1027 ὡς
292 995 357 1022 νόθα
375 997 421 1023 καὶ
436 996 641 1032 παρέγγραπτα
659 994 815 1022 ἀπεώσατο.

381 1065 507 1093 ΚΕΦΑΛ.
534 1065 600 1094 MA'.

102 1123 185 1155 Τίνες
199 1122 281 1149 εἰσὶν
297 1124 324 1149 al
338 1122 452 1150 δώδεκα
468 1124 598 1158 Χριστοῦ
610 1124 739 1158 μαθηταὶ
756 1124 888 1151 καὶάπό-

132 1160 253 1188 στολυι.
271 1158 321 1185 καὶ
338 1158 405 1184 ὅσοι
425 1159 459 1184 ἐκ
473 1160 588 1186 τούτων
605 1159 686 1194 γάμῳ
702 1159 870 1194 ὡμίλησαν.

133 1216 245 1242 Adrian
266 1215 316 1250 μὲν
332 1216 378 1243 οὖν
393 1214 463 1248 ἦσαν
481 1218 505 1243 οἱ
519 1217 676 1249 ἀπόστολοι,
702 1218 888 1252 ἐϐδομήκοντα

99 1262 126 1289 δὲ
148 1262 271 1297 μαθηταί
288 1270 295 1277 ”
318 1262 393 1290 ἄλλοι
411 1263 433 1290 δ’
450 1263 497 1290 ἐπὶ
517 1264 624 1295 τούτοις
641 1264 743 1299 μυρίοι.
767 1265 843 1291 Ἐπεὶ
866 1264 887 1291 δ’

100 1309 208 1343 ἀγνοεῖν
223 1309 330 1340 πολλοῖς
347 1309 447 1340 ἔπεισι,
461 1309 534 1341 τίνες
549 1311 574 1336 οἱ
590 1310 722 1345 μαθηταὶ,
739 1310 890 1344 ἀναγκαῖον

99 1353 191 1388 ᾠήθην
205 1353 255 1379 καὶ
267 1353 352 1385 αὐτὰς
368 1355 415 1384 τὰς
433 1354 508 1389 ἱερὰς
523 1354 612 1381 αὐτῶν
627 1355 738 1390 κλήσεις
753 1356 808 1387 τοῖς
819 1364 891 1390 παρ-

99 1400 176 1426 οῦσιν
192 1400 315 1432 ἐντάξαι.
332 1401 489 1436 Κορυφαῖος
507 1401 557 1435 μὲν
571 1399 617 1428 οὖν
631 1401 677 1428 τοῦ
689 1401 773 1436 χοροῦ
788 1403 890 1436 Πέτρος

99 1446 157 1473 ἐστί
170 1455 178 1462 -
205 1446 335 1480 δεύτερος
356 1447 484 1480 Ἀνδρέας
507 1448 522 1473 ὁ
536 1447 653 1481 ἀδελφὸς
675 1448 781 1474 αὑτοῖν
800 1448 890 1483 τρίτος

98 1493 236 1524 ’Ἰάκωϐος
254 1494 268 1519 ὁ
278 1492 325 1519 τοῦ
339 1493 482 1519 Ζεόεδαίου
497 1492 658 1529 ἐπικληθείς
671 1502 679 1510 ·
698 1494 745 1520 καὶ
764 1493 891 1528 Ἰωάννης

100 1540 113 1564 ὁ
130 1539 247 1572 ἀδελφὸς
274 1538 369 1571 αὑτοῦ,
383 1539 398 1564 ὁ
420 1539 610 1574 ἡγαπημένος,
629 1539 764 1575 παρθένος
782 1548 812 1565 τε
832 1539 891 1573 ἅμα

100 1585 146 1611 καὶ
163 1584 326 1618 ὲπιστήθιος
336 1591 343 1600 ’
359 1585 485 1619 πέμπτος
495 1585 629 1617 Φίλιππος
640 1592 647 1600 ·
663 1586 742 1616 ἕκτος
758 1585 890 1620 Βαρθολο-

102 1632 202 1666 μαῖος·
233 1631 334 1666 Θωμᾶς
357 1631 491 1666 ἕϐδομος·
519 1631 580 1658 εἶτα
608 1632 746 1663 Mezentio;
773 1632 891 1666 εὐαγγε-

100 1678 196 1713 λιστὴς
212 1678 307 1711 ὄγδοος
319 1685 326 1692 ·
345 1678 440 1709 ἔνατος
455 1678 525 1713 πρδς
539 1679 645 1710 τούτοις
667 1679 796 1710 Ίάκωῆος
810 1680 824 1706 ὸ
844 1679 890 1706 τοῦ

106 1723 222 1757 Ἀλφαίυ
249 1724 316 1756 υἱὸς,
332 1724 385 1758 οὺχ
407 1724 420 1750 ὁ
436 1724 598 1758 ἁδελφόθεος
614 1732 621 1740 ·
634 1725 749 1756 δέκατος
770 1725 870 1756 Ἰούδας
881 1732 889 1740 ·

101 1767 123 1804 ᾧ
135 1769 268 1800 Θαδδαῖός
283 1777 313 1795 τε
329 1770 376 1796 καὶ
389 1769 505 1801 Λεὸαἶος
518 1768 552 1805 ἦν
563 1771 658 1805 ἕτερον
671 1770 757 1806 ὄνομα
769 1777 776 1786 ·
792 1770 821 1802 ὃς
835 1771 891 1803 υίὸς

103 1816 152 1849 μὲν
170 1815 322 1849 ἐτύγχανεν
347 1815 385 1841 ὢν
404 1815 452 1842 τοῦ
468 1816 620 1850 μνήστορος
640 1816 751 1850 Ἰωσὴφ,
776 1816 892 1850 ἀδελφὸς

100 1863 128 1888 δὲ
152 1861 295 1893 Ίακιὶιὸου,
311 1861 339 1892 ὃς
356 1861 518 1895 ἁδελφόθεος
532 1862 712 1896 ὲπωνόμαστο
725 1869 732 1878 ο
749 1861 891 1893 ἑνδέκατος

101 1908 149 1934 ἐπὶ
165 1908 271 1938 τούτοις
285 1907 378 1942 Σξμνω
388 1908 402 1933 ὸ
414 1907 543 1943 Ζηλωτής
554 1915 561 1923 ·
573 1908 622 1935 καὶ
634 1908 783 1940 δωδέκατος
796 1908 810 1934 δ
823 1916 891 1943 προ-

100 1955 181 1990 δότης
201 1954 323 1985 Ἰούδας*
350 1951 381 1981 οὗ
408 1956 441 1989 τῇ
470 1955 610 1990 ἀπληστίᾳ
632 1957 682 1991 τῆς
709 1955 892 1990 φιλαργυρίας

100 2001 312 2036 διαρῤαγέντος,
337 2000 465 2032 Ματθίας
483 2000 529 2026 τὸν
555 2000 706 2027 δωδέκατον
732 2001 892 2036 ἐπλήρωσεν

101 2047 231 2082 ἀριθμόν.
249 2043 330 2073 Οὗτοι
355 2047 404 2081 μὲν
420 2045 466 2072 οὖν
490 2047 514 2072 ol
536 2048 596 2079 ταῖς
611 2047 752 2082 ἀληθείαις
771 2046 891 2082 Χριστοῦ

104 2092 238 2128 μαθηταί.
254 2092 283 2119 '0
302 2092 393 2127 μέντοι
409 2091 525 2124 Παῦλος,
541 2092 570 2118 τὺ
588 2092 684 2123 σκεῦος
699 2093 750 2128 τῆς
763 2092 891 2128 ἐκλογῆς,

101 2139 163 2166 οὔτε
186 2140 243 2170 τοῖς
267 2138 371 2164 δώδεκα
388 2138 624 2172 συγκατείλεκται,
639 2138 703 2165 οὔτε
719 2139 772 2174 μὴν
785 2140 815 2166 ὲν
835 2139 891 2171 τοῖς

103 2185 308 2219 ἐϐδομήκοντα·
322 2184 379 2211 ἀλλ’
394 2185 422 2210 ὲν
447 2184 529 2210 πᾶσίν
546 2185 605 2210 ἐστι
630 2186 677 2211 καὶ
704 2185 757 2220 πρὸ
782 2184 892 2211 πάντων

102 2233 150 2258 καὶ
166 2230 238 2265 μετὰ
248 2229 368 2260 πάντων,
383 2227 481 2264 οἷάπερ
496 2229 642 2264 οὐρανόθεν
660 2230 779 2266 κληθεὶς,
798 2230 891 2263 διαφε-
905 2247 929 2276 D

103 2278 206 2313 ρόντως
226 2276 296 2310 ὑπὲρ
318 2275 441 2306 ἅπαντας
458 2275 496 2310 τῷ
516 2275 581 2311 θείῳ
595 2275 754 2310 Εὑαγγελίῳ
770 2283 890 2310 πεπονη-

102 2324 168 2355 κώς.
178 2323 227 2349 Ἐκ
245 2323 294 2356 μὲν
305 2324 407 2348 τούτων
421 2321 470 2355 τὴν
485 2321 616 2355 συζυγίαν
629 2318 703 2347 οὗτοι
719 2321 889 2355 ἠσπάσαντο,

102 2368 139 2400 ὥς
163 2376 232 2403 φησι
251 2367 367 2401 Κλήμης
383 2368 396 2393 ὁ
412 2368 593 2401 στρωματεὺς
617 2367 645 2393 ὲν
662 2366 705 2401 τῷ,
725 2365 808 2401 τρίτῳ
835 2367 891 2393 τῶν

103 2415 204 2448 λόγων,
223 2412 271 2445 οὓς
288 2413 473 2447 Στρωματεῖς
492 2412 639 2447 ἐπιγράφει
653 2421 661 2428 ·
686 2413 756 2440 κατὰ
770 2413 824 2447 γὰρ
836 2413 891 2439 τῶν

102 2461 275 2487 ἁθετούντων
286 2460 349 2489 τοὺς
360 2459 465 2493 γάμους
477 2459 551 2494 μάλα
566 2458 728 2493 φερόμενος,
739 2457 811 2485 οὕτω
822 2457 891 2484 κατὰ

101 2506 173 2540 λέξιν
197 2507 245 2532 καὶ
259 2505 322 2532 τάδε
337 2505 462 2537 διέξεισιν
475 2513 482 2520 ·
498 2514 508 2531 ‹
532 2506 566 2531 Ἢ
579 2505 652 2531 οὗτοί
673 2505 699 2539 γ’
719 2505 752 2531 ἀν
766 2505 813 2532 καὶ
828 2505 891 2535 τοὺς

102 2553 270 2583 ἀποστόλους
286 2551 542 2586 ἀποδοκιμάσουσι;
567 2551 670 2586 Πέτρος
689 2551 740 2585 μὲν
766 2551 819 2584 γὰρ
844 2550 891 2576 καὶ

101 2599 238 2628 Φίλιππος
252 2596 512 2631 ἐπαιδοποιήσαντο·
529 2596 662 2628 Φίλιππος
678 2595 706 2622 δὲ
720 2595 767 2622 καὶ
780 2594 829 2626 τὰς
844 2594 892 2621 θυ-

101 2645 224 2678 γατέρας
244 2643 374 2678 ἀνδράσιν
401 2642 528 2674 ἐξέδωκε.
545 2642 600 2669 Καὶ
615 2642 629 2669 ὃ
653 2650 685 2676 γε
713 2641 818 2673 Παῦλος
841 2641 891 2668 οὐκ

101 2692 177 2717 ὁκλεί
192 2691 221 2716 ἓν
235 2698 290 2715 τινι
308 2688 436 2723 ἐπιστολῇ
452 2689 501 2724 τὴν
517 2689 600 2715 αὐτοῦ
617 2688 734 2723 σύζυγον
753 2696 891 2724 προσαγο-

102 2736 210 2771 ρεῦσαι,
225 2735 258 2769 ἣν
273 2735 503 2770 οὺ-περιεκὸμιζε
517 2734 561 2760 διὰ
575 2734 605 2760 τὸ
618 2734 666 2769 τῆς
682 2734 834 2769 ὑπηρεσίας
848 2733 891 2760 εὑ-

102 2783 212 2813 σταλές.
233 2791 242 2808 ι
264 2782 330 2814 Περὶ
356 2781 447 2816 μέντοι
467 2781 514 2808 τοῦ
531 2781 603 2807 θείου
621 2782 725 2816 Πέτρου
739 2782 786 2808 καὶ
807 2781 835 2807 ἒν
853 2780 891 2816 τῷ

99 2828 208 2863 ὲὸδόμῳ
230 2828 388 2862 στρωματεί
411 2827 458 2853 τὸν
476 2827 614 2862 μακάριόν
635 2835 701 2862 φησι
725 2827 819 2854 τοῦτον
841 2827 891 2862 τὴν

100 2874 200 2901 ἑαυτοῦ
216 2875 332 2907 γυναῖκα
345 2873 514 2908 θεασάμενον
527 2873 706 2909 ἀπαγομένην
721 2874 770 2910 τὴν
783 2875 829 2900 ἐπὶ
840 2874 889 2900 θά-

938 952 973 979 lia
985 956 1013 978 et
1028 950 1243 981 testamentaria,
1262 949 1381 977 Ecclesia
1396 948 1531 984 receperit
1547 955 1554 974 :
1569 955 1630 982 quae
1644 946 1727 974 etiam

939 1002 969 1024 ut
982 997 1074 1032 spuria
1088 1001 1117 1024 et
1130 996 1286 1024 adulterina
1300 995 1437 1031 reiecerit.

1218 1066 1332 1095 CAPUT
1353 1066 1446 1094 XLIV.

940 1123 991 1156 Qui
1008 1123 1059 1150 sint
1072 1122 1208 1150 duodecim
1220 1123 1318 1150 Christi
1332 1122 1456 1156 discipuli
1469 1125 1493 1148 et
1512 1120 1634 1157 apostoli,
1647 1125 1671 1148 et
1681 1122 1727 1156 qui

1077 1166 1110 1185 ea:
1125 1160 1160 1185 eis
1178 1158 1379 1184 matrimonium
1395 1158 1588 1184 contraxerint.

976 1216 1064 1251 Atque
1076 1215 1205 1251 equidem
1229 1215 1374 1243 duodecim
1389 1215 1504 1242 fuerunt
1516 1214 1648 1250 apostoli:
1664 1221 1728 1249 scp-

941 1263 1063 1297 tuaginta
1083 1269 1176 1298 autem
1193 1261 1333 1296 discipuli.
1351 1262 1385 1289 Et
1406 1266 1504 1296 praeter
1518 1261 1578 1294 hos,
1599 1261 1728 1288 innume~

940 1308 1041 1336 rabiles
1054 1308 1110 1335 alii.
1129 1308 1357 1342 Quandoquidem
1374 1315 1440 1334 vero
1455 1307 1546 1339 multi,
1560 1307 1607 1341 qui
1623 1307 1728 1334 fuerint

942 1353 1082 1389 discipuli,
1102 1354 1238 1389 ignorant,
1254 1353 1412 1380 faciendum
1428 1353 1533 1387 putavi,
1546 1358 1576 1379 ut
1590 1360 1667 1379 sacra
1679 1361 1727 1380 eo-

942 1407 1004 1427 rum
1022 1399 1133 1426 nomina
1155 1398 1258 1433 scripto
1285 1398 1350 1426 huic
1370 1398 1534 1425 insererem.
1557 1397 1729 1432 Coryphwus

942 1446 1035 1481 itaque
1061 1450 1089 1473 et
1110 1446 1239 1481 princeps
1255 1445 1333 1472 chori
1349 1446 1421 1480 ejus,
1435 1449 1478 1472 est
1490 1445 1607 1478 Petrus;
1624 1452 1726 1472 secunc

942 1491 1005 1524 dus,
1028 1491 1113 1517 frater
1139 1490 1198 1523 ejus
1224 1491 1366 1523 Andreas;
1394 1491 1504 1524 tertius,
1530 1490 1660 1524 Iacobus,
1678 1491 1726 1525 qui

943 1537 1068 1566 Zehedazi
1081 1543 1123 1565 est
1137 1538 1243 1571 dictus;
1260 1542 1387 1573 quartus,
1406 1537 1528 1565 Joannes
1553 1537 1640 1565 frater
1654 1538 1725 1573 eius,

903 1577 924 1606 CI
941 1584 1059 1612 dilectus
1076 1585 1134 1618 ille,
1149 1590 1178 1613 et
1199 1587 1289 1622 virgo,
1314 1586 1360 1621 qui
1377 1593 1462 1620 supra
1482 1590 1579 1621 pectus
1605 1585 1727 1620 Magistri

942 1633 1083 1665 recubuit;
1114 1633 1239 1668 quintus,
1265 1633 1426 1668 Philippus;
1453 1637 1558 1665 sextus,
1578 1632 1728 1662 Bartholo-

941 1688 1044 1713 matus;
1078 1680 1209 1712 Thomas,
1242 1680 1392 1715 septimus;
1426 1679 1528 1708 deinde
1558 1679 1728 1715 evangelista

941 1727 1096 1760 Mattheus,
1113 1732 1247 1760 octavus;
1266 1734 1357 1754 nonus
1376 1731 1440 1762 post
1462 1727 1523 1759 hos,
1543 1726 1664 1754 Jacohus
1681 1727 1728 1754 Al-

942 1773 1013 1808 phaai
1031 1773 1114 1805 ﬁlius,
1129 1780 1184 1800 non
1199 1773 1269 1800 alter
1286 1773 1332 1800 ille
1343 1773 1431 1800 frater
1447 1773 1572 1806 Domini;
1590 1772 1725 1805 decimus,

941 1819 1037 1852 Judas,
1053 1819 1100 1854 qui
1127 1819 1190 1846 item
1205 1818 1372 1851 Thaddteus,
1388 1823 1471 1854 atque
1487 1819 1570 1846 etiam
1588 1819 1726 1846 Lebbmus

942 1870 985 1893 est
1001 1865 1111 1892 dictus:
1138 1866 1161 1892 is
1177 1865 1251 1893 illius
1270 1865 1383 1900 quidem
1408 1865 1462 1893 fuit
1481 1865 1593 1900 Iosephi
1620 1866 1727 1900 sponsi,

942 1911 1029 1939 frater
1044 1916 1136 1938 autem
1152 1911 1248 1939 Jacobi
1265 1919 1345 1945 quem
1360 1912 1478 1939 fratrem
1494 1911 1542 1939 Dei
1555 1911 1661 1944 dixere;
1676 1919 1728 1938 un-

943 1956 1067 1984 decimus
1083 1957 1193 1989 horum,
1208 1957 1302 1984 Simon
1317 1957 1426 1985 Zelotes
1438 1966 1444 1989 ;
1458 1956 1650 1990 duodecimns,
1664 1964 1729 1992 pro-

943 2002 1017 2030 ditor
1032 2003 1117 2030 Judas
1131 2011 1138 2028 :
1157 2003 1204 2038 qui
1218 2010 1280 2030 cum
1306 2003 1466 2037 inexplebili
1483 2003 1607 2030 avaritia:
1620 2003 1728 2037 cupidi-

944 2053 1000 2076 tate
1026 2049 1190 2084 crepuisset,
1215 2049 1347 2077 Matthias
1372 2049 1574 2078 duodenarium
1605 2050 1729 2085 explevit

942 2102 1101 2123 numerum.
1118 2096 1151 2123 Et
1164 2096 1182 2123 ii
1198 2096 1310 2131 quidem
1327 2100 1392 2124 sunt
1410 2105 1505 2124 revera
1522 2097 1626 2125 Christi
1645 2099 1729 2125 disci-

943 2142 1011 2177 puli.
1029 2141 1131 2169 Paulus
1148 2150 1225 2175 vero,
1238 2142 1384 2170 electionis
1398 2150 1455 2176 vas,
1471 2151 1562 2175 neque
1574 2143 1647 2171 inter
1659 2144 1729 2171 duo-

943 2188 1044 2221 decim,
1060 2196 1151 2223 neque
1168 2189 1241 2216 inter
1263 2189 1436 2224 septuaginta
1461 2195 1623 2219 recensetur
1639 2200 1647 2218 :
1678 2191 1727 2218 scd

943 2235 971 2262 in
991 2236 1123 2264 omnibus
1142 2236 1166 2263 is
1189 2241 1242 2270 est,
1259 2242 1287 2264 et
1303 2242 1367 2265 ante
1388 2246 1494 2271 omnes,
1510 2243 1537 2266 et
1557 2247 1619 2266 cum
1635 2240 1726 2266 omni-

942 2281 1013 2314 bus;
1032 2282 1134 2316 quippe
1160 2283 1206 2317 qui
1239 2283 1349 2311 cmlitus
1377 2289 1491 2311 vocatus
1513 2284 1560 2316 sit,
1586 2290 1614 2312 et
1644 2293 1726 2319 supra

942 2334 1039 2355 omnes
1055 2328 1193 2362 prmcipue
1214 2329 1307 2357 divino
1326 2325 1476 2365 Evangelio
1497 2331 1673 2365 propagando
1689 2332 1727 2358 la-

942 2372 1092 2400 boraverit.
1109 2373 1147 2400 Ex
1164 2373 1208 2402 his
1223 2374 1382 2410 conjugium
1399 2380 1462 2402 sunt
1477 2376 1607 2410 amplexi,
1622 2381 1651 2403 ut
1666 2377 1725 2411 quiv

943 2417 1005 2443 dem
1030 2417 1158 2445 Clemens
1184 2425 1339 2452 contestor,
1368 2419 1394 2447 in
1421 2421 1504 2447 tertio
1531 2421 1602 2448 libro
1630 2429 1726 2448 eorum
1775 2433 1778 2436 ι

941 2460 1208 2490 Commentariorum
1225 2471 1294 2499 quos
1312 2465 1491 2499 Στρωματεῖς
1506 2465 1656 2501 inscripsit,
1673 2470 1727 2493 tra-

943 2506 1005 2534 dit:
1024 2507 1050 2533 in
1067 2513 1274 2542 oppugnatores
1291 2517 1411 2544 namque
1428 2510 1548 2546 conjugii
1574 2511 1667 2538 acrius
1685 2511 1726 2538 in-
1777 2510 1779 2513 ’

941 2553 1059 2584 vehens,
1072 2553 1112 2579 sic
1131 2553 1224 2580 verbis
1246 2554 1322 2581 hisce
1339 2556 1445 2584 utitur:
1464 2565 1475 2582 ι
1493 2561 1534 2584 An
1551 2557 1596 2585 isti
1612 2558 1724 2586 tandem

943 2600 1083 2634 apostolos
1107 2607 1218 2635 quoque
1244 2601 1390 2636 rejicient?
1416 2602 1515 2631 Petrus
1539 2604 1678 2639 siquidem
1699 2609 1727 2632 et

943 2644 1086 2680 Philippus
1103 2644 1201 2673 liberis
1220 2646 1348 2674 creandis
1364 2655 1476 2681 operam
1494 2649 1642 2677 dederunt.
1658 2649 1727 2678 Phi-

943 2691 1034 2725 lippus
1049 2698 1132 2724 porro
1147 2690 1215 2717 filias
1224 2691 1306 2718 etiam
1322 2699 1387 2718 suas
1400 2692 1465 2719 viris
1478 2693 1505 2720 in
1521 2695 1727 2722 matrimonium

942 2735 1053 2762 locavit.
1082 2735 1185 2762 Paulus
1208 2744 1318 2771 quoque
1340 2743 1395 2763 non
1421 2742 1534 2765 veretur
1558 2739 1584 2765 in
1610 2740 1727 2774 epistola

943 2781 1062 2816 quadam
1078 2789 1236 2816 comparem
1255 2789 1332 2809 suam
1349 2782 1516 2811 salutatione
1533 2785 1700 2820 compellare
1719 2793 1727 2812 :

943 2828 1024 2862 212
1041 2835 1122 2862 quam
1139 2827 1250 2862 quidem
1268 2828 1313 2855 ille
1331 2834 1477 2863 propterea
1494 2837 1587 2858 secum
1605 2838 1660 2857 non
1676 2831 1730 2857 cir-

943 2874 1098 2908 cumduxit,
1115 2880 1146 2902 ut
1162 2875 1270 2903 facilius
1284 2875 1309 2903 ei
1326 2875 1539 2912 expeditiusque
1557 2881 1632 2905 esset
1645 2877 1727 2904 Verbi
