1885 3059
66 155 119 185 ii?

529 154 830 185 ECCLESIASTIC£
852 156 1137 187 }1|ST()llI.E'LIB.
1162 157 1217 187 ῐῒῐ.
1238 152 1242 163 ¹

1633 158 1684 187 918

66 209 109 244 ἦν,
130 210 177 236 ἅτε
197 210 261 241 παῖς
277 210 314 236 ὢν
337 210 450 245 Ἰωσήφ·
463 211 499 242 ὡς
514 211 589 246 δηλοῖ
612 211 658 237 καὶ
677 211 851 244 Ἡγήσιππος
864 212 891 241 Α
904 216 961 238 trax

906 212 1030 239 traxisse.
1053 213 1153 240 Fuerat
1181 219 1273 240 autem
1294 212 1378 241 Judas
1398 213 1483 241 frater
1507 213 1624 242 Domini.
1647 222 1688 240 sc-

65 256 137 282 οῦτω
162 257 281 290 γράφων
295 263 301 270 ·
336 266 344 282 ι
366 257 426 283 "Et:
446 256 474 283 δὲ
490 257 627 292 περιῆσαν
645 257 671 283 οἱ
687 257 740 282 ἀπὸ
758 256 853 289 γένους

64 302 112 328 τοῦ
131 302 248 337 Κυρίου,
271 302 363 328 υἱωνοὶ
376 303 473 335 Ἰούδα,
487 294 534 328 τοῦ
547 302 619 329 κατὰ
636 302 725 337 σάρκα
737 301 854 335 λεγομέ-

66 357 112 374 νου
129 348 214 375 αὑτοῦ
231 347 359 381 ἀδελφοῦ·
377 348 423 379 οὓς
437 348 653 383 ὲδηλατόρευσαν
663 348 700 378 ὡς
712 348 744 374 ὲκ
756 349 854 382 γένους

65 396 144 425 δγτας
172 394 257 421 Δαυῖδ
272 403 278 409 ·
296 395 400 426 τούτοις
417 395 439 420 δ’
459 396 472 420 ὁ
492 395 655 425 Ἦουόκατος
681 394 767 428 ἤγαγε
787 395 854 428 πρὸς

67 441 233 475 Δομετιανὸν
249 441 388 475 Καίσαρα.
409 440 550 473 Ὲφοῦεῖτο
565 441 619 474 γὰρ
634 440 682 475 τὴν
700 439 854 475 παρουσίαν

66 485 112 511 τοῦ
126 484 258 519 Χριστοῦ,
273 485 310 516 ὼς
326 485 372 511 καὶ
386 484 510 520 Ἡρώδης
521 492 528 500 ·
544 485 590 511 καὶ
603 484 782 519 ἐπηρώτησεν
807 484 855 510 αὑ-

65 531 128 562 τοὺς
141 532 166 556 εἰ
181 532 213 557 ἐκ
227 531 310 557 Δαυῖδ
334 531 387 556 εἱσι
401 538 407 544 “
428 531 474 557 καὶ
489 531 676 565 ὡμολόγησαν,
694 530 761 556 Τότε
786 531 855 564 ἐπη-

68 577 193 611 ρώτησεν
213 577 311 608 αὐτοὺς
337 578 424 608 πόσας
451 580 564 612 κτήσεις
590 577 709 612 ἔχουσιν,
730 575 746 611 ἢ
766 575 855 601 πόσων

66 624 220 658 χρημάτων
251 623 438 658 κυριεύουσιν.
468 625 498 650 0i
522 623 550 650 δὲ
567 620 647 650 ¹εἴπον
670 621 855 656 ἐννακισχίλια

66 669 184 704 δηνάρια
203 669 339 704 ὑπάρχειν
355 670 444 701 αὐτοῖς
459 670 538 704 μόνα,
558 669 666 703 ἑκάστῳ
679 668 769 694 αὐτῶν
791 668 856 702 ἀνή-

67 723 163 745 κοντος
180 714 228 740 τοῦ
244 715 371 749 ἡμίσεος.
397 715 452 740 Καὶ
477 715 565 741 ταῦτα
581 714 632 740 οὐκ
659 715 688 740 ὲν
713 713 855 748 ἀργυρίοις

66 760 188 794 ἔφασκον
206 756 291 794 ἐχειν,
311 760 369 787 ἀλλ’
386 761 415 787 ὲν
431 761 590 796 διατιμήσει
614 761 666 794 γῆς
680 760 804 791 πλέθρων
816 758 855 785 λθ¹

68 806 157 839 privum
170 814 178 822 ο
193 806 224 838 ἐξ
239 803 278 832 ὧν
290 807 405 837 καὶτοὺς
417 806 517 841 φόρους
532 807 690 841 ἀναφέρειν,
700 806 747 833 καὶ
757 805 855 837 αὐτοὺς

67 852 150 878 αὐτου
156 852 295 887 ργοῦντας
310 852 516 887 διατρέφεσθαι.
530 851 596 879 Εἶτα
604 852 630 879 δὲ
646 852 693 879 καὶ
703 852 751 883 τὰς
761 852 855 887 χεῖρας

67 899 116 931 τὰς
128 899 238 926 ἑαυτῶν
249 899 435 926 ἐπιδεικνύναι
454 899 603 935 μαρτύριον
614 899 663 934 τῆς
678 899 856 934 αὑτουργῐας,

66 944 114 978 τὴν
126 944 175 970 τοῦ
193 944 321 978 σώματος
337 945 480 981 σκληρίαν,
496 947 544 972 καὶ
558 946 621 976 τοὺς
641 945 696 972 ἀπὸ
714 945 764 979 τῆς
778 952 856 971 συνε-

66 991 131 1025 χοῦς
149 991 287 1026 ἐργασίας
305 991 568 1023 ὲναποτυπωοέντας
584 992 630 1018 ἐπὶ
645 992 700 1018 τῶν
714 991 787 1018 ἰδίων
799 999 857 1026 χει-

66 1036 123 1072 ρῶν
149 1036 249 1067 τύλους
276 1036 475 1071 παριστάντας.
500 1035 706 1071 Ἐρωτηθέντας
734 1035 764 1062 δὲ
793 1035 856 1071 περὶ

64 1083 113 1109 τοῦ
131 1082 253 1118 Χριστοῦ
271 1082 320 1109 καὶ
333 1083 383 1116 τῆς
398 1082 537 1116 βασιλείας
551 1082 644 1113 αὐτοῦ,
657 1082 736 1108 ὁποία
747 1090 789 1112 τις
800 1081 854 1116 εἴη,

65 1129 111 1156 καὶ
128 1129 177 1163 πῆ,
195 1129 243 1155 καὶ
261 1129 327 1154 πότε
351 1129 538 1163 φανησομένη,
555 1128 635 1162 λόγον
650 1127 753 1161 δοῦναι,
773 1128 810 1158 ὡς
825 1128 856 1154 οὺ

65 1174 189 1208 κοσμικὴ
206 1174 268 1208 μὲν,
282 1174 337 1200 οὐδ’
351 1174 482 1207 ἐπίγειος,
496 1174 659 1209 ἐπουράνιος
671 1174 699 1200 δὲ
711 1174 758 1199 καὶ
773 1174 857 1208 ἀγγε-

64 1219 128 1254 λεκὴ
140 1219 286 1253 τυγχάνει,
299 1219 345 1244 ἐπὶ
357 1218 498 1254 συντελείᾳ
507 1218 553 1244 τοῦ
562 1218 661 1250 αἰῶνος
669 1218 839 1253 γενησομένη
849 1226 857 1234 ·

64 1266 188 1300 ὁπηνίκα
204 1264 291 1291 ἐλθὼν
303 1265 330 1290 ὲν
338 1264 412 1301 δόξῃ,
429 1264 530 1299 κρίνειε
546 1264 651 1296 ζῶντας
665 1264 713 1290 καὶ
725 1264 855 1299 νεκροὺς,

65 1311 115 1337 καὶ
132 1311 273 1338 ἀποδώσει
290 1311 398 1346 ἑκάστῳ
414 1312 483 1337 κατὰ
496 1311 529 1336 τὰ
541 1311 747 1345 ἐπιτηδεύματα
760 1310 855 1338 αὑτοῦ.

73 1358 132 1392 Ἐφ’
143 1355 185 1389 οἷς
201 1358 286 1392 μηδὲν
304 1357 386 1384 αὑτὸν
401 1358 593 1391 κατεγνωκότα
615 1358 662 1384 τὸν
681 1357 856 1390 Δομετιανὸν,

64 1405 133 1431 ἀλλὰ
148 1405 196 1431 καὶ
217 1404 255 1435 ὡς
281 1404 399 1431 εὐτελῶν
415 1395 675 1439 καταφρονήσαντα,
695 1403 856 1438 ἐλευθέρους

67 1450 117 1484 μὲν
130 1449 233 1480 αὐτοὺς
251 1450 366 1479 ἂνεῖναι.
381 1449 560 1476 καταπαῦσαι
575 1450 602 1476 δὲ
617 1449 660 1476 διὰ
677 1449 857 1484 προστάγμα-

65 1502 111 1524 τος
129 1493 176 1520 τὸν
193 1493 266 1519 κατὰ
279 1494 330 1527 τῆς
340 1493 506 1528 Ἐκκλησίας
517 1494 648 1527 διωγμόν.
667 1493 736 1523 Τοὺς
751 1492 773 1519 δ’
788 1494 858 1519 ἀπο-

67 1539 202 1572 λυθέντας
219 1539 376 1575 ἡγήσασθαι
389 1540 444 1566 τῶν
457 1539 622 1573 ἐκκλησιῶν,
636 1539 673 1569 ὡς
690 1540 722 1566 ἂν
734 1540 764 1574 δὴ
784 1541 855 1575 μάρ-
871 1549 890 1574 (ζ

65 1594 152 1620 τυρας
181 1584 253 1620 ὁμοῦ
280 1585 329 1611 καί
350 1586 404 1612 ἀπὸ
434 1585 530 1619 γένους
557 1586 637 1616 ὄντας
665 1586 712 1612 τοῦ
738 1586 854 1620 Κυρίου,

65 1631 222 1665 γενομένης
235 1638 265 1657 τε
289 1630 414 1665 εἰρήνης,
430 1632 511 1666 μέχρι
525 1630 662 1666 Τραϊανοῦ
685 1632 857 1666 παραμεῖναι

66 1677 165 1709 αὐτοὺς
193 1676 233 1711 τῷ
250 1676 311 1712 βίῳ.
328 1686 337 1702 ι
356 1677 449 1704 Ταῦτα
477 1679 527 1711 μὲν
543 1678 556 1704 ὁ
577 1676 769 1713 Ἡγήσιππος·
790 1678 859 1713 Τερ-

65 1723 194 1753 τυ).ιανὺς
211 1723 306 1749 δὲκαὶ
334 1723 416 1754 αὐτὸς
442 1723 491 1758 τὴν
517 1724 684 1759 Δομετιανοῦ
708 1725 858 1760 πεποίηται

67 1769 300 1803 μνείαν,γράφων
310 1769 347 1800 ὡς
364 1770 556 1804 «Πεπείραται
571 1770 620 1805 μὲν
635 1771 683 1797 καὶ
692 1771 858 1804 Δομετιανὸς

64 1817 154 1842 ταυτὰ
171 1816 260 1841 ποιεῖν
282 1815 391 1850 ἐκείνῳ,
413 1815 498 1850 μέρος
512 1815 549 1842 ὢν
565 1817 613 1851 τῆς
636 1817 764 1851 Νέρωνος
782 1817 858 1850 ὡμό-

65 1871 146 1897 τητος
157 1871 165 1877 ·
183 1861 244 1890 ἀλλ’
257 1860 334 1896 οἶμαι
353 1861 400 1889 ἆτε
421 1862 493 1898 ἔχων
507 1871 533 1889 τι,
550 1864 697 1894 συνέσεως,
713 1863 750 1894 ὡς
775 1863 858 1898 τάχος

65 1908 221 1941 ἐπαύσατε,
241 1908 482 1944 ἀνακαλεσάμενος
494 1909 541 1936 καὶ
559 1908 606 1941 οὓς
624 1909 760 1944 ἐξηλάκει.
779 1919 788 1934 1

366 2069 493 2098 ΚΕΦΔΛ.
509 2070 560 2099 lA’.

67 2129 201 2161 ’Ῑελευτὴ
216 2129 459 2161 Οὐεσπασιανοῦ,
474 2129 561 2156 Τίτου
572 2138 604 2156 τε
618 2130 666 2156 καὶ
681 2129 860 2162 Δομετιανοῦ

101 2165 154 2191 καὶ
170 2165 304 2197 Λνερούα·
318 2165 444 2198 καὶπερὶ
464 2165 517 2192 τοῦ
532 2164 687 2198 ,βασιλέως
704 2165 858 2199 Τραϊανοῦ.

907 257 1026 284 cundum
1045 266 1154 286 carnem
1168 267 1175 291 ;
1191 257 1302 294 Iosephi
1319 258 1421 294 quippe
1439 258 1521 286 films.
1539 258 1596 292 Qua
1612 259 1645 285 de
1659 267 1687 284 ru

906 299 1075 336 Hegesippus
1088 303 1123 329 ita
1145 303 1241 331 scribit
1263 313 1269 330 :
1287 313 1295 329 ι
1316 303 1484 338 Supererant
1499 304 1589 331 adhuc
1609 311 1689 338 gene—

906 348 944 374 ris
966 352 993 374 et
1018 347 1127 376 familiae
1149 349 1256 376 Demini
1279 354 1394 384 nepotes
1413 357 1445 377 ex
1466 349 1521 377 fllio
1540 350 1626 381 Juilze,
1641 351 1687 384 qui

905 393 990 420 frater
1006 394 1112 421 Domini
1133 395 1209 430 juxta
1224 403 1334 423 carnem
1354 395 1445 422 dictus
1462 400 1512 423 est.
1533 395 1597 427 Eos,
1614 396 1686 430 quod

904 439 995 473 gentis
1020 440 1131 467 Davidis
1159 448 1219 467 esse
1242 440 1327 468 delati
1356 440 1483 472 fuissent.
1505 441 1638 468 Evocatus
1654 441 1687 467 ad

906 484 1090 512 Domitianum
1109 485 1233 513 adduxit.
1250 485 1388 513 Metuebat
1405 486 1490 518 enim,
1508 486 1545 513 ita
1567 490 1597 512 ut
1614 491 1689 512 ante-

907 531 957 558 hac
981 531 1113 564 Herodes,
1134 531 1281 558 adventum
1302 531 1417 559 Christi.
1441 531 1536 566 Itaque
1560 539 1608 558 eos
1631 531 1686 562 ille,

905 581 1033 604 essentne
1051 577 1160 604 familiae
1183 577 1264 613 239
1281 577 1402 610 Davidis,
1422 582 1508 612 rogat.
1528 577 1606 610 Quod
1625 584 1687 604 eum

906 627 996 650 essent
1019 623 1147 658 professi,
1167 631 1263 651 rursus
1278 623 1312 651 ab
1335 623 1388 656 eis,
1403 631 1463 658 quae
1485 631 1580 650 eorum
1596 627 1689 650 essent

906 669 1111 703 possessiones,
1136 674 1164 696 et
1191 673 1321 704 quantam
1350 669 1529 704 pecuniarum
1554 675 1688 695 summam

907 714 1050 746 haberent,
1076 715 1184 749 quaerit.
1206 717 1296 750 Atque
1318 715 1343 742 ei
1369 714 1408 742 illi
1432 717 1610 748 respondent,
1633 721 1688 739 non

906 759 1025 794 amplius
1038 760 1078 787 eis
1093 767 1153 787 esse
1168 768 1250 795 quam
1269 767 1368 787 novem
1383 759 1498 787 millium
1512 759 1687 786 denariorum

906 805 1100 842 patrimonium
1125 813 1290 837 cotnmune,
1313 805 1386 840 quod
1411 805 1529 832 divisum
1554 812 1586 832 ex
1614 809 1690 839 parte.

906 851 1019 879 dimidia
1038 851 1071 878 ad
1089 859 1226 886 quemque
1243 859 1338 878 eorum
1363 851 1515 886 pertineret
1530 860 1537 878 :
1557 858 1646 885 neque
1663 850 1688 876 id

906 899 934 925 in
950 898 1066 933 pecunia
1082 902 1237 930 numerata,
1256 898 1303 925 sed
1320 898 1346 925 in
1361 897 1542 925 aestimatione
1557 903 1581 925 et
1601 897 1690 932 pretio

906 944 1161 980 undequadraginta
1187 944 1245 979 agri
1271 944 1396 979 iugerum
1424 944 1586 972 consistere.
1612 943 1691 971 Unde

906 998 968 1018 cum
991 991 1124 1018 tributum
1143 990 1304 1024 penderent,
1331 995 1387 1017 tum
1414 990 1464 1025 ipsi
1487 989 1615 1017 manibus
1635 989 1691 1017 Suis

906 1044 974 1071 Opus
993 1035 1136 1069 facientes,
1150 1040 1277 1071 sumptos
1294 1036 1453 1064 tolerarent.
1472 1036 1574 1063 Deinde
1592 1043 1691 1062 manus

906 1089 971 1109 suas
983 1082 1144 1114 ostendunt,
1160 1086 1188 1108 ut
1205 1082 1331 1117 corporis
1349 1082 1451 1109 duritia
1464 1087 1492 1109 et
1510 1081 1585 1109 callis
1601 1081 1692 1108 conti—

906 1137 962 1156 nuo
976 1128 1070 1156 labore
1089 1128 1190 1158 ductis.
1210 1136 1308 1163 operas
1327 1135 1391 1155 suas
1411 1127 1633 1162 comprobarent.
1655 1127 1692 1153 De

907 1183 991 1210 regno
1005 1180 1097 1202 autent
1111 1174 1226 1207 Christi,
1241 1174 1321 1209 quale
1336 1173 1362 1200 id
1377 1178 1460 1206 esset,
1477 1173 1522 1200 ubi
1538 1177 1565 1200 ct
1580 1172 1692 1208 quando

907 1222 1067 1249 habiturum
1089 1225 1162 1249 esset
1183 1221 1304 1253 initium,
1327 1220 1489 1253 interrogati
1509 1229 1515 1247 :
1533 1220 1593 1247 Non
1611 1227 1692 1246 mun-

907 1269 1008 1296 danum
1024 1268 1061 1302 id,
1081 1276 1170 1303 neque
1186 1272 1337 1299 terrenum,
1355 1267 1402 1294 sed
1421 1267 1532 1295 caeleste
1548 1271 1573 1293 et
1591 1265 1693 1300 angeli-

907 1322 968 1342 cum
992 1314 1049 1342 fore
1071 1318 1222 1345 testantur,
1253 1313 1280 1340 in
1306 1313 1397 1340 smeuli
1424 1311 1661 1339 consummatione
1684 1319 1691 1336 :

907 1367 970 1388 cum
992 1360 1144 1388 adveniens
1162 1359 1207 1386 ille
1230 1366 1291 1386 cum
1315 1359 1398 1393 gloria
1421 1357 1499 1384 vivos
1517 1361 1545 1384 et
1568 1362 1692 1383 mortuos

904 1403 1087 1438 iudicaturus.
1115 1408 1142 1431 et
1164 1403 1263 1437 cuique
1286 1403 1363 1437 juxta
1389 1401 1481 1429 studia
1503 1405 1531 1429 et
1553 1401 1623 1428 facta
1643 1407 1692 1428 sua

906 1449 1048 1485 prtemium
1072 1449 1230 1477 redditurus
1254 1453 1338 1476 esset.
1361 1448 1488 1475 Sedenim
1513 1455 1543 1474 re
1566 1447 1601 1474 ita
1619 1453 1693 1473 com-

908 1501 994 1531 perta.
1016 1495 1189 1522 Domitianus
1213 1495 1272 1529 ipse
1292 1494 1353 1521 illos
1371 1502 1424 1520 non
1448 1493 1625 1523 condemnat,
1642 1492 1690 1519 sed

909 1542 1042 1569 tenuitate
1065 1541 1174 1568 illorum
1196 1545 1361 1574 contempta,
1378 1540 1459 1567 simul
1481 1544 1509 1566 et
1529 1539 1631 1566 liberos
1644 1546 1692 1566 eos

909 1589 1033 1619 dimittit,
1050 1593 1078 1615 et
1100 1588 1190 1615 edicto
1209 1587 1347 1622 proposito
1370 1586 1591 1621 persecutionem
1606 1585 1694 1613 ecclcw

909 1632 1010 1660 siarum
1028 1632 1143 1660 inhibet.
1160 1632 1197 1660 Ita
1211 1632 1248 1659 illi
1266 1632 1394 1664 absoluti,
1407 1631 1545 1663 ecclesiis,
1565 1636 1595 1659 ut
1608 1635 1697 1660 testes

909 1678 990 1707 simul
1005 1683 1033 1705 et
1047 1678 1138 1713 agnati
1160 1678 1277 1710 Domini,
1295 1677 1486 1713 praefuerunt:
1504 1682 1532 1705 et
1546 1684 1614 1712 pace
1630 1677 1693 1706 red-

909 1725 975 1757 dita.
987 1732 1072 1759 usque
1087 1725 1119 1752 ad
1134 1724 1240 1760 Trajani
1254 1729 1375 1759 tempora
1393 1728 1587 1759 pervenerunt.
1603 1733 1618 1750 »μ
1630 1723 1699 1752 llaec.

910 1771 1088 1806 Hegesippus.
1103 1770 1157 1798 Sed
1179 1775 1207 1797 et
1229 1770 1414 1797 Tcrtullianus
1442 1770 1585 1797 Domitiani
1614 1777 1693 1797 men-

910 1817 1012 1844 tionem
1033 1817 1097 1845 facit
1121 1826 1128 1844 :
1152 1826 1162 1849 ς
1189 1818 1366 1850 Tentaverat,
1391 1817 1527 1851 inquiens,
1550 1820 1578 1842 et
1599 1816 1693 1843 Domi-

910 1867 1010 1898 tianus,
1035 1865 1126 1901 portio
1143 1865 1260 1893 Neronis
1281 1865 1315 1892 de
1337 1864 1510 1896 crudelitate,
1523 1863 1619 1891 eadem
1633 1871 1694 1897 quas

909 1913 955 1940 ille
968 1913 1070 1940 facere.
1087 1912 1152 1945 Sed,
1168 1915 1198 1938 ut
1213 1912 1322 1945 opinor,
1338 1910 1440 1945 aliquid
1457 1909 1560 1936 habens
1577 1909 1695 1935 rationis

909 1965 937 1987 ct
951 1959 1112 1994 prudentiae,
1133 1963 1240 1985 mature
1257 1957 1372 1990 destitit,
1397 1956 1532 1984 revocatis
1555 1955 1638 1982 etiam
1661 1955 1694 1982 iis

909 2013 979 2041 quos
993 2005 1019 2032 in
1033 2004 1159 2032 exsilium
1174 2009 1280 2040 egerat.
1299 2014 1311 2031 ι

1207 2074 1320 2103 CAPUT
1350 2074 1397 2102 XI.

910 2131 999 2160 Obitus
1019 2131 1180 2167 Vespasiani,
1196 2132 1256 2162 Titi.
1277 2132 1433 2164 Domitiani,
1455 2137 1477 2159 ct
1493 2131 1596 2165 Nerva',
1626 2131 1695 2158 etde

1149 2168 1309 2194 imverutore
1325 2167 1451 2194 Traiano.

101 2221 279 2258 Κρατοῦντος
295 2221 367 2247 δἐτι
384 2221 600 2252 Οὐεσπεσιανοῦ,
616 2221 710 2256 λοιμόν
730 2230 796 2256 φασι
811 2221 858 2255 μέ·
875 2226 898 2254 1)
946 2224 962 2252 li

946 2224 1102 2260 imperante
1119 2228 1210 2252 autem
1226 2225 1376 2252 etiamnum
1401 2224 1580 2259 Vespasiano,
1599 2225 1696 2260 ingen-

64 2279 117 2304 γαν
135 2269 183 2295 ἐπὶ
200 2267 314 2302 Ῥώμης
337 2267 480 2302 γενέσθαι,
497 2267 534 2298 ὡς
549 2266 620 2302 ὑπὲρ
648 2268 762 2302 μυρίους
776 2266 859 2293 καθε-

65 2318 175 2350 κάστην
192 2317 238 2342 ἐπὶ
265 2315 407 2347 πλείσταις
424 2316 545 2351 ἡμέραις
565 2315 694 2350 θνήσκειν
707 2324 714 2330 ν
738 2314 859 2350 ὁπηνίκα

64 2365 114 2392 καὶ
135 2364 183 2390 τὶν
209 2365 238 2389 ὲν
255 2363 338 2398 Ῥόδῳ
365 2362 506 2393 κολοσσὸν,
531 2361 633 2397 χαλκοῦ
659 2362 858 2397 πεποιημένον,

65 2409 173 2443 στήλην
191 2407 310 2438 Ῥοδίους
330 2407 370 2441 τῷ
395 2407 438 2433 Διὶ
462 2406 603 2433 ἀναθεῖναι
619 2406 709 2441 λόγος,
726 2406 796 2433 ἑπτὰ
813 2407 860 2433 ἐπὶ

64 2457 154 2482 εἰκοσι
170 2455 220 2480 καὶ
239 2454 337 2480 ἑκατὸν
358 2454 441 2485 πόδας
458 2455 498 2485 είς
516 2453 582 2489 ὕψος
603 2451 784 2490 ἐκτρέχοντα·
813 2454 860 2480 καὶ

64 2503 94 2528 τὴ
108 2503 140 2528 ἐν
159 2500 258 2535 Ῥώμῃ
273 2500 301 2526 δὲ
328 2500 503 2527 Καπιτώλιον
530 2500 615 2535 πυρὸς
634 2500 760 2534 δαπάνην
784 2500 861 2534 γενό-

68 2558 151 2583 μενον
167 2546 246 2578 οὗτος
262 2545 339 2579 αὖθις
356 2548 513 2582 ἀνήγειρεν.
534 2548 596 2574 Ἐπὶ
610 2548 676 2574 δέκα
695 2548 723 2574 δὲ
739 2547 786 2582 ἔτη
810 2547 862 2580 τὴν

66 2596 155 2630 ἀρχὴν
166 2593 303 2626 διιούνας,
315 2594 353 2629 τῷ
369 2594 444 2621 παιδὶ
456 2593 527 2629 Τίτῳ
540 2593 589 2629 τὴν
604 2593 744 2629 βασιλειαν
760 2593 860 2626 λιπὼν,

65 2640 194 2674 τελευτᾷ.
208 2637 277 2665 Τότε
292 2639 324 2673 δὴ
342 2639 446 2665 καὶτοῦ
460 2639 605 2666 Βεσουϐίου
619 2639 699 2674 δρους
716 2639 858 2673 ῥαγέντος,

66 2685 198 2712 τοσοῦτόν
226 2693 309 2718 φασιν
337 2686 444 2712 ἐκεῖθεν
464 2685 519 2720 πῦρ
534 2685 697 2718 ἀναϐλῦσαι,
711 2685 782 2712 ὥστε
810 2685 861 2720 τὴν

66 2731 283 2767 παρακειμένην
303 2731 395 2766 χώραν
416 2732 465 2758 σὺν
491 2733 550 2763 ταῖς
571 2731 734 2767 ἁγχιθὺροις
750 2732 861 2759 πόλεσιν

66 2778 215 2814 ἀφανίσαι.
236 2779 275 2803 Δι’
292 2778 399 2810 ἀγῶνος
426 2777 453 2804 δὲ
477 2779 595 2804 ποιεῖται
622 2778 671 2814 τὴν
691 2778 801 2814 Ῥώμην
815 2778 860 2804 εὑ-

66 2827 187 2861 ὀλίμονα
218 2825 246 2850 ἐν
266 2824 365 2856 ὀλίγοις
389 2823 477 2850 ἔτεσιν
498 2825 657 2859 ἀποφῆναι·
684 2825 780 2858 σοφίαν
806 2825 859 2859 γὰρ

68 2874 115 2898 καὶ
131 2872 185 2907 τὴν
207 2870 262 2896 τῶν
286 2870 372 2904 λόγων
396 2872 520 2898 παιδείαν
539 2871 724 2906 διαφερόντως
745 2871 857 2905 ἠγάπα·

912 2275 964 2300 tem
979 2271 1164 2307 pestilentiam
1179 2270 1273 2299 Romae
1292 2275 1440 2307 grassatam
1458 2278 1520 2299 esse
1533 2271 1640 2302 dicunt.
1658 2271 1696 2298 ita

912 2321 941 2344 ut
954 2317 1052 2344 diebus
1065 2316 1192 2351 plurimis
1209 2316 1334 2351 quotidie
1343 2323 1426 2350 supra
1439 2315 1535 2343 decem
1551 2315 1694 2342 hominum

911 2362 996 2390 millia
1019 2363 1274 2398 exstinguerentur.
1296 2362 1356 2395 Quo
1377 2367 1500 2396 tempore
1525 2361 1597 2389 fama
1612 2361 1695 2389 etiam

912 2409 974 2441 fert,
991 2409 1116 2436 Rhodios
1131 2409 1269 2436 colossum
1288 2415 1390 2435 azrcum
1408 2412 1520 2435 centum
1536 2411 1564 2435 et
1600 2407 1695 2442 viginti

911 2460 1017 2490 septem
1032 2455 1131 2489 pedum
1151 2454 1214 2485 Iovi
1233 2454 1261 2482 in
1285 2454 1355 2482 urbe
1387 2461 1435 2481 sua
1467 2453 1582 2481 dicasse.
1604 2452 1698 2482 Romae

911 2500 1088 2536 Capitolium,
1099 2501 1172 2536 quod
1184 2501 1411 2536 conflagraverat,
1424 2499 1610 2534 Vespasianus
1618 2498 1699 2535 240

913 2547 1037 2574 restituit
1055 2556 1062 2574 :
1083 2547 1129 2582 qui
1147 2547 1265 2582 imperio
1281 2546 1362 2573 annis
1381 2546 1476 2581 decem
1491 2545 1696 2576 administrato,

913 2595 1035 2621 moriens
1055 2593 1110 2620 filio
1123 2593 1185 2620 Tito
1199 2592 1225 2620 id
1242 2593 1364 2627 reliquit.
1379 2592 1436 2620 Sub
1452 2592 1598 2620 hoc'mons
1612 2591 1700 2619 Vesu-

913 2639 973 2666 vius
989 2643 1096 2673 ruptus,
1113 2641 1219 2664 tantutn
1234 2637 1357 2665 evomuit
1370 2637 1503 2668 incendii,
1514 2641 1544 2664 ut
1561 2637 1698 2672 regionem

914 2684 1066 2720 proximam
1093 2684 1278 2718 civitatesque
1301 2683 1406 2710 vicinas
1435 2691 1550 2717 prorsus
1574 2687 1700 2710 vastant.

913 2731 1097 2765 Maxitnoperc
1117 2731 1139 2757 is
1157 2729 1338 2757 contendebat
1355 2728 1468 2755 Romam
1488 2729 1562 2756 brevi
1577 2733 1698 2763 tempore

912 2778 1019 2806 beatam
1031 2776 1145 2804 reddere
1163 2781 1190 2803 ct
1202 2775 1307 2803 felicem
1317 2783 1323 2807 ;
1334 2775 1454 2801 studium
1464 2775 1698 2809 enimsapicntiw.

912 2824 1122 2858 liberaliumqu
1137 2823 1239 2850 artium
1255 2821 1426 2856 disciplinam
1451 2821 1599 2856 plurimum
1622 2829 1699 2847 aina~

913 2871 962 2898 Vit.
974 2869 1135 2904 Juscphum,
1149 2874 1177 2896 ut
1188 2869 1273 2895 virum
1288 2874 1426 2902 egregium
1445 2871 1469 2894 et
1479 2866 1651 2901 praeclarum,
1669 2866 1697 2892 in
