  <div class='ocr_page' id='page_1' title='image "/cluster/home/n/w/nwhite01/storage/ocr_20150623/145/njp.32101077773149/597.png"; bbox 0 0 1885 3059; ppageno 0'>
   <div class='ocr_carea' id='block_1_1' title="bbox 164 158 218 189">
    <p class='ocr_par' dir='ltr' id='par_1_1' title="bbox 164 158 218 189">
     <span class='ocr_line' id='line_1_1' title="bbox 164 158 218 189; baseline 0.019 -1"><span class='ocrx_word' id='word_1_1' title='bbox 164 158 218 189; x_wconf 60' lang='grc' dir='ltr'>ιρι</span> 
     </span>
    </p>
   </div>
   <div class='ocr_carea' id='block_1_2' title="bbox 777 158 1187 189">
    <p class='ocr_par' dir='ltr' id='par_1_2' title="bbox 777 158 1187 189">
     <span class='ocr_line' id='line_1_2' title="bbox 777 158 1187 189; baseline 0 -1"><span class='ocrx_word' id='word_1_2' title='bbox 777 158 990 188; x_wconf 70' lang='grc' dir='ltr'><strong>ΝΙΕΕΡΙῘΟΙΠ</strong></span> <span class='ocrx_word' id='word_1_3' title='bbox 1012 159 1187 189; x_wconf 73' lang='lat' dir='ltr'><strong>CALLISTI</strong></span> 
     </span>
    </p>
   </div>
   <div class='ocr_carea' id='block_1_3' title="bbox 1746 158 1796 188">
    <p class='ocr_par' dir='ltr' id='par_1_3' title="bbox 1746 158 1796 188">
     <span class='ocr_line' id='line_1_3' title="bbox 1746 158 1796 188; baseline 0.02 -1"><span class='ocrx_word' id='word_1_4' title='bbox 1746 158 1796 188; x_wconf 56' lang='lat'><strong>0294</strong></span> 
     </span>
    </p>
   </div>
   <div class='ocr_carea' id='block_1_4' title="bbox 165 217 909 254">
    <p class='ocr_par' dir='ltr' id='par_1_4' title="bbox 165 217 909 253">
     <span class='ocr_line' id='line_1_4' title="bbox 165 217 909 253; baseline 0.007 -12"><span class='ocrx_word' id='word_1_5' title='bbox 165 224 190 242; x_wconf 79' lang='lat' dir='ltr'><strong>et</strong></span> <span class='ocrx_word' id='word_1_6' title='bbox 207 225 330 244; x_wconf 64' lang='lat' dir='ltr'><strong>sororem</strong></span> <span class='ocrx_word' id='word_1_7' title='bbox 347 217 456 253; x_wconf 81' lang='lat' dir='ltr'><strong>(quippe</strong></span> <span class='ocrx_word' id='word_1_8' title='bbox 477 218 556 245; x_wconf 80' lang='lat' dir='ltr'><strong>\cluti</strong></span> <span class='ocrx_word' id='word_1_9' title='bbox 573 226 754 252; x_wconf 60' lang='lat' dir='ltr'><strong>conspousum</strong></span> <span class='ocrx_word' id='word_1_10' title='bbox 785 223 866 253; x_wconf 79' lang='lat' dir='ltr'><strong>atque</strong></span> <span class='ocrx_word' id='word_1_11' title='bbox 882 219 909 246; x_wconf 78' lang='lat' dir='ltr'><strong>:u&#39;</strong></span> 
     </span>
    </p>
   </div>
   <div class='ocr_carea' id='block_1_5' title="bbox 1052 217 1796 254">
    <p class='ocr_par' dir='ltr' id='par_1_5' title="bbox 1054 217 1796 254">
     <span class='ocr_line' id='line_1_5' title="bbox 1054 217 1796 254; baseline -0.003 -9"><span class='ocrx_word' id='word_1_12' title='bbox 1054 219 1140 250; x_wconf 74' lang='grc' dir='ltr'>αικὲις,</span> <span class='ocrx_word' id='word_1_13' title='bbox 1156 219 1188 254; x_wconf 80' lang='grc' dir='ltr'>ἢν</span> <span class='ocrx_word' id='word_1_14' title='bbox 1203 219 1234 254; x_wconf 82' lang='grc' dir='ltr'><strong>δὴ</strong></span> <span class='ocrx_word' id='word_1_15' title='bbox 1252 220 1296 245; x_wconf 67' lang='grc' dir='ltr'>καὶ</span> <span class='ocrx_word' id='word_1_16' title='bbox 1325 219 1443 253; x_wconf 70' lang='grc' dir='ltr'>αδελφὴν</span> <span class='ocrx_word' id='word_1_17' title='bbox 1461 218 1509 252; x_wconf 75' lang='grc' dir='ltr'>τῆς</span> <span class='ocrx_word' id='word_1_18' title='bbox 1536 218 1670 244; x_wconf 76' lang='grc' dir='ltr'>Θεοτόκου</span> <span class='ocrx_word' id='word_1_19' title='bbox 1702 217 1796 249; x_wconf 62' lang='grc' dir='ltr'>φασιν,</span> 
     </span>
    </p>
   </div>
   <div class='ocr_carea' id='block_1_6' title="bbox 166 263 951 296">
    <p class='ocr_par' dir='ltr' id='par_1_6' title="bbox 166 263 951 296">
     <span class='ocr_line' id='line_1_6' title="bbox 166 263 951 296; baseline 0.009 -8"><span class='ocrx_word' id='word_1_20' title='bbox 166 263 262 291; x_wconf 78' lang='lat' dir='ltr'><strong>liliazm</strong></span> <span class='ocrx_word' id='word_1_21' title='bbox 280 264 324 290; x_wconf 66' lang='lat' dir='ltr'><strong>De?</strong></span> <span class='ocrx_word' id='word_1_22' title='bbox 342 264 492 291; x_wconf 76' lang='lat' dir='ltr'><strong>Getiitricis</strong></span> <span class='ocrx_word' id='word_1_23' title='bbox 512 264 596 290; x_wconf 68' lang='lat' dir='ltr'><strong>lnis~e</strong></span> <span class='ocrx_word' id='word_1_24' title='bbox 615 265 721 296; x_wconf 85' lang='lat' dir='ltr'><strong>dicunl,</strong></span> <span class='ocrx_word' id='word_1_25' title='bbox 745 274 798 292; x_wconf 90' lang='lat' dir='ltr'><strong>non</strong></span> <span class='ocrx_word' id='word_1_26' title='bbox 815 275 848 294; x_wconf 82' lang='lat' dir='ltr'><strong>ex</strong></span> <span class='ocrx_word' id='word_1_27' title='bbox 873 268 951 295; x_wconf 82' lang='lat' dir='ltr'><strong>Anna</strong></span> 
     </span>
    </p>
   </div>
   <div class='ocr_carea' id='block_1_7' title="bbox 167 307 953 346">
    <p class='ocr_par' dir='ltr' id='par_1_7' title="bbox 167 307 953 346">
     <span class='ocr_line' id='line_1_7' title="bbox 167 307 953 346; baseline 0.006 -11"><span class='ocrx_word' id='word_1_28' title='bbox 167 314 194 335; x_wconf 91' lang='lat' dir='ltr'><strong>et</strong></span> <span class='ocrx_word' id='word_1_29' title='bbox 205 307 359 342; x_wconf 80' lang='lat' dir='ltr'><strong>Joachinm,</strong></span> <span class='ocrx_word' id='word_1_30' title='bbox 375 310 421 336; x_wconf 88' lang='lat' dir='ltr'><strong>scd</strong></span> <span class='ocrx_word' id='word_1_31' title='bbox 440 318 471 336; x_wconf 87' lang='lat' dir='ltr'><strong>ex</strong></span> <span class='ocrx_word' id='word_1_32' title='bbox 488 310 596 337; x_wconf 79' lang='lat' dir='ltr'><strong>Salome</strong></span> <span class='ocrx_word' id='word_1_33' title='bbox 612 317 639 337; x_wconf 82' lang='lat' dir='ltr'><strong>ct</strong></span> <span class='ocrx_word' id='word_1_34' title='bbox 659 310 780 346; x_wconf 80' lang='lat' dir='ltr'><strong>Josepho</strong></span> <span class='ocrx_word' id='word_1_35' title='bbox 792 313 908 345; x_wconf 79' lang='lat' dir='ltr'><strong>editam,</strong></span> <span class='ocrx_word' id='word_1_36' title='bbox 924 319 953 340; x_wconf 92' lang='lat' dir='ltr'><strong>ut</strong></span> 
     </span>
    </p>
   </div>
   <div class='ocr_carea' id='block_1_8' title="bbox 168 355 952 393">
    <p class='ocr_par' dir='ltr' id='par_1_8' title="bbox 168 355 952 393">
     <span class='ocr_line' id='line_1_8' title="bbox 168 355 952 393; baseline 0.005 -11"><span class='ocrx_word' id='word_1_37' title='bbox 168 355 272 382; x_wconf 87' lang='lat' dir='ltr'><strong>dictum</strong></span> <span class='ocrx_word' id='word_1_38' title='bbox 300 356 550 390; x_wconf 75' lang='lat' dir='ltr'><strong>est,progenitnm,</strong></span> <span class='ocrx_word' id='word_1_39' title='bbox 578 359 700 393; x_wconf 72' lang='lat' dir='ltr'><strong>martyrii</strong></span> <span class='ocrx_word' id='word_1_40' title='bbox 719 367 829 386; x_wconf 72' lang='lat' dir='ltr'><strong>cursum</strong></span> <span class='ocrx_word' id='word_1_41' title='bbox 860 361 952 387; x_wconf 72' lang='lat' dir='ltr'><strong>absol-</strong></span> 
     </span>
    </p>
   </div>
   <div class='ocr_carea' id='block_1_9' title="bbox 169 402 953 440">
    <p class='ocr_par' dir='ltr' id='par_1_9' title="bbox 169 402 953 440">
     <span class='ocr_line' id='line_1_9' title="bbox 169 402 953 440; baseline 0.004 -12"><span class='ocrx_word' id='word_1_42' title='bbox 169 402 241 429; x_wconf 84' lang='lat' dir='ltr'><strong>visse</strong></span> <span class='ocrx_word' id='word_1_43' title='bbox 255 407 381 430; x_wconf 89' lang='lat' dir='ltr'><strong>constat:</strong></span> <span class='ocrx_word' id='word_1_44' title='bbox 402 404 446 430; x_wconf 87' lang='lat' dir='ltr'><strong>cui</strong></span> <span class='ocrx_word' id='word_1_45' title='bbox 465 403 548 430; x_wconf 84' lang='lat' dir='ltr'><strong>etiam</strong></span> <span class='ocrx_word' id='word_1_46' title='bbox 563 410 624 439; x_wconf 80' lang='lat' dir='ltr'><strong>post</strong></span> <span class='ocrx_word' id='word_1_47' title='bbox 643 405 775 432; x_wconf 68' lang='lat' dir='ltr'><strong>Iacobum</strong></span> <span class='ocrx_word' id='word_1_48' title='bbox 800 406 953 440; x_wconf 64' lang='grc' dir='ltr'>Ηὶρτυεηιςς</span> 
     </span>
    </p>
   </div>
   <div class='ocr_carea' id='block_1_10' title="bbox 170 448 952 487">
    <p class='ocr_par' dir='ltr' id='par_1_10' title="bbox 170 448 952 487">
     <span class='ocr_line' id='line_1_10' title="bbox 170 448 952 487; baseline 0.008 -14"><span class='ocrx_word' id='word_1_49' title='bbox 170 448 278 475; x_wconf 71' lang='lat' dir='ltr'><strong>mitanze</strong></span> <span class='ocrx_word' id='word_1_50' title='bbox 295 448 421 475; x_wconf 73' lang='lat' dir='ltr'><strong>Ecclesiae</strong></span> <span class='ocrx_word' id='word_1_51' title='bbox 436 450 515 476; x_wconf 83' lang='lat' dir='ltr'><strong>sedes</strong></span> <span class='ocrx_word' id='word_1_52' title='bbox 542 451 688 477; x_wconf 77' lang='lat' dir='ltr'><strong>commissa</strong></span> <span class='ocrx_word' id='word_1_53' title='bbox 708 451 808 478; x_wconf 81' lang='lat' dir='ltr'><strong>fuerat.</strong></span> <span class='ocrx_word' id='word_1_54' title='bbox 834 452 952 487; x_wconf 73' lang='lat' dir='ltr'><strong>Symcon</strong></span> 
     </span>
    </p>
   </div>
   <div class='ocr_carea' id='block_1_11' title="bbox 168 494 954 530">
    <p class='ocr_par' dir='ltr' id='par_1_11' title="bbox 168 494 954 530">
     <span class='ocr_line' id='line_1_11' title="bbox 168 494 954 530; baseline 0.006 -10"><span class='ocrx_word' id='word_1_55' title='bbox 168 494 219 520; x_wconf 80' lang='lat' dir='ltr'><strong>iste</strong></span> <span class='ocrx_word' id='word_1_56' title='bbox 244 501 257 520; x_wconf 69' lang='grc' dir='ltr'>τι</span> <span class='ocrx_word' id='word_1_57' title='bbox 275 494 439 528; x_wconf 77' lang='lat' dir='ltr'><strong>quibusdam</strong></span> <span class='ocrx_word' id='word_1_58' title='bbox 471 494 619 526; x_wconf 78' lang='lat' dir='ltr'><strong>ha-retieis,</strong></span> <span class='ocrx_word' id='word_1_59' title='bbox 639 497 714 523; x_wconf 89' lang='lat' dir='ltr'><strong>velut</strong></span> <span class='ocrx_word' id='word_1_60' title='bbox 739 505 810 524; x_wconf 89' lang='lat' dir='ltr'><strong>unus</strong></span> <span class='ocrx_word' id='word_1_61' title='bbox 829 503 954 530; x_wconf 85' lang='lat' dir='ltr'><strong>postero-</strong></span> 
     </span>
    </p>
   </div>
   <div class='ocr_carea' id='block_1_12' title="bbox 171 539 955 578">
    <p class='ocr_par' dir='ltr' id='par_1_12' title="bbox 171 539 955 578">
     <span class='ocr_line' id='line_1_12' title="bbox 171 539 955 578; baseline 0.006 -13"><span class='ocrx_word' id='word_1_62' title='bbox 171 547 229 566; x_wconf 87' lang='lat' dir='ltr'><strong>rum</strong></span> <span class='ocrx_word' id='word_1_63' title='bbox 257 539 367 567; x_wconf 74' lang='lat' dir='ltr'><strong>Daridis</strong></span> <span class='ocrx_word' id='word_1_64' title='bbox 385 541 504 575; x_wconf 84' lang='lat' dir='ltr'><strong>(nam_ad</strong></span> <span class='ocrx_word' id='word_1_65' title='bbox 531 541 557 568; x_wconf 92' lang='lat' dir='ltr'><strong>id</strong></span> <span class='ocrx_word' id='word_1_66' title='bbox 582 549 669 574; x_wconf 80' lang='lat' dir='ltr'><strong>usque</strong></span> <span class='ocrx_word' id='word_1_67' title='bbox 693 547 801 577; x_wconf 86' lang='lat' dir='ltr'><strong>tempus</strong></span> <span class='ocrx_word' id='word_1_68' title='bbox 833 544 955 578; x_wconf 86' lang='lat' dir='ltr'><strong>inquire-</strong></span> 
     </span>
    </p>
   </div>
   <div class='ocr_carea' id='block_1_13' title="bbox 170 586 955 623">
    <p class='ocr_par' dir='ltr' id='par_1_13' title="bbox 170 586 955 623">
     <span class='ocr_line' id='line_1_13' title="bbox 170 586 955 623; baseline 0.008 -12"><span class='ocrx_word' id='word_1_69' title='bbox 170 586 280 618; x_wconf 86' lang='lat' dir='ltr'><strong>bantur)</strong></span> <span class='ocrx_word' id='word_1_70' title='bbox 315 591 341 612; x_wconf 71' lang='lat' dir='ltr'><strong>et</strong></span> <span class='ocrx_word' id='word_1_71' title='bbox 369 587 469 622; x_wconf 82' lang='lat' dir='ltr'><strong>regalis</strong></span> <span class='ocrx_word' id='word_1_72' title='bbox 489 588 577 614; x_wconf 88' lang='lat' dir='ltr'><strong>lrihus</strong></span> <span class='ocrx_word' id='word_1_73' title='bbox 606 588 693 620; x_wconf 65' lang='lat' dir='ltr'><strong>Jndze,</strong></span> <span class='ocrx_word' id='word_1_74' title='bbox 725 589 868 623; x_wconf 79' lang='lat' dir='ltr'><strong>ipsiusque</strong></span> <span class='ocrx_word' id='word_1_75' title='bbox 887 591 955 618; x_wconf 87' lang='lat' dir='ltr'><strong>adeo</strong></span> 
     </span>
    </p>
   </div>
   <div class='ocr_carea' id='block_1_14' title="bbox 166 631 954 671">
    <p class='ocr_par' dir='ltr' id='par_1_14' title="bbox 166 631 954 671">
     <span class='ocr_line' id='line_1_14' title="bbox 166 631 954 671; baseline 0.006 -13"><span class='ocrx_word' id='word_1_76' title='bbox 166 631 269 659; x_wconf 82' lang='lat' dir='ltr'><strong>Christi</strong></span> <span class='ocrx_word' id='word_1_77' title='bbox 286 637 415 667; x_wconf 83' lang='lat' dir='ltr'><strong>agnatus,</strong></span> <span class='ocrx_word' id='word_1_78' title='bbox 427 633 535 660; x_wconf 83' lang='lat' dir='ltr'><strong>delatus</strong></span> <span class='ocrx_word' id='word_1_79' title='bbox 545 639 588 661; x_wconf 84' lang='lat' dir='ltr'><strong>est</strong></span> <span class='ocrx_word' id='word_1_80' title='bbox 602 642 609 660; x_wconf 90' lang='lat'>:</span> <span class='ocrx_word' id='word_1_81' title='bbox 621 639 649 662; x_wconf 92' lang='lat' dir='ltr'><strong>et</strong></span> <span class='ocrx_word' id='word_1_82' title='bbox 664 640 777 669; x_wconf 84' lang='lat' dir='ltr'><strong>propter</strong></span> <span class='ocrx_word' id='word_1_83' title='bbox 791 643 864 669; x_wconf 88' lang='lat' dir='ltr'><strong>eum,</strong></span> <span class='ocrx_word' id='word_1_84' title='bbox 881 637 954 671; x_wconf 91' lang='lat' dir='ltr'><strong>quod</strong></span> 
     </span>
    </p>
   </div>
   <div class='ocr_carea' id='block_1_15' title="bbox 166 677 955 718">
    <p class='ocr_par' dir='ltr' id='par_1_15' title="bbox 166 677 955 718">
     <span class='ocr_line' id='line_1_15' title="bbox 166 677 955 718; baseline 0.008 -14"><span class='ocrx_word' id='word_1_85' title='bbox 166 677 252 705; x_wconf 79' lang='lat' dir='ltr'><strong>libere</strong></span> <span class='ocrx_word' id='word_1_86' title='bbox 270 679 413 713; x_wconf 76' lang='lat' dir='ltr'><strong>pulchram</strong></span> <span class='ocrx_word' id='word_1_87' title='bbox 442 680 641 714; x_wconf 76' lang='lat' dir='ltr'><strong>professionem</strong></span> <span class='ocrx_word' id='word_1_88' title='bbox 658 682 845 716; x_wconf 75' lang='lat' dir='ltr'><strong>profiteretur,</strong></span> <span class='ocrx_word' id='word_1_89' title='bbox 864 685 955 718; x_wconf 78' lang='lat' dir='ltr'><strong>gravis</strong></span> 
     </span>
    </p>
   </div>
   <div class='ocr_carea' id='block_1_16' title="bbox 167 724 954 761">
    <p class='ocr_par' dir='ltr' id='par_1_16' title="bbox 167 724 954 761">
     <span class='ocr_line' id='line_1_16' title="bbox 167 724 954 761; baseline 0.009 -12"><span class='ocrx_word' id='word_1_90' title='bbox 167 724 308 750; x_wconf 78' lang='lat' dir='ltr'><strong>:rmulatt’o</strong></span> <span class='ocrx_word' id='word_1_91' title='bbox 324 728 352 750; x_wconf 86' lang='lat' dir='ltr'><strong>et</strong></span> <span class='ocrx_word' id='word_1_92' title='bbox 366 725 469 752; x_wconf 79' lang='lat' dir='ltr'><strong>invidia</strong></span> <span class='ocrx_word' id='word_1_93' title='bbox 489 726 661 761; x_wconf 87' lang='lat' dir='ltr'><strong>principibus</strong></span> <span class='ocrx_word' id='word_1_94' title='bbox 683 728 805 755; x_wconf 72' lang='lat' dir='ltr'><strong>incessit.</strong></span> <span class='ocrx_word' id='word_1_95' title='bbox 822 729 870 756; x_wconf 86' lang='lat' dir='ltr'><strong>llic</strong></span> <span class='ocrx_word' id='word_1_96' title='bbox 892 736 954 756; x_wconf 87' lang='lat' dir='ltr'><strong>cum</strong></span> 
     </span>
    </p>
   </div>
   <div class='ocr_carea' id='block_1_17' title="bbox 168 770 956 811">
    <p class='ocr_par' dir='ltr' id='par_1_17' title="bbox 168 770 956 811">
     <span class='ocr_line' id='line_1_17' title="bbox 168 770 956 811; baseline 0.008 -15"><span class='ocrx_word' id='word_1_97' title='bbox 168 770 266 797; x_wconf 87' lang='lat' dir='ltr'><strong>diebus</strong></span> <span class='ocrx_word' id='word_1_98' title='bbox 284 771 412 805; x_wconf 84' lang='lat' dir='ltr'><strong>pluribus</strong></span> <span class='ocrx_word' id='word_1_99' title='bbox 437 771 505 799; x_wconf 90' lang='lat' dir='ltr'><strong>dura</strong></span> <span class='ocrx_word' id='word_1_100' title='bbox 525 774 652 805; x_wconf 84' lang='lat' dir='ltr'><strong>verbera,</strong></span> <span class='ocrx_word' id='word_1_101' title='bbox 672 783 732 809; x_wconf 78' lang='lat' dir='ltr'><strong>quze</strong></span> <span class='ocrx_word' id='word_1_102' title='bbox 745 776 769 802; x_wconf 87' lang='lat' dir='ltr'><strong>ei</strong></span> <span class='ocrx_word' id='word_1_103' title='bbox 784 775 892 803; x_wconf 80' lang='lat' dir='ltr'><strong>Atticus</strong></span> <span class='ocrx_word' id='word_1_104' title='bbox 908 784 956 811; x_wconf 86' lang='lat' dir='ltr'><strong>per</strong></span> 
     </span>
    </p>
   </div>
   <div class='ocr_carea' id='block_1_18' title="bbox 170 817 954 856">
    <p class='ocr_par' dir='ltr' id='par_1_18' title="bbox 170 817 954 856">
     <span class='ocr_line' id='line_1_18' title="bbox 170 817 954 856; baseline 0.009 -14"><span class='ocrx_word' id='word_1_105' title='bbox 170 821 304 843; x_wconf 69' lang='lat' dir='ltr'><strong>tortor-uta</strong></span> <span class='ocrx_word' id='word_1_106' title='bbox 325 817 469 849; x_wconf 78' lang='lat' dir='ltr'><strong>inferebat,</strong></span> <span class='ocrx_word' id='word_1_107' title='bbox 495 818 605 845; x_wconf 79' lang='lat' dir='ltr'><strong>fortiter</strong></span> <span class='ocrx_word' id='word_1_108' title='bbox 621 821 792 854; x_wconf 81' lang='lat' dir='ltr'><strong>pertulisset,</strong></span> <span class='ocrx_word' id='word_1_109' title='bbox 812 822 869 856; x_wconf 86' lang='lat' dir='ltr'><strong>pari</strong></span> <span class='ocrx_word' id='word_1_110' title='bbox 893 830 954 848; x_wconf 83' lang='lat' dir='ltr'><strong>cum</strong></span> 
     </span>
    </p>
   </div>
   <div class='ocr_carea' id='block_1_19' title="bbox 167 861 953 901">
    <p class='ocr_par' dir='ltr' id='par_1_19' title="bbox 167 861 953 901">
     <span class='ocr_line' id='line_1_19' title="bbox 167 861 953 901; baseline 0.01 -14"><span class='ocrx_word' id='word_1_111' title='bbox 167 861 279 888; x_wconf 78' lang='lat' dir='ltr'><strong>Christo</strong></span> <span class='ocrx_word' id='word_1_112' title='bbox 293 863 429 896; x_wconf 88' lang='lat' dir='ltr'><strong>supplicio</strong></span> <span class='ocrx_word' id='word_1_113' title='bbox 444 869 488 891; x_wconf 87' lang='lat' dir='ltr'><strong>est</strong></span> <span class='ocrx_word' id='word_1_114' title='bbox 511 864 638 893; x_wconf 76' lang='lat' dir='ltr'><strong>aﬂ‘ectus.</strong></span> <span class='ocrx_word' id='word_1_115' title='bbox 661 866 784 901; x_wconf 82' lang='lat' dir='ltr'><strong>Namque</strong></span> <span class='ocrx_word' id='word_1_116' title='bbox 797 867 824 894; x_wconf 92' lang='lat' dir='ltr'><strong>in</strong></span> <span class='ocrx_word' id='word_1_117' title='bbox 844 875 953 895; x_wconf 87' lang='lat' dir='ltr'><strong>crucem</strong></span> 
     </span>
    </p>
   </div>
   <div class='ocr_carea' id='block_1_20' title="bbox 169 908 956 948">
    <p class='ocr_par' dir='ltr' id='par_1_20' title="bbox 169 908 956 948">
     <span class='ocr_line' id='line_1_20' title="bbox 169 908 956 948; baseline 0.01 -15"><span class='ocrx_word' id='word_1_118' title='bbox 169 908 306 940; x_wconf 75' lang='lat' dir='ltr'><strong>sublatus,</strong></span> <span class='ocrx_word' id='word_1_119' title='bbox 328 909 362 935; x_wconf 91' lang='lat' dir='ltr'><strong>ad</strong></span> <span class='ocrx_word' id='word_1_120' title='bbox 379 910 455 936; x_wconf 88' lang='lat' dir='ltr'><strong>illum</strong></span> <span class='ocrx_word' id='word_1_121' title='bbox 473 911 596 938; x_wconf 88' lang='lat' dir='ltr'><strong>moriens</strong></span> <span class='ocrx_word' id='word_1_122' title='bbox 614 913 733 945; x_wconf 82' lang='lat' dir='ltr'><strong>transiit,</strong></span> <span class='ocrx_word' id='word_1_123' title='bbox 761 921 823 940; x_wconf 90' lang='lat' dir='ltr'><strong>cum</strong></span> <span class='ocrx_word' id='word_1_124' title='bbox 846 913 956 948; x_wconf 83' lang='lat' dir='ltr'><strong>quidem</strong></span> 
     </span>
    </p>
   </div>
   <div class='ocr_carea' id='block_1_21' title="bbox 169 957 957 993">
    <p class='ocr_par' dir='ltr' id='par_1_21' title="bbox 169 957 957 993">
     <span class='ocr_line' id='line_1_21' title="bbox 169 957 957 993; baseline 0.01 -13"><span class='ocrx_word' id='word_1_125' title='bbox 169 959 278 981; x_wconf 73' lang='lat' dir='ltr'><strong>centum</strong></span> <span class='ocrx_word' id='word_1_126' title='bbox 296 961 323 982; x_wconf 89' lang='lat' dir='ltr'><strong>et</strong></span> <span class='ocrx_word' id='word_1_127' title='bbox 342 957 435 990; x_wconf 78' lang='lat' dir='ltr'><strong>viginti</strong></span> <span class='ocrx_word' id='word_1_128' title='bbox 466 958 617 993; x_wconf 78' lang='lat' dir='ltr'><strong>peregisset</strong></span> <span class='ocrx_word' id='word_1_129' title='bbox 644 967 740 986; x_wconf 78' lang='lat' dir='ltr'><strong>annos.</strong></span> <span class='ocrx_word' id='word_1_130' title='bbox 767 959 870 987; x_wconf 78' lang='lat' dir='ltr'><strong>Scribit</strong></span> <span class='ocrx_word' id='word_1_131' title='bbox 891 968 957 988; x_wconf 88' lang='lat' dir='ltr'><strong>sane</strong></span> 
     </span>
    </p>
   </div>
   <div class='ocr_carea' id='block_1_22' title="bbox 170 1001 959 1040">
    <p class='ocr_par' dir='ltr' id='par_1_22' title="bbox 170 1001 959 1040">
     <span class='ocr_line' id='line_1_22' title="bbox 170 1001 959 1040; baseline 0.01 -14"><span class='ocrx_word' id='word_1_132' title='bbox 170 1001 349 1035; x_wconf 79' lang='lat' dir='ltr'><strong>ilegesippus,</strong></span> <span class='ocrx_word' id='word_1_133' title='bbox 367 1010 429 1029; x_wconf 87' lang='lat' dir='ltr'><strong>cum</strong></span> <span class='ocrx_word' id='word_1_134' title='bbox 443 1011 476 1030; x_wconf 90' lang='lat' dir='ltr'><strong>eo</strong></span> <span class='ocrx_word' id='word_1_135' title='bbox 490 1009 615 1038; x_wconf 85' lang='lat' dir='ltr'><strong>tempore</strong></span> <span class='ocrx_word' id='word_1_136' title='bbox 628 1005 713 1032; x_wconf 82' lang='lat' dir='ltr'><strong>Juda-i</strong></span> <span class='ocrx_word' id='word_1_137' title='bbox 732 1005 812 1040; x_wconf 76' lang='lat' dir='ltr'><strong>regia:</strong></span> <span class='ocrx_word' id='word_1_138' title='bbox 824 1006 918 1040; x_wconf 87' lang='lat' dir='ltr'><strong>stirpis</strong></span> <span class='ocrx_word' id='word_1_139' title='bbox 931 1012 959 1034; x_wconf 91' lang='lat' dir='ltr'><strong>et</strong></span> 
     </span>
    </p>
   </div>
   <div class='ocr_carea' id='block_1_23' title="bbox 171 1047 958 1087">
    <p class='ocr_par' dir='ltr' id='par_1_23' title="bbox 171 1047 958 1087">
     <span class='ocr_line' id='line_1_23' title="bbox 171 1047 958 1087; baseline 0.01 -14"><span class='ocrx_word' id='word_1_140' title='bbox 171 1047 260 1074; x_wconf 85' lang='lat' dir='ltr'><strong>tribus</strong></span> <span class='ocrx_word' id='word_1_141' title='bbox 276 1048 495 1082; x_wconf 75' lang='lat' dir='ltr'><strong>inquirerentur.</strong></span> <span class='ocrx_word' id='word_1_142' title='bbox 513 1051 603 1085; x_wconf 87' lang='lat' dir='ltr'><strong>ipsius</strong></span> <span class='ocrx_word' id='word_1_143' title='bbox 620 1059 732 1087; x_wconf 88' lang='lat' dir='ltr'><strong>quoque</strong></span> <span class='ocrx_word' id='word_1_144' title='bbox 748 1052 896 1087; x_wconf 82' lang='lat' dir='ltr'><strong>Symeonis</strong></span> <span class='ocrx_word' id='word_1_145' title='bbox 910 1062 958 1081; x_wconf 90' lang='lat' dir='ltr'><strong>ac-</strong></span> 
     </span>
    </p>
   </div>
   <div class='ocr_carea' id='block_1_24' title="bbox 171 1095 960 1134">
    <p class='ocr_par' dir='ltr' id='par_1_24' title="bbox 171 1095 960 1134">
     <span class='ocr_line' id='line_1_24' title="bbox 171 1095 960 1134; baseline 0.011 -17"><span class='ocrx_word' id='word_1_146' title='bbox 171 1099 323 1123; x_wconf 76' lang='lat' dir='ltr'><strong>cusatorcs.</strong></span> <span class='ocrx_word' id='word_1_147' title='bbox 339 1095 410 1128; x_wconf 83' lang='lat' dir='ltr'><strong>quod</strong></span> <span class='ocrx_word' id='word_1_148' title='bbox 441 1095 568 1123; x_wconf 82' lang='lat' dir='ltr'><strong>videlicet</strong></span> <span class='ocrx_word' id='word_1_149' title='bbox 597 1105 630 1123; x_wconf 78' lang='lat' dir='ltr'><strong>ex</strong></span> <span class='ocrx_word' id='word_1_150' title='bbox 660 1098 700 1124; x_wconf 85' lang='lat' dir='ltr'><strong>eis</strong></span> <span class='ocrx_word' id='word_1_151' title='bbox 731 1103 834 1130; x_wconf 79' lang='lat' dir='ltr'><strong>essent.</strong></span> <span class='ocrx_word' id='word_1_152' title='bbox 865 1103 960 1134; x_wconf 82' lang='lat' dir='ltr'><strong>captos</strong></span> 
     </span>
    </p>
   </div>
   <div class='ocr_carea' id='block_1_25' title="bbox 170 1138 958 1177">
    <p class='ocr_par' dir='ltr' id='par_1_25' title="bbox 170 1138 958 1177">
     <span class='ocr_line' id='line_1_25' title="bbox 170 1138 958 1177; baseline 0.01 -14"><span class='ocrx_word' id='word_1_153' title='bbox 170 1145 242 1164; x_wconf 82' lang='lat' dir='ltr'><strong>esse.</strong></span> <span class='ocrx_word' id='word_1_154' title='bbox 257 1138 334 1170; x_wconf 83' lang='lat' dir='ltr'><strong>Quod</strong></span> <span class='ocrx_word' id='word_1_155' title='bbox 351 1139 373 1165; x_wconf 82' lang='lat' dir='ltr'><strong>si</strong></span> <span class='ocrx_word' id='word_1_156' title='bbox 389 1140 452 1174; x_wconf 83' lang='lat' dir='ltr'><strong>quis</strong></span> <span class='ocrx_word' id='word_1_157' title='bbox 468 1148 540 1166; x_wconf 71' lang='lat' dir='ltr'><strong>verae</strong></span> <span class='ocrx_word' id='word_1_158' title='bbox 558 1142 657 1168; x_wconf 89' lang='lat' dir='ltr'><strong>rationi</strong></span> <span class='ocrx_word' id='word_1_159' title='bbox 672 1148 753 1177; x_wconf 81' lang='lat' dir='ltr'><strong>atque</strong></span> <span class='ocrx_word' id='word_1_160' title='bbox 769 1143 958 1171; x_wconf 73' lang='lat' dir='ltr'><strong>observationi</strong></span> 
     </span>
    </p>
   </div>
   <div class='ocr_carea' id='block_1_26' title="bbox 173 1183 959 1221">
    <p class='ocr_par' dir='ltr' id='par_1_26' title="bbox 173 1183 959 1221">
     <span class='ocr_line' id='line_1_26' title="bbox 173 1183 959 1221; baseline 0.01 -13"><span class='ocrx_word' id='word_1_161' title='bbox 173 1183 291 1213; x_wconf 71' lang='lat' dir='ltr'><strong>illslalul.</strong></span> <span class='ocrx_word' id='word_1_162' title='bbox 319 1189 392 1210; x_wconf 80' lang='lat' dir='ltr'><strong>recte</strong></span> <span class='ocrx_word' id='word_1_163' title='bbox 410 1184 533 1218; x_wconf 79' lang='lat' dir='ltr'><strong>profecto</strong></span> <span class='ocrx_word' id='word_1_164' title='bbox 562 1186 724 1221; x_wconf 83' lang='lat' dir='ltr'><strong>Symeoneut</strong></span> <span class='ocrx_word' id='word_1_165' title='bbox 759 1187 832 1215; x_wconf 86' lang='lat' dir='ltr'><strong>hunc</strong></span> <span class='ocrx_word' id='word_1_166' title='bbox 846 1196 879 1216; x_wconf 74' lang='lat' dir='ltr'><strong>ex</strong></span> <span class='ocrx_word' id='word_1_167' title='bbox 905 1189 959 1216; x_wconf 82' lang='lat' dir='ltr'><strong>illis</strong></span> 
     </span>
    </p>
   </div>
   <div class='ocr_carea' id='block_1_27' title="bbox 170 1228 958 1268">
    <p class='ocr_par' dir='ltr' id='par_1_27' title="bbox 170 1228 958 1268">
     <span class='ocr_line' id='line_1_27' title="bbox 170 1228 958 1268; baseline 0.008 -12"><span class='ocrx_word' id='word_1_168' title='bbox 170 1228 256 1256; x_wconf 68' lang='lat' dir='ltr'><strong>fuisse</strong></span> <span class='ocrx_word' id='word_1_169' title='bbox 274 1228 358 1261; x_wconf 84' lang='lat' dir='ltr'><strong>dicat,</strong></span> <span class='ocrx_word' id='word_1_170' title='bbox 377 1231 423 1264; x_wconf 88' lang='lat' dir='ltr'><strong>qui</strong></span> <span class='ocrx_word' id='word_1_171' title='bbox 443 1231 589 1258; x_wconf 90' lang='lat' dir='ltr'><strong>Dominum</strong></span> <span class='ocrx_word' id='word_1_172' title='bbox 605 1233 663 1260; x_wconf 88' lang='lat' dir='ltr'><strong>suis</strong></span> <span class='ocrx_word' id='word_1_173' title='bbox 676 1234 798 1268; x_wconf 88' lang='lat' dir='ltr'><strong>ipsorum</strong></span> <span class='ocrx_word' id='word_1_174' title='bbox 820 1235 908 1262; x_wconf 90' lang='lat' dir='ltr'><strong>oculis</strong></span> <span class='ocrx_word' id='word_1_175' title='bbox 922 1235 958 1262; x_wconf 85' lang='lat' dir='ltr'><strong>vi-</strong></span> 
     </span>
    </p>
   </div>
   <div class='ocr_carea' id='block_1_28' title="bbox 172 1275 959 1315">
    <p class='ocr_par' dir='ltr' id='par_1_28' title="bbox 172 1275 959 1315">
     <span class='ocr_line' id='line_1_28' title="bbox 172 1275 959 1315; baseline 0.008 -13"><span class='ocrx_word' id='word_1_176' title='bbox 172 1275 276 1307; x_wconf 82' lang='lat' dir='ltr'><strong>derint,</strong></span> <span class='ocrx_word' id='word_1_177' title='bbox 308 1282 336 1304; x_wconf 90' lang='lat' dir='ltr'><strong>et</strong></span> <span class='ocrx_word' id='word_1_178' title='bbox 355 1278 472 1305; x_wconf 83' lang='lat' dir='ltr'><strong>auribus</strong></span> <span class='ocrx_word' id='word_1_179' title='bbox 490 1279 643 1306; x_wconf 78' lang='lat' dir='ltr'><strong>audierint.</strong></span> <span class='ocrx_word' id='word_1_180' title='bbox 672 1281 805 1315; x_wconf 85' lang='lat' dir='ltr'><strong>Apertqu</strong></span> <span class='ocrx_word' id='word_1_181' title='bbox 828 1282 959 1309; x_wconf 88' lang='lat' dir='ltr'><strong>nimirum</strong></span> 
     </span>
    </p>
   </div>
   <div class='ocr_carea' id='block_1_29' title="bbox 173 1322 961 1362">
    <p class='ocr_par' dir='ltr' id='par_1_29' title="bbox 173 1322 961 1362">
     <span class='ocr_line' id='line_1_29' title="bbox 173 1322 961 1362; baseline 0.008 -14"><span class='ocrx_word' id='word_1_182' title='bbox 173 1322 305 1350; x_wconf 85' lang='lat' dir='ltr'><strong>indicium</strong></span> <span class='ocrx_word' id='word_1_183' title='bbox 328 1327 371 1350; x_wconf 85' lang='lat' dir='ltr'><strong>est</strong></span> <span class='ocrx_word' id='word_1_184' title='bbox 408 1324 569 1359; x_wconf 68' lang='lat' dir='ltr'><strong>longaavitas</strong></span> <span class='ocrx_word' id='word_1_185' title='bbox 584 1326 671 1360; x_wconf 84' lang='lat' dir='ltr'><strong>ipsius</strong></span> <span class='ocrx_word' id='word_1_186' title='bbox 686 1336 693 1354; x_wconf 86' lang='lat'><strong><em>:</em></strong></span> <span class='ocrx_word' id='word_1_187' title='bbox 710 1331 737 1354; x_wconf 83' lang='lat' dir='ltr'><strong>et</strong></span> <span class='ocrx_word' id='word_1_188' title='bbox 759 1328 832 1362; x_wconf 86' lang='lat' dir='ltr'><strong>quod</strong></span> <span class='ocrx_word' id='word_1_189' title='bbox 853 1328 961 1355; x_wconf 84' lang='lat' dir='ltr'><strong>divino-</strong></span> 
     </span>
    </p>
   </div>
   <div class='ocr_carea' id='block_1_30' title="bbox 173 1370 959 1408">
    <p class='ocr_par' dir='ltr' id='par_1_30' title="bbox 173 1370 959 1408">
     <span class='ocr_line' id='line_1_30' title="bbox 173 1370 959 1408; baseline 0.009 -13"><span class='ocrx_word' id='word_1_190' title='bbox 173 1377 233 1396; x_wconf 88' lang='lat' dir='ltr'><strong>rum</strong></span> <span class='ocrx_word' id='word_1_191' title='bbox 257 1370 466 1406; x_wconf 79' lang='lat' dir='ltr'><strong>Evangeliorum</strong></span> <span class='ocrx_word' id='word_1_192' title='bbox 484 1373 619 1408; x_wconf 84' lang='lat' dir='ltr'><strong>scriptura</strong></span> <span class='ocrx_word' id='word_1_193' title='bbox 643 1373 732 1401; x_wconf 72' lang='lat' dir='ltr'><strong>Maria:</strong></span> <span class='ocrx_word' id='word_1_194' title='bbox 750 1374 890 1406; x_wconf 78' lang='lat' dir='ltr'><strong>Cleophae.</strong></span> <span class='ocrx_word' id='word_1_195' title='bbox 926 1382 959 1402; x_wconf 75' lang='lat' dir='ltr'><strong>ex</strong></span> 
     </span>
    </p>
   </div>
   <div class='ocr_carea' id='block_1_31' title="bbox 171 1417 962 1455">
    <p class='ocr_par' dir='ltr' id='par_1_31' title="bbox 171 1417 962 1455">
     <span class='ocr_line' id='line_1_31' title="bbox 171 1417 962 1455; baseline 0.009 -12"><span class='ocrx_word' id='word_1_196' title='bbox 171 1424 228 1451; x_wconf 84' lang='lat' dir='ltr'><strong>quo</strong></span> <span class='ocrx_word' id='word_1_197' title='bbox 242 1417 314 1445; x_wconf 89' lang='lat' dir='ltr'><strong>hunc</strong></span> <span class='ocrx_word' id='word_1_198' title='bbox 327 1423 490 1453; x_wconf 82' lang='lat' dir='ltr'><strong>prognatum</strong></span> <span class='ocrx_word' id='word_1_199' title='bbox 517 1427 579 1447; x_wconf 87' lang='lat' dir='ltr'><strong>esse</strong></span> <span class='ocrx_word' id='word_1_200' title='bbox 595 1428 678 1455; x_wconf 85' lang='lat' dir='ltr'><strong>supra</strong></span> <span class='ocrx_word' id='word_1_201' title='bbox 697 1421 828 1454; x_wconf 62' lang='lat' dir='ltr'><strong>diximus.</strong></span> <span class='ocrx_word' id='word_1_202' title='bbox 845 1423 962 1450; x_wconf 89' lang='lat' dir='ltr'><strong>mentio-</strong></span> 
     </span>
    </p>
   </div>
   <div class='ocr_carea' id='block_1_32' title="bbox 175 1464 960 1503">
    <p class='ocr_par' dir='ltr' id='par_1_32' title="bbox 175 1464 960 1503">
     <span class='ocr_line' id='line_1_32' title="bbox 175 1464 960 1503; baseline 0.009 -13"><span class='ocrx_word' id='word_1_203' title='bbox 175 1471 239 1491; x_wconf 81' lang='lat' dir='ltr'><strong>nem</strong></span> <span class='ocrx_word' id='word_1_204' title='bbox 272 1464 346 1491; x_wconf 81' lang='lat' dir='ltr'><strong>facit.</strong></span> <span class='ocrx_word' id='word_1_205' title='bbox 373 1465 447 1492; x_wconf 84' lang='lat' dir='ltr'><strong>Idem</strong></span> <span class='ocrx_word' id='word_1_206' title='bbox 477 1465 628 1494; x_wconf 86' lang='lat' dir='ltr'><strong>historicus</strong></span> <span class='ocrx_word' id='word_1_207' title='bbox 658 1468 772 1495; x_wconf 86' lang='lat' dir='ltr'><strong>alterius</strong></span> <span class='ocrx_word' id='word_1_208' title='bbox 801 1469 960 1503; x_wconf 72' lang='lat' dir='ltr'><strong>cujusdam,</strong></span> 
     </span>
    </p>
   </div>
   <div class='ocr_carea' id='block_1_33' title="bbox 173 1509 960 1549">
    <p class='ocr_par' dir='ltr' id='par_1_33' title="bbox 173 1509 960 1549">
     <span class='ocr_line' id='line_1_33' title="bbox 173 1509 960 1549; baseline 0.008 -13"><span class='ocrx_word' id='word_1_209' title='bbox 173 1509 256 1536; x_wconf 81' lang='lat' dir='ltr'><strong>unius</strong></span> <span class='ocrx_word' id='word_1_210' title='bbox 270 1517 304 1537; x_wconf 75' lang='lat' dir='ltr'><strong>ex</strong></span> <span class='ocrx_word' id='word_1_211' title='bbox 329 1510 376 1542; x_wconf 82' lang='lat' dir='ltr'><strong>iis,</strong></span> <span class='ocrx_word' id='word_1_212' title='bbox 393 1513 440 1546; x_wconf 78' lang='lat' dir='ltr'><strong>qui</strong></span> <span class='ocrx_word' id='word_1_213' title='bbox 461 1519 493 1539; x_wconf 81' lang='lat' dir='ltr'><strong>ex</strong></span> <span class='ocrx_word' id='word_1_214' title='bbox 519 1519 619 1546; x_wconf 76' lang='lat' dir='ltr'><strong>genere</strong></span> <span class='ocrx_word' id='word_1_215' title='bbox 634 1513 688 1540; x_wconf 84' lang='grc' dir='ltr'>οι·ιί</span> <span class='ocrx_word' id='word_1_216' title='bbox 705 1519 785 1542; x_wconf 80' lang='lat' dir='ltr'><strong>erant</strong></span> <span class='ocrx_word' id='word_1_217' title='bbox 800 1514 960 1549; x_wconf 83' lang='lat' dir='ltr'><strong>Salvatoris,</strong></span> 
     </span>
    </p>
   </div>
   <div class='ocr_carea' id='block_1_34' title="bbox 173 1556 960 1594">
    <p class='ocr_par' dir='ltr' id='par_1_34' title="bbox 173 1556 960 1594">
     <span class='ocr_line' id='line_1_34' title="bbox 173 1556 960 1594; baseline 0.009 -12"><span class='ocrx_word' id='word_1_218' title='bbox 173 1557 219 1583; x_wconf 83' lang='lat' dir='ltr'><strong>cui</strong></span> <span class='ocrx_word' id='word_1_219' title='bbox 241 1556 318 1584; x_wconf 64' lang='lat' dir='ltr'><strong>ludat</strong></span> <span class='ocrx_word' id='word_1_220' title='bbox 345 1565 444 1585; x_wconf 90' lang='lat' dir='ltr'><strong>nomen</strong></span> <span class='ocrx_word' id='word_1_221' title='bbox 476 1557 572 1591; x_wconf 86' lang='lat' dir='ltr'><strong>fuerit,</strong></span> <span class='ocrx_word' id='word_1_222' title='bbox 602 1560 737 1592; x_wconf 85' lang='lat' dir='ltr'><strong>meminit,</strong></span> <span class='ocrx_word' id='word_1_223' title='bbox 752 1568 833 1594; x_wconf 85' lang='lat' dir='ltr'><strong>quem</strong></span> <span class='ocrx_word' id='word_1_224' title='bbox 849 1563 882 1588; x_wconf 87' lang='lat' dir='ltr'><strong>ad</strong></span> <span class='ocrx_word' id='word_1_225' title='bbox 901 1569 960 1589; x_wconf 87' lang='lat' dir='ltr'><strong>eam</strong></span> 
     </span>
    </p>
   </div>
   <div class='ocr_carea' id='block_1_35' title="bbox 175 1605 961 1641">
    <p class='ocr_par' dir='ltr' id='par_1_35' title="bbox 175 1605 961 1641">
     <span class='ocr_line' id='line_1_35' title="bbox 175 1605 961 1641; baseline 0.006 -12"><span class='ocrx_word' id='word_1_226' title='bbox 175 1610 287 1638; x_wconf 85' lang='lat' dir='ltr'><strong>quoque</strong></span> <span class='ocrx_word' id='word_1_227' title='bbox 313 1609 423 1632; x_wconf 72' lang='lat' dir='ltr'><strong>aetatem</strong></span> <span class='ocrx_word' id='word_1_228' title='bbox 443 1605 543 1632; x_wconf 64' lang='lat' dir='ltr'><strong>vinisse</strong></span> <span class='ocrx_word' id='word_1_229' title='bbox 557 1605 624 1632; x_wconf 82' lang='lat' dir='ltr'><strong>dicit</strong></span> <span class='ocrx_word' id='word_1_230' title='bbox 639 1615 646 1633; x_wconf 88' lang='lat'><strong>:</strong></span> <span class='ocrx_word' id='word_1_231' title='bbox 665 1611 726 1640; x_wconf 88' lang='lat' dir='ltr'><strong>post</strong></span> <span class='ocrx_word' id='word_1_232' title='bbox 742 1606 780 1639; x_wconf 87' lang='lat' dir='ltr'><strong>id,</strong></span> <span class='ocrx_word' id='word_1_233' title='bbox 797 1607 869 1641; x_wconf 85' lang='lat' dir='ltr'><strong>quod</strong></span> <span class='ocrx_word' id='word_1_234' title='bbox 898 1613 961 1634; x_wconf 87' lang='lat' dir='ltr'><strong>ante</strong></span> 
     </span>
    </p>
   </div>
   <div class='ocr_carea' id='block_1_36' title="bbox 175 1650 961 1688">
    <p class='ocr_par' dir='ltr' id='par_1_36' title="bbox 175 1650 961 1688">
     <span class='ocr_line' id='line_1_36' title="bbox 175 1650 961 1688; baseline 0.004 -11"><span class='ocrx_word' id='word_1_235' title='bbox 175 1650 317 1684; x_wconf 82' lang='lat' dir='ltr'><strong>exposuit,</strong></span> <span class='ocrx_word' id='word_1_236' title='bbox 346 1652 530 1684; x_wconf 85' lang='lat' dir='ltr'><strong>quorumdam</strong></span> <span class='ocrx_word' id='word_1_237' title='bbox 551 1652 602 1678; x_wconf 87' lang='lat' dir='ltr'><strong>sub</strong></span> <span class='ocrx_word' id='word_1_238' title='bbox 617 1652 772 1680; x_wconf 90' lang='lat' dir='ltr'><strong>Domitiano</strong></span> <span class='ocrx_word' id='word_1_239' title='bbox 790 1661 839 1688; x_wconf 93' lang='lat' dir='ltr'><strong>pro</strong></span> <span class='ocrx_word' id='word_1_240' title='bbox 862 1653 914 1681; x_wconf 82' lang='lat' dir='ltr'><strong>[ide</strong></span> <span class='ocrx_word' id='word_1_241' title='bbox 934 1655 961 1680; x_wconf 91' lang='lat' dir='ltr'><strong>in</strong></span> 
     </span>
    </p>
   </div>
   <div class='ocr_carea' id='block_1_37' title="bbox 175 1695 962 1732">
    <p class='ocr_par' dir='ltr' id='par_1_37' title="bbox 175 1695 962 1732">
     <span class='ocr_line' id='line_1_37' title="bbox 175 1695 962 1732; baseline 0.006 -10"><span class='ocrx_word' id='word_1_242' title='bbox 175 1695 316 1722; x_wconf 87' lang='lat' dir='ltr'><strong>Christum</strong></span> <span class='ocrx_word' id='word_1_243' title='bbox 335 1701 477 1730; x_wconf 84' lang='lat' dir='ltr'><strong>peractum</strong></span> <span class='ocrx_word' id='word_1_244' title='bbox 501 1698 676 1732; x_wconf 79' lang='lat' dir='ltr'><strong>martyrium.</strong></span> <span class='ocrx_word' id='word_1_245' title='bbox 695 1698 798 1725; x_wconf 84' lang='lat' dir='ltr'><strong>Scribit</strong></span> <span class='ocrx_word' id='word_1_246' title='bbox 822 1706 913 1727; x_wconf 90' lang='lat' dir='ltr'><strong>autem</strong></span> <span class='ocrx_word' id='word_1_247' title='bbox 930 1700 962 1727; x_wconf 79' lang='lat' dir='ltr'><strong>ad</strong></span> 
     </span>
    </p>
   </div>
   <div class='ocr_carea' id='block_1_38' title="bbox 180 1742 964 1779">
    <p class='ocr_par' dir='ltr' id='par_1_38' title="bbox 180 1742 964 1779">
     <span class='ocr_line' id='line_1_38' title="bbox 180 1742 964 1779; baseline 0.005 -12"><span class='ocrx_word' id='word_1_248' title='bbox 180 1743 255 1768; x_wconf 88' lang='lat' dir='ltr'><strong>hunc</strong></span> <span class='ocrx_word' id='word_1_249' title='bbox 285 1742 397 1769; x_wconf 88' lang='lat' dir='ltr'><strong>modum</strong></span> <span class='ocrx_word' id='word_1_250' title='bbox 415 1750 421 1767; x_wconf 90' lang='lat'>:</span> <span class='ocrx_word' id='word_1_251' title='bbox 441 1751 449 1767; x_wconf 77' lang='grc' dir='ltr'><strong>ι</strong></span> <span class='ocrx_word' id='word_1_252' title='bbox 470 1742 552 1778; x_wconf 62' lang='grc'><strong>246</strong></span> <span class='ocrx_word' id='word_1_253' title='bbox 576 1743 716 1771; x_wconf 79' lang='lat' dir='ltr'><strong>Venerunt</strong></span> <span class='ocrx_word' id='word_1_254' title='bbox 745 1744 828 1778; x_wconf 87' lang='lat' dir='ltr'><strong>igitur</strong></span> <span class='ocrx_word' id='word_1_255' title='bbox 842 1749 869 1771; x_wconf 88' lang='lat' dir='ltr'><strong>et</strong></span> <span class='ocrx_word' id='word_1_256' title='bbox 895 1752 964 1779; x_wconf 71' lang='lat' dir='ltr'><strong>prae-</strong></span> 
     </span>
    </p>
   </div>
   <div class='ocr_carea' id='block_1_39' title="bbox 178 1787 963 1825">
    <p class='ocr_par' dir='ltr' id='par_1_39' title="bbox 178 1787 963 1825">
     <span class='ocr_line' id='line_1_39' title="bbox 178 1787 963 1825; baseline 0.006 -12"><span class='ocrx_word' id='word_1_257' title='bbox 178 1788 291 1814; x_wconf 84' lang='lat' dir='ltr'><strong>t&#39;nerunt</strong></span> <span class='ocrx_word' id='word_1_258' title='bbox 319 1787 448 1814; x_wconf 60' lang='lat' dir='ltr'><strong>Ecdesia!</strong></span> <span class='ocrx_word' id='word_1_259' title='bbox 470 1790 556 1821; x_wconf 92' lang='lat' dir='ltr'><strong>omni,</strong></span> <span class='ocrx_word' id='word_1_260' title='bbox 587 1790 661 1816; x_wconf 86' lang='lat' dir='ltr'><strong>velut</strong></span> <span class='ocrx_word' id='word_1_261' title='bbox 679 1796 814 1825; x_wconf 80' lang='lat' dir='ltr'><strong>martyres</strong></span> <span class='ocrx_word' id='word_1_262' title='bbox 826 1795 853 1818; x_wconf 87' lang='lat' dir='ltr'><strong>et</strong></span> <span class='ocrx_word' id='word_1_263' title='bbox 871 1795 963 1823; x_wconf 84' lang='lat' dir='ltr'><strong>testes,</strong></span> 
     </span>
    </p>
   </div>
   <div class='ocr_carea' id='block_1_40' title="bbox 178 1833 966 1871">
    <p class='ocr_par' dir='ltr' id='par_1_40' title="bbox 178 1833 966 1871">
     <span class='ocr_line' id='line_1_40' title="bbox 178 1833 966 1871; baseline 0.004 -11"><span class='ocrx_word' id='word_1_264' title='bbox 178 1833 293 1868; x_wconf 72' lang='lat' dir='ltr'><strong>gentiles</strong></span> <span class='ocrx_word' id='word_1_265' title='bbox 304 1841 414 1868; x_wconf 84' lang='lat' dir='ltr'><strong>quoque</strong></span> <span class='ocrx_word' id='word_1_266' title='bbox 432 1834 540 1861; x_wconf 90' lang='lat' dir='ltr'><strong>Domini</strong></span> <span class='ocrx_word' id='word_1_267' title='bbox 554 1844 559 1861; x_wconf 93' lang='lat'><strong>:</strong></span> <span class='ocrx_word' id='word_1_268' title='bbox 572 1840 599 1861; x_wconf 88' lang='lat' dir='ltr'><strong>et</strong></span> <span class='ocrx_word' id='word_1_269' title='bbox 619 1844 684 1869; x_wconf 80' lang='lat' dir='ltr'><strong>pace</strong></span> <span class='ocrx_word' id='word_1_270' title='bbox 703 1836 831 1864; x_wconf 85' lang='lat' dir='ltr'><strong>Eeclesiis</strong></span> <span class='ocrx_word' id='word_1_271' title='bbox 849 1837 966 1871; x_wconf 84' lang='lat' dir='ltr'><strong>reddita,</strong></span> 
     </span>
    </p>
   </div>
   <div class='ocr_carea' id='block_1_41' title="bbox 179 1879 967 1915">
    <p class='ocr_par' dir='ltr' id='par_1_41' title="bbox 179 1879 967 1915">
     <span class='ocr_line' id='line_1_41' title="bbox 179 1879 967 1915; baseline 0.005 -10"><span class='ocrx_word' id='word_1_272' title='bbox 179 1886 267 1913; x_wconf 78' lang='lat' dir='ltr'><strong>usque</strong></span> <span class='ocrx_word' id='word_1_273' title='bbox 295 1879 328 1906; x_wconf 83' lang='lat' dir='ltr'><strong>ad</strong></span> <span class='ocrx_word' id='word_1_274' title='bbox 358 1879 506 1915; x_wconf 86' lang='lat' dir='ltr'><strong>Trajanum</strong></span> <span class='ocrx_word' id='word_1_275' title='bbox 521 1880 658 1908; x_wconf 64' lang='lat' dir='ltr'><strong>Cmsarem</strong></span> <span class='ocrx_word' id='word_1_276' title='bbox 677 1886 840 1909; x_wconf 86' lang='lat' dir='ltr'><strong>manserunt</strong></span> <span class='ocrx_word' id='word_1_277' title='bbox 859 1882 967 1910; x_wconf 88' lang='lat' dir='ltr'><strong>:donec</strong></span> 
     </span>
    </p>
   </div>
   <div class='ocr_carea' id='block_1_42' title="bbox 177 1925 968 1963">
    <p class='ocr_par' dir='ltr' id='par_1_42' title="bbox 177 1925 968 1963">
     <span class='ocr_line' id='line_1_42' title="bbox 177 1925 968 1963; baseline 0.005 -12"><span class='ocrx_word' id='word_1_278' title='bbox 177 1925 274 1958; x_wconf 87' lang='lat' dir='ltr'><strong>etiam,</strong></span> <span class='ocrx_word' id='word_1_279' title='bbox 292 1933 373 1960; x_wconf 85' lang='lat' dir='ltr'><strong>quem</strong></span> <span class='ocrx_word' id='word_1_280' title='bbox 390 1926 521 1960; x_wconf 69' lang='lat' dir='ltr'><strong>diximus,</strong></span> <span class='ocrx_word' id='word_1_281' title='bbox 537 1927 656 1963; x_wconf 83' lang='lat' dir='ltr'><strong>Symeon</strong></span> <span class='ocrx_word' id='word_1_282' title='bbox 673 1927 802 1962; x_wconf 69' lang='lat' dir='ltr'><strong>Cleophe</strong></span> <span class='ocrx_word' id='word_1_283' title='bbox 820 1928 903 1960; x_wconf 75' lang='lat' dir='ltr'><strong>illius,</strong></span> <span class='ocrx_word' id='word_1_284' title='bbox 920 1936 968 1963; x_wconf 84' lang='lat' dir='ltr'><strong>pa-</strong></span> 
     </span>
    </p>
   </div>
   <div class='ocr_carea' id='block_1_43' title="bbox 179 1971 968 2007">
    <p class='ocr_par' dir='ltr' id='par_1_43' title="bbox 179 1971 968 2007">
     <span class='ocr_line' id='line_1_43' title="bbox 179 1971 968 2007; baseline 0.005 -9"><span class='ocrx_word' id='word_1_285' title='bbox 179 1971 233 1999; x_wconf 85' lang='lat' dir='ltr'><strong>trui</strong></span> <span class='ocrx_word' id='word_1_286' title='bbox 260 1972 380 2005; x_wconf 89' lang='lat' dir='ltr'><strong>Domini,</strong></span> <span class='ocrx_word' id='word_1_287' title='bbox 399 1980 446 2007; x_wconf 85' lang='lat' dir='ltr'><strong>per</strong></span> <span class='ocrx_word' id='word_1_288' title='bbox 463 1974 631 2001; x_wconf 82' lang='lat' dir='ltr'><strong>calumniam</strong></span> <span class='ocrx_word' id='word_1_289' title='bbox 652 1975 687 2001; x_wconf 84' lang='lat' dir='ltr'><strong>ab</strong></span> <span class='ocrx_word' id='word_1_290' title='bbox 714 1975 852 2002; x_wconf 80' lang='lat' dir='ltr'><strong>haereticis</strong></span> <span class='ocrx_word' id='word_1_291' title='bbox 871 1975 968 2003; x_wconf 86' lang='lat' dir='ltr'><strong>eodem</strong></span> 
     </span>
    </p>
   </div>
   <div class='ocr_carea' id='block_1_44' title="bbox 180 2018 969 2056">
    <p class='ocr_par' dir='ltr' id='par_1_44' title="bbox 180 2018 969 2056">
     <span class='ocr_line' id='line_1_44' title="bbox 180 2018 969 2056; baseline 0.005 -11"><span class='ocrx_word' id='word_1_292' title='bbox 180 2018 262 2046; x_wconf 86' lang='lat' dir='ltr'><strong>modo</strong></span> <span class='ocrx_word' id='word_1_293' title='bbox 287 2019 359 2053; x_wconf 84' lang='lat' dir='ltr'><strong>apud</strong></span> <span class='ocrx_word' id='word_1_294' title='bbox 379 2019 499 2046; x_wconf 86' lang='lat' dir='ltr'><strong>Atticum</strong></span> <span class='ocrx_word' id='word_1_295' title='bbox 515 2021 689 2048; x_wconf 82' lang='lat' dir='ltr'><strong>consularem</strong></span> <span class='ocrx_word' id='word_1_296' title='bbox 710 2021 818 2050; x_wconf 86' lang='lat' dir='ltr'><strong>delatus</strong></span> <span class='ocrx_word' id='word_1_297' title='bbox 833 2027 885 2049; x_wconf 87' lang='lat' dir='ltr'><strong>est.</strong></span> <span class='ocrx_word' id='word_1_298' title='bbox 916 2023 969 2056; x_wconf 79' lang='lat' dir='ltr'><strong>Qui</strong></span> 
     </span>
    </p>
   </div>
   <div class='ocr_carea' id='block_1_45' title="bbox 178 2063 967 2102">
    <p class='ocr_par' dir='ltr' id='par_1_45' title="bbox 178 2063 967 2102">
     <span class='ocr_line' id='line_1_45' title="bbox 178 2063 967 2102; baseline 0.008 -12"><span class='ocrx_word' id='word_1_299' title='bbox 178 2063 238 2091; x_wconf 82' lang='lat' dir='ltr'><strong>dies</strong></span> <span class='ocrx_word' id='word_1_300' title='bbox 249 2065 350 2092; x_wconf 88' lang='lat' dir='ltr'><strong>multos</strong></span> <span class='ocrx_word' id='word_1_301' title='bbox 368 2069 467 2097; x_wconf 80' lang='lat' dir='ltr'><strong>tortus,</strong></span> <span class='ocrx_word' id='word_1_302' title='bbox 484 2066 520 2093; x_wconf 88' lang='lat' dir='ltr'><strong>ita</strong></span> <span class='ocrx_word' id='word_1_303' title='bbox 544 2067 703 2102; x_wconf 71' lang='lat' dir='ltr'><strong>martyrium</strong></span> <span class='ocrx_word' id='word_1_304' title='bbox 721 2068 800 2100; x_wconf 90' lang='lat' dir='ltr'><strong>obiit,</strong></span> <span class='ocrx_word' id='word_1_305' title='bbox 818 2074 967 2101; x_wconf 84' lang='lat' dir='ltr'><strong>utomnes,</strong></span> 
     </span>
    </p>
   </div>
   <div class='ocr_carea' id='block_1_46' title="bbox 179 2111 970 2147">
    <p class='ocr_par' dir='ltr' id='par_1_46' title="bbox 179 2111 970 2147">
     <span class='ocr_line' id='line_1_46' title="bbox 179 2111 970 2147; baseline 0.008 -10"><span class='ocrx_word' id='word_1_306' title='bbox 179 2114 262 2145; x_wconf 87' lang='lat' dir='ltr'><strong>atque</strong></span> <span class='ocrx_word' id='word_1_307' title='bbox 284 2111 343 2145; x_wconf 82' lang='lat' dir='ltr'><strong>ipse</strong></span> <span class='ocrx_word' id='word_1_308' title='bbox 367 2112 451 2138; x_wconf 90' lang='lat' dir='ltr'><strong>etiam</strong></span> <span class='ocrx_word' id='word_1_309' title='bbox 482 2113 603 2146; x_wconf 84' lang='lat' dir='ltr'><strong>Atticus,</strong></span> <span class='ocrx_word' id='word_1_310' title='bbox 623 2115 804 2147; x_wconf 84' lang='lat' dir='ltr'><strong>mirarentur,</strong></span> <span class='ocrx_word' id='word_1_311' title='bbox 829 2115 970 2143; x_wconf 79' lang='lat' dir='ltr'><strong>hominem</strong></span> 
     </span>
    </p>
   </div>
   <div class='ocr_carea' id='block_1_47' title="bbox 179 2158 972 2195">
    <p class='ocr_par' dir='ltr' id='par_1_47' title="bbox 179 2158 972 2195">
     <span class='ocr_line' id='line_1_47' title="bbox 179 2158 972 2195; baseline 0.006 -12"><span class='ocrx_word' id='word_1_312' title='bbox 179 2162 290 2184; x_wconf 78' lang='lat' dir='ltr'><strong>centum</strong></span> <span class='ocrx_word' id='word_1_313' title='bbox 306 2161 333 2184; x_wconf 84' lang='lat' dir='ltr'><strong>et</strong></span> <span class='ocrx_word' id='word_1_314' title='bbox 355 2158 449 2192; x_wconf 80' lang='lat' dir='ltr'><strong>viginti</strong></span> <span class='ocrx_word' id='word_1_315' title='bbox 472 2167 559 2186; x_wconf 89' lang='lat' dir='ltr'><strong>annos</strong></span> <span class='ocrx_word' id='word_1_316' title='bbox 589 2165 683 2187; x_wconf 87' lang='lat' dir='ltr'><strong>natum</strong></span> <span class='ocrx_word' id='word_1_317' title='bbox 710 2164 814 2187; x_wconf 85' lang='lat' dir='ltr'><strong>tantum</strong></span> <span class='ocrx_word' id='word_1_318' title='bbox 851 2161 972 2195; x_wconf 77' lang='lat' dir='ltr'><strong>perferre</strong></span> 
     </span>
    </p>
   </div>
   <div class='ocr_carea' id='block_1_48' title="bbox 181 2203 967 2242">
    <p class='ocr_par' dir='ltr' id='par_1_48' title="bbox 181 2203 967 2242">
     <span class='ocr_line' id='line_1_48' title="bbox 181 2203 967 2242; baseline 0.004 -13"><span class='ocrx_word' id='word_1_319' title='bbox 181 2203 321 2230; x_wconf 72' lang='lat' dir='ltr'><strong>tormenti.</strong></span> <span class='ocrx_word' id='word_1_320' title='bbox 336 2203 370 2230; x_wconf 87' lang='lat' dir='ltr'><strong>Et</strong></span> <span class='ocrx_word' id='word_1_321' title='bbox 386 2204 409 2232; x_wconf 80' lang='lat' dir='ltr'><strong>is</strong></span> <span class='ocrx_word' id='word_1_322' title='bbox 424 2204 534 2232; x_wconf 80' lang='lat' dir='ltr'><strong>tandem</strong></span> <span class='ocrx_word' id='word_1_323' title='bbox 557 2205 583 2232; x_wconf 95' lang='lat' dir='ltr'><strong>in</strong></span> <span class='ocrx_word' id='word_1_324' title='bbox 605 2213 715 2233; x_wconf 88' lang='lat' dir='ltr'><strong>crucem</strong></span> <span class='ocrx_word' id='word_1_325' title='bbox 734 2207 776 2241; x_wconf 80' lang='lat' dir='ltr'><strong>agi</strong></span> <span class='ocrx_word' id='word_1_326' title='bbox 793 2212 834 2234; x_wconf 89' lang='lat' dir='ltr'><strong>est</strong></span> <span class='ocrx_word' id='word_1_327' title='bbox 848 2208 967 2242; x_wconf 51' lang='lat' dir='ltr'><strong>jussus”</strong></span> 
     </span>
    </p>
   </div>
   <div class='ocr_carea' id='block_1_49' title="bbox 1003 262 1797 299">
    <p class='ocr_par' dir='ltr' id='par_1_49' title="bbox 1003 262 1797 299">
     <span class='ocr_line' id='line_1_49' title="bbox 1003 262 1797 299; baseline -0.003 -9"><span class='ocrx_word' id='word_1_328' title='bbox 1003 265 1040 295; x_wconf 84' lang='grc' dir='ltr'>ὡς</span> <span class='ocrx_word' id='word_1_329' title='bbox 1055 265 1209 299; x_wconf 79' lang='grc' dir='ltr'>σύννυμφον</span> <span class='ocrx_word' id='word_1_330' title='bbox 1231 264 1316 299; x_wconf 85' lang='grc' dir='ltr'>αὐτῆς</span> <span class='ocrx_word' id='word_1_331' title='bbox 1341 264 1424 290; x_wconf 75' lang='grc' dir='ltr'>οὖσαν</span> <span class='ocrx_word' id='word_1_332' title='bbox 1448 265 1494 290; x_wconf 70' lang='grc' dir='ltr'>καὶ</span> <span class='ocrx_word' id='word_1_333' title='bbox 1524 264 1674 298; x_wconf 74' lang='grc' dir='ltr'><strong>θυγατέρα,</strong></span> <span class='ocrx_word' id='word_1_334' title='bbox 1702 263 1754 289; x_wconf 71' lang='grc' dir='ltr'>οὐκ</span> <span class='ocrx_word' id='word_1_335' title='bbox 1769 262 1797 295; x_wconf 75' lang='grc' dir='ltr'>ἐξ</span> 
     </span>
    </p>
   </div>
   <div class='ocr_carea' id='block_1_50' title="bbox 1007 309 1796 344">
    <p class='ocr_par' dir='ltr' id='par_1_50' title="bbox 1007 309 1796 344">
     <span class='ocr_line' id='line_1_50' title="bbox 1007 309 1796 344; baseline -0.003 -7"><span class='ocrx_word' id='word_1_336' title='bbox 1007 311 1105 344; x_wconf 81' lang='grc' dir='ltr'>Ἀννης</span> <span class='ocrx_word' id='word_1_337' title='bbox 1115 312 1160 336; x_wconf 73' lang='grc' dir='ltr'>καὶ</span> <span class='ocrx_word' id='word_1_338' title='bbox 1177 311 1222 336; x_wconf 80' lang='grc' dir='ltr'>τοῦ</span> <span class='ocrx_word' id='word_1_339' title='bbox 1241 311 1379 344; x_wconf 66' lang='grc' dir='ltr'>Ὶωπκεὶμ,</span> <span class='ocrx_word' id='word_1_340' title='bbox 1392 310 1459 336; x_wconf 78' lang='grc' dir='ltr'>ἀλλὰ</span> <span class='ocrx_word' id='word_1_341' title='bbox 1473 310 1608 344; x_wconf 68' lang='grc' dir='ltr'>Σαλώμης</span> <span class='ocrx_word' id='word_1_342' title='bbox 1619 311 1664 336; x_wconf 70' lang='grc' dir='ltr'>καὶ</span> <span class='ocrx_word' id='word_1_343' title='bbox 1684 309 1796 343; x_wconf 75' lang='grc' dir='ltr'>Ἰωσὴφ,</span> 
     </span>
    </p>
   </div>
   <div class='ocr_carea' id='block_1_51' title="bbox 1004 353 1796 390">
    <p class='ocr_par' dir='ltr' id='par_1_51' title="bbox 1004 353 1796 390">
     <span class='ocr_line' id='line_1_51' title="bbox 1004 353 1796 390; baseline -0.001 -11"><span class='ocrx_word' id='word_1_344' title='bbox 1004 354 1041 384; x_wconf 80' lang='grc' dir='ltr'>ὡς</span> <span class='ocrx_word' id='word_1_345' title='bbox 1061 355 1180 388; x_wconf 73' lang='grc' dir='ltr'>εἴρηται,</span> <span class='ocrx_word' id='word_1_346' title='bbox 1205 355 1235 379; x_wconf 74' lang='grc' dir='ltr'>τὸ</span> <span class='ocrx_word' id='word_1_347' title='bbox 1262 354 1309 380; x_wconf 77' lang='grc' dir='ltr'>τοῦ</span> <span class='ocrx_word' id='word_1_348' title='bbox 1341 354 1489 390; x_wconf 70' lang='grc' dir='ltr'><strong>μαρτυρίου</strong></span> <span class='ocrx_word' id='word_1_349' title='bbox 1518 354 1624 380; x_wconf 81' lang='grc' dir='ltr'>στάδιον</span> <span class='ocrx_word' id='word_1_350' title='bbox 1655 353 1796 380; x_wconf 78' lang='grc' dir='ltr'>ὑπελθεῖν.</span> 
     </span>
    </p>
   </div>
   <div class='ocr_carea' id='block_1_52' title="bbox 1005 399 1797 435">
    <p class='ocr_par' dir='ltr' id='par_1_52' title="bbox 1005 399 1797 435">
     <span class='ocr_line' id='line_1_52' title="bbox 1005 399 1797 435; baseline -0.001 -9"><span class='ocrx_word' id='word_1_351' title='bbox 1005 401 1099 434; x_wconf 80' lang='grc' dir='ltr'>Τούτῳ</span> <span class='ocrx_word' id='word_1_352' title='bbox 1115 401 1184 426; x_wconf 76' lang='grc' dir='ltr'>καὶὸ</span> <span class='ocrx_word' id='word_1_353' title='bbox 1209 400 1260 434; x_wconf 79' lang='grc' dir='ltr'>τῆς</span> <span class='ocrx_word' id='word_1_354' title='bbox 1289 400 1482 435; x_wconf 79' lang='grc' dir='ltr'>Ἰεροσολύμων</span> <span class='ocrx_word' id='word_1_355' title='bbox 1510 399 1675 434; x_wconf 78' lang='grc' dir='ltr'>Ἐκκλησίας</span> <span class='ocrx_word' id='word_1_356' title='bbox 1702 399 1797 433; x_wconf 77' lang='grc' dir='ltr'>θρόνος</span> 
     </span>
    </p>
   </div>
   <div class='ocr_carea' id='block_1_53' title="bbox 1007 443 1798 481">
    <p class='ocr_par' dir='ltr' id='par_1_53' title="bbox 1007 443 1798 481">
     <span class='ocr_line' id='line_1_53' title="bbox 1007 443 1798 481; baseline -0.003 -9"><span class='ocrx_word' id='word_1_357' title='bbox 1007 447 1076 480; x_wconf 74' lang='grc' dir='ltr'>μετὶι</span> <span class='ocrx_word' id='word_1_358' title='bbox 1104 447 1233 473; x_wconf 77' lang='grc' dir='ltr'>Ἰάκωϐον</span> <span class='ocrx_word' id='word_1_359' title='bbox 1257 446 1409 481; x_wconf 75' lang='grc' dir='ltr'>ἐπετράπη.</span> <span class='ocrx_word' id='word_1_360' title='bbox 1437 443 1522 476; x_wconf 69' lang='grc' dir='ltr'>Οὗτος</span> <span class='ocrx_word' id='word_1_361' title='bbox 1550 445 1669 472; x_wconf 80' lang='grc' dir='ltr'>τοίνυνό</span> <span class='ocrx_word' id='word_1_362' title='bbox 1684 444 1798 478; x_wconf 85' lang='grc' dir='ltr'>Συμεὼν</span> 
     </span>
    </p>
   </div>
   <div class='ocr_carea' id='block_1_54' title="bbox 1005 490 1798 527">
    <p class='ocr_par' dir='ltr' id='par_1_54' title="bbox 1005 490 1798 527">
     <span class='ocr_line' id='line_1_54' title="bbox 1005 490 1798 527; baseline -0.004 -8"><span class='ocrx_word' id='word_1_363' title='bbox 1005 493 1057 519; x_wconf 77' lang='grc' dir='ltr'>ὑπό</span> <span class='ocrx_word' id='word_1_364' title='bbox 1073 501 1152 518; x_wconf 77' lang='grc' dir='ltr'>τινων</span> <span class='ocrx_word' id='word_1_365' title='bbox 1168 493 1349 527; x_wconf 81' lang='grc' dir='ltr'>αἱρεσιωτῶν,</span> <span class='ocrx_word' id='word_1_366' title='bbox 1365 493 1401 524; x_wconf 80' lang='grc' dir='ltr'>ὡς</span> <span class='ocrx_word' id='word_1_367' title='bbox 1416 492 1550 525; x_wconf 77' lang='grc' dir='ltr'>ἀπόγονος</span> <span class='ocrx_word' id='word_1_368' title='bbox 1575 490 1613 517; x_wconf 86' lang='grc' dir='ltr'>ὣν</span> <span class='ocrx_word' id='word_1_369' title='bbox 1643 491 1691 517; x_wconf 81' lang='grc' dir='ltr'>τοῦ</span> <span class='ocrx_word' id='word_1_370' title='bbox 1714 490 1798 516; x_wconf 76' lang='grc' dir='ltr'><strong>Δαῦὶδ</strong></span> 
     </span>
    </p>
   </div>
   <div class='ocr_carea' id='block_1_55' title="bbox 1005 537 1797 574">
    <p class='ocr_par' dir='ltr' id='par_1_55' title="bbox 1005 537 1797 574">
     <span class='ocr_line' id='line_1_55' title="bbox 1005 537 1797 574; baseline -0.005 -9"><span class='ocrx_word' id='word_1_371' title='bbox 1005 540 1205 574; x_wconf 77' lang='grc' dir='ltr'>κατηγορηθεὶς</span> <span class='ocrx_word' id='word_1_372' title='bbox 1221 539 1288 572; x_wconf 75' lang='grc' dir='ltr'>(καὶ</span> <span class='ocrx_word' id='word_1_373' title='bbox 1304 539 1358 572; x_wconf 77' lang='grc' dir='ltr'><strong>γὰρ</strong></span> <span class='ocrx_word' id='word_1_374' title='bbox 1387 539 1451 573; x_wconf 77' lang='grc' dir='ltr'>ἄχρι</span> <span class='ocrx_word' id='word_1_375' title='bbox 1480 537 1512 572; x_wconf 86' lang='grc' dir='ltr'><strong>δὴ</strong></span> <span class='ocrx_word' id='word_1_376' title='bbox 1539 538 1587 564; x_wconf 76' lang='grc' dir='ltr'>καὶ</span> <span class='ocrx_word' id='word_1_377' title='bbox 1609 537 1665 562; x_wconf 83' lang='grc' dir='ltr'><strong>τῶν</strong></span> <span class='ocrx_word' id='word_1_378' title='bbox 1692 537 1797 571; x_wconf 77' lang='grc' dir='ltr'>χρόνων</span> 
     </span>
    </p>
   </div>
   <div class='ocr_carea' id='block_1_56' title="bbox 1006 582 1799 620">
    <p class='ocr_par' dir='ltr' id='par_1_56' title="bbox 1006 582 1799 620">
     <span class='ocr_line' id='line_1_56' title="bbox 1006 582 1799 620; baseline -0.005 -10"><span class='ocrx_word' id='word_1_379' title='bbox 1006 584 1111 610; x_wconf 71' lang='grc' dir='ltr'>ἐκείνου</span> <span class='ocrx_word' id='word_1_380' title='bbox 1124 585 1295 620; x_wconf 62' lang='grc' dir='ltr'>ἀιθιχνεὺοντο</span> <span class='ocrx_word' id='word_1_381' title='bbox 1325 585 1349 610; x_wconf 83' lang='grc' dir='ltr'>οἰ</span> <span class='ocrx_word' id='word_1_382' title='bbox 1361 584 1390 617; x_wconf 78' lang='grc' dir='ltr'>ἐξ</span> <span class='ocrx_word' id='word_1_383' title='bbox 1410 583 1494 610; x_wconf 79' lang='grc' dir='ltr'>Ἰούδα</span> <span class='ocrx_word' id='word_1_384' title='bbox 1510 585 1559 617; x_wconf 84' lang='grc' dir='ltr'>τῆς</span> <span class='ocrx_word' id='word_1_385' title='bbox 1574 582 1716 616; x_wconf 71' lang='grc' dir='ltr'><strong>βασιλικῆς</strong></span> <span class='ocrx_word' id='word_1_386' title='bbox 1732 589 1799 607; x_wconf 81' lang='grc' dir='ltr'>κατ-</span> 
     </span>
    </p>
   </div>
   <div class='ocr_carea' id='block_1_57' title="bbox 1005 627 1797 667">
    <p class='ocr_par' dir='ltr' id='par_1_57' title="bbox 1005 627 1797 667">
     <span class='ocr_line' id='line_1_57' title="bbox 1005 627 1797 667; baseline -0.005 -11"><span class='ocrx_word' id='word_1_387' title='bbox 1005 632 1120 665; x_wconf 81' lang='grc' dir='ltr'>ηγμένοι</span> <span class='ocrx_word' id='word_1_388' title='bbox 1139 632 1224 666; x_wconf 73' lang='grc' dir='ltr'>φυλῆς</span> <span class='ocrx_word' id='word_1_389' title='bbox 1236 632 1256 667; x_wconf 86' lang='grc'>),</span> <span class='ocrx_word' id='word_1_390' title='bbox 1273 632 1319 657; x_wconf 83' lang='grc' dir='ltr'>καὶ</span> <span class='ocrx_word' id='word_1_391' title='bbox 1331 631 1368 661; x_wconf 83' lang='grc' dir='ltr'>ὡς</span> <span class='ocrx_word' id='word_1_392' title='bbox 1390 630 1429 665; x_wconf 86' lang='grc' dir='ltr'>τῷ</span> <span class='ocrx_word' id='word_1_393' title='bbox 1437 629 1547 664; x_wconf 84' lang='grc' dir='ltr'>Χριστῷ</span> <span class='ocrx_word' id='word_1_394' title='bbox 1557 628 1626 664; x_wconf 73' lang='grc' dir='ltr'>πρὸς</span> <span class='ocrx_word' id='word_1_395' title='bbox 1641 629 1737 662; x_wconf 84' lang='grc' dir='ltr'><strong>γένους</strong></span> <span class='ocrx_word' id='word_1_396' title='bbox 1749 627 1797 659; x_wconf 82' lang='grc' dir='ltr'>ὢν,</span> 
     </span>
    </p>
   </div>
   <div class='ocr_carea' id='block_1_58' title="bbox 1005 670 1798 710">
    <p class='ocr_par' dir='ltr' id='par_1_58' title="bbox 1005 670 1798 710">
     <span class='ocr_line' id='line_1_58' title="bbox 1005 670 1798 710; baseline -0.005 -10"><span class='ocrx_word' id='word_1_397' title='bbox 1005 675 1040 700; x_wconf 81' lang='grc' dir='ltr'><strong>δι’</strong></span> <span class='ocrx_word' id='word_1_398' title='bbox 1053 675 1083 701; x_wconf 86' lang='grc' dir='ltr'>ὃν</span> <span class='ocrx_word' id='word_1_399' title='bbox 1102 676 1149 702; x_wconf 77' lang='grc' dir='ltr'><strong>καὶ</strong></span> <span class='ocrx_word' id='word_1_400' title='bbox 1164 676 1194 702; x_wconf 69' lang='grc' dir='ltr'>οὐ</span> <span class='ocrx_word' id='word_1_401' title='bbox 1212 677 1323 710; x_wconf 81' lang='grc' dir='ltr'>μέτριος</span> <span class='ocrx_word' id='word_1_402' title='bbox 1338 675 1352 701; x_wconf 81' lang='grc' dir='ltr'><strong>ό</strong></span> <span class='ocrx_word' id='word_1_403' title='bbox 1369 675 1449 708; x_wconf 74' lang='grc' dir='ltr'>ζῆλος</span> <span class='ocrx_word' id='word_1_404' title='bbox 1468 676 1523 705; x_wconf 76' lang='grc' dir='ltr'>τοῖς</span> <span class='ocrx_word' id='word_1_405' title='bbox 1540 674 1672 709; x_wconf 80' lang='grc' dir='ltr'>ἄρχουσιν</span> <span class='ocrx_word' id='word_1_406' title='bbox 1684 670 1729 708; x_wconf 80' lang='grc' dir='ltr'>ἦν,</span> <span class='ocrx_word' id='word_1_407' title='bbox 1748 673 1798 706; x_wconf 79' lang='grc' dir='ltr'>τὴν</span> 
     </span>
    </p>
   </div>
   <div class='ocr_carea' id='block_1_59' title="bbox 1007 718 1800 756">
    <p class='ocr_par' dir='ltr' id='par_1_59' title="bbox 1007 718 1800 756">
     <span class='ocr_line' id='line_1_59' title="bbox 1007 718 1800 756; baseline -0.004 -10"><span class='ocrx_word' id='word_1_408' title='bbox 1007 720 1093 755; x_wconf 85' lang='grc' dir='ltr'>καλὴν</span> <span class='ocrx_word' id='word_1_409' title='bbox 1119 721 1264 756; x_wconf 76' lang='grc' dir='ltr'><strong>ὁμολογίαν</strong></span> <span class='ocrx_word' id='word_1_410' title='bbox 1289 721 1562 756; x_wconf 71' lang='grc' dir='ltr'>παρρησιασάμενος,</span> <span class='ocrx_word' id='word_1_411' title='bbox 1580 721 1626 745; x_wconf 79' lang='grc' dir='ltr'>καὶ</span> <span class='ocrx_word' id='word_1_412' title='bbox 1653 719 1700 744; x_wconf 70' lang='grc' dir='ltr'><strong>ἐπὶ</strong></span> <span class='ocrx_word' id='word_1_413' title='bbox 1725 718 1800 744; x_wconf 76' lang='grc' dir='ltr'>πλεξ-</span> 
     </span>
    </p>
   </div>
   <div class='ocr_carea' id='block_1_60' title="bbox 1008 764 1798 801">
    <p class='ocr_par' dir='ltr' id='par_1_60' title="bbox 1008 764 1798 801">
     <span class='ocr_line' id='line_1_60' title="bbox 1008 764 1798 801; baseline -0.005 -9"><span class='ocrx_word' id='word_1_414' title='bbox 1008 775 1074 797; x_wconf 85' lang='grc' dir='ltr'>στας</span> <span class='ocrx_word' id='word_1_415' title='bbox 1092 766 1146 792; x_wconf 83' lang='grc' dir='ltr'>τῶν</span> <span class='ocrx_word' id='word_1_416' title='bbox 1161 766 1272 801; x_wconf 75' lang='grc' dir='ltr'>ἡμερῶν</span> <span class='ocrx_word' id='word_1_417' title='bbox 1287 766 1379 796; x_wconf 78' lang='grc' dir='ltr'><strong>αἰκίας</strong></span> <span class='ocrx_word' id='word_1_418' title='bbox 1404 765 1578 800; x_wconf 74' lang='grc' dir='ltr'><strong>καρτερήσας</strong></span> <span class='ocrx_word' id='word_1_419' title='bbox 1597 764 1711 798; x_wconf 75' lang='grc' dir='ltr'>συχνὰς,</span> <span class='ocrx_word' id='word_1_420' title='bbox 1736 764 1798 789; x_wconf 71' lang='grc' dir='ltr'>Ἀτ-</span> 
     </span>
    </p>
   </div>
   <div class='ocr_carea' id='block_1_61' title="bbox 1007 809 1800 846">
    <p class='ocr_par' dir='ltr' id='par_1_61' title="bbox 1007 809 1800 846">
     <span class='ocr_line' id='line_1_61' title="bbox 1007 809 1800 846; baseline -0.006 -8"><span class='ocrx_word' id='word_1_421' title='bbox 1007 812 1082 838; x_wconf 79' lang='grc' dir='ltr'>τικοῦ</span> <span class='ocrx_word' id='word_1_422' title='bbox 1091 812 1140 846; x_wconf 82' lang='grc' dir='ltr'>τὴν</span> <span class='ocrx_word' id='word_1_423' title='bbox 1151 812 1262 839; x_wconf 77' lang='grc' dir='ltr'>κόλισιν</span> <span class='ocrx_word' id='word_1_424' title='bbox 1277 812 1464 846; x_wconf 79' lang='grc' dir='ltr'>ἐπιφέροντος,</span> <span class='ocrx_word' id='word_1_425' title='bbox 1481 810 1590 845; x_wconf 76' lang='grc' dir='ltr'>Χριστῷ</span> <span class='ocrx_word' id='word_1_426' title='bbox 1604 809 1800 844; x_wconf 70' lang='grc' dir='ltr'>παραπλήσιον</span> 
     </span>
    </p>
   </div>
   <div class='ocr_carea' id='block_1_62' title="bbox 1009 854 1798 893">
    <p class='ocr_par' dir='ltr' id='par_1_62' title="bbox 1009 854 1798 893">
     <span class='ocr_line' id='line_1_62' title="bbox 1009 854 1798 893; baseline -0.008 -8"><span class='ocrx_word' id='word_1_427' title='bbox 1009 859 1041 885; x_wconf 77' lang='grc' dir='ltr'>τὸ</span> <span class='ocrx_word' id='word_1_428' title='bbox 1061 859 1138 890; x_wconf 75' lang='grc' dir='ltr'>τέλος</span> <span class='ocrx_word' id='word_1_429' title='bbox 1153 858 1261 886; x_wconf 81' lang='grc' dir='ltr'><strong>παθεῖν.</strong></span> <span class='ocrx_word' id='word_1_430' title='bbox 1278 857 1393 893; x_wconf 84' lang='grc' dir='ltr'>Σταυρῷ</span> <span class='ocrx_word' id='word_1_431' title='bbox 1411 859 1464 893; x_wconf 82' lang='grc' dir='ltr'>γὰρ</span> <span class='ocrx_word' id='word_1_432' title='bbox 1481 856 1620 892; x_wconf 81' lang='grc' dir='ltr'>μετέωρος</span> <span class='ocrx_word' id='word_1_433' title='bbox 1653 854 1798 889; x_wconf 74' lang='grc' dir='ltr'>ἐπαρθεὶς,</span> 
     </span>
    </p>
   </div>
   <div class='ocr_carea' id='block_1_63' title="bbox 973 897 1801 939">
    <p class='ocr_par' dir='ltr' id='par_1_63' title="bbox 973 897 1801 939">
     <span class='ocr_line' id='line_1_63' title="bbox 973 897 1801 939; baseline -0.007 -9"><span class='ocrx_word' id='word_1_434' title='bbox 973 897 1078 938; x_wconf 83' lang='grc' dir='ltr'>Βπρός</span> <span class='ocrx_word' id='word_1_435' title='bbox 1091 905 1173 932; x_wconf 73' lang='grc' dir='ltr'>αὐτὸν</span> <span class='ocrx_word' id='word_1_436' title='bbox 1191 904 1316 939; x_wconf 71' lang='grc' dir='ltr'>ὲκδημεϊ,</span> <span class='ocrx_word' id='word_1_437' title='bbox 1341 903 1430 930; x_wconf 75' lang='grc' dir='ltr'>εἴκοσι</span> <span class='ocrx_word' id='word_1_438' title='bbox 1461 903 1509 929; x_wconf 84' lang='grc' dir='ltr'>καὶ</span> <span class='ocrx_word' id='word_1_439' title='bbox 1535 901 1633 928; x_wconf 78' lang='grc' dir='ltr'>ἑκατὸν</span> <span class='ocrx_word' id='word_1_440' title='bbox 1664 900 1801 934; x_wconf 70' lang='grc' dir='ltr'>διαζήσας</span> 
     </span>
    </p>
   </div>
   <div class='ocr_carea' id='block_1_64' title="bbox 1010 946 1803 986">
    <p class='ocr_par' dir='ltr' id='par_1_64' title="bbox 1010 946 1803 986">
     <span class='ocr_line' id='line_1_64' title="bbox 1010 946 1803 986; baseline 0.001 -10"><span class='ocrx_word' id='word_1_441' title='bbox 1010 951 1162 983; x_wconf 77' lang='grc' dir='ltr'>ἐνιαυτούς.</span> <span class='ocrx_word' id='word_1_442' title='bbox 1182 951 1295 986; x_wconf 82' lang='grc' dir='ltr'>Ἰστορεῖ</span> <span class='ocrx_word' id='word_1_443' title='bbox 1319 958 1350 984; x_wconf 85' lang='grc' dir='ltr'><strong>γε</strong></span> <span class='ocrx_word' id='word_1_444' title='bbox 1368 949 1421 985; x_wconf 82' lang='grc' dir='ltr'>μὴν</span> <span class='ocrx_word' id='word_1_445' title='bbox 1442 949 1456 976; x_wconf 77' lang='grc' dir='ltr'><em>ὁ</em></span> <span class='ocrx_word' id='word_1_446' title='bbox 1476 948 1659 982; x_wconf 72' lang='grc' dir='ltr'>Ἡγήσιππος,</span> <span class='ocrx_word' id='word_1_447' title='bbox 1678 947 1715 977; x_wconf 73' lang='grc' dir='ltr'>ὡς</span> <span class='ocrx_word' id='word_1_448' title='bbox 1746 946 1803 980; x_wconf 77' lang='grc' dir='ltr'>ἄρα</span> 
     </span>
    </p>
   </div>
   <div class='ocr_carea' id='block_1_65' title="bbox 1010 993 1802 1031">
    <p class='ocr_par' dir='ltr' id='par_1_65' title="bbox 1010 993 1802 1031">
     <span class='ocr_line' id='line_1_65' title="bbox 1010 993 1802 1031; baseline -0.009 -7"><span class='ocrx_word' id='word_1_449' title='bbox 1010 999 1057 1024; x_wconf 67' lang='grc' dir='ltr'>καὶ</span> <span class='ocrx_word' id='word_1_450' title='bbox 1076 998 1138 1029; x_wconf 74' lang='grc' dir='ltr'>τοὺς</span> <span class='ocrx_word' id='word_1_451' title='bbox 1154 997 1323 1031; x_wconf 79' lang='grc' dir='ltr'><strong>κατηγόρους</strong></span> <span class='ocrx_word' id='word_1_452' title='bbox 1335 995 1430 1028; x_wconf 86' lang='grc' dir='ltr'>αὐτοῦ,</span> <span class='ocrx_word' id='word_1_453' title='bbox 1444 994 1619 1031; x_wconf 80' lang='grc' dir='ltr'><strong>ζητουμένων</strong></span> <span class='ocrx_word' id='word_1_454' title='bbox 1635 993 1802 1027; x_wconf 56' lang='grc' dir='ltr'>τοτηνικαῦκ</span> 
     </span>
    </p>
   </div>
   <div class='ocr_carea' id='block_1_66' title="bbox 1009 1037 1803 1075">
    <p class='ocr_par' dir='ltr' id='par_1_66' title="bbox 1009 1037 1803 1075">
     <span class='ocr_line' id='line_1_66' title="bbox 1009 1037 1803 1075; baseline -0.008 -7"><span class='ocrx_word' id='word_1_455' title='bbox 1009 1050 1043 1068; x_wconf 86' lang='grc' dir='ltr'><strong>τα</strong></span> <span class='ocrx_word' id='word_1_456' title='bbox 1061 1041 1116 1067; x_wconf 85' lang='grc' dir='ltr'>τῶν</span> <span class='ocrx_word' id='word_1_457' title='bbox 1132 1040 1186 1067; x_wconf 68' lang='grc' dir='ltr'><strong>ἀπὸ</strong></span> <span class='ocrx_word' id='word_1_458' title='bbox 1199 1041 1249 1073; x_wconf 75' lang='grc' dir='ltr'>τῆς</span> <span class='ocrx_word' id='word_1_459' title='bbox 1266 1040 1411 1075; x_wconf 75' lang='grc' dir='ltr'><strong>βασιλικῆς</strong></span> <span class='ocrx_word' id='word_1_460' title='bbox 1426 1039 1515 1074; x_wconf 84' lang='grc' dir='ltr'>φυλῆς</span> <span class='ocrx_word' id='word_1_461' title='bbox 1536 1037 1684 1069; x_wconf 79' lang='grc' dir='ltr'>Ἰουδαίων,</span> <span class='ocrx_word' id='word_1_462' title='bbox 1696 1037 1737 1068; x_wconf 81' lang='grc' dir='ltr'><strong>ὡς</strong></span> <span class='ocrx_word' id='word_1_463' title='bbox 1768 1038 1803 1062; x_wconf 78' lang='grc' dir='ltr'>ἂν</span> 
     </span>
    </p>
   </div>
   <div class='ocr_carea' id='block_1_67' title="bbox 1009 1082 1804 1120">
    <p class='ocr_par' dir='ltr' id='par_1_67' title="bbox 1009 1082 1804 1120">
     <span class='ocr_line' id='line_1_67' title="bbox 1009 1082 1804 1120; baseline -0.008 -7"><span class='ocrx_word' id='word_1_464' title='bbox 1009 1086 1038 1120; x_wconf 81' lang='grc' dir='ltr'>ἐξ</span> <span class='ocrx_word' id='word_1_465' title='bbox 1053 1086 1142 1114; x_wconf 74' lang='grc' dir='ltr'>αὐτῶν</span> <span class='ocrx_word' id='word_1_466' title='bbox 1172 1086 1263 1116; x_wconf 69' lang='grc' dir='ltr'>ὄντας,</span> <span class='ocrx_word' id='word_1_467' title='bbox 1286 1085 1389 1112; x_wconf 79' lang='grc' dir='ltr'>ἁλῶναι</span> <span class='ocrx_word' id='word_1_468' title='bbox 1416 1084 1515 1119; x_wconf 74' lang='grc' dir='ltr'>συνέϐη</span> <span class='ocrx_word' id='word_1_469' title='bbox 1529 1091 1536 1098; x_wconf 90' lang='grc'>·</span> <span class='ocrx_word' id='word_1_470' title='bbox 1555 1083 1678 1117; x_wconf 82' lang='grc' dir='ltr'><strong>λογισμῷ</strong></span> <span class='ocrx_word' id='word_1_471' title='bbox 1693 1083 1718 1108; x_wconf 78' lang='grc' dir='ltr'><strong>δ’</strong></span> <span class='ocrx_word' id='word_1_472' title='bbox 1747 1082 1804 1117; x_wconf 78' lang='grc' dir='ltr'>ἄρα</span> 
     </span>
    </p>
   </div>
   <div class='ocr_carea' id='block_1_68' title="bbox 1010 1128 1804 1165">
    <p class='ocr_par' dir='ltr' id='par_1_68' title="bbox 1010 1128 1804 1165">
     <span class='ocr_line' id='line_1_68' title="bbox 1010 1128 1804 1165; baseline -0.006 -7"><span class='ocrx_word' id='word_1_473' title='bbox 1010 1133 1057 1158; x_wconf 77' lang='grc' dir='ltr'>καὶ</span> <span class='ocrx_word' id='word_1_474' title='bbox 1072 1132 1116 1158; x_wconf 72' lang='grc' dir='ltr'><strong>τὸν</strong></span> <span class='ocrx_word' id='word_1_475' title='bbox 1143 1132 1275 1165; x_wconf 56' lang='grc' dir='ltr'>Συμεῶνα</span> <span class='ocrx_word' id='word_1_476' title='bbox 1298 1132 1382 1157; x_wconf 75' lang='grc' dir='ltr'>εἰκότι</span> <span class='ocrx_word' id='word_1_477' title='bbox 1401 1130 1540 1165; x_wconf 83' lang='grc' dir='ltr'>χρώμενος</span> <span class='ocrx_word' id='word_1_478' title='bbox 1572 1129 1627 1154; x_wconf 84' lang='grc' dir='ltr'>τῶν</span> <span class='ocrx_word' id='word_1_479' title='bbox 1655 1128 1804 1154; x_wconf 72' lang='grc' dir='ltr'><strong>αὐτοπτῶν</strong></span> 
     </span>
    </p>
   </div>
   <div class='ocr_carea' id='block_1_69' title="bbox 1010 1173 1803 1210">
    <p class='ocr_par' dir='ltr' id='par_1_69' title="bbox 1010 1173 1803 1210">
     <span class='ocr_line' id='line_1_69' title="bbox 1010 1173 1803 1210; baseline -0.005 -8"><span class='ocrx_word' id='word_1_480' title='bbox 1010 1178 1057 1204; x_wconf 62' lang='grc' dir='ltr'>καὶ</span> <span class='ocrx_word' id='word_1_481' title='bbox 1077 1177 1218 1210; x_wconf 74' lang='grc' dir='ltr'>αὺτηκόων</span> <span class='ocrx_word' id='word_1_482' title='bbox 1250 1176 1322 1203; x_wconf 79' lang='grc' dir='ltr'>εἴποι</span> <span class='ocrx_word' id='word_1_483' title='bbox 1347 1175 1380 1202; x_wconf 78' lang='grc' dir='ltr'>ἄν</span> <span class='ocrx_word' id='word_1_484' title='bbox 1400 1183 1442 1206; x_wconf 80' lang='grc' dir='ltr'><strong>τις</strong></span> <span class='ocrx_word' id='word_1_485' title='bbox 1462 1174 1510 1201; x_wconf 83' lang='grc' dir='ltr'>τοῦ</span> <span class='ocrx_word' id='word_1_486' title='bbox 1535 1174 1638 1208; x_wconf 80' lang='grc' dir='ltr'>Κυρίου</span> <span class='ocrx_word' id='word_1_487' title='bbox 1661 1173 1803 1207; x_wconf 79' lang='grc' dir='ltr'>γενέσ¹;αι,</span> 
     </span>
    </p>
   </div>
   <div class='ocr_carea' id='block_1_70' title="bbox 1011 1219 1804 1257">
    <p class='ocr_par' dir='ltr' id='par_1_70' title="bbox 1011 1219 1804 1257">
     <span class='ocr_line' id='line_1_70' title="bbox 1011 1219 1804 1257; baseline -0.004 -9"><span class='ocrx_word' id='word_1_488' title='bbox 1011 1223 1158 1257; x_wconf 75' lang='grc' dir='ltr'>ἀκραιφνεῖ</span> <span class='ocrx_word' id='word_1_489' title='bbox 1182 1222 1326 1257; x_wconf 76' lang='grc' dir='ltr'><strong>τεκμηρίῳ</strong></span> <span class='ocrx_word' id='word_1_490' title='bbox 1346 1221 1383 1256; x_wconf 79' lang='grc' dir='ltr'>τῷ</span> <span class='ocrx_word' id='word_1_491' title='bbox 1414 1221 1513 1256; x_wconf 82' lang='grc' dir='ltr'>μακρῷ</span> <span class='ocrx_word' id='word_1_492' title='bbox 1540 1221 1589 1255; x_wconf 86' lang='grc' dir='ltr'>τῆς</span> <span class='ocrx_word' id='word_1_493' title='bbox 1619 1220 1692 1254; x_wconf 82' lang='grc' dir='ltr'>ζωῆς</span> <span class='ocrx_word' id='word_1_494' title='bbox 1718 1219 1804 1247; x_wconf 81' lang='grc' dir='ltr'>αὐτοῦ</span> 
     </span>
    </p>
   </div>
   <div class='ocr_carea' id='block_1_71' title="bbox 1011 1265 1804 1304">
    <p class='ocr_par' dir='ltr' id='par_1_71' title="bbox 1011 1265 1804 1304">
     <span class='ocr_line' id='line_1_71' title="bbox 1011 1265 1804 1304; baseline -0.005 -10"><span class='ocrx_word' id='word_1_495' title='bbox 1011 1269 1269 1304; x_wconf 74' lang='grc' dir='ltr'>προσχρησάμενος,</span> <span class='ocrx_word' id='word_1_496' title='bbox 1297 1268 1393 1302; x_wconf 80' lang='grc' dir='ltr'>καὶτῷ</span> <span class='ocrx_word' id='word_1_497' title='bbox 1407 1268 1503 1302; x_wconf 75' lang='grc' dir='ltr'>μνείαν</span> <span class='ocrx_word' id='word_1_498' title='bbox 1531 1266 1645 1301; x_wconf 78' lang='grc' dir='ltr'>ποιῆσαι</span> <span class='ocrx_word' id='word_1_499' title='bbox 1671 1265 1722 1300; x_wconf 87' lang='grc' dir='ltr'>τὴν</span> <span class='ocrx_word' id='word_1_500' title='bbox 1748 1265 1804 1291; x_wconf 79' lang='grc' dir='ltr'><strong>τῶν</strong></span> 
     </span>
    </p>
   </div>
   <div class='ocr_carea' id='block_1_72' title="bbox 1011 1312 1804 1350">
    <p class='ocr_par' dir='ltr' id='par_1_72' title="bbox 1011 1312 1804 1350">
     <span class='ocr_line' id='line_1_72' title="bbox 1011 1312 1804 1350; baseline -0.005 -8"><span class='ocrx_word' id='word_1_501' title='bbox 1011 1315 1282 1349; x_wconf 65' lang='grc' dir='ltr'>ΘείωνεΕὐαγγελίων</span> <span class='ocrx_word' id='word_1_502' title='bbox 1297 1315 1406 1350; x_wconf 80' lang='grc' dir='ltr'>γραφὴν</span> <span class='ocrx_word' id='word_1_503' title='bbox 1422 1314 1530 1349; x_wconf 80' lang='grc' dir='ltr'>Μαρίας</span> <span class='ocrx_word' id='word_1_504' title='bbox 1552 1314 1601 1348; x_wconf 84' lang='grc' dir='ltr'>τῆς</span> <span class='ocrx_word' id='word_1_505' title='bbox 1625 1312 1674 1339; x_wconf 78' lang='grc' dir='ltr'><strong>τοῦ</strong></span> <span class='ocrx_word' id='word_1_506' title='bbox 1696 1312 1804 1343; x_wconf 75' lang='grc' dir='ltr'>Κλοπᾶ,</span> 
     </span>
    </p>
   </div>
   <div class='ocr_carea' id='block_1_73' title="bbox 1011 1359 1805 1396">
    <p class='ocr_par' dir='ltr' id='par_1_73' title="bbox 1011 1359 1805 1396">
     <span class='ocr_line' id='line_1_73' title="bbox 1011 1359 1805 1396; baseline -0.005 -8"><span class='ocrx_word' id='word_1_507' title='bbox 1011 1362 1041 1395; x_wconf 76' lang='grc' dir='ltr'>ἐξ</span> <span class='ocrx_word' id='word_1_508' title='bbox 1057 1359 1086 1389; x_wconf 79' lang='grc' dir='ltr'>οὗ</span> <span class='ocrx_word' id='word_1_509' title='bbox 1103 1361 1186 1395; x_wconf 85' lang='grc' dir='ltr'>φῦναι</span> <span class='ocrx_word' id='word_1_510' title='bbox 1202 1361 1303 1396; x_wconf 78' lang='grc' dir='ltr'>ταύτην</span> <span class='ocrx_word' id='word_1_511' title='bbox 1317 1362 1364 1388; x_wconf 86' lang='grc' dir='ltr'>καὶ</span> <span class='ocrx_word' id='word_1_512' title='bbox 1379 1361 1534 1395; x_wconf 78' lang='grc' dir='ltr'>πρότερονὸ</span> <span class='ocrx_word' id='word_1_513' title='bbox 1552 1359 1629 1391; x_wconf 77' lang='grc' dir='ltr'>λόγις</span> <span class='ocrx_word' id='word_1_514' title='bbox 1648 1359 1805 1393; x_wconf 80' lang='grc' dir='ltr'>ιστόρησεν.</span> 
     </span>
    </p>
   </div>
   <div class='ocr_carea' id='block_1_74' title="bbox 1017 1403 1805 1441">
    <p class='ocr_par' dir='ltr' id='par_1_74' title="bbox 1017 1403 1805 1441">
     <span class='ocr_line' id='line_1_74' title="bbox 1017 1403 1805 1441; baseline -0.005 -8"><span class='ocrx_word' id='word_1_515' title='bbox 1017 1407 1047 1433; x_wconf 86' lang='grc'><strong>’0</strong></span> <span class='ocrx_word' id='word_1_516' title='bbox 1063 1406 1085 1433; x_wconf 78' lang='grc' dir='ltr'><strong>δ’</strong></span> <span class='ocrx_word' id='word_1_517' title='bbox 1103 1407 1184 1438; x_wconf 79' lang='grc' dir='ltr'>αὐτὸς</span> <span class='ocrx_word' id='word_1_518' title='bbox 1198 1406 1374 1441; x_wconf 81' lang='grc' dir='ltr'>συγγραφεὺς</span> <span class='ocrx_word' id='word_1_519' title='bbox 1388 1406 1434 1432; x_wconf 81' lang='grc' dir='ltr'>καὶ</span> <span class='ocrx_word' id='word_1_520' title='bbox 1448 1405 1542 1440; x_wconf 73' lang='grc' dir='ltr'>ἐτέρου</span> <span class='ocrx_word' id='word_1_521' title='bbox 1553 1404 1608 1431; x_wconf 88' lang='grc' dir='ltr'><strong>τῶν</strong></span> <span class='ocrx_word' id='word_1_522' title='bbox 1624 1404 1680 1430; x_wconf 75' lang='grc' dir='ltr'>ἀπὸ</span> <span class='ocrx_word' id='word_1_523' title='bbox 1707 1403 1805 1437; x_wconf 72' lang='grc' dir='ltr'>γένους</span> 
     </span>
    </p>
   </div>
   <div class='ocr_carea' id='block_1_75' title="bbox 1013 1447 1808 1487">
    <p class='ocr_par' dir='ltr' id='par_1_75' title="bbox 1013 1447 1808 1487">
     <span class='ocr_line' id='line_1_75' title="bbox 1013 1447 1808 1487; baseline -0.006 -8"><span class='ocrx_word' id='word_1_524' title='bbox 1013 1453 1171 1487; x_wconf 72' lang='grc' dir='ltr'>φερομένων</span> <span class='ocrx_word' id='word_1_525' title='bbox 1184 1452 1305 1486; x_wconf 79' lang='grc' dir='ltr'><strong>ἀδελφῶν</strong></span> <span class='ocrx_word' id='word_1_526' title='bbox 1317 1451 1362 1478; x_wconf 79' lang='grc' dir='ltr'>τοῦ</span> <span class='ocrx_word' id='word_1_527' title='bbox 1379 1451 1507 1486; x_wconf 76' lang='grc' dir='ltr'>Σωτῆρος</span> <span class='ocrx_word' id='word_1_528' title='bbox 1520 1451 1590 1481; x_wconf 60' lang='grc' dir='ltr'>ἐνδς,</span> <span class='ocrx_word' id='word_1_529' title='bbox 1601 1447 1622 1483; x_wconf 85' lang='grc' dir='ltr'>ᾧ</span> <span class='ocrx_word' id='word_1_530' title='bbox 1632 1450 1720 1484; x_wconf 71' lang='grc' dir='ltr'>ὄνομα</span> <span class='ocrx_word' id='word_1_531' title='bbox 1742 1449 1808 1475; x_wconf 83' lang='grc' dir='ltr'><strong>Ίού-</strong></span> 
     </span>
    </p>
   </div>
   <div class='ocr_carea' id='block_1_76' title="bbox 1012 1494 1806 1532">
    <p class='ocr_par' dir='ltr' id='par_1_76' title="bbox 1012 1494 1806 1532">
     <span class='ocr_line' id='line_1_76' title="bbox 1012 1494 1806 1532; baseline -0.006 -7"><span class='ocrx_word' id='word_1_532' title='bbox 1012 1499 1069 1531; x_wconf 75' lang='grc' dir='ltr'>δας,</span> <span class='ocrx_word' id='word_1_533' title='bbox 1087 1499 1182 1532; x_wconf 79' lang='grc' dir='ltr'>μνείαν</span> <span class='ocrx_word' id='word_1_534' title='bbox 1200 1499 1317 1524; x_wconf 80' lang='grc' dir='ltr'>ποιεῖται</span> <span class='ocrx_word' id='word_1_535' title='bbox 1331 1505 1338 1513; x_wconf 84' lang='grc'><strong>·</strong></span> <span class='ocrx_word' id='word_1_536' title='bbox 1356 1497 1387 1524; x_wconf 84' lang='grc' dir='ltr'>ὃν</span> <span class='ocrx_word' id='word_1_537' title='bbox 1401 1505 1467 1531; x_wconf 88' lang='grc' dir='ltr'>φησι</span> <span class='ocrx_word' id='word_1_538' title='bbox 1485 1496 1630 1531; x_wconf 77' lang='grc' dir='ltr'>καὶμέχρι</span> <span class='ocrx_word' id='word_1_539' title='bbox 1649 1495 1699 1530; x_wconf 86' lang='grc' dir='ltr'>τῆς</span> <span class='ocrx_word' id='word_1_540' title='bbox 1720 1494 1806 1528; x_wconf 80' lang='grc' dir='ltr'>αὐτῆς</span> 
     </span>
    </p>
   </div>
   <div class='ocr_carea' id='block_1_77' title="bbox 1015 1541 1808 1578">
    <p class='ocr_par' dir='ltr' id='par_1_77' title="bbox 1015 1541 1808 1578">
     <span class='ocr_line' id='line_1_77' title="bbox 1015 1541 1808 1578; baseline -0.003 -9"><span class='ocrx_word' id='word_1_541' title='bbox 1015 1543 1160 1570; x_wconf 75' lang='grc' dir='ltr'>ἐπιϐιῶναι</span> <span class='ocrx_word' id='word_1_542' title='bbox 1172 1544 1259 1578; x_wconf 77' lang='grc' dir='ltr'>ἀρχῆς</span> <span class='ocrx_word' id='word_1_543' title='bbox 1275 1543 1344 1577; x_wconf 81' lang='grc' dir='ltr'>μετὰ</span> <span class='ocrx_word' id='word_1_544' title='bbox 1366 1543 1415 1578; x_wconf 70' lang='grc' dir='ltr'>τὴν</span> <span class='ocrx_word' id='word_1_545' title='bbox 1436 1543 1486 1578; x_wconf 74' lang='grc' dir='ltr'><strong>ἤδη</strong></span> <span class='ocrx_word' id='word_1_546' title='bbox 1500 1542 1634 1578; x_wconf 81' lang='grc' dir='ltr'>πρότερον</span> <span class='ocrx_word' id='word_1_547' title='bbox 1653 1541 1808 1577; x_wconf 77' lang='grc' dir='ltr'>ἱστορηθεί-</span> 
     </span>
    </p>
   </div>
   <div class='ocr_carea' id='block_1_78' title="bbox 1015 1587 1810 1624">
    <p class='ocr_par' dir='ltr' id='par_1_78' title="bbox 1015 1587 1810 1624">
     <span class='ocr_line' id='line_1_78' title="bbox 1015 1587 1810 1624; baseline -0.004 -8"><span class='ocrx_word' id='word_1_548' title='bbox 1015 1599 1065 1616; x_wconf 87' lang='grc' dir='ltr'><strong>σαν</strong></span> <span class='ocrx_word' id='word_1_549' title='bbox 1077 1589 1151 1624; x_wconf 74' lang='grc' dir='ltr'>αὐτῷ</span> <span class='ocrx_word' id='word_1_550' title='bbox 1166 1590 1235 1624; x_wconf 79' lang='grc' dir='ltr'>ὑπὲρ</span> <span class='ocrx_word' id='word_1_551' title='bbox 1249 1589 1300 1622; x_wconf 80' lang='grc' dir='ltr'>τῆς</span> <span class='ocrx_word' id='word_1_552' title='bbox 1316 1590 1356 1621; x_wconf 80' lang='grc' dir='ltr'><strong>είς</strong></span> <span class='ocrx_word' id='word_1_553' title='bbox 1370 1589 1488 1624; x_wconf 80' lang='grc' dir='ltr'>Χριστὸν</span> <span class='ocrx_word' id='word_1_554' title='bbox 1505 1589 1624 1620; x_wconf 76' lang='grc' dir='ltr'>πίστεως</span> <span class='ocrx_word' id='word_1_555' title='bbox 1650 1587 1699 1613; x_wconf 73' lang='grc' dir='ltr'><strong>ἐπὶ</strong></span> <span class='ocrx_word' id='word_1_556' title='bbox 1722 1590 1810 1622; x_wconf 76' lang='grc' dir='ltr'>Δομε-</span> 
     </span>
    </p>
   </div>
   <div class='ocr_carea' id='block_1_79' title="bbox 1014 1634 1808 1671">
    <p class='ocr_par' dir='ltr' id='par_1_79' title="bbox 1014 1634 1808 1671">
     <span class='ocr_line' id='line_1_79' title="bbox 1014 1634 1808 1671; baseline -0.003 -9"><span class='ocrx_word' id='word_1_557' title='bbox 1014 1636 1105 1663; x_wconf 78' lang='grc' dir='ltr'>τιανοῦ</span> <span class='ocrx_word' id='word_1_558' title='bbox 1121 1645 1201 1663; x_wconf 84' lang='grc' dir='ltr'>τινων</span> <span class='ocrx_word' id='word_1_559' title='bbox 1225 1636 1389 1671; x_wconf 78' lang='grc' dir='ltr'>μαρτυρίαν.</span> <span class='ocrx_word' id='word_1_560' title='bbox 1405 1635 1508 1671; x_wconf 81' lang='grc' dir='ltr'>Γράφει</span> <span class='ocrx_word' id='word_1_561' title='bbox 1535 1635 1564 1662; x_wconf 82' lang='grc' dir='ltr'><strong>δὲ</strong></span> <span class='ocrx_word' id='word_1_562' title='bbox 1576 1634 1664 1666; x_wconf 76' lang='grc' dir='ltr'>οὕτως</span> <span class='ocrx_word' id='word_1_563' title='bbox 1679 1643 1685 1650; x_wconf 89' lang='grc'><strong>·</strong></span> <span class='ocrx_word' id='word_1_564' title='bbox 1710 1644 1719 1660; x_wconf 73' lang='grc' dir='ltr'><strong>ι</strong></span> <span class='ocrx_word' id='word_1_565' title='bbox 1740 1634 1808 1668; x_wconf 84' lang='grc' dir='ltr'><strong>Ἔρ-</strong></span> 
     </span>
    </p>
   </div>
   <div class='ocr_carea' id='block_1_80' title="bbox 1015 1680 1809 1718">
    <p class='ocr_par' dir='ltr' id='par_1_80' title="bbox 1015 1680 1809 1718">
     <span class='ocr_line' id='line_1_80' title="bbox 1015 1680 1809 1718; baseline -0.004 -8"><span class='ocrx_word' id='word_1_566' title='bbox 1015 1691 1107 1718; x_wconf 86' lang='grc' dir='ltr'>χονται</span> <span class='ocrx_word' id='word_1_567' title='bbox 1136 1681 1182 1710; x_wconf 81' lang='grc' dir='ltr'>οὖν</span> <span class='ocrx_word' id='word_1_568' title='bbox 1212 1683 1259 1710; x_wconf 79' lang='grc' dir='ltr'>καὶ</span> <span class='ocrx_word' id='word_1_569' title='bbox 1272 1682 1456 1717; x_wconf 84' lang='grc' dir='ltr'>προηγοῦνται</span> <span class='ocrx_word' id='word_1_570' title='bbox 1474 1682 1564 1718; x_wconf 75' lang='grc' dir='ltr'>πάσης</span> <span class='ocrx_word' id='word_1_571' title='bbox 1582 1681 1750 1716; x_wconf 84' lang='grc' dir='ltr'>Ἐκκλησίας</span> <span class='ocrx_word' id='word_1_572' title='bbox 1768 1680 1809 1712; x_wconf 81' lang='grc' dir='ltr'><strong>ὡς</strong></span> 
     </span>
    </p>
   </div>
   <div class='ocr_carea' id='block_1_81' title="bbox 1018 1728 1810 1765">
    <p class='ocr_par' dir='ltr' id='par_1_81' title="bbox 1018 1728 1810 1765">
     <span class='ocr_line' id='line_1_81' title="bbox 1018 1728 1810 1765; baseline -0.005 -9"><span class='ocrx_word' id='word_1_573' title='bbox 1018 1729 1154 1765; x_wconf 81' lang='grc' dir='ltr'>μάρτυρες</span> <span class='ocrx_word' id='word_1_574' title='bbox 1172 1730 1218 1756; x_wconf 73' lang='grc' dir='ltr'>καὶ</span> <span class='ocrx_word' id='word_1_575' title='bbox 1234 1730 1258 1756; x_wconf 91' lang='grc' dir='ltr'>οἱ</span> <span class='ocrx_word' id='word_1_576' title='bbox 1270 1729 1324 1756; x_wconf 77' lang='grc' dir='ltr'><strong>ἀπὸ</strong></span> <span class='ocrx_word' id='word_1_577' title='bbox 1341 1729 1436 1763; x_wconf 83' lang='grc' dir='ltr'>γένους</span> <span class='ocrx_word' id='word_1_578' title='bbox 1452 1729 1500 1756; x_wconf 80' lang='grc' dir='ltr'>τοῦ</span> <span class='ocrx_word' id='word_1_579' title='bbox 1524 1728 1627 1763; x_wconf 82' lang='grc' dir='ltr'>Κυρίου</span> <span class='ocrx_word' id='word_1_580' title='bbox 1643 1736 1650 1743; x_wconf 84' lang='grc'><strong>·</strong></span> <span class='ocrx_word' id='word_1_581' title='bbox 1668 1728 1717 1754; x_wconf 82' lang='grc' dir='ltr'>καὶ</span> <span class='ocrx_word' id='word_1_582' title='bbox 1734 1736 1810 1761; x_wconf 83' lang='grc' dir='ltr'>γενο-</span> 
     </span>
    </p>
   </div>
   <div class='ocr_carea' id='block_1_82' title="bbox 1019 1773 1810 1811">
    <p class='ocr_par' dir='ltr' id='par_1_82' title="bbox 1019 1773 1810 1811">
     <span class='ocr_line' id='line_1_82' title="bbox 1019 1773 1810 1811; baseline -0.004 -9"><span class='ocrx_word' id='word_1_583' title='bbox 1019 1776 1102 1810; x_wconf 79' lang='grc' dir='ltr'>μένης</span> <span class='ocrx_word' id='word_1_584' title='bbox 1119 1776 1231 1811; x_wconf 85' lang='grc' dir='ltr'>είρήνης</span> <span class='ocrx_word' id='word_1_585' title='bbox 1252 1778 1280 1802; x_wconf 79' lang='grc' dir='ltr'>ἐν</span> <span class='ocrx_word' id='word_1_586' title='bbox 1309 1777 1382 1810; x_wconf 81' lang='grc' dir='ltr'>πάσῃ</span> <span class='ocrx_word' id='word_1_587' title='bbox 1403 1774 1563 1810; x_wconf 76' lang='grc' dir='ltr'>Ἐκκλησίᾳ,</span> <span class='ocrx_word' id='word_1_588' title='bbox 1590 1774 1702 1809; x_wconf 80' lang='grc' dir='ltr'>μένουσι</span> <span class='ocrx_word' id='word_1_589' title='bbox 1726 1773 1810 1808; x_wconf 74' lang='grc' dir='ltr'>μέχρι</span> 
     </span>
    </p>
   </div>
   <div class='ocr_carea' id='block_1_83' title="bbox 1019 1821 1807 1858">
    <p class='ocr_par' dir='ltr' id='par_1_83' title="bbox 1019 1821 1807 1858">
     <span class='ocr_line' id='line_1_83' title="bbox 1019 1821 1807 1858; baseline -0.006 -7"><span class='ocrx_word' id='word_1_590' title='bbox 1019 1823 1152 1857; x_wconf 78' lang='grc' dir='ltr'>Τραϊανοῦ</span> <span class='ocrx_word' id='word_1_591' title='bbox 1164 1823 1301 1858; x_wconf 80' lang='grc' dir='ltr'>Καίσαρος</span> <span class='ocrx_word' id='word_1_592' title='bbox 1315 1831 1322 1839; x_wconf 82' lang='grc'><em>’</em></span> <span class='ocrx_word' id='word_1_593' title='bbox 1339 1823 1416 1858; x_wconf 76' lang='grc' dir='ltr'>ἄχρις</span> <span class='ocrx_word' id='word_1_594' title='bbox 1430 1821 1460 1850; x_wconf 79' lang='grc' dir='ltr'><strong>οὗ</strong></span> <span class='ocrx_word' id='word_1_595' title='bbox 1473 1823 1486 1848; x_wconf 76' lang='grc' dir='ltr'>ὁ</span> <span class='ocrx_word' id='word_1_596' title='bbox 1496 1823 1528 1849; x_wconf 83' lang='grc' dir='ltr'>ὲκ</span> <span class='ocrx_word' id='word_1_597' title='bbox 1544 1822 1616 1848; x_wconf 78' lang='grc' dir='ltr'>θείου</span> <span class='ocrx_word' id='word_1_598' title='bbox 1625 1821 1672 1848; x_wconf 82' lang='grc' dir='ltr'>τοῦ</span> <span class='ocrx_word' id='word_1_599' title='bbox 1689 1822 1807 1856; x_wconf 83' lang='grc' dir='ltr'>Κυρίου,</span> 
     </span>
    </p>
   </div>
   <div class='ocr_carea' id='block_1_84' title="bbox 1018 1867 1811 1904">
    <p class='ocr_par' dir='ltr' id='par_1_84' title="bbox 1018 1867 1811 1904">
     <span class='ocr_line' id='line_1_84' title="bbox 1018 1867 1811 1904; baseline -0.004 -9"><span class='ocrx_word' id='word_1_600' title='bbox 1018 1869 1032 1895; x_wconf 87' lang='grc' dir='ltr'>ὁ</span> <span class='ocrx_word' id='word_1_601' title='bbox 1048 1869 1247 1904; x_wconf 74' lang='grc' dir='ltr'>προειρημένος</span> <span class='ocrx_word' id='word_1_602' title='bbox 1261 1869 1373 1903; x_wconf 82' lang='grc' dir='ltr'>Συμεὼν</span> <span class='ocrx_word' id='word_1_603' title='bbox 1391 1869 1449 1900; x_wconf 82' lang='grc' dir='ltr'>υἱὸς</span> <span class='ocrx_word' id='word_1_604' title='bbox 1465 1868 1572 1901; x_wconf 78' lang='grc' dir='ltr'>Κλοπᾶ,</span> <span class='ocrx_word' id='word_1_605' title='bbox 1591 1867 1811 1903; x_wconf 71' lang='grc' dir='ltr'>συκοφαντηθεὶς</span> 
     </span>
    </p>
   </div>
   <div class='ocr_carea' id='block_1_85' title="bbox 1020 1914 1810 1951">
    <p class='ocr_par' dir='ltr' id='par_1_85' title="bbox 1020 1914 1810 1951">
     <span class='ocr_line' id='line_1_85' title="bbox 1020 1914 1810 1951; baseline -0.003 -9"><span class='ocrx_word' id='word_1_606' title='bbox 1020 1916 1071 1942; x_wconf 71' lang='grc' dir='ltr'><strong>ὑπὸ</strong></span> <span class='ocrx_word' id='word_1_607' title='bbox 1087 1917 1139 1944; x_wconf 88' lang='grc' dir='ltr'>τῶν</span> <span class='ocrx_word' id='word_1_608' title='bbox 1159 1917 1316 1951; x_wconf 75' lang='grc' dir='ltr'>αἱρετικῶν,</span> <span class='ocrx_word' id='word_1_609' title='bbox 1332 1917 1462 1947; x_wconf 72' lang='grc' dir='ltr'>ὡσαύτως</span> <span class='ocrx_word' id='word_1_610' title='bbox 1472 1916 1647 1951; x_wconf 78' lang='grc' dir='ltr'>κατηγορήθη</span> <span class='ocrx_word' id='word_1_611' title='bbox 1662 1915 1710 1942; x_wconf 77' lang='grc' dir='ltr'>καὶ</span> <span class='ocrx_word' id='word_1_612' title='bbox 1728 1914 1810 1946; x_wconf 71' lang='grc' dir='ltr'>αὐτὸς</span> 
     </span>
    </p>
   </div>
   <div class='ocr_carea' id='block_1_86' title="bbox 1019 1959 1810 1995">
    <p class='ocr_par' dir='ltr' id='par_1_86' title="bbox 1019 1959 1810 1995">
     <span class='ocr_line' id='line_1_86' title="bbox 1019 1959 1810 1995; baseline -0.003 -8"><span class='ocrx_word' id='word_1_613' title='bbox 1019 1960 1058 1995; x_wconf 84' lang='grc' dir='ltr'>τῷ</span> <span class='ocrx_word' id='word_1_614' title='bbox 1074 1960 1147 1995; x_wconf 79' lang='grc' dir='ltr'>αὑτῴ</span> <span class='ocrx_word' id='word_1_615' title='bbox 1163 1961 1235 1995; x_wconf 81' lang='grc' dir='ltr'>λόγῳ</span> <span class='ocrx_word' id='word_1_616' title='bbox 1249 1961 1296 1988; x_wconf 75' lang='grc' dir='ltr'><strong>ἐπὶ</strong></span> <span class='ocrx_word' id='word_1_617' title='bbox 1313 1960 1436 1987; x_wconf 73' lang='grc' dir='ltr'>’Δττικοῦ</span> <span class='ocrx_word' id='word_1_618' title='bbox 1452 1959 1498 1986; x_wconf 85' lang='grc' dir='ltr'>τοῦ</span> <span class='ocrx_word' id='word_1_619' title='bbox 1517 1959 1651 1987; x_wconf 82' lang='grc' dir='ltr'>ὑπατικοῦ</span> <span class='ocrx_word' id='word_1_620' title='bbox 1668 1967 1675 1974; x_wconf 87' lang='lat'><strong>&#39;</strong></span> <span class='ocrx_word' id='word_1_621' title='bbox 1694 1961 1743 1986; x_wconf 72' lang='grc' dir='ltr'>καὶ</span> <span class='ocrx_word' id='word_1_622' title='bbox 1758 1959 1810 1985; x_wconf 73' lang='grc' dir='ltr'><strong>ἐπὶ</strong></span> 
     </span>
    </p>
   </div>
   <div class='ocr_carea' id='block_1_87' title="bbox 1021 2005 1809 2041">
    <p class='ocr_par' dir='ltr' id='par_1_87' title="bbox 1021 2005 1809 2041">
     <span class='ocr_line' id='line_1_87' title="bbox 1021 2005 1809 2041; baseline -0.003 -8"><span class='ocrx_word' id='word_1_623' title='bbox 1021 2007 1133 2038; x_wconf 83' lang='grc' dir='ltr'>πολλαῖς</span> <span class='ocrx_word' id='word_1_624' title='bbox 1158 2007 1275 2041; x_wconf 77' lang='grc' dir='ltr'>ἡμέραις</span> <span class='ocrx_word' id='word_1_625' title='bbox 1305 2007 1494 2040; x_wconf 70' lang='grc' dir='ltr'>αἰκιζόμενος,</span> <span class='ocrx_word' id='word_1_626' title='bbox 1521 2005 1715 2041; x_wconf 75' lang='grc' dir='ltr'>ἐμαρτύρησεν</span> <span class='ocrx_word' id='word_1_627' title='bbox 1731 2014 1738 2021; x_wconf 91' lang='grc'><strong>·</strong></span> <span class='ocrx_word' id='word_1_628' title='bbox 1772 2005 1809 2036; x_wconf 80' lang='grc' dir='ltr'><strong>ὡς</strong></span> 
     </span>
    </p>
   </div>
   <div class='ocr_carea' id='block_1_88' title="bbox 1023 2051 1810 2088">
    <p class='ocr_par' dir='ltr' id='par_1_88' title="bbox 1023 2051 1810 2088">
     <span class='ocr_line' id='line_1_88' title="bbox 1023 2051 1810 2088; baseline -0.004 -7"><span class='ocrx_word' id='word_1_629' title='bbox 1023 2054 1128 2084; x_wconf 79' lang='grc' dir='ltr'>πάντας</span> <span class='ocrx_word' id='word_1_630' title='bbox 1146 2053 1380 2088; x_wconf 78' lang='grc' dir='ltr'>ὑπερθαυμάζειν,</span> <span class='ocrx_word' id='word_1_631' title='bbox 1398 2053 1446 2079; x_wconf 74' lang='grc' dir='ltr'>καὶ</span> <span class='ocrx_word' id='word_1_632' title='bbox 1463 2053 1510 2080; x_wconf 77' lang='grc' dir='ltr'>τὸν</span> <span class='ocrx_word' id='word_1_633' title='bbox 1532 2052 1667 2079; x_wconf 84' lang='grc' dir='ltr'>ὑπατικόν</span> <span class='ocrx_word' id='word_1_634' title='bbox 1678 2060 1685 2066; x_wconf 93' lang='grc'><strong>·</strong></span> <span class='ocrx_word' id='word_1_635' title='bbox 1705 2051 1734 2083; x_wconf 82' lang='grc' dir='ltr'>ὖς</span> <span class='ocrx_word' id='word_1_636' title='bbox 1747 2052 1810 2078; x_wconf 78' lang='grc' dir='ltr'>ἑκα-</span> 
     </span>
    </p>
   </div>
   <div class='ocr_carea' id='block_1_89' title="bbox 1022 2097 1809 2134">
    <p class='ocr_par' dir='ltr' id='par_1_89' title="bbox 1022 2097 1809 2134">
     <span class='ocr_line' id='line_1_89' title="bbox 1022 2097 1809 2134; baseline -0.005 -7"><span class='ocrx_word' id='word_1_637' title='bbox 1022 2101 1068 2127; x_wconf 72' lang='grc' dir='ltr'>τῆν</span> <span class='ocrx_word' id='word_1_638' title='bbox 1079 2101 1166 2127; x_wconf 77' lang='grc' dir='ltr'>είκοσι</span> <span class='ocrx_word' id='word_1_639' title='bbox 1187 2101 1330 2134; x_wconf 82' lang='grc' dir='ltr'>τυγχάνων</span> <span class='ocrx_word' id='word_1_640' title='bbox 1346 2099 1426 2132; x_wconf 77' lang='grc' dir='ltr'>ὲτῷν,</span> <span class='ocrx_word' id='word_1_641' title='bbox 1445 2099 1576 2133; x_wconf 85' lang='grc' dir='ltr'>ὑπέμεινε</span> <span class='ocrx_word' id='word_1_642' title='bbox 1597 2098 1645 2125; x_wconf 71' lang='grc' dir='ltr'>καὶ</span> <span class='ocrx_word' id='word_1_643' title='bbox 1661 2097 1809 2132; x_wconf 71' lang='grc' dir='ltr'>ἐκελεύσθη</span> 
     </span>
    </p>
   </div>
   <div class='ocr_carea' id='block_1_90' title="bbox 1023 2144 1812 2183">
    <p class='ocr_par' dir='ltr' id='par_1_90' title="bbox 1023 2144 1812 2183">
     <span class='ocr_line' id='line_1_90' title="bbox 1023 2144 1812 2183; baseline -0.004 -9"><span class='ocrx_word' id='word_1_644' title='bbox 1023 2147 1224 2183; x_wconf 74' lang='grc' dir='ltr'>σταυρωθῆναι.</span> <span class='ocrx_word' id='word_1_645' title='bbox 1243 2157 1251 2174; x_wconf 81' lang='grc' dir='ltr'><strong>ι</strong></span> <span class='ocrx_word' id='word_1_646' title='bbox 1269 2147 1376 2181; x_wconf 72' lang='grc' dir='ltr'>Μικρὸν</span> <span class='ocrx_word' id='word_1_647' title='bbox 1395 2146 1424 2173; x_wconf 77' lang='grc' dir='ltr'><strong>δὲ</strong></span> <span class='ocrx_word' id='word_1_648' title='bbox 1451 2144 1629 2179; x_wconf 84' lang='grc' dir='ltr'>παρακατιὼν</span> <span class='ocrx_word' id='word_1_649' title='bbox 1652 2146 1666 2172; x_wconf 81' lang='grc' dir='ltr'><strong><em>ὁ</em></strong></span> <span class='ocrx_word' id='word_1_650' title='bbox 1689 2154 1812 2180; x_wconf 84' lang='grc' dir='ltr'>συγγρα-</span> 
     </span>
    </p>
   </div>
   <div class='ocr_carea' id='block_1_91' title="bbox 1025 2190 1812 2229">
    <p class='ocr_par' dir='ltr' id='par_1_91' title="bbox 1025 2190 1812 2229">
     <span class='ocr_line' id='line_1_91' title="bbox 1025 2190 1812 2229; baseline -0.006 -7"><span class='ocrx_word' id='word_1_651' title='bbox 1025 2195 1102 2229; x_wconf 78' lang='grc' dir='ltr'>φεὺς,</span> <span class='ocrx_word' id='word_1_652' title='bbox 1120 2196 1166 2222; x_wconf 80' lang='grc' dir='ltr'>καὶ</span> <span class='ocrx_word' id='word_1_653' title='bbox 1184 2195 1217 2222; x_wconf 81' lang='grc' dir='ltr'><strong>τὰ</strong></span> <span class='ocrx_word' id='word_1_654' title='bbox 1233 2196 1295 2229; x_wconf 76' lang='grc' dir='ltr'>περὶ</span> <span class='ocrx_word' id='word_1_655' title='bbox 1311 2194 1366 2220; x_wconf 81' lang='grc' dir='ltr'>τῶν</span> <span class='ocrx_word' id='word_1_656' title='bbox 1388 2193 1543 2228; x_wconf 71' lang='grc' dir='ltr'>εἰρημένων</span> <span class='ocrx_word' id='word_1_657' title='bbox 1574 2190 1670 2223; x_wconf 77' lang='grc' dir='ltr'>εἰπὼν,</span> <span class='ocrx_word' id='word_1_658' title='bbox 1698 2191 1812 2226; x_wconf 78' lang='grc' dir='ltr'>ὕστερον</span> 
     </span>
    </p>
   </div>
   <div class='ocr_carea' id='block_1_92' title="bbox 181 2238 925 2286">
    <p class='ocr_par' dir='ltr' id='par_1_92' title="bbox 181 2249 925 2286">
     <span class='ocr_line' id='line_1_92' title="bbox 181 2249 925 2286; baseline 0.004 -10"><span class='ocrx_word' id='word_1_659' title='bbox 181 2249 326 2277; x_wconf 85' lang='lat' dir='ltr'><strong>Paululum</strong></span> <span class='ocrx_word' id='word_1_660' title='bbox 340 2256 432 2278; x_wconf 90' lang='lat' dir='ltr'><strong>autem</strong></span> <span class='ocrx_word' id='word_1_661' title='bbox 456 2252 605 2279; x_wconf 87' lang='lat' dir='ltr'><strong>historicus</strong></span> <span class='ocrx_word' id='word_1_662' title='bbox 620 2252 770 2286; x_wconf 80' lang='lat' dir='ltr'><strong>digressus,</strong></span> <span class='ocrx_word' id='word_1_663' title='bbox 786 2252 832 2279; x_wconf 90' lang='lat' dir='ltr'><strong>ubi</strong></span> <span class='ocrx_word' id='word_1_664' title='bbox 849 2260 881 2279; x_wconf 82' lang='lat' dir='ltr'><strong>ea</strong></span> <span class='ocrx_word' id='word_1_665' title='bbox 909 2261 925 2286; x_wconf 85' lang='lat' dir='ltr'><strong>q</strong></span> 
     </span>
    </p>
   </div>
   <div class='ocr_carea' id='block_1_93' title="bbox 1065 2238 1809 2286">
    <p class='ocr_par' dir='ltr' id='par_1_93' title="bbox 1065 2238 1809 2275">
     <span class='ocr_line' id='line_1_93' title="bbox 1065 2238 1809 2275; baseline -0.007 -7"><span class='ocrx_word' id='word_1_666' title='bbox 1065 2248 1070 2267; x_wconf 86' lang='lat' dir='ltr'><strong>L</strong></span> <span class='ocrx_word' id='word_1_667' title='bbox 1085 2241 1170 2268; x_wconf 77' lang='grc' dir='ltr'>ταῦτα</span> <span class='ocrx_word' id='word_1_668' title='bbox 1188 2240 1365 2275; x_wconf 80' lang='grc' dir='ltr'>προστίθησιν</span> <span class='ocrx_word' id='word_1_669' title='bbox 1383 2247 1390 2254; x_wconf 73' lang='grc' dir='ltr'><strong>ο</strong></span> <span class='ocrx_word' id='word_1_670' title='bbox 1409 2248 1418 2265; x_wconf 77' lang='grc' dir='ltr'><strong>ι</strong></span> <span class='ocrx_word' id='word_1_671' title='bbox 1442 2239 1486 2271; x_wconf 82' lang='grc' dir='ltr'>Ὠς</span> <span class='ocrx_word' id='word_1_672' title='bbox 1502 2238 1557 2273; x_wconf 72' lang='grc' dir='ltr'><strong>ἄρα</strong></span> <span class='ocrx_word' id='word_1_673' title='bbox 1573 2238 1656 2272; x_wconf 79' lang='grc' dir='ltr'>μέχρι</span> <span class='ocrx_word' id='word_1_674' title='bbox 1680 2238 1737 2264; x_wconf 83' lang='grc' dir='ltr'>τῶν</span> <span class='ocrx_word' id='word_1_675' title='bbox 1752 2238 1809 2263; x_wconf 75' lang='grc' dir='ltr'>τότε</span> 
     </span>
    </p>
   </div>
   <div class='ocr_carea' id='block_1_94' title="bbox 180 2297 969 2329">
    <p class='ocr_par' dir='ltr' id='par_1_94' title="bbox 180 2297 969 2329">
     <span class='ocr_line' id='line_1_94' title="bbox 180 2297 969 2329; baseline 0.001 -5"><span class='ocrx_word' id='word_1_676' title='bbox 180 2301 396 2324; x_wconf 83' lang='lat' dir='ltr'><strong>commemorata</strong></span> <span class='ocrx_word' id='word_1_677' title='bbox 425 2303 491 2325; x_wconf 86' lang='lat' dir='ltr'><strong>sunt</strong></span> <span class='ocrx_word' id='word_1_678' title='bbox 518 2298 598 2329; x_wconf 80' lang='lat' dir='ltr'><strong>dixit,</strong></span> <span class='ocrx_word' id='word_1_679' title='bbox 625 2297 727 2324; x_wconf 86' lang='lat' dir='ltr'><strong>deinde</strong></span> <span class='ocrx_word' id='word_1_680' title='bbox 748 2302 775 2324; x_wconf 81' lang='lat' dir='ltr'><strong>et</strong></span> <span class='ocrx_word' id='word_1_681' title='bbox 800 2298 846 2325; x_wconf 82' lang='lat' dir='ltr'><strong>illa</strong></span> <span class='ocrx_word' id='word_1_682' title='bbox 872 2298 969 2325; x_wconf 88' lang='lat' dir='ltr'><strong>addit:</strong></span> 
     </span>
    </p>
   </div>
   <div class='ocr_carea' id='block_1_95' title="bbox 183 2344 972 2380">
    <p class='ocr_par' dir='ltr' id='par_1_95' title="bbox 183 2344 972 2380">
     <span class='ocr_line' id='line_1_95' title="bbox 183 2344 972 2380; baseline 0.001 -10"><span class='ocrx_word' id='word_1_683' title='bbox 183 2344 258 2378; x_wconf 88' lang='lat' dir='ltr'><strong>quod</strong></span> <span class='ocrx_word' id='word_1_684' title='bbox 273 2345 305 2371; x_wconf 86' lang='lat' dir='ltr'><strong>ad</strong></span> <span class='ocrx_word' id='word_1_685' title='bbox 328 2352 360 2372; x_wconf 85' lang='lat' dir='ltr'><strong>ea</strong></span> <span class='ocrx_word' id='word_1_686' title='bbox 381 2352 467 2379; x_wconf 80' lang='lat' dir='ltr'><strong>usque</strong></span> <span class='ocrx_word' id='word_1_687' title='bbox 497 2349 620 2379; x_wconf 86' lang='lat' dir='ltr'><strong>tempora</strong></span> <span class='ocrx_word' id='word_1_688' title='bbox 656 2344 776 2372; x_wconf 85' lang='lat' dir='ltr'><strong>Ecclesia</strong></span> <span class='ocrx_word' id='word_1_689' title='bbox 791 2353 860 2380; x_wconf 86' lang='lat' dir='ltr'><strong>pura</strong></span> <span class='ocrx_word' id='word_1_690' title='bbox 888 2349 916 2372; x_wconf 91' lang='lat' dir='ltr'><strong>et</strong></span> <span class='ocrx_word' id='word_1_691' title='bbox 929 2345 972 2372; x_wconf 91' lang='lat' dir='ltr'><strong>in-</strong></span> 
     </span>
    </p>
   </div>
   <div class='ocr_carea' id='block_1_96' title="bbox 180 2390 973 2425">
    <p class='ocr_par' dir='ltr' id='par_1_96' title="bbox 180 2390 973 2425">
     <span class='ocr_line' id='line_1_96' title="bbox 180 2390 973 2425; baseline 0.001 -9"><span class='ocrx_word' id='word_1_692' title='bbox 180 2395 311 2425; x_wconf 88' lang='lat' dir='ltr'><strong>corrupta</strong></span> <span class='ocrx_word' id='word_1_693' title='bbox 341 2391 524 2425; x_wconf 76' lang='lat' dir='ltr'><strong>permanserit</strong></span> <span class='ocrx_word' id='word_1_694' title='bbox 540 2399 626 2425; x_wconf 84' lang='lat' dir='ltr'><strong>v.rgo,</strong></span> <span class='ocrx_word' id='word_1_695' title='bbox 643 2391 670 2418; x_wconf 93' lang='lat' dir='ltr'><strong>in</strong></span> <span class='ocrx_word' id='word_1_696' title='bbox 696 2390 765 2417; x_wconf 79' lang='lat' dir='ltr'><strong>locis</strong></span> <span class='ocrx_word' id='word_1_697' title='bbox 794 2391 922 2419; x_wconf 78' lang='lat' dir='ltr'><strong>obscuris</strong></span> <span class='ocrx_word' id='word_1_698' title='bbox 945 2396 973 2418; x_wconf 85' lang='lat' dir='ltr'><strong>et</strong></span> 
     </span>
    </p>
   </div>
   <div class='ocr_carea' id='block_1_97' title="bbox 182 2437 974 2472">
    <p class='ocr_par' dir='ltr' id='par_1_97' title="bbox 182 2437 974 2472">
     <span class='ocr_line' id='line_1_97' title="bbox 182 2437 974 2472; baseline 0 -8"><span class='ocrx_word' id='word_1_699' title='bbox 182 2437 341 2472; x_wconf 80' lang='lat' dir='ltr'><strong>caliginosis</strong></span> <span class='ocrx_word' id='word_1_700' title='bbox 367 2437 469 2470; x_wconf 86' lang='lat' dir='ltr'><strong>adhuc,</strong></span> <span class='ocrx_word' id='word_1_701' title='bbox 487 2438 509 2464; x_wconf 95' lang='lat' dir='ltr'><strong>si</strong></span> <span class='ocrx_word' id='word_1_702' title='bbox 532 2438 579 2472; x_wconf 88' lang='lat' dir='ltr'><strong>qui</strong></span> <span class='ocrx_word' id='word_1_703' title='bbox 605 2443 663 2464; x_wconf 94' lang='lat' dir='ltr'><strong>tum</strong></span> <span class='ocrx_word' id='word_1_704' title='bbox 681 2437 848 2465; x_wconf 83' lang='lat' dir='ltr'><strong>exstiterunt</strong></span> <span class='ocrx_word' id='word_1_705' title='bbox 866 2438 912 2472; x_wconf 88' lang='lat' dir='ltr'><strong>qui</strong></span> <span class='ocrx_word' id='word_1_706' title='bbox 930 2445 974 2464; x_wconf 82' lang='lat' dir='ltr'><strong>sa-</strong></span> 
     </span>
    </p>
   </div>
   <div class='ocr_carea' id='block_1_98' title="bbox 183 2483 975 2518">
    <p class='ocr_par' dir='ltr' id='par_1_98' title="bbox 183 2483 975 2518">
     <span class='ocr_line' id='line_1_98' title="bbox 183 2483 975 2518; baseline 0 -8"><span class='ocrx_word' id='word_1_707' title='bbox 183 2491 246 2510; x_wconf 89' lang='lat' dir='ltr'><strong>nam</strong></span> <span class='ocrx_word' id='word_1_708' title='bbox 270 2484 424 2511; x_wconf 84' lang='lat' dir='ltr'><strong>doctrinam</strong></span> <span class='ocrx_word' id='word_1_709' title='bbox 454 2483 603 2510; x_wconf 64' lang='lat' dir='ltr'><strong>salutiferae</strong></span> <span class='ocrx_word' id='word_1_710' title='bbox 629 2483 831 2518; x_wconf 68' lang='lat' dir='ltr'><strong>praadieationis</strong></span> <span class='ocrx_word' id='word_1_711' title='bbox 848 2491 975 2510; x_wconf 89' lang='lat' dir='ltr'><strong>corrum-</strong></span> 
     </span>
    </p>
   </div>
   <div class='ocr_carea' id='block_1_99' title="bbox 184 2530 974 2565">
    <p class='ocr_par' dir='ltr' id='par_1_99' title="bbox 184 2530 974 2565">
     <span class='ocr_line' id='line_1_99' title="bbox 184 2530 974 2565; baseline 0.001 -9"><span class='ocrx_word' id='word_1_712' title='bbox 184 2538 250 2565; x_wconf 88' lang='lat' dir='ltr'><strong>pere</strong></span> <span class='ocrx_word' id='word_1_713' title='bbox 280 2535 346 2558; x_wconf 88' lang='lat' dir='ltr'><strong>sunt</strong></span> <span class='ocrx_word' id='word_1_714' title='bbox 373 2530 476 2564; x_wconf 85' lang='lat' dir='ltr'><strong>conati,</strong></span> <span class='ocrx_word' id='word_1_715' title='bbox 506 2530 743 2558; x_wconf 63' lang='lat' dir='ltr'><strong>delitescentibus.</strong></span> <span class='ocrx_word' id='word_1_716' title='bbox 760 2531 908 2565; x_wconf 84' lang='lat' dir='ltr'><strong>Postquam</strong></span> <span class='ocrx_word' id='word_1_717' title='bbox 926 2538 974 2557; x_wconf 84' lang='lat' dir='ltr'><strong>au-</strong></span> 
     </span>
    </p>
   </div>
   <div class='ocr_carea' id='block_1_100' title="bbox 185 2577 972 2612">
    <p class='ocr_par' dir='ltr' id='par_1_100' title="bbox 185 2577 972 2612">
     <span class='ocr_line' id='line_1_100' title="bbox 185 2577 972 2612; baseline -0.001 -8"><span class='ocrx_word' id='word_1_718' title='bbox 185 2583 237 2604; x_wconf 75' lang='lat' dir='ltr'><strong>tem</strong></span> <span class='ocrx_word' id='word_1_719' title='bbox 253 2585 331 2605; x_wconf 82' lang='lat' dir='ltr'><strong>sacer</strong></span> <span class='ocrx_word' id='word_1_720' title='bbox 344 2578 530 2612; x_wconf 81' lang='lat' dir='ltr'><strong>apostolorum</strong></span> <span class='ocrx_word' id='word_1_721' title='bbox 557 2578 659 2605; x_wconf 86' lang='lat' dir='ltr'><strong>chorus</strong></span> <span class='ocrx_word' id='word_1_722' title='bbox 679 2578 790 2605; x_wconf 78' lang='lat' dir='ltr'><strong>diverso</strong></span> <span class='ocrx_word' id='word_1_723' title='bbox 804 2577 899 2604; x_wconf 84' lang='lat' dir='ltr'><strong>mortis</strong></span> <span class='ocrx_word' id='word_1_724' title='bbox 925 2584 972 2611; x_wconf 81' lang='lat' dir='ltr'><strong>ge-</strong></span> 
     </span>
    </p>
   </div>
   <div class='ocr_carea' id='block_1_101' title="bbox 187 2623 973 2660">
    <p class='ocr_par' dir='ltr' id='par_1_101' title="bbox 187 2623 973 2660">
     <span class='ocr_line' id='line_1_101' title="bbox 187 2623 973 2660; baseline 0 -9"><span class='ocrx_word' id='word_1_725' title='bbox 187 2632 252 2652; x_wconf 85' lang='lat' dir='ltr'><strong>nere</strong></span> <span class='ocrx_word' id='word_1_726' title='bbox 274 2626 356 2651; x_wconf 78' lang='lat' dir='ltr'><strong>vitam</strong></span> <span class='ocrx_word' id='word_1_727' title='bbox 375 2623 454 2657; x_wconf 79' lang='lat' dir='ltr'><strong>(iniit,</strong></span> <span class='ocrx_word' id='word_1_728' title='bbox 484 2625 679 2660; x_wconf 61' lang='lat' dir='ltr'><strong>generatiorlue</strong></span> <span class='ocrx_word' id='word_1_729' title='bbox 704 2632 799 2652; x_wconf 88' lang='lat' dir='ltr'><strong>eorum</strong></span> <span class='ocrx_word' id='word_1_730' title='bbox 831 2625 973 2660; x_wconf 67' lang='lat' dir='ltr'><strong>praeteriit,</strong></span> 
     </span>
    </p>
   </div>
   <div class='ocr_carea' id='block_1_102' title="bbox 185 2671 974 2708">
    <p class='ocr_par' dir='ltr' id='par_1_102' title="bbox 185 2671 974 2708">
     <span class='ocr_line' id='line_1_102' title="bbox 185 2671 974 2708; baseline -0.001 -9"><span class='ocrx_word' id='word_1_731' title='bbox 185 2673 232 2708; x_wconf 87' lang='lat' dir='ltr'><strong>qui</strong></span> <span class='ocrx_word' id='word_1_732' title='bbox 245 2671 359 2700; x_wconf 76' lang='lat' dir='ltr'><strong>auribus</strong></span> <span class='ocrx_word' id='word_1_733' title='bbox 376 2671 426 2706; x_wconf 87' lang='lat' dir='ltr'><strong>ipsi</strong></span> <span class='ocrx_word' id='word_1_734' title='bbox 456 2673 512 2700; x_wconf 83' lang='lat' dir='ltr'><strong>suis</strong></span> <span class='ocrx_word' id='word_1_735' title='bbox 528 2672 647 2700; x_wconf 84' lang='lat' dir='ltr'><strong>divinam</strong></span> <span class='ocrx_word' id='word_1_736' title='bbox 676 2671 838 2706; x_wconf 82' lang='lat' dir='ltr'><strong>sapientiam</strong></span> <span class='ocrx_word' id='word_1_737' title='bbox 858 2671 974 2698; x_wconf 78' lang='lat' dir='ltr'><strong>audive-</strong></span> 
     </span>
    </p>
   </div>
   <div class='ocr_carea' id='block_1_103' title="bbox 186 2718 977 2754">
    <p class='ocr_par' dir='ltr' id='par_1_103' title="bbox 186 2718 977 2754">
     <span class='ocr_line' id='line_1_103' title="bbox 186 2718 977 2754; baseline -0.006 -7"><span class='ocrx_word' id='word_1_738' title='bbox 186 2727 265 2747; x_wconf 74' lang='lat' dir='ltr'><strong>rant:</strong></span> <span class='ocrx_word' id='word_1_739' title='bbox 283 2723 340 2746; x_wconf 89' lang='lat' dir='ltr'><strong>tum</strong></span> <span class='ocrx_word' id='word_1_740' title='bbox 359 2718 475 2753; x_wconf 87' lang='lat' dir='ltr'><strong>primum</strong></span> <span class='ocrx_word' id='word_1_741' title='bbox 493 2719 638 2754; x_wconf 83' lang='lat' dir='ltr'><strong>impiorum</strong></span> <span class='ocrx_word' id='word_1_742' title='bbox 653 2718 840 2749; x_wconf 86' lang='lat' dir='ltr'><strong>seductorum,</strong></span> <span class='ocrx_word' id='word_1_743' title='bbox 855 2725 903 2752; x_wconf 88' lang='lat' dir='ltr'><strong>per</strong></span> <span class='ocrx_word' id='word_1_744' title='bbox 915 2724 977 2752; x_wconf 75' lang='lat' dir='ltr'><strong>pel“-</strong></span> 
     </span>
    </p>
   </div>
   <div class='ocr_carea' id='block_1_104' title="bbox 185 2764 975 2801">
    <p class='ocr_par' dir='ltr' id='par_1_104' title="bbox 185 2764 975 2801">
     <span class='ocr_line' id='line_1_104' title="bbox 185 2764 975 2801; baseline -0.003 -9"><span class='ocrx_word' id='word_1_745' title='bbox 185 2767 342 2799; x_wconf 69' lang='lat' dir='ltr'><strong>egrinorntn</strong></span> <span class='ocrx_word' id='word_1_746' title='bbox 359 2765 500 2794; x_wconf 89' lang='lat' dir='ltr'><strong>doctorum</strong></span> <span class='ocrx_word' id='word_1_747' title='bbox 518 2765 724 2801; x_wconf 86' lang='lat' dir='ltr'><strong>deceptioucm,</strong></span> <span class='ocrx_word' id='word_1_748' title='bbox 757 2764 841 2791; x_wconf 80' lang='lat' dir='ltr'><strong>eoitio</strong></span> <span class='ocrx_word' id='word_1_749' title='bbox 865 2768 893 2791; x_wconf 93' lang='lat' dir='ltr'><strong>et</strong></span> <span class='ocrx_word' id='word_1_750' title='bbox 908 2770 975 2791; x_wconf 89' lang='lat' dir='ltr'><strong>con-</strong></span> 
     </span>
    </p>
   </div>
   <div class='ocr_carea' id='block_1_105' title="bbox 188 2811 974 2849">
    <p class='ocr_par' dir='ltr' id='par_1_105' title="bbox 188 2811 974 2849">
     <span class='ocr_line' id='line_1_105' title="bbox 188 2811 974 2849; baseline -0.001 -11"><span class='ocrx_word' id='word_1_751' title='bbox 188 2813 301 2847; x_wconf 75' lang='lat' dir='ltr'><strong>spiratio</strong></span> <span class='ocrx_word' id='word_1_752' title='bbox 336 2812 442 2840; x_wconf 90' lang='lat' dir='ltr'><strong>initium</strong></span> <span class='ocrx_word' id='word_1_753' title='bbox 461 2814 543 2849; x_wconf 88' lang='lat' dir='ltr'><strong>cepit.</strong></span> <span class='ocrx_word' id='word_1_754' title='bbox 560 2813 611 2846; x_wconf 86' lang='lat' dir='ltr'><strong>Qui</strong></span> <span class='ocrx_word' id='word_1_755' title='bbox 639 2811 750 2841; x_wconf 83' lang='lat' dir='ltr'><strong>deinde.</strong></span> <span class='ocrx_word' id='word_1_756' title='bbox 769 2811 845 2838; x_wconf 92' lang='lat' dir='ltr'><strong>nullo</strong></span> <span class='ocrx_word' id='word_1_757' title='bbox 859 2811 915 2846; x_wconf 82' lang='lat' dir='ltr'><strong>jam</strong></span> <span class='ocrx_word' id='word_1_758' title='bbox 942 2818 974 2838; x_wconf 80' lang='lat' dir='ltr'><strong>ex</strong></span> 
     </span>
    </p>
   </div>
   <div class='ocr_carea' id='block_1_106' title="bbox 188 2858 976 2896">
    <p class='ocr_par' dir='ltr' id='par_1_106' title="bbox 188 2858 976 2896">
     <span class='ocr_line' id='line_1_106' title="bbox 188 2858 976 2896; baseline -0.006 -9"><span class='ocrx_word' id='word_1_759' title='bbox 188 2861 319 2895; x_wconf 84' lang='lat' dir='ltr'><strong>apostolis</strong></span> <span class='ocrx_word' id='word_1_760' title='bbox 347 2860 462 2896; x_wconf 87' lang='lat' dir='ltr'><strong>reliquo,</strong></span> <span class='ocrx_word' id='word_1_761' title='bbox 481 2861 555 2888; x_wconf 87' lang='lat' dir='ltr'><strong>nudo</strong></span> <span class='ocrx_word' id='word_1_762' title='bbox 583 2860 624 2894; x_wconf 86' lang='lat' dir='ltr'><strong>(ut</strong></span> <span class='ocrx_word' id='word_1_763' title='bbox 639 2859 752 2892; x_wconf 87' lang='lat' dir='ltr'><strong>dicitur)</strong></span> <span class='ocrx_word' id='word_1_764' title='bbox 770 2858 859 2893; x_wconf 85' lang='lat' dir='ltr'><strong>capite</strong></span> <span class='ocrx_word' id='word_1_765' title='bbox 880 2861 976 2884; x_wconf 86' lang='lat' dir='ltr'><strong>contra</strong></span> 
     </span>
    </p>
   </div>
   <div class='ocr_carea' id='block_1_107' title="bbox 1024 2284 1810 2325">
    <p class='ocr_par' dir='ltr' id='par_1_107' title="bbox 1024 2284 1810 2325">
     <span class='ocr_line' id='line_1_107' title="bbox 1024 2284 1810 2325; baseline -0.009 -9"><span class='ocrx_word' id='word_1_766' title='bbox 1024 2290 1128 2325; x_wconf 78' lang='grc' dir='ltr'>χρόνων</span> <span class='ocrx_word' id='word_1_767' title='bbox 1157 2288 1292 2324; x_wconf 80' lang='grc' dir='ltr'>παρθένος</span> <span class='ocrx_word' id='word_1_768' title='bbox 1305 2286 1416 2321; x_wconf 82' lang='grc' dir='ltr'>καθαρὰ</span> <span class='ocrx_word' id='word_1_769' title='bbox 1433 2286 1480 2313; x_wconf 73' lang='grc' dir='ltr'>καὶ</span> <span class='ocrx_word' id='word_1_770' title='bbox 1496 2285 1662 2320; x_wconf 80' lang='grc' dir='ltr'>ἀδιάφθορος</span> <span class='ocrx_word' id='word_1_771' title='bbox 1673 2284 1781 2319; x_wconf 77' lang='grc' dir='ltr'>ἔμεινεν</span> <span class='ocrx_word' id='word_1_772' title='bbox 1795 2285 1810 2318; x_wconf 83' lang='grc' dir='ltr'><strong>ἡ</strong></span> 
     </span>
    </p>
   </div>
   <div class='ocr_carea' id='block_1_108' title="bbox 1030 2332 1812 2369">
    <p class='ocr_par' dir='ltr' id='par_1_108' title="bbox 1030 2332 1812 2369">
     <span class='ocr_line' id='line_1_108' title="bbox 1030 2332 1812 2369; baseline -0.006 -7"><span class='ocrx_word' id='word_1_773' title='bbox 1030 2336 1189 2369; x_wconf 81' lang='grc' dir='ltr'>Ἐκκλησία,</span> <span class='ocrx_word' id='word_1_774' title='bbox 1207 2335 1235 2361; x_wconf 83' lang='grc' dir='ltr'>ὲν</span> <span class='ocrx_word' id='word_1_775' title='bbox 1249 2334 1340 2369; x_wconf 84' lang='grc' dir='ltr'><strong>ἀδήλῳ</strong></span> <span class='ocrx_word' id='word_1_776' title='bbox 1352 2342 1402 2360; x_wconf 87' lang='grc' dir='ltr'><strong>που</strong></span> <span class='ocrx_word' id='word_1_777' title='bbox 1420 2333 1519 2368; x_wconf 81' lang='grc' dir='ltr'>σκοτίῳ</span> <span class='ocrx_word' id='word_1_778' title='bbox 1530 2332 1710 2366; x_wconf 79' lang='grc' dir='ltr'>φωλευόντων</span> <span class='ocrx_word' id='word_1_779' title='bbox 1730 2332 1812 2357; x_wconf 76' lang='grc' dir='ltr'>εἰσέτι</span> 
     </span>
    </p>
   </div>
   <div class='ocr_carea' id='block_1_109' title="bbox 1024 2378 1812 2414">
    <p class='ocr_par' dir='ltr' id='par_1_109' title="bbox 1024 2378 1812 2414">
     <span class='ocr_line' id='line_1_109' title="bbox 1024 2378 1812 2414; baseline -0.008 -5"><span class='ocrx_word' id='word_1_780' title='bbox 1024 2382 1083 2409; x_wconf 62' lang='grc' dir='ltr'>τότε</span> <span class='ocrx_word' id='word_1_781' title='bbox 1098 2382 1164 2414; x_wconf 84' lang='grc' dir='ltr'>τῶν,</span> <span class='ocrx_word' id='word_1_782' title='bbox 1177 2381 1203 2408; x_wconf 84' lang='grc' dir='ltr'>εἰ</span> <span class='ocrx_word' id='word_1_783' title='bbox 1219 2380 1266 2407; x_wconf 88' lang='grc' dir='ltr'>και</span> <span class='ocrx_word' id='word_1_784' title='bbox 1290 2388 1363 2411; x_wconf 80' lang='grc' dir='ltr'>τινες</span> <span class='ocrx_word' id='word_1_785' title='bbox 1378 2380 1512 2414; x_wconf 84' lang='grc' dir='ltr'>ὑπῆρχον,</span> <span class='ocrx_word' id='word_1_786' title='bbox 1529 2378 1732 2413; x_wconf 79' lang='grc' dir='ltr'>παραφθείρειν</span> <span class='ocrx_word' id='word_1_787' title='bbox 1755 2379 1812 2404; x_wconf 76' lang='grc' dir='ltr'>ἐπι-</span> 
     </span>
    </p>
   </div>
   <div class='ocr_carea' id='block_1_110' title="bbox 1025 2424 1812 2465">
    <p class='ocr_par' dir='ltr' id='par_1_110' title="bbox 1025 2424 1812 2465">
     <span class='ocr_line' id='line_1_110' title="bbox 1025 2424 1812 2465; baseline -0.009 -9"><span class='ocrx_word' id='word_1_788' title='bbox 1025 2429 1188 2465; x_wconf 79' lang='grc' dir='ltr'>χειρούντων</span> <span class='ocrx_word' id='word_1_789' title='bbox 1202 2428 1248 2454; x_wconf 83' lang='grc' dir='ltr'>τὸν</span> <span class='ocrx_word' id='word_1_790' title='bbox 1266 2426 1329 2461; x_wconf 83' lang='grc' dir='ltr'>ὑγιῆ</span> <span class='ocrx_word' id='word_1_791' title='bbox 1361 2426 1462 2453; x_wconf 76' lang='grc' dir='ltr'>κανόνα</span> <span class='ocrx_word' id='word_1_792' title='bbox 1478 2425 1524 2452; x_wconf 80' lang='grc' dir='ltr'>τοῦ</span> <span class='ocrx_word' id='word_1_793' title='bbox 1547 2425 1683 2460; x_wconf 78' lang='grc' dir='ltr'>σωτηρίου</span> <span class='ocrx_word' id='word_1_794' title='bbox 1711 2424 1812 2459; x_wconf 80' lang='grc' dir='ltr'>κηρύγ-</span> 
     </span>
    </p>
   </div>
   <div class='ocr_carea' id='block_1_111' title="bbox 1027 2471 1812 2511">
    <p class='ocr_par' dir='ltr' id='par_1_111' title="bbox 1027 2471 1812 2511">
     <span class='ocr_line' id='line_1_111' title="bbox 1027 2471 1812 2511; baseline -0.009 -8"><span class='ocrx_word' id='word_1_795' title='bbox 1027 2485 1121 2511; x_wconf 79' lang='grc' dir='ltr'>ματος.</span> <span class='ocrx_word' id='word_1_796' title='bbox 1146 2476 1188 2507; x_wconf 79' lang='grc' dir='ltr'>Ὠς</span> <span class='ocrx_word' id='word_1_797' title='bbox 1199 2475 1220 2501; x_wconf 83' lang='grc' dir='ltr'><strong>δ’</strong></span> <span class='ocrx_word' id='word_1_798' title='bbox 1235 2475 1248 2501; x_wconf 86' lang='grc' dir='ltr'><strong>ό</strong></span> <span class='ocrx_word' id='word_1_799' title='bbox 1261 2475 1334 2510; x_wconf 63' lang='grc' dir='ltr'>ίερὶς</span> <span class='ocrx_word' id='word_1_800' title='bbox 1350 2474 1405 2500; x_wconf 85' lang='grc' dir='ltr'>τῶν</span> <span class='ocrx_word' id='word_1_801' title='bbox 1419 2472 1578 2500; x_wconf 79' lang='grc' dir='ltr'>ἀποστόλων</span> <span class='ocrx_word' id='word_1_802' title='bbox 1593 2472 1673 2506; x_wconf 72' lang='grc' dir='ltr'>χορὸς</span> <span class='ocrx_word' id='word_1_803' title='bbox 1686 2471 1812 2506; x_wconf 77' lang='grc' dir='ltr'>διάφορον</span> 
     </span>
    </p>
   </div>
   <div class='ocr_carea' id='block_1_112' title="bbox 1025 2516 1812 2558">
    <p class='ocr_par' dir='ltr' id='par_1_112' title="bbox 1025 2516 1812 2558">
     <span class='ocr_line' id='line_1_112' title="bbox 1025 2516 1812 2558; baseline -0.01 -8"><span class='ocrx_word' id='word_1_804' title='bbox 1025 2524 1132 2558; x_wconf 77' lang='grc' dir='ltr'>εἰλήφει</span> <span class='ocrx_word' id='word_1_805' title='bbox 1156 2521 1204 2548; x_wconf 84' lang='grc' dir='ltr'>τοῦ</span> <span class='ocrx_word' id='word_1_806' title='bbox 1236 2521 1295 2556; x_wconf 87' lang='grc' dir='ltr'>βίου</span> <span class='ocrx_word' id='word_1_807' title='bbox 1318 2520 1406 2552; x_wconf 80' lang='grc' dir='ltr'>τέλος,</span> <span class='ocrx_word' id='word_1_808' title='bbox 1430 2516 1612 2553; x_wconf 82' lang='grc' dir='ltr'>παρεληλύθει</span> <span class='ocrx_word' id='word_1_809' title='bbox 1643 2525 1671 2544; x_wconf 87' lang='grc' dir='ltr'><strong>τε</strong></span> <span class='ocrx_word' id='word_1_810' title='bbox 1703 2518 1720 2552; x_wconf 73' lang='grc' dir='ltr'>ἡ</span> <span class='ocrx_word' id='word_1_811' title='bbox 1735 2516 1812 2551; x_wconf 72' lang='grc' dir='ltr'>γενεὰ</span> 
     </span>
    </p>
   </div>
   <div class='ocr_carea' id='block_1_113' title="bbox 1026 2565 1812 2604">
    <p class='ocr_par' dir='ltr' id='par_1_113' title="bbox 1026 2565 1812 2604">
     <span class='ocr_line' id='line_1_113' title="bbox 1026 2565 1812 2604; baseline -0.011 -7"><span class='ocrx_word' id='word_1_812' title='bbox 1026 2571 1117 2604; x_wconf 76' lang='grc' dir='ltr'>ἐκείνη</span> <span class='ocrx_word' id='word_1_813' title='bbox 1142 2569 1197 2595; x_wconf 84' lang='grc' dir='ltr'>τῶν</span> <span class='ocrx_word' id='word_1_814' title='bbox 1208 2568 1305 2599; x_wconf 77' lang='grc' dir='ltr'>αὑταῖς</span> <span class='ocrx_word' id='word_1_815' title='bbox 1320 2568 1416 2597; x_wconf 82' lang='grc' dir='ltr'>ἀκοαῖς</span> <span class='ocrx_word' id='word_1_816' title='bbox 1432 2567 1481 2601; x_wconf 82' lang='grc' dir='ltr'>τῆς</span> <span class='ocrx_word' id='word_1_817' title='bbox 1505 2565 1599 2592; x_wconf 75' lang='grc' dir='ltr'>ἐνθέου</span> <span class='ocrx_word' id='word_1_818' title='bbox 1623 2565 1719 2598; x_wconf 58' lang='grc' dir='ltr'>σοφίας</span> <span class='ocrx_word' id='word_1_819' title='bbox 1748 2565 1812 2589; x_wconf 60' lang='lat' dir='ltr'><strong>1.1a-</strong></span> 
     </span>
    </p>
   </div>
   <div class='ocr_carea' id='block_1_114' title="bbox 1027 2610 1812 2650">
    <p class='ocr_par' dir='ltr' id='par_1_114' title="bbox 1027 2610 1812 2650">
     <span class='ocr_line' id='line_1_114' title="bbox 1027 2610 1812 2650; baseline -0.008 -6"><span class='ocrx_word' id='word_1_820' title='bbox 1027 2617 1122 2644; x_wconf 78' lang='grc' dir='ltr'>κοῦσαι</span> <span class='ocrx_word' id='word_1_821' title='bbox 1137 2615 1363 2650; x_wconf 80' lang='grc' dir='ltr'>κατηξιωμένων,</span> <span class='ocrx_word' id='word_1_822' title='bbox 1380 2612 1534 2648; x_wconf 81' lang='grc' dir='ltr'>τηνικαῦτα</span> <span class='ocrx_word' id='word_1_823' title='bbox 1551 2612 1600 2647; x_wconf 82' lang='grc' dir='ltr'>τῆς</span> <span class='ocrx_word' id='word_1_824' title='bbox 1619 2611 1700 2638; x_wconf 84' lang='grc' dir='ltr'>ἀθέου</span> <span class='ocrx_word' id='word_1_825' title='bbox 1715 2610 1812 2642; x_wconf 74' lang='grc' dir='ltr'>πλάνης</span> 
     </span>
    </p>
   </div>
   <div class='ocr_carea' id='block_1_115' title="bbox 1027 2655 1813 2700">
    <p class='ocr_par' dir='ltr' id='par_1_115' title="bbox 1027 2655 1813 2700">
     <span class='ocr_line' id='line_1_115' title="bbox 1027 2655 1813 2700; baseline -0.023 0"><span class='ocrx_word' id='word_1_826' title='bbox 1027 2665 1115 2700; x_wconf 75' lang='grc' dir='ltr'>ἀρχὴν</span> <span class='ocrx_word' id='word_1_827' title='bbox 1131 2661 1314 2698; x_wconf 70' lang='grc' dir='ltr'>ἐλᾶμϐανενή</span> <span class='ocrx_word' id='word_1_828' title='bbox 1338 2660 1469 2690; x_wconf 79' lang='grc' dir='ltr'>σύστασις</span> <span class='ocrx_word' id='word_1_829' title='bbox 1491 2659 1535 2685; x_wconf 71' lang='grc' dir='ltr'><strong>διὰ</strong></span> <span class='ocrx_word' id='word_1_830' title='bbox 1560 2659 1609 2691; x_wconf 74' lang='grc' dir='ltr'>τῆς</span> <span class='ocrx_word' id='word_1_831' title='bbox 1624 2657 1679 2683; x_wconf 83' lang='grc' dir='ltr'><strong>τῶν</strong></span> <span class='ocrx_word' id='word_1_832' title='bbox 1700 2655 1813 2691; x_wconf 77' lang='grc' dir='ltr'>ἑτεροδι-</span> 
     </span>
    </p>
   </div>
   <div class='ocr_carea' id='block_1_116' title="bbox 1026 2702 1812 2745">
    <p class='ocr_par' dir='ltr' id='par_1_116' title="bbox 1026 2702 1812 2745">
     <span class='ocr_line' id='line_1_116' title="bbox 1026 2702 1812 2745; baseline -0.014 -6"><span class='ocrx_word' id='word_1_833' title='bbox 1026 2711 1168 2739; x_wconf 81' lang='grc' dir='ltr'>δασκάλων</span> <span class='ocrx_word' id='word_1_834' title='bbox 1182 2710 1310 2745; x_wconf 77' lang='grc' dir='ltr'>ἀπάτης·</span> <span class='ocrx_word' id='word_1_835' title='bbox 1327 2707 1351 2734; x_wconf 75' lang='grc' dir='ltr'>οἳ</span> <span class='ocrx_word' id='word_1_836' title='bbox 1379 2707 1425 2734; x_wconf 72' lang='grc' dir='ltr'><strong>καὶ</strong></span> <span class='ocrx_word' id='word_1_837' title='bbox 1441 2707 1487 2733; x_wconf 71' lang='lat' dir='ltr'><strong>ira</strong></span> <span class='ocrx_word' id='word_1_838' title='bbox 1516 2705 1629 2741; x_wconf 79' lang='grc' dir='ltr'>μηδενὸς</span> <span class='ocrx_word' id='word_1_839' title='bbox 1653 2704 1710 2730; x_wconf 82' lang='grc' dir='ltr'>τῶν</span> <span class='ocrx_word' id='word_1_840' title='bbox 1729 2702 1812 2730; x_wconf 82' lang='grc' dir='ltr'>αὐτῶν</span> 
     </span>
    </p>
   </div>
   <div class='ocr_carea' id='block_1_117' title="bbox 1028 2748 1811 2791">
    <p class='ocr_par' dir='ltr' id='par_1_117' title="bbox 1028 2748 1811 2791">
     <span class='ocr_line' id='line_1_117' title="bbox 1028 2748 1811 2791; baseline -0.017 -4"><span class='ocrx_word' id='word_1_841' title='bbox 1028 2759 1184 2787; x_wconf 80' lang='grc' dir='ltr'>ἀποστόλων</span> <span class='ocrx_word' id='word_1_842' title='bbox 1200 2757 1373 2791; x_wconf 83' lang='grc' dir='ltr'>λειπομένου,</span> <span class='ocrx_word' id='word_1_843' title='bbox 1407 2755 1498 2789; x_wconf 84' lang='grc' dir='ltr'>γυμνῇ</span> <span class='ocrx_word' id='word_1_844' title='bbox 1524 2753 1617 2779; x_wconf 76' lang='grc' dir='ltr'>λοιπὸν</span> <span class='ocrx_word' id='word_1_845' title='bbox 1647 2752 1752 2786; x_wconf 75' lang='grc' dir='ltr'>κεφαλῇ</span> <span class='ocrx_word' id='word_1_846' title='bbox 1776 2748 1811 2782; x_wconf 83' lang='grc' dir='ltr'>τῷ</span> 
     </span>
    </p>
   </div>
   <div class='ocr_carea' id='block_1_118' title="bbox 1028 2797 1812 2843">
    <p class='ocr_par' dir='ltr' id='par_1_118' title="bbox 1028 2797 1812 2843">
     <span class='ocr_line' id='line_1_118' title="bbox 1028 2797 1812 2843; baseline -0.017 -8"><span class='ocrx_word' id='word_1_847' title='bbox 1028 2808 1077 2843; x_wconf 73' lang='grc' dir='ltr'><strong>τῆς</strong></span> <span class='ocrx_word' id='word_1_848' title='bbox 1101 2805 1234 2842; x_wconf 80' lang='grc' dir='ltr'>ἀληθείας</span> <span class='ocrx_word' id='word_1_849' title='bbox 1257 2803 1416 2839; x_wconf 77' lang='grc' dir='ltr'>κηρύγματι</span> <span class='ocrx_word' id='word_1_850' title='bbox 1439 2802 1488 2836; x_wconf 78' lang='grc' dir='ltr'>τὴν</span> <span class='ocrx_word' id='word_1_851' title='bbox 1516 2799 1693 2835; x_wconf 67' lang='grc' dir='ltr'>ψευδώνυμον</span> <span class='ocrx_word' id='word_1_852' title='bbox 1718 2797 1812 2832; x_wconf 79' lang='grc' dir='ltr'>γνῶσιν</span> 
     </span>
    </p>
   </div>
   <div class='ocr_carea' id='block_1_119' title="bbox 1029 2846 1811 2888">
    <p class='ocr_par' dir='ltr' id='par_1_119' title="bbox 1029 2846 1811 2888">
     <span class='ocr_line' id='line_1_119' title="bbox 1029 2846 1811 2888; baseline -0.015 -7"><span class='ocrx_word' id='word_1_853' title='bbox 1029 2850 1417 2888; x_wconf 70' lang='grc' dir='ltr'>ἀντικηρύττεινἐπεχείρουν.</span> <span class='ocrx_word' id='word_1_854' title='bbox 1437 2859 1445 2874; x_wconf 76' lang='grc' dir='ltr'><strong>ι</strong></span> <span class='ocrx_word' id='word_1_855' title='bbox 1468 2849 1496 2875; x_wconf 87' lang='grc'><strong>’0</strong></span> <span class='ocrx_word' id='word_1_856' title='bbox 1511 2850 1559 2883; x_wconf 67' lang='grc' dir='ltr'>μὲν</span> <span class='ocrx_word' id='word_1_857' title='bbox 1575 2846 1620 2873; x_wconf 75' lang='grc' dir='ltr'>οὖν</span> <span class='ocrx_word' id='word_1_858' title='bbox 1640 2847 1811 2881; x_wconf 64' lang='grc' dir='ltr'>Ἡγήσιππος</span> 
     </span>
    </p>
   </div>
  </div>
