1885 3059
69 127 122 160 937

534 127 839 160 ECCLESIASTICJ‘.
860 125 1055 156 HISTORI/‘E
1077 126 1150 156 LIB.
1174 126 1229 156 IlI.

1639 125 1691 158 938

68 183 272 218 ἐμνημόνευσα,
285 183 430 216 συντάξαι,
443 184 502 215 ταῖς
515 184 675 219 ἑρμηνείαις
685 183 811 211 διαϐεὒαι

949 182 982 215 vi,
997 182 1141 210 veritatem
1160 189 1256 210 eorum
1278 182 1504 217 interpretatione
1516 183 1693 212 conﬁrmans.

69 236 147 264 μενος
160 229 234 264 ὑπὲρ
260 229 349 256 αὐτῶν
374 229 517 265 ἀλήθειαν.
541 231 579 257 Οὐ
609 230 664 265 γὰρ
690 231 746 261 τοῖς
771 229 858 256 πολλὰ

67 274 193 307 λεγουσιν
209 274 332 308 ἔχαιρον,
360 273 456 310 ὥσπερ
477 275 502 301 οἱ
526 275 631 307 πολλοὶ,
646 275 716 301 ἀλλὰ
733 275 789 306 τοῖς
811 274 859 300 τά-

67 320 135 354 ληθῆ
150 320 335 347 διδάσκουσιν·
361 321 421 348 οὐδὲ
441 322 498 353 τοῖς
510 322 560 353 τὰς
580 321 726 356 ἀλλοτρίας
748 321 860 352 ἐντολὰς

69 367 300 401 μνημονεύουσιν,
317 367 385 394 ἀλλὰ
400 367 457 398 τοῖς
472 368 522 398 τὰς
544 368 620 402 παρὰ
637 367 684 394 τοῦ
706 367 810 402 Κυρίου
824 368 857 402 τῇ

67 412 159 438 πίστει
185 413 344 448 δεδομένας,
362 413 409 439 καὶ
431 413 498 449 παρ’
515 413 604 448 αὐτῆς
628 414 858 448 παραγινομένοις

67 458 118 493 τῆς
134 459 280 493 ἀληθείας.
297 460 327 485 Εἰ
350 459 379 486 δέ
397 469 449 486 που
474 460 523 487 καὶ
550 459 802 496 παρηκολουθηκώς
817 468 859 490 τις

66 508 121 536 τοῖς
137 506 338 540 πρεσϐυτέροις
354 506 437 537 ἔλθοι,
451 507 514 538 τοὺς
528 506 582 532 τῶν
595 506 789 541 πρεσϐυτέρων
800 506 862 532 6v!-

67 560 162 586 κρινον
176 552 287 585 λόγους·
301 553 328 578 τί
350 553 489 588 ’Λνδρέας,
507 553 523 588 ἢ
538 553 564 579 τί
581 553 683 586 Πέτρος
699 550 788 584 εἶπεν,
802 551 818 586 ἢ
833 551 859 577 τί

67 599 180 633 Θωμᾶς,
197 599 215 633 ἢ
231 599 363 630 Φίλιππος
374 619 381 630 ,
395 600 410 634 ἦ
436 599 464 625 τι
483 600 585 633 Σίμων,
610 599 626 633 ἢ
649 598 788 630 Ἰάκωϐος,
804 597 819 632 ἢ
834 597 860 624 τί

73 645 215 680 Ἰωάννης,
234 645 250 680 ἢ
267 647 415 677 Ματθαὴς
430 645 448 681 ἡ
461 654 503 677 τις
518 645 611 681 ἕτερος
625 644 680 671 τῶν
695 645 742 670 τοῦ
757 644 859 680 Κυρίου

69 690 213 725 μαθητῶν,
231 691 250 717 ἆ
262 698 292 716 τε
315 690 461 725 ’Λριστίων
473 691 519 716 καὶ
532 691 545 716 ό
561 690 747 725 πρεσὸύτερος
772 690 861 716 Ἰωάν-

67 744 126 770 νης,
141 736 191 762 τοῦ
215 736 320 770 Κυρίου
337 736 470 771 μαθηταὶ,
487 735 624 768 λέγουσιν.
640 735 677 761 υῦ
700 735 755 769 γὰρ
774 734 810 761 τὰ
829 736 862 761 ἐκ

66 782 120 808 τῶν
134 781 251 816 βιὸλίων
267 782 393 808 τοσοῦτόν
407 791 440 816 με
454 781 570 816 ὠφελεῖν
582 780 786 816 ὑπελάμὸανον,
799 781 862 807 ὅσον

66 828 99 854 τὲ
115 828 194 863 παρὰ
216 827 308 863 ζώσης
323 829 416 863 φωνῆς
439 829 487 855 καὶ
507 831 653 863 μενούσης.
673 837 683 853 ι
707 827 862 863 Ἐπισημή-

910 228 960 255 tibi
987 235 1135 263 exponere.
1165 228 1278 255 Minime
1292 229 1365 255 enim
1382 228 1416 256 iis
1443 236 1514 262 sum,
1542 233 1572 257 ut
1598 230 1696 265 vulgus

911 273 1052 300 hominum
1066 274 1146 306 solet,
1163 273 1326 305 delectatus,
1339 274 1385 306 qui
1401 274 1486 301 multa
1501 273 1636 308 dicerent,
1649 275 1696 302 sed

911 320 956 355 qui
980 327 1042 347 vera
1064 320 1218 348 docerent:
1236 327 1326 355 neque
1346 320 1394 355 qui
1411 320 1510 354 aliena,
1537 321 1585 348 sed
1609 322 1655 356 qui
1682 330 1696 348 a

913 367 1038 400 Dontino,
1051 368 1123 395 etab
1134 367 1175 395 eis
1190 367 1292 402 quibus
1307 374 1369 394 cum
1387 366 1444 402 ipsa
1454 367 1570 395 veritate
1581 375 1698 395 consue-

911 413 978 440 tudo
992 412 1054 445 fuit,
1066 412 1100 439 de
1114 412 1166 439 (ide
1178 412 1276 439 tradita
1289 415 1426 446 praecepta
1435 416 1696 439 commemorarent.

911 459 992 494 252
1004 458 1082 492 Quod
1099 458 1121 486 si
1138 458 1247 493 quando
1261 457 1361 492 aliquis
1374 457 1596 493 presbyterorum
1610 462 1698 484 secta-

911 511 954 533 tor
970 505 1123 537 adveniret,
1148 511 1244 532 eorum
1261 503 1381 539 ipsorum
1398 504 1571 539 requirebam
1592 512 1697 531 sermo-

912 559 962 579 nes
979 560 985 577 :
1001 551 1066 586 quid
1083 551 1185 578 scilicet
1206 550 1341 582 Andreas,
1359 550 1427 584 quid
1447 549 1545 578 Petrus
1561 550 1696 578 dixisset:

911 598 977 632 quid
999 598 1128 630 Thomas,
1144 601 1191 624 aut
1203 597 1358 632 Philippus,
1375 602 1423 624 aut
1436 597 1542 630 Simon,
1560 602 1608 624 aut
1621 597 1700 624 Jaco-

912 644 986 671 bus:
1002 647 1050 671 aut
1076 643 1140 678 quid
1158 643 1290 676 Joannes,
1316 647 1364 670 aut
1388 643 1542 676 Mattheus,
1559 647 1606 670 aut
1631 643 1699 678 quid

912 689 982 715 alius
1005 688 1152 723 quisquam
1180 687 1288 716 Domini
1316 687 1534 722 discipulorum:
1557 692 1605 715 aut
1631 688 1698 723 quid

911 735 994 762 etiam
1007 734 1139 766 Aristion,
1153 734 1311 762 etJoannes
1328 734 1481 769 presbyter,
1497 738 1526 762 et
1544 734 1595 769 ipsi
1618 735 1700 762 disci-

913 779 969 815 puli
985 779 1092 807 Domini
1108 779 1211 807 dicant.
1242 779 1303 807 Non
1328 780 1402 808 enim
1430 784 1537 808 tantum
1555 787 1598 808 me
1622 781 1701 808 libris

914 826 1049 862 adjuvari,
1069 831 1203 861 quantttm
1221 826 1283 854 viva
1296 831 1324 854 et
1340 828 1471 862 praesenti
1487 835 1565 861 voce,
1585 827 1701 854 arbitra-

67 875 167 901 νασθαι
181 875 211 901 δὲ
225 875 288 910 χρὴ,
312 875 349 906 ὡς
363 875 403 907 δὶς
417 875 466 910 τὴν
495 875 620 902 Ἰωάννου
643 875 807 910 ὁμωνυμίαν

971 879 1041 899 sum.
1061 881 1070 898 ι
1084 872 1240 899 Notandum
1256 879 1340 906 porro
1354 877 1407 904 est,
1421 872 1465 900 bis
1476 880 1538 900 eum
1553 872 1581 900 in
1597 873 1700 908 scripto

65 922 273 956 συγγράμματι
300 920 457 954 καταλέγειο
475 917 513 947 ὧν
527 921 577 955 τὴν
596 920 647 955 μὲν
671 922 729 952 τοῖς
743 921 861 947 ἀποστό-

66 968 125 999 λοις
151 967 368 1002 συγκαταλέγει,
388 967 425 999 ὼς
448 967 509 1000 ἐξὸν
532 965 603 993 εἷναι
617 967 663 993 τδι
680 967 861 1002 ἠγαπημένον

67 1016 149 1041 νοεῖν·
166 1015 200 1050 τῇ
218 1015 248 1041 δὲ
274 1014 454 1049 προστίθησιν
477 1014 652 1049 Ἀριστίωνα,
668 1014 717 1040 καὶ
741 1013 861 1049 πρεσϐύ-

66 1069 148 1096 τερον
163 1060 315 1095 ὀνομάζει·
341 1056 372 1087 οὗ
389 1068 460 1091 τινες
487 1061 674 1095 ἀγνοήσαντες
690 1061 738 1095 τὴν
755 1061 861 1094 ὁμωνυ-

68 1108 145 1142 μίαν,
156 1107 207 1137 τὰς
222 1106 292 1142 μετὰ
307 1106 357 1141 τὴν
373 1106 486 1141 πρώτην
499 1105 545 1132 δύο
560 1105 721 1137 Ἐπιστολάς
737 1106 861 1132 Ἰωάννου

67 1152 115 1179 καὶ
130 1151 181 1187 τὴν
201 1150 387 1186 ’Λποκάλυψιν
403 1149 474 1178 εἶναι
491 1151 631 1186 ἐνόμισαν·
645 1152 674 1177 ὲν
693 1151 796 1185 Ἐφέσῳ
808 1150 862 1184 γὰρ

67 1199 115 1226 καὶ
130 1195 210 1229 οὗτος
224 1199 238 1225 ὁ
252 1198 438 1233 πρεσῦύτερος
455 1197 602 1232 διατρίὸων
615 1195 659 1234 ἦν,
677 1198 742 1224 ἔνθα
758 1197 804 1224 καὶ
817 1197 864 1225 δύο

70 1246 203 1281 μνήματα
218 1245 298 1278 λόγος
311 1246 395 1271 εἰσέτι
414 1244 551 1276 σώζεσθαι
577 1245 721 1280 ἀμφότερα
739 1245 863 1272 Ἰωάννου

69 1293 194 1327 μνημεῖα
209 1291 363 1326 ὁμωνύμως
376 1291 523 1327 λεγόμενα.
545 1291 622 1318 Ἐπεὶ
640 1291 663 1318 δ’
680 1291 694 1317 ὁ
718 1291 863 1327 εἰρημένος

69 1338 182 1369 Παπίας
199 1338 245 1364 καὶ
269 1336 338 1364 ἄλλα
361 1336 423 1363 τινὰ
438 1330 578 1372 παράδοξα
603 1337 708 1371 ἱστορεῖ
722 1337 781 1368 ταῖς
801 1337 865 1362 ἐαυ-

66 1383 115 1410 τοῦ
134 1383 252 1420 βίϐλοις,
265 1383 303 1414 ὠς
316 1383 349 1410 ὲκ
366 1383 545 1418 παραδόσεως
561 1382 615 1409 τῶν
629 1383 682 1418 πρὸ
703 1383 808 1409 ἐκείνου
822 1382 864 1414 εἰς

54 1431 153 1458 αὑτὸν
168 1430 292 1462 ἐλθόντα,
308 1429 376 1464 φέρε
393 1429 441 1456 καὶ
459 1429 522 1464 περὶ
537 1429 641 1456 τούτων
656 1429 760 1465 βραχέα
773 1428 865 1464 διαλη-

66 1475 202 1510 ψώμεθα.
225 1474 330 1501 Λύτίκα
350 1474 402 1510 γὰρ
418 1474 464 1500 τὸν
483 1474 553 1501 κατὰ
569 1474 618 1509 τὴν
649 1474 799 1509 Ἰεράπολιν
819 1475 865 1500 Φί-

67 1523 184 1553 λιππον,
205 1518 236 1547 οὗ
263 1520 375 1551 καὶτὰς
401 1521 553 1556 θυγατέρας
568 1521 751 1556 ,προφήτιδας
770 1520 865 1548 εἶναιό

67 1569 151 1603 λόγος
164 1567 316 1602 διείληφεν,
331 1567 381 1593 ἕνα.
393 1566 448 1593 τῶν
468 1567 574 1593 δώδεκά
593 1575 675 1602 φησιν
693 1567 862 1599 ἀποστόλων,

67 1615 99 1641 οὺ
115 1614 174 1641 τῶν
186 1614 257 1640 ἑπτὰ
276 1613 421 1645 διακόνων,
434 1613 471 1644 ὠς
485 1613 590 1644 Λουκᾶς
604 1614 632 1639 ἐν
643 1613 778 1649 Πράξεσιν
791 1615 862 1639 ίστο-

71 1663 125 1697 ρετ.
148 1650 330 1696 Ὠμιληκέναι
348 1660 376 1686 δὲ
391 1659 438 1686 καὶ
455 1660 515 1691 ταῖς
537 1659 644 1686 ἐκείνου
659 1660 809 1695 θυγατράσι
821 1661 865 1687 λέ-

69 1715 126 1741 γει·
147 1705 215 1739 παρ’
242 1703 279 1732 ὧν
304 1705 409 1740 γνῶναί
433 1713 502 1739 φησι
524 1705 571 1731 καὶ
599 1705 697 1740 νεκροῦ
715 1706 865 1733 ἀνάστασιν

69 1752 135 1779 κατ’
152 1753 244 1779 ἐκεῖνο
267 1751 420 1786 γενομένην
445 1751 553 1786 καιροῦ.
577 1752 643 1787 Περὶ
662 1753 711 1788 μέν
727 1760 769 1779 τοι
795 1753 866 1788 Βαρ-

70 1799 157 1830 σαὸᾶ,
174 1798 203 1829 ὃς
219 1798 361 1832 ἐπεκλήθη
388 1797 517 1829 Ἰοῦστος,
532 1795 562 1824 οὗ
577 1799 605 1824 αί
623 1798 741 1833 ιιράξεις
770 1799 863 1833 μνείαν

69 1845 250 1880 πεποίηνται,
265 1844 350 1878 λέγει,
369 1843 405 1875 ὡς
420 1845 585 1880 δηλητηρίου
613 1845 761 1880 φαρμάκου
780 1846 865 1881 ὑπέρ-

72 1901 150 1928 τερος
168 1891 248 1926 ὤφθη
275 1891 318 1917 διὰ
334 1891 386 1925 τὴν
401 1890 446 1917 τοῦ
464 1892 567 1926 Κυρίου
595 1892 676 1927 χάριν
703 1891 783 1918 πιών.
810 1892 865 1919 Καὶ

70 1939 141 1966 ἄλλα
158 1938 186 1965 δὲ
207 1938 322 1964 πλεϊστα
337 1936 375 1967 ὡς
392 1938 425 1964 ἐκ
440 1937 617 1973 παραδόσεως
633 1938 757 1974 ἀγράφου
773 1947 866 1974 παρα-

69 1986 154 2016 ϐολάς
171 1993 248 2016 τινας
260 1984 307 2010 καὶ
322 1983 499 2016 διδασκαλίας
513 1984 560 2011 τοῦ
582 1985 719 2020 Σωτῆρος,
744 1984 791 2010 καί
803 1993 864 2011 τινα

69 2032 141 2060 ἀλλα
161 2031 200 2063 ὡς
223 2031 256 2058 ἂν
284 2030 474 2066 μυθικώτερον
500 2031 613 2066 ιστορεί.
640 2031 695 2058 Καὶ
718 2031 826 2066 χιλιάδα
841 2031 864 2059 δ’

70 2078 143 2104 ἑτῶν
168 2076 280 2103 ἔσεσθαι
299 2076 371 2111 μετὰ
395 2077 444 2112 τὴν
464 2077 496 2103 ὲκ
515 2077 621 2112 νεκρῶν
644 2077 789 2104 ἀνάστασιν
814 2077 865 2113 τῆς

70 2123 198 2159 Χριστοῦ
216 2123 354 2158 βασιλείας
371 2122 600 2158 σωματικὼτερον
615 2124 660 2150 ἐπὶ
675 2125 792 2161 ταυτησὶ
813 2125 864 2160 τῆς

70 2171 125 2206 γῆς
139 2169 381 2204 ὑποενιτηςῐομένης⁹
393 2168 495 2203 ἅοῖμαι
506 2169 679 2204 ἀγνοήσαντα
690 2170 724 2197 τὰ
735 2171 763 2197 ὲν
777 2171 865 2206 ἐπιγ-

70 2217 181 2252 γελίαις
195 2215 330 2250 εἰρημένα
346 2216 497 2250 μυστικῶς,
513 2217 669 2252 παχύτερον
690 2217 864 2245 ἐπιλαϐέσθαι-

70 2262 122 2288 an
137 2260 171 2294 δη
187 2260 235 2286 καὶ
258 2259 304 2285 τὸν
319 2258 382 2287 νοῦν
397 2258 530 2292 τοιοῦτος,
545 2260 582 2290 ὡς
608 2261 641 2287 ἐκ
655 2261 709 2287 τῶν
724 2262 806 2288 αὑτοῦ
820 2262 866 2288 λόο

71 2316 132 2342 γων
150 2304 400 2340 τεκμηριώσασθαι
414 2305 520 2338 ἔξεστι·
540 2306 609 2341 πλὴν
631 2307 745 2338 πολλοὺς
762 2308 803 2338 είς
819 2308 866 2335 τὸν

70 2354 168 2387 ὅμοιον
185 2351 268 2385 ζῆλον
283 2350 394 2376 εἵλκυσε
410 2351 440 2376 τὸ
457 2351 571 2385 ἀρχαῖον
587 2351 634 2378 τοῦ
650 2352 747 2386 ἀνδρδς
773 2353 866 2379 αἰδου-

73 2400 176 2434 μένους
188 2397 297 2432 ·ὦσπερ
308 2394 353 2423 οὖν
366 2397 521 2432 Εἰρηναῖος,
535 2398 582 2424 καὶ
594 2399 620 2424 εί
629 2407 668 2430 τις
680 2399 759 2430 ἄλλος
769 2399 865 2435 ἐκείνῳ

71 2444 175 2478 ἐπίσης
195 2444 303 2477 φρονῶν
314 2443 479 2478 ὲναπέφηνε.
495 2443 551 2470 Καὶ
566 2443 644 2470 ἄλλαι
659 2445 690 2470 δὲ’
701 2445 865 2479 παραδόσεις

71 2492 106 2517 ὲκ
122 2491 179 2516 τῶν
198 2489 445 2524 προδεδηλωμένων
467 2489 640 2524 Ἀριστίωνος
658 2490 705 2517 καὶ
719 2490 766 2517 τοῦ
782 2499 867 2526 πρεσ·

72 2538 192 2572 ϐυτὲρου
215 2535 341 2562 Ἰωάννου
357 2535 428 2570 ἐχειν
445 2536 540 2571 φησίν·
552 2535 643 2570 ὲφ⁹’δις
665 2535 729 2568 τοὺς
749 2536 866 2571 φιλομα-

72 2583 132 2614 θεῖς
147 2582 399 2617 παραπέμψαντες,
416 2582 574 2616 ἀναγκαίως
593 2582 610 2608 ἂ
629 2591 694 2618 φησι
708 2585 772 2618 περὶ
788 2584 866 2619 Μάρ-

73 2638 125 2656 κου
141 2630 190 2655 καὶ
208 2628 352 2654 Ματϋαίου
379 2628 433 2654 τῶν
459 2628 664 2662 εὐαγγελιστῶν
683 2629 862 2664 διαλήψομαι.

71 2677 159 2709 Λέγει
176 2675 205 2701 δὲ
223 2674 304 2700 οὕτω·
324 2683 333 2700 ι
362 2675 417 2701 Καὶ
439 2675 513 2701 τοῦθ’
528 2676 542 2701 ὁ
565 2675 750 2711 πρεσϐύτερος
773 2677 866 2710 ἔλεγεν

77 2722 222 2754 Ἰωάννης·
240 2720 354 2755 Μάρκος
371 2721 422 2755 μὲν
439 2721 610 2756 ἑρμηνευτὴς
631 2721 733 2756 Πέτρου
750 2722 863 2756 γενόμε-

71 2776 134 2799 νος,
148 2768 198 2794 ὅσα
212 2767 431 2802 ἐμνημόνευσεν,
447 2767 570 2802 ἁκριῦῶς
592 2768 723 2802 ἔγραψεν.
744 2769 780 2795 Οὐ
802 2769 865 2803 μέν-

912 919 965 947 hoc
981 919 1095 946 Joannis
1109 919 1221 946 nomine
1234 919 1272 945 uti
1293 926 1300 945 :
1318 919 1409 954 pritno
1422 919 1547 954 quidem,
1568 919 1614 947 ubi
1629 927 1699 954 apo-

912 966 1045 995 stolorum
1081 965 1317 993 nomenclaturam
1344 965 1474 999 instituit,
1507 970 1538 992 ut
1567 965 1698 993 dilectum

913 1011 990 1039 illum
1019 1012 1172 1047 intelligere
1203 1012 1307 1046 liceat;
1340 1011 1463 1040 secundo
1494 1016 1586 1040 autem
1616 1012 1699 1044 loco,

913 1057 1080 1085 Aristionem
1107 1063 1135 1086 ct
1159 1058 1294 1086 Joannem
1323 1059 1428 1095 adjicit,
1455 1063 1484 1086 et
1508 1060 1700 1095 presbyterum

913 1108 1003 1131 vocat.
1031 1103 1117 1140 Cujus
1140 1104 1252 1139 quidam
1281 1105 1441 1140 ignorantes
1462 1112 1610 1133 commune
1637 1113 1700 1133 cum

914 1150 1037 1184 apostolo
1050 1158 1161 1182 nomen,
1173 1151 1341 1186 posteriores
1350 1152 1420 1179 duas
1437 1152 1551 1180 Joannis
1564 1152 1702 1187 Epistolas

914 1198 941 1221 et
958 1194 1148 1230 Apoealypsim
1176 1196 1301 1231 apostolo
1323 1196 1373 1232 ipsi
1390 1197 1586 1233 ascripserunt.
1601 1199 1702 1233 Ephesi

914 1249 1033 1276 namque
1058 1242 1201 1278 presbyter
1224 1250 1334 1278 quoque
1359 1244 1411 1271 istc
1438 1245 1517 1279 vixit,
1541 1245 1588 1272 ubi
1616 1246 1701 1273 etiam

915 1295 988 1315 nunc
1000 1287 1054 1315 duo
1066 1294 1175 1316 exstare
1191 1289 1321 1317 dicuntur
1332 1297 1520 1325 monumenta,
1533 1300 1594 1328 quae
1603 1293 1699 1321 eodetn

915 1334 1027 1362 nomine
1051 1334 1165 1363 Joannis
1194 1335 1330 1364 feruntur.
1353 1337 1581 1373 Quandoquidem
1611 1345 1702 1368 autent

917 1379 989 1406 idem
1014 1379 1110 1416 Papias
1137 1381 1190 1409 alia
1216 1390 1326 1418 quoque
1340 1383 1500 1411 admiranda
1517 1385 1643 1420 quaedam
1673 1386 1701 1414 in

915 1426 994 1453 libris
1013 1428 1071 1455 suis
1098 1428 1191 1461 refert,
1217 1436 1231 1455 a
1259 1429 1454 1458 decessoribus
1471 1431 1530 1458 suis
1541 1439 1591 1467 per
1606 1440 1703 1459 manus

917 1472 970 1499 sibi
990 1473 1099 1506 tradita,
1115 1474 1230 1508 agedum
1240 1475 1274 1503 de
1289 1477 1329 1503 eis
1339 1484 1449 1512 quoque
1466 1485 1551 1513 pauca
1567 1479 1701 1507 dicamus.

918 1517 1018 1545 Statim
1032 1519 1106 1546 enirn
1122 1519 1291 1555 Philippum,
1316 1529 1378 1549 eum
1399 1523 1447 1558 qui
1467 1524 1605 1559 Hierapoli
1637 1524 1701 1558 fuit,

916 1568 944 1592 et
962 1564 1033 1592 ﬁlias
1046 1566 1245 1600 prophetissas,
1267 1572 1297 1594 ut
1313 1572 1392 1596 antea
1406 1568 1510 1596 dictum
1527 1574 1581 1603 est,
1595 1571 1702 1603 habuit,

918 1618 1002 1638 unum
1019 1619 1053 1638 ex
1066 1611 1214 1639 duodecim
1237 1614 1385 1648 apostolis,
1403 1623 1457 1642 non
1483 1623 1514 1644 ex
1530 1621 1634 1652 septem
1649 1617 1704 1646 illis

915 1656 1049 1690 diaeonis,
1067 1665 1136 1693 quos
1153 1659 1179 1685 in
1197 1659 1272 1686 Actis
1291 1667 1416 1688 recenset
1430 1661 1530 1694 Lucas.
1546 1661 1631 1690 fuisse
1647 1671 1705 1693 me-

916 1709 1005 1730 morat
1017 1711 1025 1736 ;
1038 1708 1066 1731 et
1081 1712 1109 1731 se
1125 1712 1186 1732 cum
1206 1705 1313 1733 ﬁliabus
1327 1707 1386 1742 ejus
1403 1707 1570 1736 collocutum
1584 1717 1644 1737 esse
1655 1710 1703 1744 ait,

918 1751 991 1776 unde
1011 1750 1178 1779 intellexerit
1194 1756 1273 1780 aetate
1292 1760 1323 1780 ea
1344 1758 1481 1782 mortuum
1496 1756 1642 1790 quemdam
1660 1765 1705 1786 re—

917 1796 1082 1824 surrexisse.
1108 1797 1146 1825 De
1171 1797 1289 1826 Barsaba
1303 1807 1369 1827 sane
1390 1801 1501 1835 quidem
1515 1822 1522 1834 ,
1547 1803 1594 1838 qui
1610 1803 1705 1832 Justus

917 1842 1125 1876 cognominatus
1137 1849 1188 1875 est,
1200 1849 1227 1871 ct
1238 1845 1317 1880 cujus
1333 1845 1359 1872 in
1373 1846 1448 1874 Actis
1464 1847 1493 1873 tit
1506 1849 1620 1882 mentio,
1635 1850 1703 1877 illud

917 1888 1009 1921 refert,
1027 1889 1111 1923 quod,
1131 1897 1238 1917 veneno
1259 1891 1390 1925 pestifero
1411 1892 1521 1926 hausto,
1547 1895 1615 1922 nihil
1642 1903 1704 1923 sen-

917 1934 985 1960 serit
1004 1941 1054 1968 per
1071 1934 1178 1963 Domini
1202 1937 1317 1970 gratiam
1336 1937 1506 1966 detrimenti.
1529 1939 1583 1967 Sed
1599 1944 1627 1968 et
1652 1942 1705 1969 alia

915 1979 1035 2014 plurima
1048 1988 1081 2008 ex
1091 1982 1227 2017 majorum
1239 1982 1298 2009 sine
1307 1983 1410 2018 scripto
1423 1985 1571 2014 traditione
1580 1992 1704 2024 accepta,

917 2030 947 2053 ut
962 2026 1106 2059 parabolas
1122 2031 1149 2054 et
1174 2027 1314 2057 doctrinas
1338 2029 1492 2058 Servatoris
1507 2033 1652 2066 quasdam,
1676 2039 1704 2061 et

917 2071 982 2099 item
1011 2073 1063 2100 alia
1086 2072 1209 2101 fabulose
1236 2077 1354 2110 quodam
1378 2077 1459 2104 modo
1493 2085 1701 2108 commemorat.

917 2118 988 2146 Mille
1004 2127 1113 2154 quoque
1130 2128 1265 2148 annorum
1293 2126 1354 2160 post
1381 2128 1553 2152 mortuorum
1579 2134 1701 2155 resurre-

918 2166 1037 2194 ctionem
1065 2166 1123 2196 fore
1139 2167 1205 2195 dicit
1232 2168 1333 2196 Christi
1365 2177 1499 2205 regnum,
1523 2174 1704 2208 corporaliter

880 2218 906 2248 D
920 2212 946 2239 in
960 2213 1010 2240 hac
1026 2217 1096 2240 terra
1108 2213 1326 2248 producendum,
1342 2218 1414 2250 quod
1426 2217 1515 2251 illum,
1533 2218 1703 2254 ignorantem

919 2259 1118 2294 promissiones
1132 2268 1232 2289 arcano
1249 2262 1366 2296 quodam
1388 2265 1518 2299 mysterio
1533 2272 1594 2292 esse
1616 2266 1706 2293 editas

919 2305 956 2332 ita
977 2306 1097 2333 crassius
1125 2308 1264 2341 accepisse
1287 2308 1386 2341 credo,
1421 2309 1522 2345 quippe
1543 2311 1589 2345 qui
1614 2318 1705 2338 mente

919 2352 975 2379 acri
990 2360 1043 2378 non
1071 2353 1164 2385 fuerit,
1187 2354 1213 2381 id
1229 2354 1301 2389 quod
1328 2362 1360 2382 ex
1387 2354 1465 2382 libris
1487 2356 1545 2391 ejus
1567 2357 1704 2392 conjicere

918 2399 1000 2431 licet;
1015 2401 1117 2426 multos
1133 2405 1222 2428 tamen
1247 2402 1273 2428 in
1287 2402 1411 2429 eamdetn
1429 2403 1642 2436 aemulationem,
1657 2412 1704 2430 ve-

920 2441 1049 2472 tustatem
1080 2447 1130 2473 viri
1155 2448 1314 2480 admiratus,
1347 2449 1498 2483 pertraxit:
1517 2449 1598 2485 253
1622 2450 1704 2477 sicuti

919 2490 1050 2524 lreuaeus,
1071 2497 1098 2519 et
1121 2494 1143 2520 si
1169 2495 1232 2528 quis
1260 2500 1391 2529 praeterea
1415 2496 1487 2523 alius
1500 2497 1622 2532 ejusdem
1639 2506 1703 2525 cum

919 2533 1022 2564 illd'est
1037 2538 1180 2570 sententiae
1204 2543 1232 2566 et
1247 2540 1387 2574 opinionis
1411 2541 1461 2576 (1),
1478 2542 1608 2570 ostendit.
1632 2543 1704 2577 Quin

918 2582 986 2610 alias
1003 2584 1084 2610 etiam
1101 2591 1141 2617 Se,
1158 2584 1192 2611 ab
1211 2585 1251 2613 eis
1266 2587 1312 2620 qui
1334 2587 1400 2614 dicti
1417 2594 1480 2615 sunt
1492 2609 1500 2622 ,
1525 2589 1663 2617 Aristioue
1678 2595 1705 2619 et

919 2629 1080 2664 presbytero
1099 2630 1224 2664 Joanne,
1241 2632 1404 2661 traditiones
1430 2634 1532 2662 habere
1553 2635 1642 2663 dicit:
1670 2638 1704 2664 ad

920 2683 987 2710 quas
1003 2675 1142 2703 studiosos
1158 2676 1297 2711 rejieiens,
1308 2686 1368 2713 qua:
1380 2679 1414 2706 de
1429 2679 1519 2707 Marco
1536 2686 1564 2708 et
1579 2682 1705 2711 Μαιώωο

919 2723 1093 2756 evangelistis
1106 2723 1199 2755 tradit,
1211 2726 1368 2752 necessario
1382 2725 1425 2752 hic
1443 2729 1630 2762 persequenda
1643 2737 1704 2757 esse

920 2769 1022 2804 putavi.
1046 2769 1085 2796 ita
1102 2771 1174 2797 enim
1190 2771 1286 2798 scribit
1306 2779 1313 2798 :
1336 2767 1354 2797 ἰ
1378 2772 1435 2800 Hoc
1452 2780 1561 2808 quoque
1584 2773 1704 2803 Joannes

111 2860 150 2896 (Ι)
167 2860 369 2894 Qttiepinionis
381 2864 408 2886 et
427 2861 539 2887 haeresis
555 2860 614 2895 ejus
625 2867 700 2894 sunt,
712 2862 866 2894 Χιλιαςτλὶ,
890 2863 940 2889 huc
956 2868 1005 2896 Cal,
1024 2863 1168 2891 .‘lillenarii
1191 2863 1331 2892 dicuntur.

200 2908 337 2938 l’ATttOL.
357 2908 415 2938 Gtt.
449 2909 555 2938 CXLV.

1540 2910 1580 2940 30
