  <div class='ocr_page' id='page_1' title='image "/cluster/home/n/w/nwhite01/storage/ocr_20150623/145/njp.32101077773149/603.png"; bbox 0 0 1885 3059; ppageno 0'>
   <div class='ocr_carea' id='block_1_1' title="bbox 181 149 239 181">
    <p class='ocr_par' dir='ltr' id='par_1_1' title="bbox 181 149 239 181">
     <span class='ocr_line' id='line_1_1' title="bbox 181 149 239 181; baseline -0.017 0"><span class='ocrx_word' id='word_1_1' title='bbox 181 149 239 181; x_wconf 71' lang='lat'><strong>939</strong></span> 
     </span>
    </p>
   </div>
   <div class='ocr_carea' id='block_1_2' title="bbox 799 134 1206 170">
    <p class='ocr_par' dir='ltr' id='par_1_2' title="bbox 799 134 1206 170">
     <span class='ocr_line' id='line_1_2' title="bbox 799 134 1206 170; baseline -0.012 0"><span class='ocrx_word' id='word_1_2' title='bbox 799 137 1015 170; x_wconf 79' lang='lat' dir='ltr'><strong>NICEPHORI</strong></span> <span class='ocrx_word' id='word_1_3' title='bbox 1031 134 1206 167; x_wconf 81' lang='lat' dir='ltr'><strong>CALLISTI</strong></span> 
     </span>
    </p>
   </div>
   <div class='ocr_carea' id='block_1_3' title="bbox 1764 128 1822 161">
    <p class='ocr_par' dir='ltr' id='par_1_3' title="bbox 1764 128 1822 161">
     <span class='ocr_line' id='line_1_3' title="bbox 1764 128 1822 161; baseline 0 0"><span class='ocrx_word' id='word_1_4' title='bbox 1764 128 1822 161; x_wconf 60' lang='lat'><strong>940</strong></span> 
     </span>
    </p>
   </div>
   <div class='ocr_carea' id='block_1_4' title="bbox 186 186 998 241">
    <p class='ocr_par' dir='ltr' id='par_1_4' title="bbox 186 195 998 241">
     <span class='ocr_line' id='line_1_4' title="bbox 186 195 998 241; baseline -0.016 -8"><span class='ocrx_word' id='word_1_5' title='bbox 186 205 331 241; x_wconf 71' lang='lat' dir='ltr'><strong>presbyter</strong></span> <span class='ocrx_word' id='word_1_6' title='bbox 339 203 419 233; x_wconf 70' lang='lat' dir='ltr'><strong>dixit.</strong></span> <span class='ocrx_word' id='word_1_7' title='bbox 433 201 550 233; x_wconf 75' lang='lat' dir='ltr'><strong>Marcus,</strong></span> <span class='ocrx_word' id='word_1_8' title='bbox 566 198 639 234; x_wconf 89' lang='lat' dir='ltr'><strong>quod</strong></span> <span class='ocrx_word' id='word_1_9' title='bbox 651 195 724 226; x_wconf 84' lang='lat' dir='ltr'><strong>Petri</strong></span> <span class='ocrx_word' id='word_1_10' title='bbox 734 200 807 224; x_wconf 86' lang='lat' dir='ltr'><strong>esset</strong></span> <span class='ocrx_word' id='word_1_11' title='bbox 821 196 971 230; x_wconf 75' lang='lat' dir='ltr'><strong>interpres,</strong></span> <span class='ocrx_word' id='word_1_12' title='bbox 987 196 998 226; x_wconf 62' lang='grc' dir='ltr'><em>Α</em></span> 
     </span>
    </p>
   </div>
   <div class='ocr_carea' id='block_1_5' title="bbox 1072 186 1821 241">
    <p class='ocr_par' dir='ltr' id='par_1_5' title="bbox 1088 186 1821 226">
     <span class='ocr_line' id='line_1_5' title="bbox 1088 186 1821 226; baseline -0.01 -6"><span class='ocrx_word' id='word_1_13' title='bbox 1088 191 1167 226; x_wconf 79' lang='grc' dir='ltr'>τάξει</span> <span class='ocrx_word' id='word_1_14' title='bbox 1190 191 1225 218; x_wconf 68' lang='grc' dir='ltr'><strong>τά</strong></span> <span class='ocrx_word' id='word_1_15' title='bbox 1254 189 1306 217; x_wconf 74' lang='grc' dir='ltr'><strong>ὑπὸ</strong></span> <span class='ocrx_word' id='word_1_16' title='bbox 1325 187 1372 215; x_wconf 76' lang='grc' dir='ltr'>τοῦ</span> <span class='ocrx_word' id='word_1_17' title='bbox 1386 186 1507 223; x_wconf 76' lang='grc' dir='ltr'><strong>Χριστοῦ</strong></span> <span class='ocrx_word' id='word_1_18' title='bbox 1524 187 1542 223; x_wconf 73' lang='grc' dir='ltr'><strong>ἢ</strong></span> <span class='ocrx_word' id='word_1_19' title='bbox 1559 186 1692 223; x_wconf 64' lang='grc' dir='ltr'>λεχθέντα</span> <span class='ocrx_word' id='word_1_20' title='bbox 1709 187 1726 222; x_wconf 77' lang='grc' dir='ltr'>ἢ</span> <span class='ocrx_word' id='word_1_21' title='bbox 1745 195 1821 222; x_wconf 83' lang='grc' dir='ltr'>πρα-</span> 
     </span>
    </p>
   </div>
   <div class='ocr_carea' id='block_1_6' title="bbox 187 241 977 286">
    <p class='ocr_par' dir='ltr' id='par_1_6' title="bbox 187 241 977 286">
     <span class='ocr_line' id='line_1_6' title="bbox 187 241 977 286; baseline -0.016 -7"><span class='ocrx_word' id='word_1_22' title='bbox 187 259 249 286; x_wconf 67' lang='lat' dir='ltr'><strong>quae</strong></span> <span class='ocrx_word' id='word_1_23' title='bbox 263 249 402 278; x_wconf 66' lang='lat' dir='ltr'><strong>memoriae</strong></span> <span class='ocrx_word' id='word_1_24' title='bbox 421 246 671 276; x_wconf 84' lang='lat' dir='ltr'><strong>commendaverat,</strong></span> <span class='ocrx_word' id='word_1_25' title='bbox 692 247 768 270; x_wconf 89' lang='lat' dir='ltr'><strong>certo</strong></span> <span class='ocrx_word' id='word_1_26' title='bbox 784 246 812 269; x_wconf 92' lang='lat' dir='ltr'><strong>et</strong></span> <span class='ocrx_word' id='word_1_27' title='bbox 828 241 977 276; x_wconf 75' lang='lat' dir='ltr'><strong>diligenter</strong></span> 
     </span>
    </p>
   </div>
   <div class='ocr_carea' id='block_1_7' title="bbox 188 288 979 332">
    <p class='ocr_par' dir='ltr' id='par_1_7' title="bbox 188 288 979 332">
     <span class='ocr_line' id='line_1_7' title="bbox 188 288 979 332; baseline -0.019 -5"><span class='ocrx_word' id='word_1_28' title='bbox 188 296 363 332; x_wconf 80' lang='lat' dir='ltr'><strong>conscripsit,</strong></span> <span class='ocrx_word' id='word_1_29' title='bbox 374 302 429 323; x_wconf 94' lang='lat' dir='ltr'><strong>non</strong></span> <span class='ocrx_word' id='word_1_30' title='bbox 443 299 533 321; x_wconf 90' lang='lat' dir='ltr'><strong>tamen</strong></span> <span class='ocrx_word' id='word_1_31' title='bbox 549 295 660 319; x_wconf 90' lang='lat' dir='ltr'><strong>servato</strong></span> <span class='ocrx_word' id='word_1_32' title='bbox 674 289 812 316; x_wconf 79' lang='lat' dir='ltr'><strong>dictarunt</strong></span> <span class='ocrx_word' id='word_1_33' title='bbox 829 288 979 315; x_wconf 82' lang='lat' dir='ltr'><strong>factorum-</strong></span> 
     </span>
    </p>
   </div>
   <div class='ocr_carea' id='block_1_8' title="bbox 189 335 979 381">
    <p class='ocr_par' dir='ltr' id='par_1_8' title="bbox 189 335 979 381">
     <span class='ocr_line' id='line_1_8' title="bbox 189 335 979 381; baseline -0.016 -9"><span class='ocrx_word' id='word_1_34' title='bbox 189 354 244 381; x_wconf 88' lang='lat' dir='ltr'><strong>que</strong></span> <span class='ocrx_word' id='word_1_35' title='bbox 258 343 361 371; x_wconf 82' lang='lat' dir='ltr'><strong>Cbristi</strong></span> <span class='ocrx_word' id='word_1_36' title='bbox 379 340 486 368; x_wconf 86' lang='lat' dir='ltr'><strong>ordine.</strong></span> <span class='ocrx_word' id='word_1_37' title='bbox 506 339 564 366; x_wconf 90' lang='lat' dir='ltr'><strong>Non</strong></span> <span class='ocrx_word' id='word_1_38' title='bbox 579 337 654 365; x_wconf 90' lang='lat' dir='ltr'><strong>enim</strong></span> <span class='ocrx_word' id='word_1_39' title='bbox 677 335 794 366; x_wconf 82' lang='lat' dir='ltr'><strong>audivit,</strong></span> <span class='ocrx_word' id='word_1_40' title='bbox 810 341 898 369; x_wconf 86' lang='lat' dir='ltr'><strong>neque</strong></span> <span class='ocrx_word' id='word_1_41' title='bbox 912 340 979 360; x_wconf 89' lang='lat' dir='ltr'><strong>con-</strong></span> 
     </span>
    </p>
   </div>
   <div class='ocr_carea' id='block_1_9' title="bbox 190 379 979 420">
    <p class='ocr_par' dir='ltr' id='par_1_9' title="bbox 190 379 979 420">
     <span class='ocr_line' id='line_1_9' title="bbox 190 379 979 420; baseline -0.018 1"><span class='ocrx_word' id='word_1_42' title='bbox 190 379 311 420; x_wconf 81' lang='lat' dir='ltr'><strong>sectatus</strong></span> <span class='ocrx_word' id='word_1_43' title='bbox 325 394 367 418; x_wconf 85' lang='lat' dir='ltr'><strong>est</strong></span> <span class='ocrx_word' id='word_1_44' title='bbox 377 387 537 418; x_wconf 87' lang='lat' dir='ltr'><strong>Dominum,</strong></span> <span class='ocrx_word' id='word_1_45' title='bbox 553 385 601 412; x_wconf 87' lang='lat' dir='ltr'><strong>sed</strong></span> <span class='ocrx_word' id='word_1_46' title='bbox 617 383 765 418; x_wconf 88' lang='lat' dir='ltr'><strong>posterius,</strong></span> <span class='ocrx_word' id='word_1_47' title='bbox 781 385 811 409; x_wconf 91' lang='lat' dir='ltr'><strong>ut</strong></span> <span class='ocrx_word' id='word_1_48' title='bbox 826 381 894 413; x_wconf 83' lang='lat' dir='ltr'><strong>dixi,</strong></span> <span class='ocrx_word' id='word_1_49' title='bbox 905 379 979 408; x_wconf 81' lang='lat' dir='ltr'><strong>Petri</strong></span> 
     </span>
    </p>
   </div>
   <div class='ocr_carea' id='block_1_10' title="bbox 191 426 981 472">
    <p class='ocr_par' dir='ltr' id='par_1_10' title="bbox 191 426 981 472">
     <span class='ocr_line' id='line_1_10' title="bbox 191 426 981 472; baseline -0.016 -6"><span class='ocrx_word' id='word_1_50' title='bbox 191 437 344 472; x_wconf 79' lang='lat' dir='ltr'><strong>discipulus</strong></span> <span class='ocrx_word' id='word_1_51' title='bbox 361 434 413 462; x_wconf 83' lang='lat' dir='ltr'><strong>fuit</strong></span> <span class='ocrx_word' id='word_1_52' title='bbox 433 442 440 460; x_wconf 93' lang='lat'><strong>:</strong></span> <span class='ocrx_word' id='word_1_53' title='bbox 455 432 502 467; x_wconf 87' lang='lat' dir='ltr'><strong>qui</strong></span> <span class='ocrx_word' id='word_1_54' title='bbox 515 430 627 466; x_wconf 85' lang='lat' dir='ltr'><strong>quidem</strong></span> <span class='ocrx_word' id='word_1_55' title='bbox 642 437 676 457; x_wconf 85' lang='lat' dir='ltr'><strong>ex</strong></span> <span class='ocrx_word' id='word_1_56' title='bbox 692 437 743 456; x_wconf 93' lang='lat' dir='ltr'><strong>usu</strong></span> <span class='ocrx_word' id='word_1_57' title='bbox 760 427 917 455; x_wconf 86' lang='lat' dir='ltr'><strong>auditorum</strong></span> <span class='ocrx_word' id='word_1_58' title='bbox 932 426 981 454; x_wconf 87' lang='lat' dir='ltr'><strong>do-</strong></span> 
     </span>
    </p>
   </div>
   <div class='ocr_carea' id='block_1_11' title="bbox 191 476 981 514">
    <p class='ocr_par' dir='ltr' id='par_1_11' title="bbox 191 476 981 514">
     <span class='ocr_line' id='line_1_11' title="bbox 191 476 981 514; baseline -0.015 -2"><span class='ocrx_word' id='word_1_59' title='bbox 191 486 307 512; x_wconf 78' lang='lat' dir='ltr'><strong>ctrinam</strong></span> <span class='ocrx_word' id='word_1_60' title='bbox 330 488 407 510; x_wconf 86' lang='lat' dir='ltr'><strong>suam</strong></span> <span class='ocrx_word' id='word_1_61' title='bbox 431 478 626 514; x_wconf 79' lang='lat' dir='ltr'><strong>promulgavit,</strong></span> <span class='ocrx_word' id='word_1_62' title='bbox 644 484 700 504; x_wconf 78' lang='lat' dir='ltr'><strong>non</strong></span> <span class='ocrx_word' id='word_1_63' title='bbox 718 476 815 503; x_wconf 85' lang='lat' dir='ltr'><strong>ordine</strong></span> <span class='ocrx_word' id='word_1_64' title='bbox 836 481 981 502; x_wconf 75' lang='lat' dir='ltr'><strong>sermones</strong></span> 
     </span>
    </p>
   </div>
   <div class='ocr_carea' id='block_1_12' title="bbox 190 521 982 559">
    <p class='ocr_par' dir='ltr' id='par_1_12' title="bbox 190 521 982 559">
     <span class='ocr_line' id='line_1_12' title="bbox 190 521 982 559; baseline -0.015 0"><span class='ocrx_word' id='word_1_65' title='bbox 190 537 219 559; x_wconf 88' lang='lat' dir='ltr'><strong>et</strong></span> <span class='ocrx_word' id='word_1_66' title='bbox 233 529 344 558; x_wconf 84' lang='lat' dir='ltr'><strong>oracula</strong></span> <span class='ocrx_word' id='word_1_67' title='bbox 360 526 470 555; x_wconf 86' lang='lat' dir='ltr'><strong>Domini</strong></span> <span class='ocrx_word' id='word_1_68' title='bbox 483 524 722 553; x_wconf 73' lang='lat' dir='ltr'><strong>commemoravit.</strong></span> <span class='ocrx_word' id='word_1_69' title='bbox 739 523 915 556; x_wconf 76' lang='lat' dir='ltr'><strong>Quapropter</strong></span> <span class='ocrx_word' id='word_1_70' title='bbox 932 521 982 547; x_wconf 85' lang='lat' dir='ltr'><strong>rui-</strong></span> 
     </span>
    </p>
   </div>
   <div class='ocr_carea' id='block_1_13' title="bbox 192 566 981 604">
    <p class='ocr_par' dir='ltr' id='par_1_13' title="bbox 192 566 981 604">
     <span class='ocr_line' id='line_1_13' title="bbox 192 566 981 604; baseline -0.015 -1"><span class='ocrx_word' id='word_1_71' title='bbox 192 577 266 604; x_wconf 87' lang='lat' dir='ltr'><strong>nime</strong></span> <span class='ocrx_word' id='word_1_72' title='bbox 276 573 462 602; x_wconf 86' lang='lat' dir='ltr'><strong>hallucinatus</strong></span> <span class='ocrx_word' id='word_1_73' title='bbox 470 575 514 598; x_wconf 88' lang='lat' dir='ltr'><strong>est</strong></span> <span class='ocrx_word' id='word_1_74' title='bbox 526 570 642 602; x_wconf 86' lang='lat' dir='ltr'><strong>Marcus,</strong></span> <span class='ocrx_word' id='word_1_75' title='bbox 655 568 694 595; x_wconf 89' lang='lat' dir='ltr'><strong>sic</strong></span> <span class='ocrx_word' id='word_1_76' title='bbox 708 568 837 603; x_wconf 74' lang='lat' dir='ltr'><strong>pleraque</strong></span> <span class='ocrx_word' id='word_1_77' title='bbox 847 566 981 597; x_wconf 75' lang='lat' dir='ltr'><strong>scribens,</strong></span> 
     </span>
    </p>
   </div>
   <div class='ocr_carea' id='block_1_14' title="bbox 193 612 983 650">
    <p class='ocr_par' dir='ltr' id='par_1_14' title="bbox 193 612 983 650">
     <span class='ocr_line' id='line_1_14' title="bbox 193 612 983 650; baseline -0.015 0"><span class='ocrx_word' id='word_1_78' title='bbox 193 626 223 650; x_wconf 87' lang='lat' dir='ltr'><strong>ut</strong></span> <span class='ocrx_word' id='word_1_79' title='bbox 235 629 266 649; x_wconf 85' lang='lat' dir='ltr'><strong>ea</strong></span> <span class='ocrx_word' id='word_1_80' title='bbox 282 619 413 648; x_wconf 81' lang='lat' dir='ltr'><strong>memoria</strong></span> <span class='ocrx_word' id='word_1_81' title='bbox 436 618 528 645; x_wconf 79' lang='lat' dir='ltr'><strong>fuerat</strong></span> <span class='ocrx_word' id='word_1_82' title='bbox 542 619 720 643; x_wconf 81' lang='lat' dir='ltr'><strong>consecutus.</strong></span> <span class='ocrx_word' id='word_1_83' title='bbox 733 613 823 641; x_wconf 87' lang='lat' dir='ltr'><strong>Unum</strong></span> <span class='ocrx_word' id='word_1_84' title='bbox 840 613 912 640; x_wconf 90' lang='lat' dir='ltr'><strong>enim</strong></span> <span class='ocrx_word' id='word_1_85' title='bbox 931 612 983 638; x_wconf 88' lang='lat' dir='ltr'><strong>hoc</strong></span> 
     </span>
    </p>
   </div>
   <div class='ocr_carea' id='block_1_15' title="bbox 192 659 983 697">
    <p class='ocr_par' dir='ltr' id='par_1_15' title="bbox 192 659 983 697">
     <span class='ocr_line' id='line_1_15' title="bbox 192 659 983 697; baseline -0.015 -2"><span class='ocrx_word' id='word_1_86' title='bbox 192 667 244 695; x_wconf 82' lang='lat' dir='ltr'><strong>sibi</strong></span> <span class='ocrx_word' id='word_1_87' title='bbox 261 667 288 693; x_wconf 89' lang='lat' dir='ltr'><strong>in</strong></span> <span class='ocrx_word' id='word_1_88' title='bbox 299 663 447 694; x_wconf 85' lang='lat' dir='ltr'><strong>scribendo</strong></span> <span class='ocrx_word' id='word_1_89' title='bbox 461 665 658 697; x_wconf 84' lang='lat' dir='ltr'><strong>proposuerat,</strong></span> <span class='ocrx_word' id='word_1_90' title='bbox 671 667 707 687; x_wconf 86' lang='lat' dir='ltr'><strong>ne</strong></span> <span class='ocrx_word' id='word_1_91' title='bbox 724 659 789 694; x_wconf 91' lang='lat' dir='ltr'><strong>quid</strong></span> <span class='ocrx_word' id='word_1_92' title='bbox 804 665 901 685; x_wconf 91' lang='lat' dir='ltr'><strong>eorum</strong></span> <span class='ocrx_word' id='word_1_93' title='bbox 920 664 983 692; x_wconf 63' lang='lat' dir='ltr'><strong>quae</strong></span> 
     </span>
    </p>
   </div>
   <div class='ocr_carea' id='block_1_16' title="bbox 192 704 984 743">
    <p class='ocr_par' dir='ltr' id='par_1_16' title="bbox 192 704 984 743">
     <span class='ocr_line' id='line_1_16' title="bbox 192 704 984 743; baseline -0.013 -3"><span class='ocrx_word' id='word_1_94' title='bbox 192 713 326 743; x_wconf 85' lang='lat' dir='ltr'><strong>audisset.</strong></span> <span class='ocrx_word' id='word_1_95' title='bbox 342 711 495 741; x_wconf 84' lang='lat' dir='ltr'><strong>omitteret,</strong></span> <span class='ocrx_word' id='word_1_96' title='bbox 508 715 578 736; x_wconf 80' lang='lat' dir='ltr'><strong>neve</strong></span> <span class='ocrx_word' id='word_1_97' title='bbox 591 715 608 735; x_wconf 86' lang='lat' dir='ltr'><strong>a</strong></span> <span class='ocrx_word' id='word_1_98' title='bbox 623 708 737 734; x_wconf 80' lang='lat' dir='ltr'><strong>veritate</strong></span> <span class='ocrx_word' id='word_1_99' title='bbox 753 706 902 732; x_wconf 88' lang='lat' dir='ltr'><strong>aberraret.</strong></span> <span class='ocrx_word' id='word_1_100' title='bbox 916 704 984 730; x_wconf 85' lang='lat' dir='ltr'><strong>Mat-</strong></span> 
     </span>
    </p>
   </div>
   <div class='ocr_carea' id='block_1_17' title="bbox 193 752 985 786">
    <p class='ocr_par' dir='ltr' id='par_1_17' title="bbox 193 752 985 786">
     <span class='ocr_line' id='line_1_17' title="bbox 193 752 985 786; baseline -0.013 0"><span class='ocrx_word' id='word_1_101' title='bbox 193 760 282 786; x_wconf 77' lang='lat' dir='ltr'><strong>tlueus</strong></span> <span class='ocrx_word' id='word_1_102' title='bbox 300 765 365 785; x_wconf 75' lang='lat' dir='ltr'><strong>vero</strong></span> <span class='ocrx_word' id='word_1_103' title='bbox 383 763 511 784; x_wconf 88' lang='lat' dir='ltr'><strong>sermone</strong></span> <span class='ocrx_word' id='word_1_104' title='bbox 530 753 664 781; x_wconf 83' lang='lat' dir='ltr'><strong>llebraico</strong></span> <span class='ocrx_word' id='word_1_105' title='bbox 681 752 779 780; x_wconf 91' lang='lat' dir='ltr'><strong>librum</strong></span> <span class='ocrx_word' id='word_1_106' title='bbox 801 758 883 778; x_wconf 89' lang='lat' dir='ltr'><strong>suum</strong></span> <span class='ocrx_word' id='word_1_107' title='bbox 909 757 985 778; x_wconf 88' lang='lat' dir='ltr'><strong>com-</strong></span> 
     </span>
    </p>
   </div>
   <div class='ocr_carea' id='block_1_18' title="bbox 195 796 984 840">
    <p class='ocr_par' dir='ltr' id='par_1_18' title="bbox 195 796 984 840">
     <span class='ocr_line' id='line_1_18' title="bbox 195 796 984 840; baseline -0.011 -8"><span class='ocrx_word' id='word_1_108' title='bbox 195 805 298 840; x_wconf 77' lang='lat' dir='ltr'><strong>posuit,</strong></span> <span class='ocrx_word' id='word_1_109' title='bbox 314 811 396 839; x_wconf 86' lang='lat' dir='ltr'><strong>quem</strong></span> <span class='ocrx_word' id='word_1_110' title='bbox 412 801 521 834; x_wconf 84' lang='lat' dir='ltr'><strong>deinde,</strong></span> <span class='ocrx_word' id='word_1_111' title='bbox 542 804 571 827; x_wconf 93' lang='lat' dir='ltr'><strong>ut</strong></span> <span class='ocrx_word' id='word_1_112' title='bbox 584 799 702 834; x_wconf 85' lang='lat' dir='ltr'><strong>quisque</strong></span> <span class='ocrx_word' id='word_1_113' title='bbox 719 797 819 832; x_wconf 88' lang='lat' dir='ltr'><strong>potuit,</strong></span> <span class='ocrx_word' id='word_1_114' title='bbox 836 801 880 824; x_wconf 89' lang='lat' dir='ltr'><strong>est</strong></span> <span class='ocrx_word' id='word_1_115' title='bbox 898 796 984 824; x_wconf 91' lang='lat' dir='ltr'><strong>inter-</strong></span> 
     </span>
    </p>
   </div>
   <div class='ocr_carea' id='block_1_19' title="bbox 195 842 985 887">
    <p class='ocr_par' dir='ltr' id='par_1_19' title="bbox 195 842 985 887">
     <span class='ocr_line' id='line_1_19' title="bbox 195 842 985 887; baseline -0.014 -8"><span class='ocrx_word' id='word_1_116' title='bbox 195 856 330 887; x_wconf 83' lang='lat' dir='ltr'><strong>pretatus.</strong></span> <span class='ocrx_word' id='word_1_117' title='bbox 363 859 374 877; x_wconf 73' lang='grc' dir='ltr'><strong>ι</strong></span> <span class='ocrx_word' id='word_1_118' title='bbox 403 849 495 877; x_wconf 85' lang='lat' dir='ltr'><strong>Utitur</strong></span> <span class='ocrx_word' id='word_1_119' title='bbox 525 848 597 875; x_wconf 86' lang='lat' dir='ltr'><strong>idem</strong></span> <span class='ocrx_word' id='word_1_120' title='bbox 625 845 723 880; x_wconf 79' lang='lat' dir='ltr'><strong>Papias</strong></span> <span class='ocrx_word' id='word_1_121' title='bbox 764 842 936 877; x_wconf 74' lang='lat' dir='ltr'><strong>testimoniis</strong></span> <span class='ocrx_word' id='word_1_122' title='bbox 956 845 985 869; x_wconf 93' lang='lat' dir='ltr'><strong>et</strong></span> 
     </span>
    </p>
   </div>
   <div class='ocr_carea' id='block_1_20' title="bbox 196 889 984 929">
    <p class='ocr_par' dir='ltr' id='par_1_20' title="bbox 196 889 984 929">
     <span class='ocr_line' id='line_1_20' title="bbox 196 889 984 929; baseline -0.014 -4"><span class='ocrx_word' id='word_1_123' title='bbox 196 897 407 925; x_wconf 81' lang='lat' dir='ltr'><strong>auctoritatibus</strong></span> <span class='ocrx_word' id='word_1_124' title='bbox 434 903 468 923; x_wconf 76' lang='lat' dir='ltr'><strong>ex</strong></span> <span class='ocrx_word' id='word_1_125' title='bbox 494 894 586 929; x_wconf 91' lang='lat' dir='ltr'><strong>priore</strong></span> <span class='ocrx_word' id='word_1_126' title='bbox 615 891 743 922; x_wconf 82' lang='lat' dir='ltr'><strong>Joannis,</strong></span> <span class='ocrx_word' id='word_1_127' title='bbox 769 895 797 917; x_wconf 87' lang='lat' dir='ltr'><strong>et</strong></span> <span class='ocrx_word' id='word_1_128' title='bbox 824 889 918 917; x_wconf 88' lang='lat' dir='ltr'><strong>itidem</strong></span> <span class='ocrx_word' id='word_1_129' title='bbox 951 895 984 915; x_wconf 84' lang='lat' dir='ltr'><strong>ex</strong></span> 
     </span>
    </p>
   </div>
   <div class='ocr_carea' id='block_1_21' title="bbox 1029 233 1820 275">
    <p class='ocr_par' dir='ltr' id='par_1_21' title="bbox 1029 233 1820 275">
     <span class='ocr_line' id='line_1_21' title="bbox 1029 233 1820 275; baseline -0.009 -9"><span class='ocrx_word' id='word_1_130' title='bbox 1029 239 1136 275; x_wconf 84' lang='grc' dir='ltr'>χθέντα·</span> <span class='ocrx_word' id='word_1_131' title='bbox 1155 237 1218 264; x_wconf 77' lang='grc' dir='ltr'>οὗτε</span> <span class='ocrx_word' id='word_1_132' title='bbox 1233 235 1286 271; x_wconf 82' lang='grc' dir='ltr'><strong>γὰρ</strong></span> <span class='ocrx_word' id='word_1_133' title='bbox 1300 235 1400 271; x_wconf 73' lang='grc' dir='ltr'>ἢκουσε</span> <span class='ocrx_word' id='word_1_134' title='bbox 1416 234 1462 261; x_wconf 83' lang='grc' dir='ltr'>τοῦ</span> <span class='ocrx_word' id='word_1_135' title='bbox 1475 234 1591 269; x_wconf 84' lang='grc' dir='ltr'>Κυρίου,</span> <span class='ocrx_word' id='word_1_136' title='bbox 1603 233 1666 260; x_wconf 78' lang='grc' dir='ltr'>οὔτε</span> <span class='ocrx_word' id='word_1_137' title='bbox 1687 241 1820 268; x_wconf 72' lang='grc' dir='ltr'>παρηκο-</span> 
     </span>
    </p>
   </div>
   <div class='ocr_carea' id='block_1_22' title="bbox 1028 278 1822 321">
    <p class='ocr_par' dir='ltr' id='par_1_22' title="bbox 1028 278 1822 321">
     <span class='ocr_line' id='line_1_22' title="bbox 1028 278 1822 321; baseline -0.01 -8"><span class='ocrx_word' id='word_1_138' title='bbox 1028 285 1161 321; x_wconf 79' lang='grc' dir='ltr'>λούθησεν</span> <span class='ocrx_word' id='word_1_139' title='bbox 1176 282 1251 318; x_wconf 85' lang='grc' dir='ltr'><strong>αὺτῷ</strong></span> <span class='ocrx_word' id='word_1_140' title='bbox 1265 289 1273 298; x_wconf 84' lang='grc'><em>’</em></span> <span class='ocrx_word' id='word_1_141' title='bbox 1300 282 1418 317; x_wconf 78' lang='grc' dir='ltr'>ὕστερον</span> <span class='ocrx_word' id='word_1_142' title='bbox 1439 281 1478 314; x_wconf 70' lang='grc' dir='ltr'><strong>δὲ,</strong></span> <span class='ocrx_word' id='word_1_143' title='bbox 1501 281 1539 312; x_wconf 77' lang='grc' dir='ltr'>ὡς</span> <span class='ocrx_word' id='word_1_144' title='bbox 1560 281 1641 316; x_wconf 69' lang='grc' dir='ltr'>ἔφην,</span> <span class='ocrx_word' id='word_1_145' title='bbox 1665 279 1773 314; x_wconf 75' lang='grc' dir='ltr'>Πέτρῳ,</span> <span class='ocrx_word' id='word_1_146' title='bbox 1787 278 1822 310; x_wconf 77' lang='grc' dir='ltr'>ὃς</span> 
     </span>
    </p>
   </div>
   <div class='ocr_carea' id='block_1_23' title="bbox 1030 324 1823 367">
    <p class='ocr_par' dir='ltr' id='par_1_23' title="bbox 1030 324 1823 367">
     <span class='ocr_line' id='line_1_23' title="bbox 1030 324 1823 367; baseline -0.009 -8"><span class='ocrx_word' id='word_1_147' title='bbox 1030 332 1099 367; x_wconf 81' lang='grc' dir='ltr'>πρὸς</span> <span class='ocrx_word' id='word_1_148' title='bbox 1124 333 1174 363; x_wconf 80' lang='grc' dir='ltr'><strong>τὰς</strong></span> <span class='ocrx_word' id='word_1_149' title='bbox 1199 330 1296 365; x_wconf 82' lang='grc' dir='ltr'>χρείας</span> <span class='ocrx_word' id='word_1_150' title='bbox 1324 329 1445 355; x_wconf 71' lang='grc' dir='ltr'>ἐποιεῖτο</span> <span class='ocrx_word' id='word_1_151' title='bbox 1466 326 1664 357; x_wconf 73' lang='grc' dir='ltr'>διδασκαλίαςο</span> <span class='ocrx_word' id='word_1_152' title='bbox 1691 324 1750 353; x_wconf 76' lang='grc' dir='ltr'>ἀλλ’</span> <span class='ocrx_word' id='word_1_153' title='bbox 1768 325 1823 359; x_wconf 78' lang='grc' dir='ltr'><strong>οὑχ</strong></span> 
     </span>
    </p>
   </div>
   <div class='ocr_carea' id='block_1_24' title="bbox 1030 371 1823 412">
    <p class='ocr_par' dir='ltr' id='par_1_24' title="bbox 1030 371 1823 412">
     <span class='ocr_line' id='line_1_24' title="bbox 1030 371 1823 412; baseline -0.01 -7"><span class='ocrx_word' id='word_1_154' title='bbox 1030 378 1124 412; x_wconf 78' lang='grc' dir='ltr'>ὥσπερ</span> <span class='ocrx_word' id='word_1_155' title='bbox 1142 376 1272 408; x_wconf 75' lang='grc' dir='ltr'>σύνταξιν</span> <span class='ocrx_word' id='word_1_156' title='bbox 1288 375 1341 402; x_wconf 82' lang='grc' dir='ltr'>τῶν</span> <span class='ocrx_word' id='word_1_157' title='bbox 1358 372 1509 409; x_wconf 80' lang='grc' dir='ltr'>Κυριακῶν</span> <span class='ocrx_word' id='word_1_158' title='bbox 1531 371 1694 407; x_wconf 84' lang='grc' dir='ltr'>ποιούμενος</span> <span class='ocrx_word' id='word_1_159' title='bbox 1707 371 1823 405; x_wconf 75' lang='grc' dir='ltr'>λογίων-</span> 
     </span>
    </p>
   </div>
   <div class='ocr_carea' id='block_1_25' title="bbox 1031 417 1826 458">
    <p class='ocr_par' dir='ltr' id='par_1_25' title="bbox 1031 417 1826 458">
     <span class='ocr_line' id='line_1_25' title="bbox 1031 417 1826 458; baseline -0.01 -6"><span class='ocrx_word' id='word_1_160' title='bbox 1031 425 1101 452; x_wconf 84' lang='grc' dir='ltr'>ὦστε</span> <span class='ocrx_word' id='word_1_161' title='bbox 1119 423 1195 450; x_wconf 67' lang='grc' dir='ltr'>οὐδὲν</span> <span class='ocrx_word' id='word_1_162' title='bbox 1209 423 1319 458; x_wconf 78' lang='grc' dir='ltr'><strong>ἥμαρτε</strong></span> <span class='ocrx_word' id='word_1_163' title='bbox 1335 421 1451 457; x_wconf 75' lang='grc' dir='ltr'>Μάρκος</span> <span class='ocrx_word' id='word_1_164' title='bbox 1464 419 1553 451; x_wconf 75' lang='grc' dir='ltr'>οὕτως</span> <span class='ocrx_word' id='word_1_165' title='bbox 1575 419 1635 446; x_wconf 74' lang='grc' dir='ltr'>ἔνια</span> <span class='ocrx_word' id='word_1_166' title='bbox 1654 417 1768 452; x_wconf 81' lang='grc' dir='ltr'>γράψας</span> <span class='ocrx_word' id='word_1_167' title='bbox 1783 417 1826 448; x_wconf 86' lang='grc' dir='ltr'>ὡς</span> 
     </span>
    </p>
   </div>
   <div class='ocr_carea' id='block_1_26' title="bbox 1031 465 1828 506">
    <p class='ocr_par' dir='ltr' id='par_1_26' title="bbox 1031 465 1828 506">
     <span class='ocr_line' id='line_1_26' title="bbox 1031 465 1828 506; baseline -0.013 -6"><span class='ocrx_word' id='word_1_168' title='bbox 1031 471 1300 506; x_wconf 76' lang='grc' dir='ltr'><strong>ἀπεμνημόνευσεν·</strong></span> <span class='ocrx_word' id='word_1_169' title='bbox 1331 468 1392 499; x_wconf 77' lang='grc' dir='ltr'>ἑνὸς</span> <span class='ocrx_word' id='word_1_170' title='bbox 1418 467 1474 502; x_wconf 82' lang='grc' dir='ltr'>γὰρ</span> <span class='ocrx_word' id='word_1_171' title='bbox 1501 467 1651 501; x_wconf 69' lang='grc' dir='ltr'>ἐποιήσατο</span> <span class='ocrx_word' id='word_1_172' title='bbox 1677 465 1828 500; x_wconf 82' lang='grc' dir='ltr'>πρόνοιαν,</span> 
     </span>
    </p>
   </div>
   <div class='ocr_carea' id='block_1_27' title="bbox 1032 510 1829 552">
    <p class='ocr_par' dir='ltr' id='par_1_27' title="bbox 1032 510 1829 552">
     <span class='ocr_line' id='line_1_27' title="bbox 1032 510 1829 552; baseline -0.011 -8"><span class='ocrx_word' id='word_1_173' title='bbox 1032 518 1080 545; x_wconf 82' lang='grc' dir='ltr'>τοῦ</span> <span class='ocrx_word' id='word_1_174' title='bbox 1107 517 1190 552; x_wconf 81' lang='grc' dir='ltr'>μηδὲν</span> <span class='ocrx_word' id='word_1_175' title='bbox 1215 515 1382 550; x_wconf 74' lang='grc' dir='ltr'><strong>παραλιπεῖν</strong></span> <span class='ocrx_word' id='word_1_176' title='bbox 1398 510 1435 541; x_wconf 81' lang='grc' dir='ltr'>ὧν</span> <span class='ocrx_word' id='word_1_177' title='bbox 1449 514 1578 548; x_wconf 75' lang='grc' dir='ltr'>ἧχουσεν,</span> <span class='ocrx_word' id='word_1_178' title='bbox 1594 512 1611 546; x_wconf 80' lang='grc' dir='ltr'><strong>ἦ</strong></span> <span class='ocrx_word' id='word_1_179' title='bbox 1627 510 1786 546; x_wconf 82' lang='grc' dir='ltr'>ψεύσασθαί</span> <span class='ocrx_word' id='word_1_180' title='bbox 1799 518 1829 535; x_wconf 81' lang='grc' dir='ltr'><strong>τι</strong></span> 
     </span>
    </p>
   </div>
   <div class='ocr_carea' id='block_1_28' title="bbox 1033 556 1830 596">
    <p class='ocr_par' dir='ltr' id='par_1_28' title="bbox 1033 556 1830 596">
     <span class='ocr_line' id='line_1_28' title="bbox 1033 556 1830 596; baseline -0.014 -4"><span class='ocrx_word' id='word_1_181' title='bbox 1033 566 1062 592; x_wconf 80' lang='grc' dir='ltr'>ὲν</span> <span class='ocrx_word' id='word_1_182' title='bbox 1079 565 1181 595; x_wconf 77' lang='grc' dir='ltr'>αὐτοῖς,</span> <span class='ocrx_word' id='word_1_183' title='bbox 1199 561 1340 593; x_wconf 84' lang='grc' dir='ltr'>Ματθαῖος</span> <span class='ocrx_word' id='word_1_184' title='bbox 1356 560 1379 588; x_wconf 83' lang='grc' dir='ltr'>δ’</span> <span class='ocrx_word' id='word_1_185' title='bbox 1402 559 1524 596; x_wconf 75' lang='grc' dir='ltr'>Ἐϐραΐδι</span> <span class='ocrx_word' id='word_1_186' title='bbox 1546 558 1681 593; x_wconf 80' lang='grc' dir='ltr'><strong>διαλέκτῳ</strong></span> <span class='ocrx_word' id='word_1_187' title='bbox 1695 556 1731 583; x_wconf 76' lang='grc' dir='ltr'>τὰ</span> <span class='ocrx_word' id='word_1_188' title='bbox 1744 556 1830 589; x_wconf 81' lang='grc' dir='ltr'>λόγια</span> 
     </span>
    </p>
   </div>
   <div class='ocr_carea' id='block_1_29' title="bbox 1035 601 1830 644">
    <p class='ocr_par' dir='ltr' id='par_1_29' title="bbox 1035 601 1830 644">
     <span class='ocr_line' id='line_1_29' title="bbox 1035 601 1830 644; baseline -0.013 -7"><span class='ocrx_word' id='word_1_189' title='bbox 1035 609 1210 642; x_wconf 78' lang='grc' dir='ltr'><strong>συνετάξατο·</strong></span> <span class='ocrx_word' id='word_1_190' title='bbox 1223 607 1381 644; x_wconf 76' lang='grc' dir='ltr'><strong>ἡρμήνευσε</strong></span> <span class='ocrx_word' id='word_1_191' title='bbox 1397 606 1426 632; x_wconf 81' lang='grc' dir='ltr'>δὲ</span> <span class='ocrx_word' id='word_1_192' title='bbox 1441 605 1512 632; x_wconf 79' lang='grc' dir='ltr'>αὐτὰ</span> <span class='ocrx_word' id='word_1_193' title='bbox 1527 604 1565 636; x_wconf 85' lang='grc' dir='ltr'><strong>ὡς</strong></span> <span class='ocrx_word' id='word_1_194' title='bbox 1582 601 1617 639; x_wconf 85' lang='grc' dir='ltr'>ἦν</span> <span class='ocrx_word' id='word_1_195' title='bbox 1631 602 1747 633; x_wconf 78' lang='grc' dir='ltr'>δυνατὸς</span> <span class='ocrx_word' id='word_1_196' title='bbox 1760 602 1830 628; x_wconf 69' lang='grc' dir='ltr'><strong>Εκα-</strong></span> 
     </span>
    </p>
   </div>
   <div class='ocr_carea' id='block_1_30' title="bbox 1035 645 1831 688">
    <p class='ocr_par' dir='ltr' id='par_1_30' title="bbox 1035 645 1831 688">
     <span class='ocr_line' id='line_1_30' title="bbox 1035 645 1831 688; baseline -0.011 -7"><span class='ocrx_word' id='word_1_197' title='bbox 1035 663 1109 686; x_wconf 86' lang='grc' dir='ltr'>στος.</span> <span class='ocrx_word' id='word_1_198' title='bbox 1129 663 1138 679; x_wconf 74' lang='grc' dir='ltr'><strong>ι</strong></span> <span class='ocrx_word' id='word_1_199' title='bbox 1172 653 1316 688; x_wconf 77' lang='grc' dir='ltr'><strong>Κέχρηται</strong></span> <span class='ocrx_word' id='word_1_200' title='bbox 1341 651 1369 677; x_wconf 74' lang='grc' dir='ltr'><strong>δι</strong></span> <span class='ocrx_word' id='word_1_201' title='bbox 1397 649 1479 681; x_wconf 71' lang='grc' dir='ltr'>αὐτὸς</span> <span class='ocrx_word' id='word_1_202' title='bbox 1501 648 1668 684; x_wconf 81' lang='grc' dir='ltr'>μαρτυρίαις</span> <span class='ocrx_word' id='word_1_203' title='bbox 1698 647 1754 673; x_wconf 77' lang='grc' dir='ltr'><strong>ἀπὸ</strong></span> <span class='ocrx_word' id='word_1_204' title='bbox 1776 645 1831 680; x_wconf 83' lang='grc' dir='ltr'><strong>τῆς</strong></span> 
     </span>
    </p>
   </div>
   <div class='ocr_carea' id='block_1_31' title="bbox 1040 693 1831 733">
    <p class='ocr_par' dir='ltr' id='par_1_31' title="bbox 1040 693 1831 733">
     <span class='ocr_line' id='line_1_31' title="bbox 1040 693 1831 733; baseline -0.011 -6"><span class='ocrx_word' id='word_1_205' title='bbox 1040 700 1165 728; x_wconf 82' lang='grc' dir='ltr'><strong>Ἰωάννου</strong></span> <span class='ocrx_word' id='word_1_206' title='bbox 1180 698 1316 733; x_wconf 79' lang='grc' dir='ltr'>προτέρας</span> <span class='ocrx_word' id='word_1_207' title='bbox 1331 695 1494 731; x_wconf 81' lang='grc' dir='ltr'>Ἐπιστολῆς</span> <span class='ocrx_word' id='word_1_208' title='bbox 1517 696 1563 722; x_wconf 80' lang='grc' dir='ltr'><strong>καὶ</strong></span> <span class='ocrx_word' id='word_1_209' title='bbox 1576 694 1630 721; x_wconf 78' lang='grc' dir='ltr'><strong>ἀπὸ</strong></span> <span class='ocrx_word' id='word_1_210' title='bbox 1646 693 1699 729; x_wconf 85' lang='grc' dir='ltr'><strong>τῆς</strong></span> <span class='ocrx_word' id='word_1_211' title='bbox 1718 693 1831 728; x_wconf 84' lang='grc' dir='ltr'>Πέτρου</span> 
     </span>
    </p>
   </div>
   <div class='ocr_carea' id='block_1_32' title="bbox 1035 739 1831 782">
    <p class='ocr_par' dir='ltr' id='par_1_32' title="bbox 1035 739 1831 782">
     <span class='ocr_line' id='line_1_32' title="bbox 1035 739 1831 782; baseline -0.013 -8"><span class='ocrx_word' id='word_1_212' title='bbox 1035 746 1148 782; x_wconf 79' lang='grc' dir='ltr'>ὁμοίως.</span> <span class='ocrx_word' id='word_1_213' title='bbox 1164 745 1220 772; x_wconf 78' lang='grc' dir='ltr'><strong>Καὶ</strong></span> <span class='ocrx_word' id='word_1_214' title='bbox 1240 744 1325 779; x_wconf 75' lang='grc' dir='ltr'>ἄλλην</span> <span class='ocrx_word' id='word_1_215' title='bbox 1341 743 1368 769; x_wconf 75' lang='grc' dir='ltr'>δὲ</span> <span class='ocrx_word' id='word_1_216' title='bbox 1385 742 1508 777; x_wconf 72' lang='grc' dir='ltr'>ἱστορίαν</span> <span class='ocrx_word' id='word_1_217' title='bbox 1530 740 1677 775; x_wconf 83' lang='grc' dir='ltr'>προτίθησι</span> <span class='ocrx_word' id='word_1_218' title='bbox 1693 739 1759 774; x_wconf 81' lang='grc' dir='ltr'>περὶ</span> <span class='ocrx_word' id='word_1_219' title='bbox 1775 747 1831 773; x_wconf 80' lang='grc' dir='ltr'><strong>γυ-</strong></span> 
     </span>
    </p>
   </div>
   <div class='ocr_carea' id='block_1_33' title="bbox 1035 783 1830 824">
    <p class='ocr_par' dir='ltr' id='par_1_33' title="bbox 1035 783 1830 824">
     <span class='ocr_line' id='line_1_33' title="bbox 1035 783 1830 824; baseline -0.011 -5"><span class='ocrx_word' id='word_1_220' title='bbox 1035 793 1130 824; x_wconf 81' lang='grc' dir='ltr'>ναικὸς</span> <span class='ocrx_word' id='word_1_221' title='bbox 1145 791 1191 818; x_wconf 73' lang='grc' dir='ltr'><strong>ἐπὶ</strong></span> <span class='ocrx_word' id='word_1_222' title='bbox 1207 789 1318 820; x_wconf 85' lang='grc' dir='ltr'>πολλαῖς</span> <span class='ocrx_word' id='word_1_223' title='bbox 1332 788 1482 824; x_wconf 78' lang='grc' dir='ltr'>ἁμαρτίαις</span> <span class='ocrx_word' id='word_1_224' title='bbox 1495 785 1691 821; x_wconf 73' lang='grc' dir='ltr'>διαϐληθείσης</span> <span class='ocrx_word' id='word_1_225' title='bbox 1714 784 1763 811; x_wconf 65' lang='lat' dir='ltr'><strong>sui.</strong></span> <span class='ocrx_word' id='word_1_226' title='bbox 1776 783 1830 811; x_wconf 81' lang='grc' dir='ltr'>τοῦ</span> 
     </span>
    </p>
   </div>
   <div class='ocr_carea' id='block_1_34' title="bbox 1038 830 1833 874">
    <p class='ocr_par' dir='ltr' id='par_1_34' title="bbox 1038 830 1833 874">
     <span class='ocr_line' id='line_1_34' title="bbox 1038 830 1833 874; baseline -0.013 -8"><span class='ocrx_word' id='word_1_227' title='bbox 1038 839 1152 874; x_wconf 81' lang='grc' dir='ltr'>Κυρίου.</span> <span class='ocrx_word' id='word_1_228' title='bbox 1176 836 1258 863; x_wconf 78' lang='grc' dir='ltr'>Ἀλλὰ</span> <span class='ocrx_word' id='word_1_229' title='bbox 1271 836 1318 863; x_wconf 79' lang='grc' dir='ltr'><strong>καὶ</strong></span> <span class='ocrx_word' id='word_1_230' title='bbox 1331 835 1366 862; x_wconf 87' lang='grc' dir='ltr'><strong>τὰ.</strong></span> <span class='ocrx_word' id='word_1_231' title='bbox 1381 834 1420 870; x_wconf 85' lang='grc' dir='ltr'>τῷ</span> <span class='ocrx_word' id='word_1_232' title='bbox 1435 833 1530 868; x_wconf 71' lang='grc' dir='ltr'>Παπίᾳ</span> <span class='ocrx_word' id='word_1_233' title='bbox 1549 831 1748 867; x_wconf 66' lang='grc' dir='ltr'>συγγραφέντα</span> <span class='ocrx_word' id='word_1_234' title='bbox 1762 830 1833 857; x_wconf 62' lang='grc' dir='ltr'>τοῦν</span> 
     </span>
    </p>
   </div>
   <div class='ocr_carea' id='block_1_35' title="bbox 1037 884 1384 921">
    <p class='ocr_par' dir='ltr' id='par_1_35' title="bbox 1037 884 1384 921">
     <span class='ocr_line' id='line_1_35' title="bbox 1037 884 1384 921; baseline -0.009 -8"><span class='ocrx_word' id='word_1_235' title='bbox 1037 895 1083 914; x_wconf 89' lang='grc' dir='ltr'><strong>τον</strong></span> <span class='ocrx_word' id='word_1_236' title='bbox 1099 886 1193 921; x_wconf 76' lang='grc' dir='ltr'>ἔχουσι</span> <span class='ocrx_word' id='word_1_237' title='bbox 1210 885 1255 912; x_wconf 77' lang='grc' dir='ltr'>τὸν</span> <span class='ocrx_word' id='word_1_238' title='bbox 1271 884 1384 919; x_wconf 86' lang='grc' dir='ltr'>τρόπον.</span> 
     </span>
    </p>
   </div>
   <div class='ocr_carea' id='block_1_36' title="bbox 197 927 1835 980">
    <p class='ocr_par' dir='ltr' id='par_1_36' title="bbox 197 927 1835 980">
     <span class='ocr_line' id='line_1_36' title="bbox 197 927 1835 980; baseline -0.01 -8"><span class='ocrx_word' id='word_1_239' title='bbox 197 945 290 980; x_wconf 89' lang='lat' dir='ltr'><strong>priore</strong></span> <span class='ocrx_word' id='word_1_240' title='bbox 309 944 383 972; x_wconf 89' lang='lat' dir='ltr'><strong>Petri</strong></span> <span class='ocrx_word' id='word_1_241' title='bbox 407 927 548 978; x_wconf 75' lang='lat' dir='ltr'><strong>Epistolis.</strong></span> <span class='ocrx_word' id='word_1_242' title='bbox 579 940 662 968; x_wconf 81' lang='lat' dir='ltr'><strong>Addit</strong></span> <span class='ocrx_word' id='word_1_243' title='bbox 687 943 820 974; x_wconf 71' lang='lat' dir='ltr'><strong>praeterea</strong></span> <span class='ocrx_word' id='word_1_244' title='bbox 845 936 988 965; x_wconf 88' lang='lat' dir='ltr'><strong>historiam</strong></span> <span class='ocrx_word' id='word_1_245' title='bbox 1007 935 1099 968; x_wconf 87' lang='lat' dir='ltr'><strong>aliam,</strong></span> <span class='ocrx_word' id='word_1_246' title='bbox 1122 934 1156 961; x_wconf 92' lang='lat' dir='ltr'><strong>de</strong></span> <span class='ocrx_word' id='word_1_247' title='bbox 1178 933 1315 964; x_wconf 88' lang='lat' dir='ltr'><strong>muliere,</strong></span> <span class='ocrx_word' id='word_1_248' title='bbox 1340 939 1401 967; x_wconf 71' lang='lat' dir='ltr'><strong>quae</strong></span> <span class='ocrx_word' id='word_1_249' title='bbox 1424 931 1520 960; x_wconf 77' lang='lat' dir='ltr'><strong>multis</strong></span> <span class='ocrx_word' id='word_1_250' title='bbox 1550 930 1720 960; x_wconf 77' lang='lat' dir='ltr'><strong>criminibus</strong></span> <span class='ocrx_word' id='word_1_251' title='bbox 1758 927 1835 963; x_wconf 84' lang='lat' dir='ltr'><strong>apud</strong></span> 
     </span>
    </p>
   </div>
   <div class='ocr_carea' id='block_1_37' title="bbox 197 978 1439 1023">
    <p class='ocr_par' dir='ltr' id='par_1_37' title="bbox 197 978 1439 1023">
     <span class='ocr_line' id='line_1_37' title="bbox 197 978 1439 1023; baseline -0.01 -5"><span class='ocrx_word' id='word_1_252' title='bbox 197 978 342 1019; x_wconf 63' lang='lat' dir='ltr'><strong>hominum</strong></span> <span class='ocrx_word' id='word_1_253' title='bbox 358 990 396 1018; x_wconf 84' lang='lat' dir='ltr'><strong>sit</strong></span> <span class='ocrx_word' id='word_1_254' title='bbox 414 989 503 1018; x_wconf 84' lang='lat' dir='ltr'><strong>delata</strong></span> <span class='ocrx_word' id='word_1_255' title='bbox 521 987 571 1023; x_wconf 85' lang='lat' dir='ltr'><strong>(l).</strong></span> <span class='ocrx_word' id='word_1_256' title='bbox 596 987 630 1015; x_wconf 89' lang='lat' dir='ltr'><strong>Et</strong></span> <span class='ocrx_word' id='word_1_257' title='bbox 652 985 743 1021; x_wconf 80' lang='lat' dir='ltr'><strong>Papiae</strong></span> <span class='ocrx_word' id='word_1_258' title='bbox 760 983 872 1020; x_wconf 83' lang='lat' dir='ltr'><strong>quidem</strong></span> <span class='ocrx_word' id='word_1_259' title='bbox 886 983 987 1018; x_wconf 83' lang='lat' dir='ltr'><strong>scripta</strong></span> <span class='ocrx_word' id='word_1_260' title='bbox 1007 981 1042 1010; x_wconf 86' lang='lat' dir='ltr'><strong>ad</strong></span> <span class='ocrx_word' id='word_1_261' title='bbox 1062 982 1136 1009; x_wconf 89' lang='lat' dir='ltr'><strong>hunc</strong></span> <span class='ocrx_word' id='word_1_262' title='bbox 1150 988 1180 1009; x_wconf 85' lang='lat' dir='ltr'><strong>se</strong></span> <span class='ocrx_word' id='word_1_263' title='bbox 1196 979 1300 1008; x_wconf 84' lang='lat' dir='ltr'><strong>habent</strong></span> <span class='ocrx_word' id='word_1_264' title='bbox 1315 978 1439 1007; x_wconf 88' lang='lat' dir='ltr'><strong>modum.</strong></span> 
     </span>
    </p>
   </div>
   <div class='ocr_carea' id='block_1_38' title="bbox 489 1056 695 1087">
    <p class='ocr_par' dir='ltr' id='par_1_38' title="bbox 489 1056 695 1087">
     <span class='ocr_line' id='line_1_38' title="bbox 489 1056 695 1087; baseline -0.015 0"><span class='ocrx_word' id='word_1_265' title='bbox 489 1057 604 1087; x_wconf 77' lang='lat' dir='ltr'><strong>CAPUT</strong></span> <span class='ocrx_word' id='word_1_266' title='bbox 621 1056 695 1084; x_wconf 72' lang='lat' dir='ltr'><strong>XXI.</strong></span> 
     </span>
    </p>
   </div>
   <div class='ocr_carea' id='block_1_39' title="bbox 203 1111 990 1153">
    <p class='ocr_par' dir='ltr' id='par_1_39' title="bbox 203 1111 990 1153">
     <span class='ocr_line' id='line_1_39' title="bbox 203 1111 990 1153; baseline -0.014 -4"><span class='ocrx_word' id='word_1_267' title='bbox 203 1120 239 1148; x_wconf 88' lang='lat' dir='ltr'><strong>De</strong></span> <span class='ocrx_word' id='word_1_268' title='bbox 269 1120 408 1153; x_wconf 80' lang='lat' dir='ltr'><strong>Quadrato</strong></span> <span class='ocrx_word' id='word_1_269' title='bbox 433 1121 458 1144; x_wconf 81' lang='lat' dir='ltr'><strong>et</strong></span> <span class='ocrx_word' id='word_1_270' title='bbox 483 1116 614 1153; x_wconf 59' lang='lat' dir='ltr'><strong>Aristide,</strong></span> <span class='ocrx_word' id='word_1_271' title='bbox 639 1113 790 1153; x_wconf 69' lang='lat' dir='ltr'><strong>apostolicis</strong></span> <span class='ocrx_word' id='word_1_272' title='bbox 817 1111 896 1153; x_wconf 66' lang='lat' dir='ltr'><strong>plane</strong></span> <span class='ocrx_word' id='word_1_273' title='bbox 915 1111 990 1151; x_wconf 62' lang='lat' dir='ltr'><strong>viris,</strong></span> 
     </span>
    </p>
   </div>
   <div class='ocr_carea' id='block_1_40' title="bbox 237 1146 992 1191">
    <p class='ocr_par' dir='ltr' id='par_1_40' title="bbox 237 1146 992 1191">
     <span class='ocr_line' id='line_1_40' title="bbox 237 1146 992 1191; baseline -0.013 -8"><span class='ocrx_word' id='word_1_274' title='bbox 237 1146 354 1191; x_wconf 7' lang='lat' dir='ltr'><strong>quidpro</strong></span> <span class='ocrx_word' id='word_1_275' title='bbox 376 1153 526 1189; x_wconf 77' lang='lat' dir='ltr'><strong>defensione</strong></span> <span class='ocrx_word' id='word_1_276' title='bbox 553 1150 614 1186; x_wconf 81' lang='lat' dir='ltr'><strong>ﬁdei</strong></span> <span class='ocrx_word' id='word_1_277' title='bbox 642 1146 740 1176; x_wconf 71' lang='lat' dir='ltr'><strong>nostra:</strong></span> <span class='ocrx_word' id='word_1_278' title='bbox 757 1147 900 1184; x_wconf 72' lang='lat' dir='ltr'><strong>Apologia:</strong></span> <span class='ocrx_word' id='word_1_279' title='bbox 923 1146 992 1174; x_wconf 72' lang='lat' dir='ltr'><strong>scri-</strong></span> 
     </span>
    </p>
   </div>
   <div class='ocr_carea' id='block_1_41' title="bbox 238 1195 359 1228">
    <p class='ocr_par' dir='ltr' id='par_1_41' title="bbox 238 1195 359 1228">
     <span class='ocr_line' id='line_1_41' title="bbox 238 1195 359 1228; baseline -0.008 -10"><span class='ocrx_word' id='word_1_280' title='bbox 238 1195 359 1228; x_wconf 77' lang='lat' dir='ltr'><strong>pserunl.</strong></span> 
     </span>
    </p>
   </div>
   <div class='ocr_carea' id='block_1_42' title="bbox 238 1239 993 1279">
    <p class='ocr_par' dir='ltr' id='par_1_42' title="bbox 238 1239 993 1279">
     <span class='ocr_line' id='line_1_42' title="bbox 238 1239 993 1279; baseline -0.016 -2"><span class='ocrx_word' id='word_1_281' title='bbox 238 1249 343 1277; x_wconf 86' lang='lat' dir='ltr'><strong>Floruit</strong></span> <span class='ocrx_word' id='word_1_282' title='bbox 363 1251 455 1274; x_wconf 88' lang='lat' dir='ltr'><strong>autem</strong></span> <span class='ocrx_word' id='word_1_283' title='bbox 467 1253 500 1273; x_wconf 90' lang='lat' dir='ltr'><strong>eo</strong></span> <span class='ocrx_word' id='word_1_284' title='bbox 515 1249 640 1279; x_wconf 85' lang='lat' dir='ltr'><strong>tempore</strong></span> <span class='ocrx_word' id='word_1_285' title='bbox 653 1241 764 1270; x_wconf 87' lang='lat' dir='ltr'><strong>divinus</strong></span> <span class='ocrx_word' id='word_1_286' title='bbox 787 1248 897 1276; x_wconf 84' lang='lat' dir='ltr'><strong>quoque</strong></span> <span class='ocrx_word' id='word_1_287' title='bbox 921 1239 993 1272; x_wconf 79' lang='lat' dir='ltr'><strong>Qua-</strong></span> 
     </span>
    </p>
   </div>
   <div class='ocr_carea' id='block_1_43' title="bbox 203 1285 994 1324">
    <p class='ocr_par' dir='ltr' id='par_1_43' title="bbox 203 1285 994 1324">
     <span class='ocr_line' id='line_1_43' title="bbox 203 1285 994 1324; baseline -0.016 0"><span class='ocrx_word' id='word_1_288' title='bbox 203 1298 299 1324; x_wconf 84' lang='lat' dir='ltr'><strong>dratus</strong></span> <span class='ocrx_word' id='word_1_289' title='bbox 316 1303 323 1321; x_wconf 82' lang='lat' dir='ltr'><strong><em>z</em></strong></span> <span class='ocrx_word' id='word_1_290' title='bbox 337 1293 382 1321; x_wconf 92' lang='lat' dir='ltr'><strong>cui</strong></span> <span class='ocrx_word' id='word_1_291' title='bbox 398 1291 467 1319; x_wconf 86' lang='lat' dir='ltr'><strong>nihil</strong></span> <span class='ocrx_word' id='word_1_292' title='bbox 478 1297 574 1318; x_wconf 92' lang='lat' dir='ltr'><strong>eorum</strong></span> <span class='ocrx_word' id='word_1_293' title='bbox 590 1288 737 1320; x_wconf 91' lang='lat' dir='ltr'><strong>donorum,</strong></span> <span class='ocrx_word' id='word_1_294' title='bbox 751 1295 812 1322; x_wconf 67' lang='lat' dir='ltr'><strong>qua:</strong></span> <span class='ocrx_word' id='word_1_295' title='bbox 827 1285 994 1321; x_wconf 81' lang='lat' dir='ltr'><strong>apostolicos</strong></span> 
     </span>
    </p>
   </div>
   <div class='ocr_carea' id='block_1_44' title="bbox 204 1329 996 1370">
    <p class='ocr_par' dir='ltr' id='par_1_44' title="bbox 204 1329 996 1370">
     <span class='ocr_line' id='line_1_44' title="bbox 204 1329 996 1370; baseline -0.018 0"><span class='ocrx_word' id='word_1_296' title='bbox 204 1343 302 1370; x_wconf 77' lang='lat' dir='ltr'><strong>decent</strong></span> <span class='ocrx_word' id='word_1_297' title='bbox 320 1344 508 1369; x_wconf 86' lang='lat' dir='ltr'><strong>successores,</strong></span> <span class='ocrx_word' id='word_1_298' title='bbox 531 1335 631 1362; x_wconf 82' lang='lat' dir='ltr'><strong>defuit.</strong></span> <span class='ocrx_word' id='word_1_299' title='bbox 652 1334 750 1361; x_wconf 84' lang='lat' dir='ltr'><strong>Itidem</strong></span> <span class='ocrx_word' id='word_1_300' title='bbox 763 1340 828 1359; x_wconf 90' lang='lat' dir='ltr'><strong>vero</strong></span> <span class='ocrx_word' id='word_1_301' title='bbox 843 1336 870 1359; x_wconf 87' lang='lat' dir='ltr'><strong>et</strong></span> <span class='ocrx_word' id='word_1_302' title='bbox 896 1329 996 1357; x_wconf 81' lang='lat' dir='ltr'><strong>Aristi-</strong></span> 
     </span>
    </p>
   </div>
   <div class='ocr_carea' id='block_1_45' title="bbox 205 1376 997 1420">
    <p class='ocr_par' dir='ltr' id='par_1_45' title="bbox 205 1376 997 1420">
     <span class='ocr_line' id='line_1_45' title="bbox 205 1376 997 1420; baseline -0.016 -5"><span class='ocrx_word' id='word_1_303' title='bbox 205 1389 264 1419; x_wconf 77' lang='lat' dir='ltr'><strong>des,</strong></span> <span class='ocrx_word' id='word_1_304' title='bbox 278 1386 319 1420; x_wconf 83' lang='lat' dir='ltr'><strong>\&#39;_ir</strong></span> <span class='ocrx_word' id='word_1_305' title='bbox 331 1389 411 1412; x_wconf 74' lang='lat' dir='ltr'><strong>mtate</strong></span> <span class='ocrx_word' id='word_1_306' title='bbox 426 1390 457 1410; x_wconf 87' lang='lat' dir='ltr'><strong>ea</strong></span> <span class='ocrx_word' id='word_1_307' title='bbox 472 1381 576 1417; x_wconf 78' lang='lat' dir='ltr'><strong>ingenti</strong></span> <span class='ocrx_word' id='word_1_308' title='bbox 592 1379 655 1407; x_wconf 83' lang='lat' dir='ltr'><strong>fidei</strong></span> <span class='ocrx_word' id='word_1_309' title='bbox 668 1383 770 1406; x_wconf 68' lang='lat' dir='ltr'><strong>nostra:</strong></span> <span class='ocrx_word' id='word_1_310' title='bbox 782 1376 955 1404; x_wconf 65' lang='lat' dir='ltr'><strong>aemulatione</strong></span> <span class='ocrx_word' id='word_1_311' title='bbox 969 1378 997 1402; x_wconf 84' lang='lat' dir='ltr'><strong>et</strong></span> 
     </span>
    </p>
   </div>
   <div class='ocr_carea' id='block_1_46' title="bbox 205 1421 996 1465">
    <p class='ocr_par' dir='ltr' id='par_1_46' title="bbox 205 1421 996 1465">
     <span class='ocr_line' id='line_1_46' title="bbox 205 1421 996 1465; baseline -0.018 -4"><span class='ocrx_word' id='word_1_312' title='bbox 205 1433 304 1461; x_wconf 86' lang='lat' dir='ltr'><strong>ardore</strong></span> <span class='ocrx_word' id='word_1_313' title='bbox 326 1430 451 1465; x_wconf 77' lang='lat' dir='ltr'><strong>ﬂagrans.</strong></span> <span class='ocrx_word' id='word_1_314' title='bbox 467 1427 555 1455; x_wconf 81' lang='lat' dir='ltr'><strong>Ambo</strong></span> <span class='ocrx_word' id='word_1_315' title='bbox 569 1425 708 1458; x_wconf 83' lang='lat' dir='ltr'><strong>doctrina,</strong></span> <span class='ocrx_word' id='word_1_316' title='bbox 732 1423 852 1455; x_wconf 79' lang='lat' dir='ltr'><strong>fervore,</strong></span> <span class='ocrx_word' id='word_1_317' title='bbox 879 1426 907 1449; x_wconf 89' lang='lat' dir='ltr'><strong>et</strong></span> <span class='ocrx_word' id='word_1_318' title='bbox 932 1421 996 1448; x_wconf 60' lang='lat' dir='ltr'><strong>vitm</strong></span> 
     </span>
    </p>
   </div>
   <div class='ocr_carea' id='block_1_47' title="bbox 204 1466 997 1508">
    <p class='ocr_par' dir='ltr' id='par_1_47' title="bbox 204 1466 997 1508">
     <span class='ocr_line' id='line_1_47' title="bbox 204 1466 997 1508; baseline -0.018 -1"><span class='ocrx_word' id='word_1_319' title='bbox 204 1479 367 1508; x_wconf 69' lang='lat' dir='ltr'><strong>Christiana:</strong></span> <span class='ocrx_word' id='word_1_320' title='bbox 385 1474 508 1503; x_wconf 88' lang='lat' dir='ltr'><strong>moribus</strong></span> <span class='ocrx_word' id='word_1_321' title='bbox 525 1479 625 1508; x_wconf 84' lang='lat' dir='ltr'><strong>pares;</strong></span> <span class='ocrx_word' id='word_1_322' title='bbox 649 1471 731 1497; x_wconf 88' lang='lat' dir='ltr'><strong>ambo</strong></span> <span class='ocrx_word' id='word_1_323' title='bbox 750 1469 832 1497; x_wconf 85' lang='lat' dir='ltr'><strong>etiam</strong></span> <span class='ocrx_word' id='word_1_324' title='bbox 856 1466 997 1495; x_wconf 88' lang='lat' dir='ltr'><strong>orationes</strong></span> 
     </span>
    </p>
   </div>
   <div class='ocr_carea' id='block_1_48' title="bbox 206 1513 998 1554">
    <p class='ocr_par' dir='ltr' id='par_1_48' title="bbox 206 1513 998 1554">
     <span class='ocr_line' id='line_1_48' title="bbox 206 1513 998 1554; baseline -0.018 -1"><span class='ocrx_word' id='word_1_325' title='bbox 206 1527 239 1553; x_wconf 82' lang='lat' dir='ltr'><strong>ad</strong></span> <span class='ocrx_word' id='word_1_326' title='bbox 252 1525 355 1552; x_wconf 71' lang='lat' dir='ltr'><strong>lElium</strong></span> <span class='ocrx_word' id='word_1_327' title='bbox 371 1522 534 1552; x_wconf 81' lang='lat' dir='ltr'><strong>Adrianum,</strong></span> <span class='ocrx_word' id='word_1_328' title='bbox 550 1518 597 1554; x_wconf 92' lang='lat' dir='ltr'><strong>qui</strong></span> <span class='ocrx_word' id='word_1_329' title='bbox 624 1517 743 1552; x_wconf 70' lang='lat' dir='ltr'><strong>Traiano</strong></span> <span class='ocrx_word' id='word_1_330' title='bbox 760 1516 786 1542; x_wconf 93' lang='lat' dir='ltr'><strong>in</strong></span> <span class='ocrx_word' id='word_1_331' title='bbox 802 1513 920 1549; x_wconf 90' lang='lat' dir='ltr'><strong>imperio</strong></span> <span class='ocrx_word' id='word_1_332' title='bbox 935 1520 998 1540; x_wconf 89' lang='lat' dir='ltr'><strong>suc-</strong></span> 
     </span>
    </p>
   </div>
   <div class='ocr_carea' id='block_1_49' title="bbox 208 1561 1000 1604">
    <p class='ocr_par' dir='ltr' id='par_1_49' title="bbox 208 1561 1000 1604">
     <span class='ocr_line' id='line_1_49' title="bbox 208 1561 1000 1604; baseline -0.016 -6"><span class='ocrx_word' id='word_1_333' title='bbox 208 1571 299 1600; x_wconf 83' lang='lat' dir='ltr'><strong>cessit,</strong></span> <span class='ocrx_word' id='word_1_334' title='bbox 311 1569 412 1604; x_wconf 87' lang='lat' dir='ltr'><strong>quibus</strong></span> <span class='ocrx_word' id='word_1_335' title='bbox 424 1567 612 1594; x_wconf 85' lang='lat' dir='ltr'><strong>Christianum</strong></span> <span class='ocrx_word' id='word_1_336' title='bbox 630 1563 727 1598; x_wconf 77' lang='lat' dir='ltr'><strong>dogma</strong></span> <span class='ocrx_word' id='word_1_337' title='bbox 743 1561 905 1592; x_wconf 81' lang='lat' dir='ltr'><strong>defendunt,</strong></span> <span class='ocrx_word' id='word_1_338' title='bbox 921 1567 1000 1587; x_wconf 88' lang='lat' dir='ltr'><strong>com-</strong></span> 
     </span>
    </p>
   </div>
   <div class='ocr_carea' id='block_1_50' title="bbox 209 1605 1000 1653">
    <p class='ocr_par' dir='ltr' id='par_1_50' title="bbox 209 1605 1000 1653">
     <span class='ocr_line' id='line_1_50' title="bbox 209 1605 1000 1653; baseline -0.016 -9"><span class='ocrx_word' id='word_1_339' title='bbox 209 1620 371 1653; x_wconf 62' lang='lat' dir='ltr'><strong>pesuernnt,</strong></span> <span class='ocrx_word' id='word_1_340' title='bbox 386 1622 449 1642; x_wconf 89' lang='lat' dir='ltr'><strong>cum</strong></span> <span class='ocrx_word' id='word_1_341' title='bbox 465 1611 584 1647; x_wconf 87' lang='lat' dir='ltr'><strong>improbi</strong></span> <span class='ocrx_word' id='word_1_342' title='bbox 597 1610 707 1644; x_wconf 83' lang='lat' dir='ltr'><strong>quidam</strong></span> <span class='ocrx_word' id='word_1_343' title='bbox 723 1607 850 1634; x_wconf 85' lang='lat' dir='ltr'><strong>homines</strong></span> <span class='ocrx_word' id='word_1_344' title='bbox 864 1605 1000 1633; x_wconf 86' lang='lat' dir='ltr'><strong>Ecclesias</strong></span> 
     </span>
    </p>
   </div>
   <div class='ocr_carea' id='block_1_51' title="bbox 211 1651 1002 1698">
    <p class='ocr_par' dir='ltr' id='par_1_51' title="bbox 211 1651 1002 1698">
     <span class='ocr_line' id='line_1_51' title="bbox 211 1651 1002 1698; baseline -0.018 -7"><span class='ocrx_word' id='word_1_345' title='bbox 211 1651 308 1698; x_wconf 77' lang='lat' dir='ltr'><strong>urgere</strong></span> <span class='ocrx_word' id='word_1_346' title='bbox 325 1666 406 1696; x_wconf 83' lang='lat' dir='ltr'><strong>atque</strong></span> <span class='ocrx_word' id='word_1_347' title='bbox 431 1658 558 1694; x_wconf 87' lang='lat' dir='ltr'><strong>persequi</strong></span> <span class='ocrx_word' id='word_1_348' title='bbox 583 1655 812 1691; x_wconf 74' lang='lat' dir='ltr'><strong>aggrederentur.</strong></span> <span class='ocrx_word' id='word_1_349' title='bbox 841 1652 872 1679; x_wconf 91' lang='lat' dir='ltr'><strong>ln</strong></span> <span class='ocrx_word' id='word_1_350' title='bbox 901 1651 1002 1686; x_wconf 84' lang='lat' dir='ltr'><strong>quibus</strong></span> 
     </span>
    </p>
   </div>
   <div class='ocr_carea' id='block_1_52' title="bbox 1325 1050 1537 1078">
    <p class='ocr_par' dir='ltr' id='par_1_52' title="bbox 1325 1050 1537 1078">
     <span class='ocr_line' id='line_1_52' title="bbox 1325 1050 1537 1078; baseline -0.009 0"><span class='ocrx_word' id='word_1_351' title='bbox 1325 1050 1453 1078; x_wconf 75' lang='grc' dir='ltr'><strong>ΚΕΦΛΔ.</strong></span> <span class='ocrx_word' id='word_1_352' title='bbox 1471 1050 1537 1077; x_wconf 79' lang='lat' dir='ltr'><strong>KA&#39;.</strong></span> 
     </span>
    </p>
   </div>
   <div class='ocr_carea' id='block_1_53' title="bbox 1043 1105 1839 1142">
    <p class='ocr_par' dir='ltr' id='par_1_53' title="bbox 1043 1105 1839 1142">
     <span class='ocr_line' id='line_1_53' title="bbox 1043 1105 1839 1142; baseline -0.004 -7"><span class='ocrx_word' id='word_1_353' title='bbox 1043 1107 1114 1142; x_wconf 72' lang='grc' dir='ltr'>Περὶ</span> <span class='ocrx_word' id='word_1_354' title='bbox 1140 1107 1295 1141; x_wconf 80' lang='grc' dir='ltr'>Κοδρᾶτον</span> <span class='ocrx_word' id='word_1_355' title='bbox 1319 1106 1371 1133; x_wconf 77' lang='grc' dir='ltr'><strong>καὶ</strong></span> <span class='ocrx_word' id='word_1_356' title='bbox 1400 1105 1594 1142; x_wconf 66' lang='grc' dir='ltr'>Ἀριστείδου,</span> <span class='ocrx_word' id='word_1_357' title='bbox 1618 1105 1839 1142; x_wconf 64' lang='grc' dir='ltr'>ἀποστολικῶγ</span> 
     </span>
    </p>
   </div>
   <div class='ocr_carea' id='block_1_54' title="bbox 1080 1140 1837 1176">
    <p class='ocr_par' dir='ltr' id='par_1_54' title="bbox 1080 1140 1837 1176">
     <span class='ocr_line' id='line_1_54' title="bbox 1080 1140 1837 1176; baseline -0.004 -6"><span class='ocrx_word' id='word_1_358' title='bbox 1080 1140 1210 1176; x_wconf 28' lang='grc' dir='ltr'><strong>ἆνδρῶνί,</strong></span> <span class='ocrx_word' id='word_1_359' title='bbox 1224 1142 1301 1174; x_wconf 72' lang='grc' dir='ltr'>ὑπὲρ</span> <span class='ocrx_word' id='word_1_360' title='bbox 1315 1141 1370 1176; x_wconf 82' lang='grc' dir='ltr'><strong>τῆς</strong></span> <span class='ocrx_word' id='word_1_361' title='bbox 1387 1143 1452 1168; x_wconf 82' lang='grc' dir='ltr'><strong>καθ’</strong></span> <span class='ocrx_word' id='word_1_362' title='bbox 1477 1141 1555 1176; x_wconf 80' lang='grc' dir='ltr'>ἡμᾶς</span> <span class='ocrx_word' id='word_1_363' title='bbox 1579 1141 1713 1173; x_wconf 82' lang='grc' dir='ltr'>πίστεως</span> <span class='ocrx_word' id='word_1_364' title='bbox 1730 1140 1837 1176; x_wconf 63' lang='grc' dir='ltr'><strong>ἀγηρά-</strong></span> 
     </span>
    </p>
   </div>
   <div class='ocr_carea' id='block_1_55' title="bbox 1080 1176 1556 1213">
    <p class='ocr_par' dir='ltr' id='par_1_55' title="bbox 1080 1176 1556 1213">
     <span class='ocr_line' id='line_1_55' title="bbox 1080 1176 1556 1213; baseline -0.002 -9"><span class='ocrx_word' id='word_1_365' title='bbox 1080 1187 1143 1213; x_wconf 76' lang='grc' dir='ltr'>φως</span> <span class='ocrx_word' id='word_1_366' title='bbox 1152 1178 1318 1212; x_wconf 74' lang='grc' dir='ltr'><strong>ἀπολογίας</strong></span> <span class='ocrx_word' id='word_1_367' title='bbox 1332 1176 1556 1212; x_wconf 75' lang='grc' dir='ltr'><strong>ποιησαμένων.</strong></span> 
     </span>
    </p>
   </div>
   <div class='ocr_carea' id='block_1_56' title="bbox 1082 1236 1837 1274">
    <p class='ocr_par' dir='ltr' id='par_1_56' title="bbox 1082 1236 1837 1274">
     <span class='ocr_line' id='line_1_56' title="bbox 1082 1236 1837 1274; baseline -0.004 -8"><span class='ocrx_word' id='word_1_368' title='bbox 1082 1239 1138 1266; x_wconf 77' lang='grc' dir='ltr'><strong>Καὶ</strong></span> <span class='ocrx_word' id='word_1_369' title='bbox 1163 1238 1300 1274; x_wconf 79' lang='grc' dir='ltr'>Κοδρᾶτος</span> <span class='ocrx_word' id='word_1_370' title='bbox 1324 1237 1353 1264; x_wconf 80' lang='grc' dir='ltr'>δὲ</span> <span class='ocrx_word' id='word_1_371' title='bbox 1382 1238 1395 1264; x_wconf 78' lang='grc' dir='ltr'><strong>ὁ</strong></span> <span class='ocrx_word' id='word_1_372' title='bbox 1418 1237 1490 1269; x_wconf 84' lang='grc' dir='ltr'>θεῖος</span> <span class='ocrx_word' id='word_1_373' title='bbox 1505 1236 1660 1272; x_wconf 75' lang='grc' dir='ltr'>τηνικαῦτα</span> <span class='ocrx_word' id='word_1_374' title='bbox 1689 1236 1837 1273; x_wconf 76' lang='grc' dir='ltr'><strong>διέπρεπε,</strong></span> 
     </span>
    </p>
   </div>
   <div class='ocr_carea' id='block_1_57' title="bbox 1045 1281 1840 1319">
    <p class='ocr_par' dir='ltr' id='par_1_57' title="bbox 1045 1281 1840 1319">
     <span class='ocr_line' id='line_1_57' title="bbox 1045 1281 1840 1319; baseline -0.004 -8"><span class='ocrx_word' id='word_1_375' title='bbox 1045 1285 1118 1311; x_wconf 76' lang='grc' dir='ltr'>κατὰ</span> <span class='ocrx_word' id='word_1_376' title='bbox 1134 1283 1218 1319; x_wconf 78' lang='grc' dir='ltr'>μηδὲν</span> <span class='ocrx_word' id='word_1_377' title='bbox 1231 1283 1330 1310; x_wconf 66' lang='grc' dir='ltr'>δνδέων</span> <span class='ocrx_word' id='word_1_378' title='bbox 1351 1281 1408 1308; x_wconf 83' lang='grc' dir='ltr'><strong>τῶν</strong></span> <span class='ocrx_word' id='word_1_379' title='bbox 1433 1281 1484 1317; x_wconf 81' lang='grc' dir='ltr'><strong>τῆς</strong></span> <span class='ocrx_word' id='word_1_380' title='bbox 1502 1281 1689 1317; x_wconf 80' lang='grc' dir='ltr'>ὰποστολικῆς</span> <span class='ocrx_word' id='word_1_381' title='bbox 1704 1281 1840 1317; x_wconf 76' lang='grc' dir='ltr'><strong>διαδοχῆς</strong></span> 
     </span>
    </p>
   </div>
   <div class='ocr_carea' id='block_1_58' title="bbox 1046 1327 1841 1366">
    <p class='ocr_par' dir='ltr' id='par_1_58' title="bbox 1046 1327 1841 1366">
     <span class='ocr_line' id='line_1_58' title="bbox 1046 1327 1841 1366; baseline -0.005 -9"><span class='ocrx_word' id='word_1_382' title='bbox 1046 1331 1239 1366; x_wconf 86' lang='grc' dir='ltr'>χαρισμάτων.</span> <span class='ocrx_word' id='word_1_383' title='bbox 1262 1328 1403 1360; x_wconf 83' lang='grc' dir='ltr'>Ὡσαύτως</span> <span class='ocrx_word' id='word_1_384' title='bbox 1422 1327 1451 1355; x_wconf 76' lang='grc' dir='ltr'>δὲ</span> <span class='ocrx_word' id='word_1_385' title='bbox 1480 1328 1528 1355; x_wconf 75' lang='grc' dir='ltr'><strong>καὶ</strong></span> <span class='ocrx_word' id='word_1_386' title='bbox 1558 1327 1747 1363; x_wconf 80' lang='grc' dir='ltr'>Ἀριστείδης,</span> <span class='ocrx_word' id='word_1_387' title='bbox 1766 1327 1841 1363; x_wconf 80' lang='grc' dir='ltr'>ἀνὴρ</span> 
     </span>
    </p>
   </div>
   <div class='ocr_carea' id='block_1_59' title="bbox 1046 1373 1841 1412">
    <p class='ocr_par' dir='ltr' id='par_1_59' title="bbox 1046 1373 1841 1412">
     <span class='ocr_line' id='line_1_59' title="bbox 1046 1373 1841 1412; baseline -0.006 -8"><span class='ocrx_word' id='word_1_388' title='bbox 1046 1376 1176 1412; x_wconf 82' lang='grc' dir='ltr'><strong>τηνικάδε</strong></span> <span class='ocrx_word' id='word_1_389' title='bbox 1200 1375 1239 1411; x_wconf 87' lang='grc' dir='ltr'>τῷ</span> <span class='ocrx_word' id='word_1_390' title='bbox 1264 1375 1334 1410; x_wconf 71' lang='grc' dir='ltr'>ὑπὲρ</span> <span class='ocrx_word' id='word_1_391' title='bbox 1363 1374 1415 1410; x_wconf 87' lang='grc' dir='ltr'><strong>τῆς</strong></span> <span class='ocrx_word' id='word_1_392' title='bbox 1435 1373 1499 1402; x_wconf 83' lang='grc' dir='ltr'>καθ’</span> <span class='ocrx_word' id='word_1_393' title='bbox 1526 1374 1601 1409; x_wconf 82' lang='grc' dir='ltr'>ἡμᾶς</span> <span class='ocrx_word' id='word_1_394' title='bbox 1622 1374 1745 1406; x_wconf 75' lang='grc' dir='ltr'>πίστεως</span> <span class='ocrx_word' id='word_1_395' title='bbox 1761 1373 1841 1409; x_wconf 77' lang='grc' dir='ltr'><strong>ζήλῳ</strong></span> 
     </span>
    </p>
   </div>
   <div class='ocr_carea' id='block_1_60' title="bbox 1050 1422 1842 1461">
    <p class='ocr_par' dir='ltr' id='par_1_60' title="bbox 1050 1422 1842 1461">
     <span class='ocr_line' id='line_1_60' title="bbox 1050 1422 1842 1461; baseline -0.005 -9"><span class='ocrx_word' id='word_1_396' title='bbox 1050 1424 1224 1461; x_wconf 83' lang='grc' dir='ltr'>πυρούμενος</span> <span class='ocrx_word' id='word_1_397' title='bbox 1236 1432 1244 1439; x_wconf 88' lang='grc'><strong>·</strong></span> <span class='ocrx_word' id='word_1_398' title='bbox 1261 1423 1451 1459; x_wconf 82' lang='grc' dir='ltr'>παραπλήσιοι</span> <span class='ocrx_word' id='word_1_399' title='bbox 1469 1422 1497 1449; x_wconf 79' lang='grc' dir='ltr'>δὲ</span> <span class='ocrx_word' id='word_1_400' title='bbox 1517 1422 1565 1449; x_wconf 79' lang='grc' dir='ltr'><strong>καὶ</strong></span> <span class='ocrx_word' id='word_1_401' title='bbox 1582 1422 1668 1457; x_wconf 79' lang='grc' dir='ltr'>ἄμφω</span> <span class='ocrx_word' id='word_1_402' title='bbox 1684 1422 1731 1449; x_wconf 79' lang='grc' dir='ltr'><strong>τόν</strong></span> <span class='ocrx_word' id='word_1_403' title='bbox 1746 1430 1776 1449; x_wconf 86' lang='grc' dir='ltr'><strong>τε</strong></span> <span class='ocrx_word' id='word_1_404' title='bbox 1799 1423 1842 1448; x_wconf 79' lang='grc' dir='ltr'><strong>λό-</strong></span> 
     </span>
    </p>
   </div>
   <div class='ocr_carea' id='block_1_61' title="bbox 1047 1468 1842 1504">
    <p class='ocr_par' dir='ltr' id='par_1_61' title="bbox 1047 1468 1842 1504">
     <span class='ocr_line' id='line_1_61' title="bbox 1047 1468 1842 1504; baseline -0.001 -8"><span class='ocrx_word' id='word_1_405' title='bbox 1047 1478 1097 1504; x_wconf 87' lang='grc' dir='ltr'>γον</span> <span class='ocrx_word' id='word_1_406' title='bbox 1122 1470 1169 1496; x_wconf 72' lang='lat' dir='ltr'><strong>ml.</strong></span> <span class='ocrx_word' id='word_1_407' title='bbox 1196 1469 1288 1504; x_wconf 80' lang='grc' dir='ltr'>ζῆλον,</span> <span class='ocrx_word' id='word_1_408' title='bbox 1308 1469 1357 1496; x_wconf 78' lang='grc' dir='ltr'><strong>καὶ</strong></span> <span class='ocrx_word' id='word_1_409' title='bbox 1371 1469 1404 1504; x_wconf 86' lang='grc' dir='ltr'>τῇ</span> <span class='ocrx_word' id='word_1_410' title='bbox 1422 1469 1538 1504; x_wconf 76' lang='grc' dir='ltr'>ἀσκήσει</span> <span class='ocrx_word' id='word_1_411' title='bbox 1554 1468 1605 1504; x_wconf 86' lang='grc' dir='ltr'><strong>τῆς</strong></span> <span class='ocrx_word' id='word_1_412' title='bbox 1632 1468 1704 1495; x_wconf 81' lang='grc' dir='ltr'>κατὰ</span> <span class='ocrx_word' id='word_1_413' title='bbox 1720 1469 1842 1504; x_wconf 70' lang='grc' dir='ltr'>Χριστὲν</span> 
     </span>
    </p>
   </div>
   <div class='ocr_carea' id='block_1_62' title="bbox 1050 1515 1842 1551">
    <p class='ocr_par' dir='ltr' id='par_1_62' title="bbox 1050 1515 1842 1551">
     <span class='ocr_line' id='line_1_62' title="bbox 1050 1515 1842 1551; baseline -0.001 -8"><span class='ocrx_word' id='word_1_414' title='bbox 1050 1516 1201 1548; x_wconf 85' lang='grc' dir='ltr'>πολιτείας.</span> <span class='ocrx_word' id='word_1_415' title='bbox 1227 1516 1390 1551; x_wconf 84' lang='grc' dir='ltr'>Ἀμφότεροι</span> <span class='ocrx_word' id='word_1_416' title='bbox 1408 1515 1437 1542; x_wconf 74' lang='grc' dir='ltr'>δὲ</span> <span class='ocrx_word' id='word_1_417' title='bbox 1461 1515 1559 1549; x_wconf 77' lang='grc' dir='ltr'>λόγους</span> <span class='ocrx_word' id='word_1_418' title='bbox 1573 1515 1612 1550; x_wconf 84' lang='grc' dir='ltr'>τῷ</span> <span class='ocrx_word' id='word_1_419' title='bbox 1645 1515 1717 1550; x_wconf 79' lang='grc' dir='ltr'>μετὰ</span> <span class='ocrx_word' id='word_1_420' title='bbox 1737 1515 1842 1551; x_wconf 77' lang='grc' dir='ltr'>Τραϊα-</span> 
     </span>
    </p>
   </div>
   <div class='ocr_carea' id='block_1_63' title="bbox 1050 1561 1842 1598">
    <p class='ocr_par' dir='ltr' id='par_1_63' title="bbox 1050 1561 1842 1598">
     <span class='ocr_line' id='line_1_63' title="bbox 1050 1561 1842 1598; baseline 0 -9"><span class='ocrx_word' id='word_1_421' title='bbox 1050 1561 1096 1589; x_wconf 84' lang='grc' dir='ltr'><strong>νδν</strong></span> <span class='ocrx_word' id='word_1_422' title='bbox 1112 1561 1198 1598; x_wconf 82' lang='grc' dir='ltr'>Αἰλίῳ</span> <span class='ocrx_word' id='word_1_423' title='bbox 1221 1561 1356 1597; x_wconf 80' lang='grc' dir='ltr'>’Δδριανῷ</span> <span class='ocrx_word' id='word_1_424' title='bbox 1370 1561 1581 1597; x_wconf 82' lang='grc' dir='ltr'>προσφωνοῦσιν</span> <span class='ocrx_word' id='word_1_425' title='bbox 1609 1561 1682 1597; x_wconf 73' lang='grc' dir='ltr'>ὑπὲρ</span> <span class='ocrx_word' id='word_1_426' title='bbox 1705 1562 1753 1589; x_wconf 82' lang='grc' dir='ltr'>τοῦ</span> <span class='ocrx_word' id='word_1_427' title='bbox 1779 1563 1842 1589; x_wconf 81' lang='grc' dir='ltr'>καθ’</span> 
     </span>
    </p>
   </div>
   <div class='ocr_carea' id='block_1_64' title="bbox 1051 1608 1843 1644">
    <p class='ocr_par' dir='ltr' id='par_1_64' title="bbox 1051 1608 1843 1644">
     <span class='ocr_line' id='line_1_64' title="bbox 1051 1608 1843 1644; baseline 0.001 -10"><span class='ocrx_word' id='word_1_428' title='bbox 1051 1609 1125 1644; x_wconf 82' lang='grc' dir='ltr'><strong>ἡμᾶς</strong></span> <span class='ocrx_word' id='word_1_429' title='bbox 1142 1608 1290 1643; x_wconf 81' lang='grc' dir='ltr'>δόγματος,</span> <span class='ocrx_word' id='word_1_430' title='bbox 1305 1609 1387 1635; x_wconf 88' lang='grc' dir='ltr'>τινῶν</span> <span class='ocrx_word' id='word_1_431' title='bbox 1402 1616 1435 1643; x_wconf 83' lang='grc' dir='ltr'>γε</span> <span class='ocrx_word' id='word_1_432' title='bbox 1457 1608 1585 1644; x_wconf 79' lang='grc' dir='ltr'>πονηρῶν</span> <span class='ocrx_word' id='word_1_433' title='bbox 1610 1609 1668 1640; x_wconf 82' lang='grc' dir='ltr'>τοῖς</span> <span class='ocrx_word' id='word_1_434' title='bbox 1691 1609 1843 1644; x_wconf 82' lang='grc' dir='ltr'>ἡμετέροις</span> 
     </span>
    </p>
   </div>
   <div class='ocr_carea' id='block_1_65' title="bbox 1052 1652 1843 1691">
    <p class='ocr_par' dir='ltr' id='par_1_65' title="bbox 1052 1652 1843 1691">
     <span class='ocr_line' id='line_1_65' title="bbox 1052 1652 1843 1691; baseline 0.003 -10"><span class='ocrx_word' id='word_1_435' title='bbox 1052 1654 1223 1682; x_wconf 72' lang='grc' dir='ltr'>ἐπιτίθεσθαι</span> <span class='ocrx_word' id='word_1_436' title='bbox 1254 1655 1454 1691; x_wconf 78' lang='grc' dir='ltr'>πειρωμένων·</span> <span class='ocrx_word' id='word_1_437' title='bbox 1473 1655 1503 1682; x_wconf 78' lang='grc' dir='ltr'>ἐν</span> <span class='ocrx_word' id='word_1_438' title='bbox 1526 1652 1568 1687; x_wconf 81' lang='grc' dir='ltr'><strong>οἷς</strong></span> <span class='ocrx_word' id='word_1_439' title='bbox 1593 1655 1654 1682; x_wconf 77' lang='grc' dir='ltr'>ἔστι</span> <span class='ocrx_word' id='word_1_440' title='bbox 1669 1657 1843 1691; x_wconf 78' lang='grc' dir='ltr'>κατανοῆσαι</span> 
     </span>
    </p>
   </div>
   <div class='ocr_carea' id='block_1_66' title="bbox 211 1697 998 1738">
    <p class='ocr_par' dir='ltr' id='par_1_66' title="bbox 211 1697 998 1735">
     <span class='ocr_line' id='line_1_66' title="bbox 211 1697 998 1735; baseline -0.017 0"><span class='ocrx_word' id='word_1_441' title='bbox 211 1697 382 1735; x_wconf 77' lang='lat' dir='ltr'><strong>orationibus</strong></span> <span class='ocrx_word' id='word_1_442' title='bbox 399 1705 493 1731; x_wconf 86' lang='lat' dir='ltr'><strong>videre</strong></span> <span class='ocrx_word' id='word_1_443' title='bbox 507 1708 550 1730; x_wconf 90' lang='lat' dir='ltr'><strong>est</strong></span> <span class='ocrx_word' id='word_1_444' title='bbox 572 1708 627 1728; x_wconf 93' lang='lat' dir='ltr'><strong>non</strong></span> <span class='ocrx_word' id='word_1_445' title='bbox 651 1699 747 1735; x_wconf 78' lang='lat' dir='ltr'><strong>exigua</strong></span> <span class='ocrx_word' id='word_1_446' title='bbox 768 1705 864 1725; x_wconf 91' lang='lat' dir='ltr'><strong>eorum</strong></span> <span class='ocrx_word' id='word_1_447' title='bbox 878 1697 998 1724; x_wconf 89' lang='lat' dir='ltr'><strong>virorum</strong></span> 
     </span>
    </p>
   </div>
   <div class='ocr_carea' id='block_1_67' title="bbox 1072 1697 1843 1738">
    <p class='ocr_par' dir='ltr' id='par_1_67' title="bbox 1072 1700 1843 1737">
     <span class='ocr_line' id='line_1_67' title="bbox 1072 1700 1843 1737; baseline 0.001 -10"><span class='ocrx_word' id='word_1_448' title='bbox 1072 1701 1083 1727; x_wconf 74' lang='grc' dir='ltr'>ὑ</span> <span class='ocrx_word' id='word_1_449' title='bbox 1098 1701 1186 1736; x_wconf 80' lang='grc' dir='ltr'>μικρά</span> <span class='ocrx_word' id='word_1_450' title='bbox 1198 1709 1260 1728; x_wconf 84' lang='grc' dir='ltr'>τινα</span> <span class='ocrx_word' id='word_1_451' title='bbox 1274 1701 1413 1736; x_wconf 83' lang='grc' dir='ltr'>τεκμήρια</span> <span class='ocrx_word' id='word_1_452' title='bbox 1435 1700 1485 1735; x_wconf 79' lang='grc' dir='ltr'><strong>τῆς</strong></span> <span class='ocrx_word' id='word_1_453' title='bbox 1500 1701 1555 1727; x_wconf 87' lang='grc' dir='ltr'>τῶν</span> <span class='ocrx_word' id='word_1_454' title='bbox 1580 1700 1689 1736; x_wconf 84' lang='grc' dir='ltr'>ἀνδρῶν</span> <span class='ocrx_word' id='word_1_455' title='bbox 1708 1701 1843 1737; x_wconf 74' lang='grc' dir='ltr'>λαμπρᾶς</span> 
     </span>
    </p>
   </div>
   <div class='ocr_carea' id='block_1_68' title="bbox 212 1743 1000 1790">
    <p class='ocr_par' dir='ltr' id='par_1_68' title="bbox 212 1743 1000 1790">
     <span class='ocr_line' id='line_1_68' title="bbox 212 1743 1000 1790; baseline -0.018 -8"><span class='ocrx_word' id='word_1_456' title='bbox 212 1751 362 1790; x_wconf 75' lang='lat' dir='ltr'><strong>splendida:</strong></span> <span class='ocrx_word' id='word_1_457' title='bbox 377 1750 476 1778; x_wconf 88' lang='lat' dir='ltr'><strong>mentis</strong></span> <span class='ocrx_word' id='word_1_458' title='bbox 492 1748 701 1782; x_wconf 70' lang='lat' dir='ltr'><strong>apostolicaequ</strong></span> <span class='ocrx_word' id='word_1_459' title='bbox 717 1751 746 1772; x_wconf 90' lang='lat' dir='ltr'><strong>et</strong></span> <span class='ocrx_word' id='word_1_460' title='bbox 761 1749 841 1772; x_wconf 74' lang='lat' dir='ltr'><strong>recta:</strong></span> <span class='ocrx_word' id='word_1_461' title='bbox 865 1743 1000 1771; x_wconf 84' lang='lat' dir='ltr'><strong>doctrinae</strong></span> 
     </span>
    </p>
   </div>
   <div class='ocr_carea' id='block_1_69' title="bbox 213 1789 1004 1831">
    <p class='ocr_par' dir='ltr' id='par_1_69' title="bbox 213 1789 1004 1831">
     <span class='ocr_line' id='line_1_69' title="bbox 213 1789 1004 1831; baseline -0.015 -4"><span class='ocrx_word' id='word_1_462' title='bbox 213 1799 325 1828; x_wconf 88' lang='lat' dir='ltr'><strong>indicia.</strong></span> <span class='ocrx_word' id='word_1_463' title='bbox 341 1797 497 1831; x_wconf 83' lang='lat' dir='ltr'><strong>Quadratus</strong></span> <span class='ocrx_word' id='word_1_464' title='bbox 512 1795 623 1830; x_wconf 88' lang='lat' dir='ltr'><strong>quidem</strong></span> <span class='ocrx_word' id='word_1_465' title='bbox 639 1796 714 1820; x_wconf 85' lang='lat' dir='ltr'><strong>certe</strong></span> <span class='ocrx_word' id='word_1_466' title='bbox 725 1791 843 1826; x_wconf 89' lang='lat' dir='ltr'><strong>priscam</strong></span> <span class='ocrx_word' id='word_1_467' title='bbox 858 1789 1004 1817; x_wconf 86' lang='lat' dir='ltr'><strong>sincerita-</strong></span> 
     </span>
    </p>
   </div>
   <div class='ocr_carea' id='block_1_70' title="bbox 214 1835 1003 1872">
    <p class='ocr_par' dir='ltr' id='par_1_70' title="bbox 214 1835 1003 1872">
     <span class='ocr_line' id='line_1_70' title="bbox 214 1835 1003 1872; baseline -0.015 -1"><span class='ocrx_word' id='word_1_468' title='bbox 214 1850 268 1872; x_wconf 84' lang='lat' dir='ltr'><strong>tem</strong></span> <span class='ocrx_word' id='word_1_469' title='bbox 282 1848 311 1871; x_wconf 91' lang='lat' dir='ltr'><strong>et</strong></span> <span class='ocrx_word' id='word_1_470' title='bbox 334 1843 415 1870; x_wconf 85' lang='lat' dir='ltr'><strong>Iidem</strong></span> <span class='ocrx_word' id='word_1_471' title='bbox 430 1848 507 1868; x_wconf 87' lang='lat' dir='ltr'><strong>suam</strong></span> <span class='ocrx_word' id='word_1_472' title='bbox 530 1839 597 1867; x_wconf 87' lang='lat' dir='ltr'><strong>satis</strong></span> <span class='ocrx_word' id='word_1_473' title='bbox 613 1837 734 1865; x_wconf 77' lang='lat' dir='ltr'><strong>declarat</strong></span> <span class='ocrx_word' id='word_1_474' title='bbox 749 1836 783 1863; x_wconf 90' lang='lat' dir='ltr'><strong>iis</strong></span> <span class='ocrx_word' id='word_1_475' title='bbox 804 1835 870 1870; x_wconf 88' lang='lat' dir='ltr'><strong>ipsis</strong></span> <span class='ocrx_word' id='word_1_476' title='bbox 885 1841 945 1869; x_wconf 69' lang='lat' dir='ltr'><strong>quae</strong></span> <span class='ocrx_word' id='word_1_477' title='bbox 959 1841 1003 1860; x_wconf 82' lang='lat' dir='ltr'><strong>se-</strong></span> 
     </span>
    </p>
   </div>
   <div class='ocr_carea' id='block_1_71' title="bbox 213 1878 1002 1926">
    <p class='ocr_par' dir='ltr' id='par_1_71' title="bbox 213 1878 1002 1926">
     <span class='ocr_line' id='line_1_71' title="bbox 213 1878 1002 1926; baseline -0.016 -9"><span class='ocrx_word' id='word_1_478' title='bbox 213 1893 335 1926; x_wconf 86' lang='lat' dir='ltr'><strong>quuntur</strong></span> <span class='ocrx_word' id='word_1_479' title='bbox 352 1886 464 1915; x_wconf 87' lang='lat' dir='ltr'><strong>verbis:</strong></span> <span class='ocrx_word' id='word_1_480' title='bbox 483 1894 492 1911; x_wconf 81' lang='lat' dir='ltr'><strong>I</strong></span> <span class='ocrx_word' id='word_1_481' title='bbox 513 1883 668 1912; x_wconf 86' lang='lat' dir='ltr'><strong>Servatoris</strong></span> <span class='ocrx_word' id='word_1_482' title='bbox 693 1886 784 1909; x_wconf 89' lang='lat' dir='ltr'><strong>autem</strong></span> <span class='ocrx_word' id='word_1_483' title='bbox 809 1878 897 1906; x_wconf 85' lang='lat' dir='ltr'><strong>nostri</strong></span> <span class='ocrx_word' id='word_1_484' title='bbox 919 1885 1002 1913; x_wconf 88' lang='lat' dir='ltr'><strong>opera</strong></span> 
     </span>
    </p>
   </div>
   <div class='ocr_carea' id='block_1_72' title="bbox 213 1927 1004 1971">
    <p class='ocr_par' dir='ltr' id='par_1_72' title="bbox 213 1927 1004 1971">
     <span class='ocr_line' id='line_1_72' title="bbox 213 1927 1004 1971; baseline -0.016 -8"><span class='ocrx_word' id='word_1_485' title='bbox 213 1943 323 1971; x_wconf 84' lang='lat' dir='ltr'><strong>semper</strong></span> <span class='ocrx_word' id='word_1_486' title='bbox 339 1936 439 1969; x_wconf 59' lang='lat' dir='ltr'><strong>praesto</strong></span> <span class='ocrx_word' id='word_1_487' title='bbox 463 1931 551 1962; x_wconf 88' lang='lat' dir='ltr'><strong>fuere.</strong></span> <span class='ocrx_word' id='word_1_488' title='bbox 573 1928 654 1964; x_wconf 62' lang='grc'><strong>254.</strong></span> <span class='ocrx_word' id='word_1_489' title='bbox 677 1927 780 1962; x_wconf 86' lang='lat' dir='ltr'><strong>quippe</strong></span> <span class='ocrx_word' id='word_1_490' title='bbox 795 1933 855 1960; x_wconf 75' lang='lat' dir='ltr'><strong>qua:</strong></span> <span class='ocrx_word' id='word_1_491' title='bbox 873 1932 937 1952; x_wconf 83' lang='lat' dir='ltr'><strong>vera</strong></span> <span class='ocrx_word' id='word_1_492' title='bbox 962 1931 1004 1951; x_wconf 80' lang='lat' dir='ltr'><strong>es-</strong></span> 
     </span>
    </p>
   </div>
   <div class='ocr_carea' id='block_1_73' title="bbox 214 1970 1004 2016">
    <p class='ocr_par' dir='ltr' id='par_1_73' title="bbox 214 1970 1004 2016">
     <span class='ocr_line' id='line_1_73' title="bbox 214 1970 1004 2016; baseline -0.018 -6"><span class='ocrx_word' id='word_1_493' title='bbox 214 1970 298 2011; x_wconf 78' lang='lat' dir='ltr'><strong>sent:</strong></span> <span class='ocrx_word' id='word_1_494' title='bbox 314 1981 360 2016; x_wconf 91' lang='lat' dir='ltr'><strong>qui</strong></span> <span class='ocrx_word' id='word_1_495' title='bbox 376 1979 464 2008; x_wconf 86' lang='lat' dir='ltr'><strong>sanati</strong></span> <span class='ocrx_word' id='word_1_496' title='bbox 488 1977 610 2009; x_wconf 87' lang='lat' dir='ltr'><strong>fuerant,</strong></span> <span class='ocrx_word' id='word_1_497' title='bbox 628 1974 705 2010; x_wconf 90' lang='lat' dir='ltr'><strong>quia</strong></span> <span class='ocrx_word' id='word_1_498' title='bbox 727 1972 845 2000; x_wconf 89' lang='lat' dir='ltr'><strong>mortuis</strong></span> <span class='ocrx_word' id='word_1_499' title='bbox 866 1970 1004 2004; x_wconf 86' lang='lat' dir='ltr'><strong>suscitali,</strong></span> 
     </span>
    </p>
   </div>
   <div class='ocr_carea' id='block_1_74' title="bbox 215 2018 1005 2056">
    <p class='ocr_par' dir='ltr' id='par_1_74' title="bbox 215 2018 1005 2056">
     <span class='ocr_line' id='line_1_74' title="bbox 215 2018 1005 2056; baseline -0.014 0"><span class='ocrx_word' id='word_1_500' title='bbox 215 2037 270 2056; x_wconf 92' lang='lat' dir='ltr'><strong>non</strong></span> <span class='ocrx_word' id='word_1_501' title='bbox 284 2027 371 2055; x_wconf 85' lang='lat' dir='ltr'><strong>solum</strong></span> <span class='ocrx_word' id='word_1_502' title='bbox 385 2033 447 2053; x_wconf 91' lang='lat' dir='ltr'><strong>cum</strong></span> <span class='ocrx_word' id='word_1_503' title='bbox 462 2027 627 2052; x_wconf 88' lang='lat' dir='ltr'><strong>curarentur</strong></span> <span class='ocrx_word' id='word_1_504' title='bbox 642 2026 669 2050; x_wconf 91' lang='lat' dir='ltr'><strong>et</strong></span> <span class='ocrx_word' id='word_1_505' title='bbox 684 2021 922 2049; x_wconf 73' lang='lat' dir='ltr'><strong>exsuscitareutur</strong></span> <span class='ocrx_word' id='word_1_506' title='bbox 932 2039 940 2051; x_wconf 91' lang='lat'><strong>,</strong></span> <span class='ocrx_word' id='word_1_507' title='bbox 956 2018 1005 2045; x_wconf 89' lang='lat' dir='ltr'><strong>sed</strong></span> 
     </span>
    </p>
   </div>
   <div class='ocr_carea' id='block_1_75' title="bbox 216 2069 1006 2111">
    <p class='ocr_par' dir='ltr' id='par_1_75' title="bbox 216 2069 1006 2111">
     <span class='ocr_line' id='line_1_75' title="bbox 216 2069 1006 2111; baseline -0.013 -9"><span class='ocrx_word' id='word_1_508' title='bbox 216 2081 310 2111; x_wconf 85' lang='lat' dir='ltr'><strong>postea</strong></span> <span class='ocrx_word' id='word_1_509' title='bbox 335 2074 418 2101; x_wconf 80' lang='lat' dir='ltr'><strong>etiam</strong></span> <span class='ocrx_word' id='word_1_510' title='bbox 435 2071 557 2098; x_wconf 85' lang='lat' dir='ltr'><strong>viventes</strong></span> <span class='ocrx_word' id='word_1_511' title='bbox 583 2069 714 2097; x_wconf 88' lang='lat' dir='ltr'><strong>continue</strong></span> <span class='ocrx_word' id='word_1_512' title='bbox 743 2071 956 2104; x_wconf 85' lang='lat' dir='ltr'><strong>apparuerunt:</strong></span> <span class='ocrx_word' id='word_1_513' title='bbox 978 2070 1006 2092; x_wconf 86' lang='lat' dir='ltr'><strong>et</strong></span> 
     </span>
    </p>
   </div>
   <div class='ocr_carea' id='block_1_76' title="bbox 218 2114 1007 2148">
    <p class='ocr_par' dir='ltr' id='par_1_76' title="bbox 218 2114 1007 2148">
     <span class='ocr_line' id='line_1_76' title="bbox 218 2114 1007 2148; baseline -0.013 0"><span class='ocrx_word' id='word_1_514' title='bbox 218 2129 272 2148; x_wconf 92' lang='lat' dir='ltr'><strong>non</strong></span> <span class='ocrx_word' id='word_1_515' title='bbox 293 2125 398 2147; x_wconf 87' lang='lat' dir='ltr'><strong>tantum</strong></span> <span class='ocrx_word' id='word_1_516' title='bbox 414 2125 475 2144; x_wconf 90' lang='lat' dir='ltr'><strong>cum</strong></span> <span class='ocrx_word' id='word_1_517' title='bbox 492 2116 620 2144; x_wconf 81' lang='lat' dir='ltr'><strong>Salvator</strong></span> <span class='ocrx_word' id='word_1_518' title='bbox 633 2115 661 2142; x_wconf 91' lang='lat' dir='ltr'><strong>in</strong></span> <span class='ocrx_word' id='word_1_519' title='bbox 677 2114 758 2142; x_wconf 87' lang='lat' dir='ltr'><strong>terris</strong></span> <span class='ocrx_word' id='word_1_520' title='bbox 775 2117 945 2145; x_wconf 83' lang='lat' dir='ltr'><strong>versaretur,</strong></span> <span class='ocrx_word' id='word_1_521' title='bbox 960 2117 1007 2138; x_wconf 82' lang='lat' dir='ltr'><strong>ve-</strong></span> 
     </span>
    </p>
   </div>
   <div class='ocr_carea' id='block_1_77' title="bbox 218 2157 1006 2200">
    <p class='ocr_par' dir='ltr' id='par_1_77' title="bbox 218 2157 1006 2200">
     <span class='ocr_line' id='line_1_77' title="bbox 218 2157 1006 2200; baseline -0.013 -8"><span class='ocrx_word' id='word_1_522' title='bbox 218 2174 280 2193; x_wconf 87' lang='lat' dir='ltr'><strong>rum</strong></span> <span class='ocrx_word' id='word_1_523' title='bbox 307 2169 369 2200; x_wconf 80' lang='lat' dir='ltr'><strong>post</strong></span> <span class='ocrx_word' id='word_1_524' title='bbox 392 2163 543 2190; x_wconf 80' lang='lat' dir='ltr'><strong>discessum</strong></span> <span class='ocrx_word' id='word_1_525' title='bbox 561 2167 672 2196; x_wconf 85' lang='lat' dir='ltr'><strong>quoque</strong></span> <span class='ocrx_word' id='word_1_526' title='bbox 686 2160 746 2195; x_wconf 85' lang='lat' dir='ltr'><strong>ejus</strong></span> <span class='ocrx_word' id='word_1_527' title='bbox 778 2159 859 2193; x_wconf 76' lang='lat' dir='ltr'><strong>longo</strong></span> <span class='ocrx_word' id='word_1_528' title='bbox 877 2157 1006 2184; x_wconf 82' lang='lat' dir='ltr'><strong>vixerunt</strong></span> 
     </span>
    </p>
   </div>
   <div class='ocr_carea' id='block_1_78' title="bbox 219 2202 1008 2247">
    <p class='ocr_par' dir='ltr' id='par_1_78' title="bbox 219 2202 1008 2247">
     <span class='ocr_line' id='line_1_78' title="bbox 219 2202 1008 2247; baseline -0.015 -7"><span class='ocrx_word' id='word_1_529' title='bbox 219 2218 354 2247; x_wconf 80' lang='lat' dir='ltr'><strong>tempore,</strong></span> <span class='ocrx_word' id='word_1_530' title='bbox 371 2211 442 2238; x_wconf 82' lang='lat' dir='ltr'><strong>adeo</strong></span> <span class='ocrx_word' id='word_1_531' title='bbox 460 2215 490 2237; x_wconf 84' lang='lat' dir='ltr'><strong>ut</strong></span> <span class='ocrx_word' id='word_1_532' title='bbox 502 2207 627 2237; x_wconf 91' lang='lat' dir='ltr'><strong>nonnulli</strong></span> <span class='ocrx_word' id='word_1_533' title='bbox 644 2207 726 2234; x_wconf 87' lang='lat' dir='ltr'><strong>etiam</strong></span> <span class='ocrx_word' id='word_1_534' title='bbox 739 2205 774 2232; x_wconf 91' lang='lat' dir='ltr'><strong>ad</strong></span> <span class='ocrx_word' id='word_1_535' title='bbox 788 2209 910 2232; x_wconf 89' lang='lat' dir='ltr'><strong>nostram</strong></span> <span class='ocrx_word' id='word_1_536' title='bbox 925 2202 1008 2230; x_wconf 85' lang='lat' dir='ltr'><strong>dura-</strong></span> 
     </span>
    </p>
   </div>
   <div class='ocr_carea' id='block_1_79' title="bbox 219 2252 707 2287">
    <p class='ocr_par' dir='ltr' id='par_1_79' title="bbox 219 2252 707 2287">
     <span class='ocr_line' id='line_1_79' title="bbox 219 2252 707 2287; baseline -0.014 -1"><span class='ocrx_word' id='word_1_537' title='bbox 219 2267 263 2287; x_wconf 81' lang='lat' dir='ltr'><strong>vei</strong></span> <span class='ocrx_word' id='word_1_538' title='bbox 271 2259 311 2285; x_wconf 91' lang='lat' dir='ltr'><strong>int</strong></span> <span class='ocrx_word' id='word_1_539' title='bbox 328 2261 447 2284; x_wconf 82' lang='lat' dir='ltr'><strong>aetatem.</strong></span> <span class='ocrx_word' id='word_1_540' title='bbox 464 2264 474 2282; x_wconf 74' lang='grc' dir='ltr'><strong>ι</strong></span> <span class='ocrx_word' id='word_1_541' title='bbox 702 2252 707 2256; x_wconf 77' lang='grc'><em>”</em></span> 
     </span>
    </p>
   </div>
   <div class='ocr_carea' id='block_1_80' title="bbox 511 2308 727 2339">
    <p class='ocr_par' dir='ltr' id='par_1_80' title="bbox 511 2308 727 2339">
     <span class='ocr_line' id='line_1_80' title="bbox 511 2308 727 2339; baseline -0.019 0"><span class='ocrx_word' id='word_1_542' title='bbox 511 2309 624 2339; x_wconf 84' lang='lat' dir='ltr'><strong>CAPUT</strong></span> <span class='ocrx_word' id='word_1_543' title='bbox 641 2308 727 2336; x_wconf 73' lang='lat' dir='ltr'><strong>XX“.</strong></span> 
     </span>
    </p>
   </div>
   <div class='ocr_carea' id='block_1_81' title="bbox 239 2362 1047 2409">
    <p class='ocr_par' dir='ltr' id='par_1_81' title="bbox 239 2362 1047 2409">
     <span class='ocr_line' id='line_1_81' title="bbox 239 2362 1047 2409; baseline -0.01 -12"><span class='ocrx_word' id='word_1_544' title='bbox 239 2370 305 2404; x_wconf 70' lang='lat' dir='ltr'><strong>Qua:</strong></span> <span class='ocrx_word' id='word_1_545' title='bbox 322 2370 403 2397; x_wconf 81' lang='lat' dir='ltr'><strong>etiam</strong></span> <span class='ocrx_word' id='word_1_546' title='bbox 421 2369 467 2397; x_wconf 80' lang='lat' dir='ltr'><strong>sub</strong></span> <span class='ocrx_word' id='word_1_547' title='bbox 483 2368 600 2404; x_wconf 78' lang='lat' dir='ltr'><strong>Trojano</strong></span> <span class='ocrx_word' id='word_1_548' title='bbox 614 2367 714 2395; x_wconf 71' lang='lat' dir='ltr'><strong>Judwis</strong></span> <span class='ocrx_word' id='word_1_549' title='bbox 733 2364 876 2393; x_wconf 73' lang='lat' dir='ltr'><strong>acciderint</strong></span> <span class='ocrx_word' id='word_1_550' title='bbox 890 2362 990 2390; x_wconf 68' lang='lat' dir='ltr'><strong>clades.</strong></span> <span class='ocrx_word' id='word_1_551' title='bbox 1026 2380 1047 2409; x_wconf 68' lang='grc' dir='ltr'><strong>ο</strong></span> 
     </span>
    </p>
   </div>
   <div class='ocr_carea' id='block_1_82' title="bbox 260 2453 1009 2496">
    <p class='ocr_par' dir='ltr' id='par_1_82' title="bbox 260 2453 1009 2496">
     <span class='ocr_line' id='line_1_82' title="bbox 260 2453 1009 2496; baseline -0.013 -6"><span class='ocrx_word' id='word_1_552' title='bbox 260 2463 297 2490; x_wconf 66' lang='lat' dir='ltr'><strong>Ac</strong></span> <span class='ocrx_word' id='word_1_553' title='bbox 323 2469 368 2489; x_wconf 87' lang='lat' dir='ltr'><strong>res</strong></span> <span class='ocrx_word' id='word_1_554' title='bbox 389 2461 500 2496; x_wconf 88' lang='lat' dir='ltr'><strong>quidem</strong></span> <span class='ocrx_word' id='word_1_555' title='bbox 526 2462 626 2487; x_wconf 69' lang='lat' dir='ltr'><strong>nostrae</strong></span> <span class='ocrx_word' id='word_1_556' title='bbox 641 2457 679 2485; x_wconf 88' lang='lat' dir='ltr'><strong>ita</strong></span> <span class='ocrx_word' id='word_1_557' title='bbox 695 2455 842 2488; x_wconf 82' lang='lat' dir='ltr'><strong>florebant,</strong></span> <span class='ocrx_word' id='word_1_558' title='bbox 868 2453 1009 2490; x_wconf 86' lang='lat' dir='ltr'><strong>quotidia-</strong></span> 
     </span>
    </p>
   </div>
   <div class='ocr_carea' id='block_1_83' title="bbox 223 2501 1009 2543">
    <p class='ocr_par' dir='ltr' id='par_1_83' title="bbox 223 2501 1009 2543">
     <span class='ocr_line' id='line_1_83' title="bbox 223 2501 1009 2543; baseline -0.013 -6"><span class='ocrx_word' id='word_1_559' title='bbox 223 2516 345 2543; x_wconf 87' lang='lat' dir='ltr'><strong>numque</strong></span> <span class='ocrx_word' id='word_1_560' title='bbox 359 2509 557 2536; x_wconf 87' lang='lat' dir='ltr'><strong>incrementum</strong></span> <span class='ocrx_word' id='word_1_561' title='bbox 570 2505 725 2540; x_wconf 84' lang='lat' dir='ltr'><strong>capiebant,</strong></span> <span class='ocrx_word' id='word_1_562' title='bbox 743 2501 886 2530; x_wconf 86' lang='lat' dir='ltr'><strong>radicibus</strong></span> <span class='ocrx_word' id='word_1_563' title='bbox 897 2505 1009 2535; x_wconf 80' lang='lat' dir='ltr'><strong>aposto-</strong></span> 
     </span>
    </p>
   </div>
   <div class='ocr_carea' id='block_1_84' title="bbox 224 2547 1008 2587">
    <p class='ocr_par' dir='ltr' id='par_1_84' title="bbox 224 2547 1008 2587">
     <span class='ocr_line' id='line_1_84' title="bbox 224 2547 1008 2587; baseline -0.015 -5"><span class='ocrx_word' id='word_1_564' title='bbox 224 2555 340 2582; x_wconf 88' lang='lat' dir='ltr'><strong>licorum</strong></span> <span class='ocrx_word' id='word_1_565' title='bbox 365 2553 486 2580; x_wconf 86' lang='lat' dir='ltr'><strong>virorum</strong></span> <span class='ocrx_word' id='word_1_566' title='bbox 502 2572 510 2585; x_wconf 92' lang='lat'><strong>,</strong></span> <span class='ocrx_word' id='word_1_567' title='bbox 538 2551 586 2587; x_wconf 90' lang='lat' dir='ltr'><strong>qui</strong></span> <span class='ocrx_word' id='word_1_568' title='bbox 603 2555 659 2577; x_wconf 89' lang='lat' dir='ltr'><strong>tum</strong></span> <span class='ocrx_word' id='word_1_569' title='bbox 684 2549 764 2576; x_wconf 89' lang='lat' dir='ltr'><strong>multi</strong></span> <span class='ocrx_word' id='word_1_570' title='bbox 787 2547 815 2574; x_wconf 89' lang='lat' dir='ltr'><strong>in</strong></span> <span class='ocrx_word' id='word_1_571' title='bbox 835 2547 890 2573; x_wconf 84' lang='lat' dir='ltr'><strong>vita</strong></span> <span class='ocrx_word' id='word_1_572' title='bbox 918 2547 1008 2577; x_wconf 86' lang='lat' dir='ltr'><strong>erant,</strong></span> 
     </span>
    </p>
   </div>
   <div class='ocr_carea' id='block_1_85' title="bbox 225 2598 1011 2631">
    <p class='ocr_par' dir='ltr' id='par_1_85' title="bbox 225 2598 1011 2631">
     <span class='ocr_line' id='line_1_85' title="bbox 225 2598 1011 2631; baseline -0.015 -3"><span class='ocrx_word' id='word_1_573' title='bbox 225 2599 358 2629; x_wconf 71' lang='lat' dir='ltr'><strong>doctrinae</strong></span> <span class='ocrx_word' id='word_1_574' title='bbox 372 2599 427 2626; x_wconf 89' lang='lat' dir='ltr'><strong>alte</strong></span> <span class='ocrx_word' id='word_1_575' title='bbox 441 2599 519 2631; x_wconf 88' lang='lat' dir='ltr'><strong>actis,</strong></span> <span class='ocrx_word' id='word_1_576' title='bbox 534 2601 563 2625; x_wconf 91' lang='lat' dir='ltr'><strong>et</strong></span> <span class='ocrx_word' id='word_1_577' title='bbox 588 2600 746 2624; x_wconf 83' lang='lat' dir='ltr'><strong>sanctorum</strong></span> <span class='ocrx_word' id='word_1_578' title='bbox 769 2598 921 2628; x_wconf 84' lang='lat' dir='ltr'><strong>martyrum</strong></span> <span class='ocrx_word' id='word_1_579' title='bbox 947 2598 1011 2619; x_wconf 86' lang='lat' dir='ltr'><strong>san-</strong></span> 
     </span>
    </p>
   </div>
   <div class='ocr_carea' id='block_1_86' title="bbox 226 2637 1011 2683">
    <p class='ocr_par' dir='ltr' id='par_1_86' title="bbox 226 2637 1011 2683">
     <span class='ocr_line' id='line_1_86' title="bbox 226 2637 1011 2683; baseline -0.014 -9"><span class='ocrx_word' id='word_1_580' title='bbox 226 2646 309 2683; x_wconf 76' lang='lat' dir='ltr'><strong>guine</strong></span> <span class='ocrx_word' id='word_1_581' title='bbox 334 2644 452 2673; x_wconf 88' lang='lat' dir='ltr'><strong>ubertim</strong></span> <span class='ocrx_word' id='word_1_582' title='bbox 479 2643 584 2680; x_wconf 76' lang='lat' dir='ltr'><strong>rigatis.</strong></span> <span class='ocrx_word' id='word_1_583' title='bbox 613 2642 773 2670; x_wconf 69' lang='lat' dir='ltr'><strong>Judaeorum</strong></span> <span class='ocrx_word' id='word_1_584' title='bbox 809 2644 902 2666; x_wconf 85' lang='lat' dir='ltr'><strong>autem</strong></span> <span class='ocrx_word' id='word_1_585' title='bbox 936 2637 1011 2664; x_wconf 85' lang='lat' dir='ltr'><strong>natio</strong></span> 
     </span>
    </p>
   </div>
   <div class='ocr_carea' id='block_1_87' title="bbox 226 2682 1012 2728">
    <p class='ocr_par' dir='ltr' id='par_1_87' title="bbox 226 2682 1012 2728">
     <span class='ocr_line' id='line_1_87' title="bbox 226 2682 1012 2728; baseline -0.017 -7"><span class='ocrx_word' id='word_1_586' title='bbox 226 2682 417 2728; x_wconf 85' lang='lat' dir='ltr'><strong>frequentibus</strong></span> <span class='ocrx_word' id='word_1_587' title='bbox 433 2691 550 2726; x_wconf 84' lang='lat' dir='ltr'><strong>aliisque</strong></span> <span class='ocrx_word' id='word_1_588' title='bbox 564 2697 648 2724; x_wconf 84' lang='lat' dir='ltr'><strong>super</strong></span> <span class='ocrx_word' id='word_1_589' title='bbox 663 2688 732 2715; x_wconf 86' lang='lat' dir='ltr'><strong>alias</strong></span> <span class='ocrx_word' id='word_1_590' title='bbox 757 2683 939 2713; x_wconf 87' lang='lat' dir='ltr'><strong>accumulatis</strong></span> <span class='ocrx_word' id='word_1_591' title='bbox 956 2682 1012 2710; x_wconf 86' lang='lat' dir='ltr'><strong>ela-</strong></span> 
     </span>
    </p>
   </div>
   <div class='ocr_carea' id='block_1_88' title="bbox 227 2728 1012 2766">
    <p class='ocr_par' dir='ltr' id='par_1_88' title="bbox 227 2728 1012 2766">
     <span class='ocr_line' id='line_1_88' title="bbox 227 2728 1012 2766; baseline -0.015 0"><span class='ocrx_word' id='word_1_592' title='bbox 227 2738 309 2766; x_wconf 86' lang='lat' dir='ltr'><strong>dibus</strong></span> <span class='ocrx_word' id='word_1_593' title='bbox 319 2737 466 2765; x_wconf 89' lang='lat' dir='ltr'><strong>admodum</strong></span> <span class='ocrx_word' id='word_1_594' title='bbox 481 2736 668 2764; x_wconf 88' lang='lat' dir='ltr'><strong>aceidebatur.</strong></span> <span class='ocrx_word' id='word_1_595' title='bbox 686 2732 815 2760; x_wconf 88' lang='lat' dir='ltr'><strong>Decimus</strong></span> <span class='ocrx_word' id='word_1_596' title='bbox 831 2734 946 2758; x_wconf 86' lang='lat' dir='ltr'><strong>octavus</strong></span> <span class='ocrx_word' id='word_1_597' title='bbox 960 2728 1012 2755; x_wconf 85' lang='lat' dir='ltr'><strong>im-</strong></span> 
     </span>
    </p>
   </div>
   <div class='ocr_carea' id='block_1_89' title="bbox 228 2777 1014 2822">
    <p class='ocr_par' dir='ltr' id='par_1_89' title="bbox 228 2777 1014 2822">
     <span class='ocr_line' id='line_1_89' title="bbox 228 2777 1014 2822; baseline -0.015 -9"><span class='ocrx_word' id='word_1_598' title='bbox 228 2785 297 2822; x_wconf 89' lang='lat' dir='ltr'><strong>perii</strong></span> <span class='ocrx_word' id='word_1_599' title='bbox 311 2784 421 2821; x_wconf 87' lang='lat' dir='ltr'><strong>Trajani</strong></span> <span class='ocrx_word' id='word_1_600' title='bbox 430 2784 559 2820; x_wconf 77' lang='lat' dir='ltr'><strong>agebatur</strong></span> <span class='ocrx_word' id='word_1_601' title='bbox 570 2789 671 2814; x_wconf 89' lang='lat' dir='ltr'><strong>annus,</strong></span> <span class='ocrx_word' id='word_1_602' title='bbox 679 2787 742 2808; x_wconf 90' lang='lat' dir='ltr'><strong>cum</strong></span> <span class='ocrx_word' id='word_1_603' title='bbox 751 2777 908 2806; x_wconf 74' lang='lat' dir='ltr'><strong>Iudaeorum</strong></span> <span class='ocrx_word' id='word_1_604' title='bbox 919 2781 1014 2802; x_wconf 88' lang='lat' dir='ltr'><strong>rursus</strong></span> 
     </span>
    </p>
   </div>
   <div class='ocr_carea' id='block_1_90' title="bbox 1053 1746 1842 1785">
    <p class='ocr_par' dir='ltr' id='par_1_90' title="bbox 1053 1746 1842 1785">
     <span class='ocr_line' id='line_1_90' title="bbox 1053 1746 1842 1785; baseline 0.003 -12"><span class='ocrx_word' id='word_1_605' title='bbox 1053 1747 1173 1778; x_wconf 75' lang='grc' dir='ltr'>διανοίας</span> <span class='ocrx_word' id='word_1_606' title='bbox 1190 1746 1238 1773; x_wconf 77' lang='grc' dir='ltr'>καὶ</span> <span class='ocrx_word' id='word_1_607' title='bbox 1258 1746 1309 1782; x_wconf 82' lang='grc' dir='ltr'><strong>τῆς</strong></span> <span class='ocrx_word' id='word_1_608' title='bbox 1334 1746 1518 1781; x_wconf 85' lang='grc' dir='ltr'>άποστολικῆς</span> <span class='ocrx_word' id='word_1_609' title='bbox 1541 1746 1717 1782; x_wconf 81' lang='grc' dir='ltr'>ὀρθοτομίας.</span> <span class='ocrx_word' id='word_1_610' title='bbox 1734 1748 1842 1785; x_wconf 75' lang='grc' dir='ltr'>Κοδρᾶ-</span> 
     </span>
    </p>
   </div>
   <div class='ocr_carea' id='block_1_91' title="bbox 1052 1791 1843 1829">
    <p class='ocr_par' dir='ltr' id='par_1_91' title="bbox 1052 1791 1843 1829">
     <span class='ocr_line' id='line_1_91' title="bbox 1052 1791 1843 1829; baseline 0.003 -10"><span class='ocrx_word' id='word_1_611' title='bbox 1052 1801 1100 1824; x_wconf 85' lang='grc' dir='ltr'><strong>τος</strong></span> <span class='ocrx_word' id='word_1_612' title='bbox 1120 1793 1213 1828; x_wconf 88' lang='grc' dir='ltr'>μέντοι</span> <span class='ocrx_word' id='word_1_613' title='bbox 1234 1793 1282 1820; x_wconf 71' lang='grc' dir='ltr'><strong>καὶ</strong></span> <span class='ocrx_word' id='word_1_614' title='bbox 1299 1791 1330 1819; x_wconf 79' lang='grc' dir='ltr'><strong>τδ</strong></span> <span class='ocrx_word' id='word_1_615' title='bbox 1357 1793 1473 1828; x_wconf 83' lang='grc' dir='ltr'>ἀρχαῖον</span> <span class='ocrx_word' id='word_1_616' title='bbox 1496 1792 1579 1820; x_wconf 83' lang='grc' dir='ltr'>αὐτοῦ</span> <span class='ocrx_word' id='word_1_617' title='bbox 1604 1793 1695 1828; x_wconf 83' lang='grc' dir='ltr'>σοφῶς</span> <span class='ocrx_word' id='word_1_618' title='bbox 1710 1794 1843 1829; x_wconf 80' lang='grc' dir='ltr'>παραδεί-</span> 
     </span>
    </p>
   </div>
   <div class='ocr_carea' id='block_1_92' title="bbox 1053 1836 1841 1875">
    <p class='ocr_par' dir='ltr' id='par_1_92' title="bbox 1053 1836 1841 1875">
     <span class='ocr_line' id='line_1_92' title="bbox 1053 1836 1841 1875; baseline 0.001 -9"><span class='ocrx_word' id='word_1_619' title='bbox 1053 1848 1159 1872; x_wconf 75' lang='grc' dir='ltr'>κνυσιν,</span> <span class='ocrx_word' id='word_1_620' title='bbox 1176 1839 1206 1873; x_wconf 72' lang='lat' dir='ltr'><strong>se</strong></span> <span class='ocrx_word' id='word_1_621' title='bbox 1221 1836 1259 1867; x_wconf 84' lang='grc' dir='ltr'><strong>ὧν</strong></span> <span class='ocrx_word' id='word_1_622' title='bbox 1276 1848 1359 1875; x_wconf 81' lang='grc' dir='ltr'>φησιν</span> <span class='ocrx_word' id='word_1_623' title='bbox 1373 1840 1468 1871; x_wconf 84' lang='grc' dir='ltr'>αὑταῖς</span> <span class='ocrx_word' id='word_1_624' title='bbox 1489 1839 1578 1871; x_wconf 81' lang='grc' dir='ltr'>λέξεσι</span> <span class='ocrx_word' id='word_1_625' title='bbox 1602 1840 1718 1875; x_wconf 62' lang='grc' dir='ltr'>γράφων</span> <span class='ocrx_word' id='word_1_626' title='bbox 1733 1848 1741 1856; x_wconf 82' lang='grc'><strong>”</strong></span> <span class='ocrx_word' id='word_1_627' title='bbox 1760 1850 1771 1867; x_wconf 81' lang='grc' dir='ltr'><strong>ι</strong></span> <span class='ocrx_word' id='word_1_628' title='bbox 1789 1840 1841 1868; x_wconf 82' lang='grc' dir='ltr'><strong>Τοῦ</strong></span> 
     </span>
    </p>
   </div>
   <div class='ocr_carea' id='block_1_93' title="bbox 1053 1885 1842 1922">
    <p class='ocr_par' dir='ltr' id='par_1_93' title="bbox 1053 1885 1842 1922">
     <span class='ocr_line' id='line_1_93' title="bbox 1053 1885 1842 1922; baseline 0.001 -9"><span class='ocrx_word' id='word_1_629' title='bbox 1053 1887 1081 1913; x_wconf 82' lang='grc' dir='ltr'>δὲ</span> <span class='ocrx_word' id='word_1_630' title='bbox 1097 1886 1226 1922; x_wconf 80' lang='grc' dir='ltr'>Σωτῆρος</span> <span class='ocrx_word' id='word_1_631' title='bbox 1240 1887 1319 1922; x_wconf 83' lang='grc' dir='ltr'><strong>ἡμῶν</strong></span> <span class='ocrx_word' id='word_1_632' title='bbox 1331 1885 1366 1913; x_wconf 87' lang='grc' dir='ltr'>τὰ</span> <span class='ocrx_word' id='word_1_633' title='bbox 1387 1886 1456 1921; x_wconf 80' lang='grc' dir='ltr'>ἔργα</span> <span class='ocrx_word' id='word_1_634' title='bbox 1471 1886 1515 1912; x_wconf 82' lang='grc' dir='ltr'><strong>ἀεὶ</strong></span> <span class='ocrx_word' id='word_1_635' title='bbox 1539 1886 1630 1922; x_wconf 84' lang='grc' dir='ltr'>παρῆν</span> <span class='ocrx_word' id='word_1_636' title='bbox 1643 1895 1650 1902; x_wconf 81' lang='lat'>&#39;</span> <span class='ocrx_word' id='word_1_637' title='bbox 1673 1886 1763 1922; x_wconf 78' lang='grc' dir='ltr'>ἀληθῆ</span> <span class='ocrx_word' id='word_1_638' title='bbox 1789 1889 1842 1922; x_wconf 76' lang='grc' dir='ltr'>γὰρ</span> 
     </span>
    </p>
   </div>
   <div class='ocr_carea' id='block_1_94' title="bbox 1053 1930 1842 1969">
    <p class='ocr_par' dir='ltr' id='par_1_94' title="bbox 1053 1930 1842 1969">
     <span class='ocr_line' id='line_1_94' title="bbox 1053 1930 1842 1969; baseline 0.003 -10"><span class='ocrx_word' id='word_1_639' title='bbox 1053 1930 1105 1968; x_wconf 84' lang='grc' dir='ltr'><strong>ἦν·</strong></span> <span class='ocrx_word' id='word_1_640' title='bbox 1124 1933 1149 1959; x_wconf 92' lang='grc' dir='ltr'><strong>οί</strong></span> <span class='ocrx_word' id='word_1_641' title='bbox 1167 1932 1395 1968; x_wconf 79' lang='grc' dir='ltr'>θεραπευθέντες,</span> <span class='ocrx_word' id='word_1_642' title='bbox 1413 1933 1437 1958; x_wconf 79' lang='grc' dir='ltr'>οἱ</span> <span class='ocrx_word' id='word_1_643' title='bbox 1453 1931 1621 1965; x_wconf 76' lang='grc' dir='ltr'>ἀναστάντες</span> <span class='ocrx_word' id='word_1_644' title='bbox 1634 1933 1666 1959; x_wconf 70' lang='grc' dir='ltr'><strong>ἐκ</strong></span> <span class='ocrx_word' id='word_1_645' title='bbox 1681 1934 1805 1969; x_wconf 85' lang='grc' dir='ltr'>νεκρῶν,</span> <span class='ocrx_word' id='word_1_646' title='bbox 1820 1935 1842 1961; x_wconf 78' lang='lat' dir='ltr'><strong>oi</strong></span> 
     </span>
    </p>
   </div>
   <div class='ocr_carea' id='block_1_95' title="bbox 1054 1976 1843 2016">
    <p class='ocr_par' dir='ltr' id='par_1_95' title="bbox 1054 1976 1843 2016">
     <span class='ocr_line' id='line_1_95' title="bbox 1054 1976 1843 2016; baseline 0.006 -13"><span class='ocrx_word' id='word_1_647' title='bbox 1054 1977 1104 2004; x_wconf 75' lang='grc' dir='ltr'>οὐκ</span> <span class='ocrx_word' id='word_1_648' title='bbox 1122 1976 1256 2012; x_wconf 67' lang='grc' dir='ltr'>ὤφθησαν</span> <span class='ocrx_word' id='word_1_649' title='bbox 1273 1977 1355 2013; x_wconf 80' lang='grc' dir='ltr'>μόνον</span> <span class='ocrx_word' id='word_1_650' title='bbox 1381 1978 1598 2013; x_wconf 73' lang='grc' dir='ltr'>θεραπευόμενοι</span> <span class='ocrx_word' id='word_1_651' title='bbox 1623 1979 1670 2005; x_wconf 78' lang='grc' dir='ltr'><strong>καὶ</strong></span> <span class='ocrx_word' id='word_1_652' title='bbox 1693 1980 1843 2016; x_wconf 69' lang='grc' dir='ltr'>ἀνιστάμεο</span> 
     </span>
    </p>
   </div>
   <div class='ocr_carea' id='block_1_96' title="bbox 1055 2023 1843 2061">
    <p class='ocr_par' dir='ltr' id='par_1_96' title="bbox 1055 2023 1843 2061">
     <span class='ocr_line' id='line_1_96' title="bbox 1055 2023 1843 2061; baseline 0.004 -11"><span class='ocrx_word' id='word_1_653' title='bbox 1055 2032 1108 2055; x_wconf 91' lang='grc' dir='ltr'>νοι,</span> <span class='ocrx_word' id='word_1_654' title='bbox 1133 2023 1202 2050; x_wconf 76' lang='grc' dir='ltr'>ἀλλὰ</span> <span class='ocrx_word' id='word_1_655' title='bbox 1231 2024 1278 2050; x_wconf 76' lang='grc' dir='ltr'><strong>καὶ</strong></span> <span class='ocrx_word' id='word_1_656' title='bbox 1307 2023 1352 2050; x_wconf 79' lang='grc' dir='ltr'><strong>ἀεὶ</strong></span> <span class='ocrx_word' id='word_1_657' title='bbox 1380 2024 1516 2059; x_wconf 70' lang='grc' dir='ltr'>παρόντες</span> <span class='ocrx_word' id='word_1_658' title='bbox 1531 2032 1538 2039; x_wconf 91' lang='grc'><strong>·</strong></span> <span class='ocrx_word' id='word_1_659' title='bbox 1559 2024 1622 2051; x_wconf 71' lang='grc' dir='ltr'>οὺδδ</span> <span class='ocrx_word' id='word_1_660' title='bbox 1641 2025 1843 2061; x_wconf 74' lang='grc' dir='ltr'>ἐπιδημοῦντος</span> 
     </span>
    </p>
   </div>
   <div class='ocr_carea' id='block_1_97' title="bbox 1057 2069 1843 2108">
    <p class='ocr_par' dir='ltr' id='par_1_97' title="bbox 1057 2069 1843 2108">
     <span class='ocr_line' id='line_1_97' title="bbox 1057 2069 1843 2108; baseline 0.004 -12"><span class='ocrx_word' id='word_1_661' title='bbox 1057 2069 1139 2105; x_wconf 85' lang='grc' dir='ltr'>μόνον</span> <span class='ocrx_word' id='word_1_662' title='bbox 1148 2069 1194 2096; x_wconf 84' lang='grc' dir='ltr'>τοῦ</span> <span class='ocrx_word' id='word_1_663' title='bbox 1212 2069 1352 2105; x_wconf 84' lang='grc' dir='ltr'>Σωτῆρος,</span> <span class='ocrx_word' id='word_1_664' title='bbox 1370 2069 1438 2097; x_wconf 78' lang='grc' dir='ltr'>ἀλλὰ</span> <span class='ocrx_word' id='word_1_665' title='bbox 1458 2071 1506 2097; x_wconf 80' lang='grc' dir='ltr'><strong>καὶ</strong></span> <span class='ocrx_word' id='word_1_666' title='bbox 1535 2071 1758 2106; x_wconf 76' lang='grc' dir='ltr'>ἀπαλλαγέντος,</span> <span class='ocrx_word' id='word_1_667' title='bbox 1772 2070 1843 2108; x_wconf 77' lang='grc' dir='ltr'>ἦσαν</span> 
     </span>
    </p>
   </div>
   <div class='ocr_carea' id='block_1_98' title="bbox 1056 2116 1842 2156">
    <p class='ocr_par' dir='ltr' id='par_1_98' title="bbox 1056 2116 1842 2156">
     <span class='ocr_line' id='line_1_98' title="bbox 1056 2116 1842 2156; baseline 0.004 -13"><span class='ocrx_word' id='word_1_668' title='bbox 1056 2117 1103 2144; x_wconf 71' lang='grc' dir='ltr'><strong>ἐπὶ</strong></span> <span class='ocrx_word' id='word_1_669' title='bbox 1122 2117 1221 2153; x_wconf 87' lang='grc' dir='ltr'>χρόνον</span> <span class='ocrx_word' id='word_1_670' title='bbox 1238 2117 1348 2144; x_wconf 79' lang='grc' dir='ltr'>ἱκανόν·</span> <span class='ocrx_word' id='word_1_671' title='bbox 1366 2116 1404 2149; x_wconf 86' lang='grc' dir='ltr'>ὥς</span> <span class='ocrx_word' id='word_1_672' title='bbox 1420 2125 1451 2143; x_wconf 87' lang='grc' dir='ltr'><strong>τε</strong></span> <span class='ocrx_word' id='word_1_673' title='bbox 1468 2117 1516 2144; x_wconf 81' lang='grc' dir='ltr'><strong>καὶ</strong></span> <span class='ocrx_word' id='word_1_674' title='bbox 1531 2118 1572 2150; x_wconf 85' lang='grc' dir='ltr'><strong>είς</strong></span> <span class='ocrx_word' id='word_1_675' title='bbox 1593 2118 1658 2151; x_wconf 78' lang='grc' dir='ltr'>τοὺς</span> <span class='ocrx_word' id='word_1_676' title='bbox 1687 2119 1842 2156; x_wconf 77' lang='grc' dir='ltr'>ἡμετέρους</span> 
     </span>
    </p>
   </div>
   <div class='ocr_carea' id='block_1_99' title="bbox 1056 2163 1436 2199">
    <p class='ocr_par' dir='ltr' id='par_1_99' title="bbox 1056 2163 1436 2199">
     <span class='ocr_line' id='line_1_99' title="bbox 1056 2163 1436 2199; baseline -0.003 -9"><span class='ocrx_word' id='word_1_677' title='bbox 1056 2163 1170 2199; x_wconf 79' lang='grc' dir='ltr'>χρόνους</span> <span class='ocrx_word' id='word_1_678' title='bbox 1184 2163 1256 2196; x_wconf 75' lang='grc' dir='ltr'>τινὲς</span> <span class='ocrx_word' id='word_1_679' title='bbox 1267 2163 1410 2198; x_wconf 84' lang='grc' dir='ltr'>ἀφίκοντο.</span> <span class='ocrx_word' id='word_1_680' title='bbox 1425 2171 1436 2189; x_wconf 76' lang='grc' dir='ltr'><strong>ι</strong></span> 
     </span>
    </p>
   </div>
   <div class='ocr_carea' id='block_1_100' title="bbox 1355 2297 1560 2326">
    <p class='ocr_par' dir='ltr' id='par_1_100' title="bbox 1355 2297 1560 2326">
     <span class='ocr_line' id='line_1_100' title="bbox 1355 2297 1560 2326; baseline 0.005 -1"><span class='ocrx_word' id='word_1_681' title='bbox 1355 2297 1478 2326; x_wconf 75' lang='grc' dir='ltr'><strong>ΚΕΦΑΛ.</strong></span> <span class='ocrx_word' id='word_1_682' title='bbox 1495 2298 1560 2326; x_wconf 82' lang='grc' dir='ltr'><strong>ΚΒ’.</strong></span> 
     </span>
    </p>
   </div>
   <div class='ocr_carea' id='block_1_101' title="bbox 1060 2353 1843 2417">
    <p class='ocr_par' dir='ltr' id='par_1_101' title="bbox 1060 2353 1843 2417">
     <span class='ocr_line' id='line_1_101' title="bbox 1060 2353 1843 2417; baseline 0.005 -35"><span class='ocrx_word' id='word_1_683' title='bbox 1060 2356 1136 2383; x_wconf 81' lang='grc' dir='ltr'>Ὅσα</span> <span class='ocrx_word' id='word_1_684' title='bbox 1162 2354 1214 2382; x_wconf 74' lang='grc' dir='ltr'>καί</span> <span class='ocrx_word' id='word_1_685' title='bbox 1235 2354 1286 2382; x_wconf 76' lang='grc' dir='ltr'><strong>ἐπὶ</strong></span> <span class='ocrx_word' id='word_1_686' title='bbox 1315 2353 1490 2417; x_wconf 48' lang='grc' dir='ltr'><strong>Τραῑαᾌῗιά</strong></span> <span class='ocrx_word' id='word_1_687' title='bbox 1503 2355 1657 2391; x_wconf 73' lang='grc' dir='ltr'>Ἰουδαίοις</span> <span class='ocrx_word' id='word_1_688' title='bbox 1679 2357 1843 2392; x_wconf 71' lang='grc' dir='ltr'>ἐπισυνέϐη</span> 
     </span>
    </p>
   </div>
   <div class='ocr_carea' id='block_1_102' title="bbox 1412 2398 1501 2419">
    <p class='ocr_par' dir='ltr' id='par_1_102' title="bbox 1412 2398 1501 2419">
     <span class='ocr_line' id='line_1_102' title="bbox 1412 2398 1501 2419; baseline 0.034 -3"><span class='ocrx_word' id='word_1_689' title='bbox 1412 2398 1501 2419; x_wconf 67' lang='lat' dir='ltr'><strong>noxa.</strong></span> 
     </span>
    </p>
   </div>
   <div class='ocr_carea' id='block_1_103' title="bbox 1096 2447 1841 2486">
    <p class='ocr_par' dir='ltr' id='par_1_103' title="bbox 1096 2447 1841 2486">
     <span class='ocr_line' id='line_1_103' title="bbox 1096 2447 1841 2486; baseline 0.003 -10"><span class='ocrx_word' id='word_1_690' title='bbox 1096 2449 1138 2476; x_wconf 76' lang='grc' dir='ltr'><strong>Τὰ</strong></span> <span class='ocrx_word' id='word_1_691' title='bbox 1154 2449 1204 2484; x_wconf 80' lang='grc' dir='ltr'>μὲν</span> <span class='ocrx_word' id='word_1_692' title='bbox 1219 2448 1266 2475; x_wconf 82' lang='grc' dir='ltr'>οὖν</span> <span class='ocrx_word' id='word_1_693' title='bbox 1278 2448 1401 2484; x_wconf 76' lang='grc' dir='ltr'>ἡμέτερα</span> <span class='ocrx_word' id='word_1_694' title='bbox 1412 2447 1499 2480; x_wconf 78' lang='grc' dir='ltr'>οὕτως</span> <span class='ocrx_word' id='word_1_695' title='bbox 1513 2448 1602 2484; x_wconf 75' lang='grc' dir='ltr'>ἠνθει,</span> <span class='ocrx_word' id='word_1_696' title='bbox 1624 2450 1675 2477; x_wconf 76' lang='grc' dir='ltr'><strong>καὶ</strong></span> <span class='ocrx_word' id='word_1_697' title='bbox 1699 2450 1762 2477; x_wconf 80' lang='grc' dir='ltr'>καθ’</span> <span class='ocrx_word' id='word_1_698' title='bbox 1777 2451 1841 2486; x_wconf 73' lang='grc' dir='ltr'><strong>ήμέ·</strong></span> 
     </span>
    </p>
   </div>
   <div class='ocr_carea' id='block_1_104' title="bbox 1062 2495 1842 2532">
    <p class='ocr_par' dir='ltr' id='par_1_104' title="bbox 1062 2495 1842 2532">
     <span class='ocr_line' id='line_1_104' title="bbox 1062 2495 1842 2532; baseline 0.003 -10"><span class='ocrx_word' id='word_1_699' title='bbox 1062 2504 1113 2532; x_wconf 90' lang='grc' dir='ltr'><strong>ραν</strong></span> <span class='ocrx_word' id='word_1_700' title='bbox 1141 2496 1182 2528; x_wconf 89' lang='grc' dir='ltr'><strong>είς</strong></span> <span class='ocrx_word' id='word_1_701' title='bbox 1204 2496 1326 2522; x_wconf 73' lang='grc' dir='ltr'>ἐπίδοσιν</span> <span class='ocrx_word' id='word_1_702' title='bbox 1340 2496 1449 2531; x_wconf 81' lang='grc' dir='ltr'>ήγοντο,</span> <span class='ocrx_word' id='word_1_703' title='bbox 1471 2495 1550 2531; x_wconf 76' lang='grc' dir='ltr'>ῥίζας</span> <span class='ocrx_word' id='word_1_704' title='bbox 1566 2496 1680 2531; x_wconf 81' lang='grc' dir='ltr'>βαθείας</span> <span class='ocrx_word' id='word_1_705' title='bbox 1709 2499 1842 2526; x_wconf 75' lang='grc' dir='ltr'>καταὸαλ-</span> 
     </span>
    </p>
   </div>
   <div class='ocr_carea' id='block_1_105' title="bbox 1061 2542 1843 2579">
    <p class='ocr_par' dir='ltr' id='par_1_105' title="bbox 1061 2542 1843 2579">
     <span class='ocr_line' id='line_1_105' title="bbox 1061 2542 1843 2579; baseline 0.005 -11"><span class='ocrx_word' id='word_1_706' title='bbox 1061 2542 1163 2578; x_wconf 84' lang='grc' dir='ltr'>λόμενο.</span> <span class='ocrx_word' id='word_1_707' title='bbox 1176 2543 1237 2574; x_wconf 79' lang='grc' dir='ltr'>ταῖς</span> <span class='ocrx_word' id='word_1_708' title='bbox 1249 2550 1279 2568; x_wconf 87' lang='grc' dir='ltr'><strong>τε</strong></span> <span class='ocrx_word' id='word_1_709' title='bbox 1293 2542 1349 2569; x_wconf 85' lang='grc' dir='ltr'>τῶν</span> <span class='ocrx_word' id='word_1_710' title='bbox 1367 2542 1555 2569; x_wconf 82' lang='grc' dir='ltr'>ἁποοτολικῶν</span> <span class='ocrx_word' id='word_1_711' title='bbox 1580 2543 1688 2579; x_wconf 80' lang='grc' dir='ltr'>ἀνδρῶν</span> <span class='ocrx_word' id='word_1_712' title='bbox 1722 2545 1843 2571; x_wconf 66' lang='grc' dir='ltr'>διδασκο-</span> 
     </span>
    </p>
   </div>
   <div class='ocr_carea' id='block_1_106' title="bbox 1062 2587 1842 2627">
    <p class='ocr_par' dir='ltr' id='par_1_106' title="bbox 1062 2587 1842 2627">
     <span class='ocr_line' id='line_1_106' title="bbox 1062 2587 1842 2627; baseline 0.005 -12"><span class='ocrx_word' id='word_1_713' title='bbox 1062 2589 1134 2621; x_wconf 85' lang='grc' dir='ltr'>λίαις</span> <span class='ocrx_word' id='word_1_714' title='bbox 1151 2590 1159 2624; x_wconf 96' lang='grc'><strong>(</strong></span> <span class='ocrx_word' id='word_1_715' title='bbox 1172 2588 1267 2615; x_wconf 77' lang='grc' dir='ltr'>πολλοὶ</span> <span class='ocrx_word' id='word_1_716' title='bbox 1279 2588 1308 2615; x_wconf 80' lang='grc' dir='ltr'>δὲ</span> <span class='ocrx_word' id='word_1_717' title='bbox 1321 2587 1392 2624; x_wconf 85' lang='grc' dir='ltr'>ἦσαν</span> <span class='ocrx_word' id='word_1_718' title='bbox 1403 2588 1442 2624; x_wconf 86' lang='grc' dir='ltr'>τῷ</span> <span class='ocrx_word' id='word_1_719' title='bbox 1457 2588 1523 2625; x_wconf 76' lang='grc' dir='ltr'><strong>βίῳ)</strong></span> <span class='ocrx_word' id='word_1_720' title='bbox 1541 2590 1588 2616; x_wconf 76' lang='grc' dir='ltr'><strong>καὶ</strong></span> <span class='ocrx_word' id='word_1_721' title='bbox 1599 2591 1657 2622; x_wconf 75' lang='grc' dir='ltr'>τοῖς</span> <span class='ocrx_word' id='word_1_722' title='bbox 1668 2591 1725 2619; x_wconf 83' lang='grc' dir='ltr'><strong>τῶν</strong></span> <span class='ocrx_word' id='word_1_723' title='bbox 1741 2591 1842 2627; x_wconf 81' lang='grc' dir='ltr'>μαρτύ·</span> 
     </span>
    </p>
   </div>
   <div class='ocr_carea' id='block_1_107' title="bbox 1060 2634 1842 2672">
    <p class='ocr_par' dir='ltr' id='par_1_107' title="bbox 1060 2634 1842 2672">
     <span class='ocr_line' id='line_1_107' title="bbox 1060 2634 1842 2672; baseline 0.005 -11"><span class='ocrx_word' id='word_1_724' title='bbox 1060 2643 1114 2670; x_wconf 90' lang='grc' dir='ltr'><strong>ρων</strong></span> <span class='ocrx_word' id='word_1_725' title='bbox 1130 2635 1228 2670; x_wconf 89' lang='grc' dir='ltr'>αῐμασι</span> <span class='ocrx_word' id='word_1_726' title='bbox 1246 2634 1427 2670; x_wconf 69' lang='grc' dir='ltr'>πιαινόμτνςν</span> <span class='ocrx_word' id='word_1_727' title='bbox 1447 2636 1482 2662; x_wconf 81' lang='grc' dir='ltr'>τὰ</span> <span class='ocrx_word' id='word_1_728' title='bbox 1504 2635 1532 2662; x_wconf 73' lang='grc' dir='ltr'>δὲ</span> <span class='ocrx_word' id='word_1_729' title='bbox 1550 2636 1605 2663; x_wconf 84' lang='grc' dir='ltr'>τῶν</span> <span class='ocrx_word' id='word_1_730' title='bbox 1626 2637 1764 2665; x_wconf 82' lang='grc' dir='ltr'>Ἰουδαίων</span> <span class='ocrx_word' id='word_1_731' title='bbox 1783 2646 1842 2672; x_wconf 79' lang='grc' dir='ltr'>συχ-</span> 
     </span>
    </p>
   </div>
   <div class='ocr_carea' id='block_1_108' title="bbox 1059 2681 1841 2720">
    <p class='ocr_par' dir='ltr' id='par_1_108' title="bbox 1059 2681 1841 2720">
     <span class='ocr_line' id='line_1_108' title="bbox 1059 2681 1841 2720; baseline 0.003 -13"><span class='ocrx_word' id='word_1_732' title='bbox 1059 2682 1115 2712; x_wconf 70' lang='grc' dir='ltr'>νοῖς</span> <span class='ocrx_word' id='word_1_733' title='bbox 1131 2681 1179 2707; x_wconf 71' lang='grc' dir='ltr'><strong>καὶ</strong></span> <span class='ocrx_word' id='word_1_734' title='bbox 1192 2681 1406 2717; x_wconf 76' lang='grc' dir='ltr'>ἁλλεπαλλήλοις</span> <span class='ocrx_word' id='word_1_735' title='bbox 1419 2682 1528 2717; x_wconf 78' lang='grc' dir='ltr'>ήκμαζε</span> <span class='ocrx_word' id='word_1_736' title='bbox 1540 2686 1597 2715; x_wconf 80' lang='grc' dir='ltr'>τοις</span> <span class='ocrx_word' id='word_1_737' title='bbox 1609 2685 1717 2716; x_wconf 73' lang='grc' dir='ltr'>κακοῖς.</span> <span class='ocrx_word' id='word_1_738' title='bbox 1736 2684 1841 2720; x_wconf 76' lang='grc' dir='ltr'>Ὄγδοον</span> 
     </span>
    </p>
   </div>
   <div class='ocr_carea' id='block_1_109' title="bbox 1062 2725 1840 2767">
    <p class='ocr_par' dir='ltr' id='par_1_109' title="bbox 1062 2725 1840 2767">
     <span class='ocr_line' id='line_1_109' title="bbox 1062 2725 1840 2767; baseline 0.003 -13"><span class='ocrx_word' id='word_1_739' title='bbox 1062 2728 1112 2762; x_wconf 77' lang='grc' dir='ltr'><strong>μὲν</strong></span> <span class='ocrx_word' id='word_1_740' title='bbox 1126 2725 1173 2754; x_wconf 76' lang='grc' dir='ltr'>οὖν</span> <span class='ocrx_word' id='word_1_741' title='bbox 1197 2728 1244 2754; x_wconf 74' lang='grc' dir='ltr'><strong>καὶ</strong></span> <span class='ocrx_word' id='word_1_742' title='bbox 1256 2728 1371 2755; x_wconf 84' lang='grc' dir='ltr'>δέκατον</span> <span class='ocrx_word' id='word_1_743' title='bbox 1384 2728 1443 2760; x_wconf 78' lang='grc' dir='ltr'>ἐτος</span> <span class='ocrx_word' id='word_1_744' title='bbox 1454 2729 1493 2764; x_wconf 85' lang='grc' dir='ltr'>τῷ</span> <span class='ocrx_word' id='word_1_745' title='bbox 1511 2730 1695 2767; x_wconf 81' lang='grc' dir='ltr'>αὐτοκράτορι</span> <span class='ocrx_word' id='word_1_746' title='bbox 1712 2731 1800 2766; x_wconf 76' lang='grc' dir='ltr'>τούτῳ</span> <span class='ocrx_word' id='word_1_747' title='bbox 1812 2731 1840 2764; x_wconf 71' lang='grc' dir='ltr'>τῇ</span> 
     </span>
    </p>
   </div>
   <div class='ocr_carea' id='block_1_110' title="bbox 1062 2774 1838 2815">
    <p class='ocr_par' dir='ltr' id='par_1_110' title="bbox 1062 2774 1838 2815">
     <span class='ocr_line' id='line_1_110' title="bbox 1062 2774 1838 2815; baseline 0.004 -13"><span class='ocrx_word' id='word_1_748' title='bbox 1062 2776 1134 2810; x_wconf 83' lang='grc' dir='ltr'>άρχῇ</span> <span class='ocrx_word' id='word_1_749' title='bbox 1152 2774 1296 2810; x_wconf 82' lang='grc' dir='ltr'>διηνύετο,</span> <span class='ocrx_word' id='word_1_750' title='bbox 1315 2775 1363 2802; x_wconf 75' lang='grc' dir='ltr'><strong>καὶ</strong></span> <span class='ocrx_word' id='word_1_751' title='bbox 1381 2775 1520 2804; x_wconf 80' lang='grc' dir='ltr'>Ἰουδαίων</span> <span class='ocrx_word' id='word_1_752' title='bbox 1547 2777 1655 2813; x_wconf 83' lang='grc' dir='ltr'>κίνησις</span> <span class='ocrx_word' id='word_1_753' title='bbox 1681 2778 1758 2812; x_wconf 73' lang='grc' dir='ltr'>αὖθις</span> <span class='ocrx_word' id='word_1_754' title='bbox 1770 2779 1838 2815; x_wconf 75' lang='grc' dir='ltr'>ἡγεί-</span> 
     </span>
    </p>
   </div>
   <div class='ocr_carea' id='block_1_111' title="bbox 265 2861 1472 2906">
    <p class='ocr_par' dir='ltr' id='par_1_111' title="bbox 265 2861 1472 2906">
     <span class='ocr_line' id='line_1_111' title="bbox 265 2861 1472 2906; baseline -0.005 -8"><span class='ocrx_word' id='word_1_755' title='bbox 265 2871 303 2906; x_wconf 81' lang='grc'><strong>(1)</strong></span> <span class='ocrx_word' id='word_1_756' title='bbox 320 2870 384 2898; x_wconf 84' lang='lat' dir='ltr'><strong>Eam</strong></span> <span class='ocrx_word' id='word_1_757' title='bbox 401 2867 578 2904; x_wconf 77' lang='lat' dir='ltr'><strong>Evangelium</strong></span> <span class='ocrx_word' id='word_1_758' title='bbox 597 2864 764 2904; x_wconf 76' lang='lat' dir='ltr'><strong>secundum</strong></span> <span class='ocrx_word' id='word_1_759' title='bbox 778 2865 909 2894; x_wconf 72' lang='lat' dir='ltr'><strong>Ilebraws</strong></span> <span class='ocrx_word' id='word_1_760' title='bbox 923 2861 1056 2890; x_wconf 85' lang='lat' dir='ltr'><strong>continet.</strong></span> <span class='ocrx_word' id='word_1_761' title='bbox 1076 2861 1190 2897; x_wconf 80' lang='lat' dir='ltr'><strong>(Euseb.</strong></span> <span class='ocrx_word' id='word_1_762' title='bbox 1208 2863 1256 2892; x_wconf 89' lang='lat' dir='ltr'><strong>lib.</strong></span> <span class='ocrx_word' id='word_1_763' title='bbox 1272 2872 1311 2898; x_wconf 86' lang='lat' dir='ltr'><strong>ur,</strong></span> <span class='ocrx_word' id='word_1_764' title='bbox 1330 2872 1391 2900; x_wconf 90' lang='lat' dir='ltr'><strong>cap.</strong></span> <span class='ocrx_word' id='word_1_765' title='bbox 1407 2865 1472 2901; x_wconf 87' lang='lat' dir='ltr'><strong>ult.)</strong></span> 
     </span>
    </p>
   </div>
   <div class='ocr_carea' id='block_1_112' title="bbox 1765 2910 1780 2917">
    <p class='ocr_par' dir='ltr' id='par_1_112' title="bbox 1765 2910 1780 2917">
     <span class='ocr_line' id='line_1_112' title="bbox 1765 2910 1780 2917; baseline 0 0"><span class='ocrx_word' id='word_1_766' title='bbox 1765 2910 1780 2917; x_wconf 75' lang='grc'><strong>.-</strong></span> 
     </span>
    </p>
   </div>
  </div>
