1885 3059
55 139 104 172 941

515 137 822 169 ΕοριΕειΑεΤιεᾸξ
838 135 1035 168 ΗΙΒΤΟΒΙΕ
1056 136 1130 168 LIB.
1150 135 1210 167 Ill.

1615 135 1668 168 9i2

55 207 125 235 ρετο,
139 197 188 224 καὶ
201 196 233 223 τὸ
247 195 422 231 περιλειφθὲν
432 195 478 222 τοῦ
495 195 614 231 πλήθους
635 194 763 230 ἠφάνιζε.
776 195 834 222 Δει-

930 193 1021 222 :itatus
1037 197 1081 221 est
1099 197 1190 220 motus
1212 191 1252 228 (ἰ)
1267 200 1274 219 :
1289 192 1337 227 qui
1360 191 1433 228 quod
1459 191 1594 228 reliquum
1607 194 1669 230 ejus

51 245 96 272 νοῦ
121 244 177 279 γὰρ
205 243 255 270 καὶ
284 243 450 274 στασιώδους
475 243 634 276 πνεύματος
663 242 833 277 ἐμπεσόντος

51 291 151 322 αὐτοῖς,
168 289 275 316 καὶτὸν
288 289 374 324 θυμὸν
391 288 492 323 μᾶλλον
515 287 754 324 ἀναρριπίζοντος,
763 287 834 321 πρὸς

50 339 111 369 τοὺς
125 337 270 366 συνοεκους
284 334 446 366 ἐστασίαζον
473 334 624 369 Ἕλληνας.
642 334 699 361 Καὶ
714 333 787 370 τοῦτ’
804 334 833 360 ὲν

55 381 247 417 ’Δλεξανδρεία
274 381 322 408 καὶ
339 380 472 414 Δίγύπτῳ
491 380 538 406 καὶ
553 381 586 416 τῇ
616 379 754 414 προσοίκῳ
778 379 835 406 Κυ-

51 428 117 463 ρήνῃ
134 428 299 462 ἐπράττετο.
315 425 394 452 Κατά
422 425 522 461 μικρὸν
536 424 565 451 δὲ
588 425 639 460 τὴν
663 425 758 452 στάσιν
787 424 836 452 αὒ-

51 475 194 509 ξήσαντες,
209 473 248 509 τῷ
264 473 323 508 μετ’
335 474 442 500 ἐκεῖνον
464 471 588 507 ’ἐνιαυτῷ
617 472 747 507 μέγιστον
775 469 836 498 κατ’

50 522 173 556 ἀλλήλων
202 520 324 555 συνῆψαν
343 519 389 546 τδν
424 519 553 554 πόλεμον.
571 520 681 554 Ἡγεῖτο
707 518 735 545 δὲ
758 527 835 554 τηνι-

50 565 113 592 κάδε
129 564 237 596 Λοῦπος
250 563 403 598 Αἰγύπτου.
423 564 477 590 Καὶ
497 563 532 590 τὰ
547 563 598 598 μὲν
615 563 713 598 πρῶτα
725 562 759 588 τὰ
781 563 836 589 τῶν

55 611 195 638 Ἰουδαίων
213 611 342 646 ἐκράτει·
373 609 400 636 οἰ
414 608 437 635 δ’
467 608 600 643 Ἕλληνες
630 609 704 643 φυγῇ
721 607 836 642 ἀκόσμῳ

49 656 236 691 χρησάμενοι,
253 655 310 686 τοῖς
327 655 357 682 ὲν
380 653 570 689 Ἀλεξανδρείᾳ
596 653 763 688 ἀπροόπτως
776 653 838 678 ὲπι-

50 703 160 735 θέμενοι
178 700 332 731 Ἰουδαίοις,
348 699 486 734 ζωγροῦσι
497 706 527 725 τε
544 698 645 725 αὐτίκα
668 697 715 725 καὶ
733 696 836 732 μαχαί-

51 757 98 782 ρας
112 748 195 782 ἔργον
209 745 363 773 ποιοῦνται.
379 745 545 780 Συμμαχίας
561 745 626 778 γοῦν
641 744 666 771 οῑ
682 745 710 771 ὲν
721 744 835 779 Κυρήνῃ

50 793 97 828 τῆς
117 794 233 819 ὲχεὶνων
249 792 441 826 ἀποτυχόντες,
452 790 619 818 καταθέονσι
631 790 682 824 τῆς
695 788 836 823 Αἰγύπτου

49 841 141 875 πάσης
157 839 199 866 ἔτι
217 839 371 874 ἡγουμένου
399 837 528 865 Λούπου’
555 837 603 863 καὶ
619 836 633 863 δ
658 837 726 872 δρᾷν
749 835 835 863 κακὸν

49 887 134 922 εἶχον,
166 887 254 918 ἀδεῶς
270 886 419 920 ἔπρασσον.
449 884 546 916 Δείσας
573 883 665 910 τοίνυν
689 882 833 918 Τραϊανδς,

50 935 155 969 πέμπει
169 933 300 967 Μάρκιον
314 931 463 968 Τούρϐωνα
497 930 556 966 μετ’
575 930 727 964 ἀξιομάχου
754 929 837 955 δυνά-

51 987 136 1013 μεως,
151 977 322 1005 ὑπαντιάσαι
339 977 411 1004 κατὰ
437 977 525 1012 στόμα
541 977 600 1008 τοῖς
620 975 769 1006 Ἰουδαίοις.
785 974 838 1000 Σὺν

49 1025 76 1052 δὲ
87 1027 121 1060 τῇ
137 1025 256 1059 ναυτικῇ
271 1023 370 1059 πεζική
384 1031 414 1050 τε
431 1024 480 1050 καὶ
502 1022 603 1057 ἱππικὴ
626 1021 779 1057 παρείπετο
793 1019 839 1046 δύ-

50 1080 142 1106 ναμις·
164 1071 194 1102 δς
213 1071 262 1097 καὶ
277 1071 307 1096 ὲν
323 1069 458 1105 ἐλαχίστῳ
485 1068 577 1105 χρόνῳ
604 1068 717 1099 πολλαῖς
733 1075 763 1093 τε
792 1066 839 1093 καὶ

50 1118 198 1159 παντοίαις
211 1117 315 1152 μάχαις
326 1117 371 1143 τδν
378 1115 446 1150 πρὸς
460 1115 561 1146 αὐτοὺς
573 1114 694 1149 πόλεμον
705 1113 839 1148 γενναίως

50 1156 210 1194 διενεγκὼν,
238 1160 371 1192 πλείστας
401 1159 538 1195 μυριάδας
566 1159 703 1185 Ἰουδαίων
728 1158 758 1184 οὐ
785 1156 840 1183 τῶν

50 1208 104 1235 ἀπὸ
121 1207 256 1242 Κυρήνης
284 1206 376 1241 μόνον,
395 1206 464 1233 ἀλλὰ
488 1206 536 1232 καὶ
561 1205 617 1231 τῶν
637 1204 685 1231 ἀπ’
699 1204 840 1237 Αἰγύπτου

51 1255 88 1290 τῷ
101 1253 179 1288 σφῶν
198 1253 305 1287 βασιλεῖ
319 1252 550 1287 συμμαχούντων,
576 1251 693 1282 Λούκιος
711 1247 744 1284 ἦν
765 1248 841 1284 αὑτῷ

50 1300 148 1332 δνομα,
165 1300 285 1333 ἀναιρεῖ.
306 1298 453 1329 ’Υπόπτως
464 1298 485 1324 δ’
500 1297 570 1332 ἔχων
585 1296 622 1331 μὴ
651 1297 708 1328 τοῖς
735 1295 841 1330 ὁμοφύ-

50 1346 109 1377 λοις
137 1345 186 1372 καὶ
208 1345 234 1371 οἰ
255 1345 284 1370 ἐν
311 1343 511 1378 Μεσοποταμίᾳ
551 1342 648 1376 ἐπίσης
679 1341 840 1374 ἑπίθωνται,

51 1393 162 1428 Δουκίῳ
196 1392 295 1426 Κυέτῳ
323 1390 492 1425 προσέταττε
515 1390 565 1424 τῆς
583 1389 630 1416 ὑπ’
650 1388 733 1414 αὑτὸν
753 1388 841 1423 ἔπαρ-

51 1439 116 1474 χίας
128 1439 193 1466 ὅσον
205 1438 287 1472 τάχος
302 1435 481 1470 ἐκκαθαίρειν
498 1433 609 1465 αὐτούς.
621 1435 677 1461 Καὶ
690 1434 720 1465 ὃς
747 1433 841 1469 κρύφα

52 1483 246 1520 στρατηγικὴν
273 1483 325 1517 τὴν
347 1481 502 1517 παράταξιν
518 1481 716 1515 ποιησάμενος,
740 1479 840 1514 ὑπάγει

51 1531 91 1566 τῷ
110 1531 182 1566 ξίφει
197 1529 301 1564 πλῆθος
317 1529 440 1561 ἐκείνων,
457 1528 488 1555 οὐ
521 1527 619 1563 ῥᾳδίως
644 1527 755 1562 ἀριθμῷ
772 1527 840 1553 ὑποο
853 1538 876 1570 C

52 1577 166 1603 πίπτον.
181 1573 220 1602 Οὔ
238 1575 271 1609 δὴ
285 1575 368 1610 χάριν
385 1575 433 1601 καὶ
456 1574 505 1608 τῆς
531 1573 663 1604 Ἰουδαίας
678 1573 814 1608 ἡγεμονίᾳ
829 1573 842 1599 ὁ

51 1623 238 1658 αὐτοκράτωρ
251 1621 297 1648 τὸν
317 1620 433 1648 Λούκιον
448 1620 565 1655 καθιστᾷ
579 1627 585 1634 ·
616 1619 653 1652 ὡς
669 1619 717 1646 καὶ
733 1619 758 1646 οἱ
778 1619 843 1652 ἔξω·

53 1670 101 1698 θεν
115 1669 291 1704 άναγραφεῑς
304 1668 359 1695 τῶν
370 1667 473 1702 χρόνων
487 1667 637 1702 ἱστόρησαν

340 1824 468 1853 ΚΕΦΑΔ.
484 1824 550 1852 Kl".

53 1873 124 1908 Περί
145 1872 201 1900 τοῦ
225 1871 340 1906 τρόπον
356 1869 510 1908 Τραϊανοῦ,
531 1868 578 1908 καί
595 1868 654 1908 ζῶν
667 1868 714 1908 ξπ·
732 1867 844 1907 Ἀνηρ-

89 1903 173 1944 icta;-
188 1903 284 1942 ἔργων
295 1903 391 1934 αὑτοῦ
404 1913 411 1920 ·
428 1905 478 1932 καὶ
492 1905 560 1939 περὶ
578 1904 639 1931 τῶν
652 1903 673 1931 8'
692 1903 844 1939 γυναικῶν

89 1952 166 1979 μαρτ
170 1944 261 1977 ripam.

87 2001 160 2028 Φασί
183 2009 218 2035 γε
245 2000 299 2036 μὴν
322 1998 452 2026 τοσοῦτον
481 1995 553 2025 εἶναι
568 1996 615 2024 τοῦ
637 1996 744 2023 δικαίου
767 1994 844 2029 φίλον

53 2047 196 2083 Τραϊανὸν
217 2047 266 2073 καὶ
278 2047 327 2082 τὴν
342 2045 476 2080 πονηρίαν
500 2043 700 2080 μυσάττεσθαι,
732 2042 769 2073 ὥς
799 2041 844 2068 καί

53 2103 123 2121 ποτε
143 2093 285 2129 ῥομφαίαν
300 2093 497 2127 γυμνώσαντα,
522 2090 563 2125 τῷ
576 2090 690 2125 ἐπάρχῳ
713 2088 765 2124 τῆς
796 2088 846 2114 πό-

53 2142 126 2173 λεως
140 2139 286 2176 παρρησίᾳ
304 2139 416 2166 πάντων
432 2137 562 2164 ὶπιδόντα
590 2137 694 2163 εἰπεῖν·
709 2135 791 2168 Δέξαι
815 2135 846 2161 τὸ

54 2187 136 2221 ξίφος
151 2186 245 2213 τουτί’
264 2185 313 2213 καὶ
328 2186 352 2211 ει
367 2185 417 2220 μιν
436 2182 528 2215 καλῶς
556 2183 646 2218 ἄρχω,
663 2182 736 2216 ὑπιρ
763 2181 844 2217 ἐμοῦ,

53 2236 79 2262 εί
94 2234 125 2261 δὲ
140 2233 248 2265 κακῶς,
272 2232 334 2260 κατ’
356 2232 423 2267 ὲμοῦ
451 2231 542 2266 τούτῳ
565 2230 679 2266 χρῆσαι.
703 2231 794 2261 Δάκας
816 2229 844 2256 δὲ

53 2280 215 2316 πορθήσας,
226 2279 289 2307 κατ’
307 2279 398 2306 αὐτῶν
414 2277 614 2314 ἐθριάμϐευσε.
640 2277 755 2312 Περσῶν
768 2275 844 2303 δ’ὲπ*

54 2326 143 2354 αὑτοῦ
157 2326 209 2359 τὴν
228 2325 367 2360 Ἀντιόχου
387 2323 636 2359 καταδραμόντων,
666 2323 715 2350 καὶ
742 2322 845 2358 ταύτην

52 2374 149 2407 λόγοις
165 2371 316 2407 εἰρηναίοις
331 2371 380 2398 καὶ
393 2371 522 2401 σπονδαῖς
539 2370 703 2405 εἰληφότων,
718 2369 789 2397 ὥστε
799 2370 846 2396 καὶ

54 2421 159 2454 φόρους
179 2418 290 2445 ἑλέσθαι
311 2417 450 2453 εἰσφέρειν
463 2417 568 2449 αὐτοῖς,
585 2416 667 2447 εὐθὺς
681 2416 774 2448 αὐτοῖς
787 2416 847 2442 ἑπι-

53 2466 139 2499 πτάς,
156 2464 206 2491 καὶ
223 2465 291 2499 ἄγχι
305 2464 361 2491 τῶν
380 2464 453 2499 δρων
484 2465 644 2498 γενόμενος,
667 2463 697 2488 ὲν
720 2462 846 2498 anuper)-

52 2521 113 2543 τοις
131 2512 240 2547 ἐμήνυε
255 2511 319 2543 τοὺς
341 2511 382 2542 εἰς
395 2510 520 2546 φρουρὰν
547 2510 783 2544 καταλειφθέντας
796 2511 846 2545 τῆς

91 2605 130 2639 (I)
143 2603 231 2630 Judmi
247 2603 291 2629 hic
303 2602 398 2639 ducem
415 2601 574 2639 habuerunt
590 2601 740 2628 Andream.

93 2636 133 2675 ('1)
152 2640 181 2665 ltt
207 2643 285 2675 motui
306 2638 359 2665 isto
385 2637 471 2675 Judaai
499 2637 620 2675 caedibus
641 2636 763 2664 contenti
789 2643 845 2663 non

54 2674 182 2703 fuerunt.
202 2674 250 2700 sed
280 2674 408 2700 humanis
432 2674 563 2700 carnibus
588 2674 660 2699 vesci
686 2676 844 2706 cmpcrnnt.

55 2710 149 2745 Cyprii
170 2709 253 2735 etiam
267 2708 301 2734 ab
315 2709 473 2745 eisringenti
490 2707 579 2745 clade,
598 2710 667 2745 duce
686 2706 845 2745 .iuttzeprnm

56 2742 231 2776 Aricniione,
249 2747 313 2769 sunt
328 2743 430 2770 allecti.
444 2743 530 2770 Judaei
544 2743 747 2776 conspiratione
764 2742 845 2773 facta,

56 2780 161 2815 passim
179 2779 335 2815 ducentcna
351 2783 378 2815 et
398 2779 579 2814 quadraginta
597 2777 683 2804 millia
702 2779 845 2812 Ιιρηιιέευυι

56 2813 300 2842 contrucidarunt.
316 2814 419 2848 (l)ion.,
438 2815 530 2846 Oros.)
714 2841 728 2846 -

95 2850 136 2884 (3)
152 2859 161 2873 ι
178 2849 233 2884 Εεο
249 2848 361 2882 quidem
376 2849 401 2875 in
418 2856 470 2881 me,
493 2850 514 2876 si
536 2849 658 2876 omnium
678 2848 782 2875 utilitas
807 2848 844 2874 ita

884 240 976 275 populi
989 239 1051 273 fuit,
1068 239 1189 267 sustulit.
1204 238 1273 266 Cum
1290 238 1393 266 etenim
1408 238 1502 274 gravis
1521 243 1548 266 et
1558 239 1670 267 seditio-

885 292 933 313 sus
949 293 998 313 eos
1022 285 1143 313 afllasset
1156 284 1281 320 spiritus,
1301 284 1348 320 qui
1370 285 1440 312 iram
1463 284 1671 320 vindictamque

885 332 1076 360 vehementius
1090 331 1259 364 commovit,
1275 331 1422 358 tumultum
1438 331 1572 359 adversus
1593 330 1670 359 cives

886 386 951 406 suos
961 377 1071 406 Graecos
1087 379 1112 405 in
1125 377 1237 405 civitate
1250 376 1448 410 Alexandrina,
1463 377 1492 404 iu
1505 376 1632 413 (Egypto,
1643 381 1672 404 et

885 427 974 455 vicina
990 426 1015 454 ei
1031 426 1136 462 Cyrene
1151 425 1339 454 conciverunt.
1356 424 1416 458 Quo
1424 425 1524 453 deinde
1538 425 1671 460 paulatim

885 473 1028 509 gliscente,
1046 473 1092 507 qui
1108 472 1232 507 proxime
1247 478 1410 499 consecutus
1425 475 1478 505 est,
1491 478 1563 498 anno
1577 470 1667 498 maxi-

887 527 962 546 mum
979 519 1131 546 conﬂaruut
1144 518 1246 546 bellum
1260 517 1309 553 (2).
1325 516 1449 546 Tenebat
1470 521 1527 544 tum
1541 524 1603 545 cum
1620 516 1672 543 im-

887 565 964 600 perio
991 564 1160 599 provinciam
1187 564 1334 600 Egyptum
1361 563 1465 599 Lupus.
1491 563 1526 590 Et
1551 562 1670 597 primunt

887 610 998 645 quidem
1023 609 1111 637 Judan
1133 611 1292 645 superiores
1305 616 1387 637 esse:
1412 608 1501 636 Graeci
1524 613 1616 635 autem
1637 614 1672 635 ex

888 656 961 691 turpi
973 661 1001 683 et
1013 655 1085 684 foeda
1101 655 1163 691 fuga
1176 656 1342 691 congregati,
1354 662 1388 682 ex
1403 654 1551 690 improviso
1564 653 1673 681 Judzeos

886 703 1056 730 Alexandriae
1075 702 1188 735 adoriri,
1202 706 1230 730 et
1244 703 1344 737 partim
1355 701 1429 729 ferro
1443 700 1558 732 caedere,
1572 699 1673 734 partim

886 748 1010 783 captivos
1022 747 1170 776 abducere.
1190 748 1287 783 Itaque
1304 748 1351 783 qui
1365 747 1481 784 Cyrenae
1496 749 1587 776 erant.
1605 745 1673 772 sub-

887 795 956 821 sidio
971 794 1016 821 tali
1041 794 1154 826 amisso,
1172 799 1300 822 cunctam
1321 797 1489 829 percurrunt
1512 791 1673 827 Egyptum,

888 848 969 876 quam
984 840 1078 875 Lupus
1093 840 1182 867 adhuc
1200 840 1411 868 administrabat
1426 848 1433 866 :
1452 842 1480 867 et
1504 845 1589 873 qualn
1613 843 1675 872 pos-

889 891 963 918 sunt.
986 887 1098 922 impune
1120 886 1242 914 inferunt
1275 886 1392 914 cladem.
1416 884 1454 912 Ea
1476 891 1506 912 re
1522 886 1674 919 {permotus

889 932 1023 968 Trajanus
1040 932 1166 960 Martium
1190 932 1350 960 Turbonem
1365 939 1399 959 eo
1416 931 1580 971 cum‘valido
1591 929 1675 957 mittit

889 978 1023 1009 exercitu,
1039 978 1084 1013 qui
1100 985 1162 1005 cum
1177 977 1280 1006 Judaais
1294 977 1422 1005 cominus
1436 977 1672 1012 congrederetur:

888 1028 916 1051 et
929 1024 1043 1051 classem
1058 1024 1221 1051 maritimam
1235 1024 1357 1059 peditum
1374 1022 1555 1058 equitumque
1576 1029 1677 1049 conse-

889 1073 1013 1104 quuntur
1026 1070 1140 1097 auxilia.
1156 1069 1269 1097 Martius
1284 1077 1366 1104 porro
1378 1069 1455 1097 brevi
1472 1068 1568 1096 multis
1578 1067 1677 1095 variis-

890 1123 943 1150 que
951 1116 1148 1143 certaminibus
1159 1116 1322 1149 commissis,
1341 1116 1467 1151 belloque
1484 1114 1594 1142 fortiter
1607 1121 1676 1141 con-

890 1161 962 1188 fecto
977 1162 1108 1196 plurimas
1125 1162 1263 1198 myriadas
1287 1161 1457 1194 Judteorum,
1473 1169 1529 1189 non
1544 1160 1678 1196 Cyrenai-

890 1214 986 1234 corum
1011 1208 1099 1235 solum
1113 1228 1120 1240 ,
1140 1216 1237 1236 verum
1263 1208 1453 1245 Egyptiorum
1478 1215 1607 1244 quoque,
1627 1207 1676 1242 qui

891 1254 948 1289 regi
975 1261 1026 1281 suo
1051 1254 1138 1282 Lucio
1162 1255 1216 1290 (ita
1241 1255 1315 1282 enim
1340 1254 1505 1289 dicebatur)
1532 1252 1677 1281 auxiliaria

892 1299 1013 1327 tulerant
1031 1307 1119 1332 arma,
1146 1300 1329 1328 contrucidat.
1347 1299 1427 1334 255
1454 1298 1564 1326 Veritus
1585 1302 1676 1326 autem

892 1343 1036 1379 Trajanus,
1048 1352 1082 1372 ne
1096 1344 1135 1371 illi
1151 1352 1262 1379 quoque
1276 1345 1323 1380 qui
1337 1344 1365 1371 in
1381 1343 1575 1378 Mesopotamia
1587 1347 1677 1374 erant,

892 1389 951 1424 pari
986 1390 1068 1418 modo
1101 1390 1279 1425 popularibus
1313 1390 1371 1418 suis
1399 1390 1500 1418 bellum
1534 1389 1676 1420 inferrent.

892 1435 978 1463 Lucio
991 1435 1091 1469 Quieto
1107 1436 1229 1468 mandat.
1254 1441 1283 1464 ut
1297 1436 1469 1472 provinciam
1484 1443 1561 1463 suam
1575 1434 1678 1463 Iudaeis

893 1482 1032 1517 oppressis
1053 1487 1192 1517 repurgat.
1208 1482 1381 1518 Quapropter
1394 1482 1440 1509 ille
1463 1481 1571 1509 occulte
1589 1481 1678 1515 copiis

893 1528 1058 1555 militaribus
1078 1528 1264 1562 comparatis,
1293 1527 1355 1554 illos
1382 1534 1545 1562 aggressus,
1573 1529 1678 1553 tantum

893 1579 987 1600 eorum
1010 1572 1082 1599 ferro
1107 1572 1227 1600 concidit
1251 1572 1467 1605 multitudinem,
1493 1576 1596 1607 quanta
1623 1578 1678 1598 non

892 1619 973 1646 facile
994 1618 1046 1646 sub
1072 1627 1218 1647 numerum
1244 1620 1344 1648 cadere
1370 1619 1467 1654 possit.
1487 1619 1617 1654 .Eamque
1641 1619 1678 1646 ob

893 1671 1003 1692 causam
1020 1664 1134 1692 Lucium
1147 1665 1296 1700 provinciae
1308 1665 1410 1693 Judaeze
1422 1665 1545 1700 praefecit
1560 1665 1680 1700 impera-

894 1714 950 1742 tor,
968 1709 1050 1737 sicuti
1076 1710 1102 1737 id
1118 1719 1228 1746 quoque
1244 1711 1349 1746 profani
1368 1711 1515 1739 Annalium
1532 1711 1681 1747 scriptorcs

895 1755 1036 1783 memoriae
1055 1756 1214 1791 prodidere.

1169 1824 1282 1853 CAPUT
1302 1825 1398 1853 XXlil.

895 1873 933 1900 De
949 1873 1060 1907 Trajani
1077 1872 1192 1908 maribus
1206 1877 1229 1899 et
1244 1873 1383 1908 operibus,
1400 1873 1590 1907 structurisque
1612 1872 1680 1907 ejus,

930 1916 996 1942 quas
1012 1908 1156 1934 Antiochia:
1173 1907 1233 1940 ﬁeri
1247 1909 1349 1935 curavit
1364 1916 1373 1935 .'
1386 1912 1410 1934 et
1426 1911 1458 1935 de
1477 1909 1591 1943 quinque
1606 1916 1679 1935 mar-

931 1943 1031 1978 tyribus
1043 1943 1156 1976 feminis.

930 1999 996 2027 Tam
1010 1999 1151 2028 studiosus
1165 2005 1256 2028 autem
1268 2000 1354 2028 fuisse
1368 2000 1455 2028 fertur
1467 2001 1601 2037 Trajanus
1610 2001 1682 2037 juris

895 2051 923 2074 et
937 2046 1067 2082 iustitiae,
1083 2051 1111 2074 et
1127 2050 1182 2074 tam
1201 2047 1236 2074 ab
1254 2047 1432 2083 improbitate
1449 2048 1566 2081 alienus,
1584 2052 1614 2075 ut
1630 2049 1681 2075 ali—

895 2093 1006 2128 quando
1020 2101 1114 2121 ensem
1129 2093 1256 2122 strictum
1271 2094 1399 2129 praefecto
1414 2095 1476 2122 urbi
1490 2094 1517 2122 in
1531 2099 1680 2130 conspectu

895 2140 1018 2168 omnium
1033 2139 1141 2168 dederit
1153 2161 1160 2173 ,
1177 2144 1262 2176 atque
1275 2141 1377 2169 dixerit
1391 2140 1483 2176 :Cape
1495 2141 1599 2169 ferrum
1612 2141 1680 2170 hoc:

896 2187 924 2215 et
949 2187 1084 2222 siquidem
1117 2192 1191 2215 recte
1214 2188 1360 2224 imperium
1391 2196 1521 2225 gessero,
1544 2196 1594 2224 pro
1619 2196 1682 2222 me.

897 2233 940 2261 sin
961 2232 1061 2265 aliter,
1085 2238 1182 2261 contra
1199 2241 1242 2262 me
1265 2234 1318 2262 hoc
1341 2239 1418 2262 utere
1434 2235 1483 2270 (3).
1503 2234 1578 2263 ldem
1595 2234 1684 2262 Dacos

897 2279 981 2312 vicit,
1004 2284 1032 2307 et
1055 2279 1090 2307 de
1112 2280 1153 2308 eis
1173 2280 1353 2315 triumphavit
1369 2279 1419 2316 (ι).
1443 2280 1500 2308 Sub
1516 2288 1549 2308 eo
1571 2288 1683 2316 quoque

899 2325 988 2353 Persae
1004 2325 1038 2353 ad
1061 2326 1236 2354 Antiochiam
1261 2334 1348 2361 usque
1373 2330 1576 2354 excurrerant:
1602 2326 1684 2361 eique

901 2371 964 2398 urbi
985 2379 1033 2407 per
1049 2373 1125 2407 pacis
1141 2372 1317 2401 conditiones
1333 2377 1420 2408 capta:
1449 2373 1580 2401 tributum
1601 2373 1683 2400 simul

899 2421 928 2444 et
944 2417 1101 2452 prazsidium
1115 2418 1314 2453 imposuerant.
1328 2418 1466 2447 Continuo
1479 2418 1613 2446 auxilium
1630 2419 1684 2447 fert

901 2463 1072 2498 imperator:
1089 2468 1118 2491 et
1140 2472 1202 2492 cum
1226 2464 1260 2492 ad
1284 2464 1352 2492 ﬁnes
1372 2472 1469 2493 eorum
1486 2465 1617 2497 venisset,
1635 2473 1684 2501 per

900 2515 980 2538 notas
996 2510 1051 2538 illis
1067 2511 1201 2545 scribens,
1220 2511 1289 2539 clam
1310 2511 1457 2548 signiﬁcat,
1479 2515 1510 2540 ut
1525 2511 1683 2548 praesidium

901 2606 1039 2635 posceret,
1055 2601 1138 2628 etiam
1156 2602 1276 2637 prtefecti
1302 2610 1413 2631 manum
1435 2605 1549 2632 armavi.
1577 2615 1586 2632 ι
1605 2605 1685 2637 (Tra—

897 2637 980 2671 janus
989 2638 1062 2677 apud
1077 2637 1146 2677 Plin.
1156 2638 1294 2677 juniorem
1311 2639 1337 2677 in
1356 2638 1539 2676 Panegyrico.)
1553 2637 1686 2677 Traianus

899 2679 1009 2711 quoilue
1019 2672 1053 2699 ad
1066 2672 1170 2711 amicos
1193 2673 1275 2711 dixit,
1289 2674 1371 2711 talent
1382 2672 1484 2711 seres—sc
1493 2672 1685 2711 imperatorth

899 2707 1013 2745 privatis
1029 2712 1057 2733 et
1080 2708 1196 2739 civibus.
1213 2709 1321 2745 qualem
1341 2709 1393 2735 sibi
1413 2710 1470 2743 ipse
1489 2707 1686 2745 imperatorem

900 2744 1023 2777 privatus
1047 2748 1182 2776 Optasset.
1213 2743 1285 2769 Idem
1308 2743 1404 2770 fiscum
1423 2743 1537 2772 iienenf
1553 2747 1660 2774 vocavit
1678 2755 1685 2774 :

899 2779 971 2812 quod
985 2785 1018 2803 eo
1031 2783 1172 2804 crescente
1189 2778 1286 2813 reliqui
1301 2784 1377 2805 artus
1397 2780 1583 2809 tabescerent.

936 2814 973 2847 (tt)
990 2813 1126 2841 Dcchan
1146 2819 1242 2841 eorum
1261 2814 1324 2841 duci
1341 2821 1433 2849 pacem
1449 2813 1535 2843 dedit.
